{"host":"ooa7gbxz3ilj1hm6","time":1612676455,"event":{"mods":["BaseMod","Colored Map","Downfall","Highlight Path","Minty Spire (QoL Compilation)","StSLib"],"gold_per_floor":[99,117,132,232,243,243,243,228,228,248,279,69,69,94,105,204,204,204,223,233,433,443,443,443,456,169,69,83,103,203,233,245,347,347,147,160,178,270,270,270,270,270,303,353,353,353,3,23,40,40,40,72,72,72,72,72],"floor_reached":57,"language":"ENG","playtime":4383,"items_purged":["Pain","downfall:Haunted","Pain"],"score":1337,"play_id":"8b2024e3-f0a4-432f-b76a-8a16c4dc9863","local_time":"20210206224055","is_ascension_mode":false,"campfire_choices":[{"data":"Guardian:CurlUp","floor":1,"key":"SMITH"},{"floor":18,"key":"RECALL"},{"data":"Guardian:TimeSifter","floor":27,"key":"SMITH"},{"floor":35,"key":"REST"},{"floor":42,"key":"REST"},{"floor":45,"key":"REST"},{"floor":54,"key":"REST"}],"circlet_count":0,"master_deck":["Guardian:Strike_Guardian","Guardian:Strike_Guardian","Guardian:Defend_Guardian","Guardian:Defend_Guardian","Guardian:Defend_Guardian","Guardian:Defend_Guardian","Guardian:CurlUp+1","Guardian:TwinSlam","Guardian:Incinerate","Guardian:SentryBeam","Guardian:ChargeUp+1","Guardian:Incinerate","Guardian:PiercingHide+1","Guardian:TemporalStrike","Guardian:TemporalStrike","CurseOfTheBell","CurseOfTheBell","Guardian:TemporalShield+1","Guardian:PolyBeam","Guardian:RevengeProtocol","Guardian:BronzeArmor+1","Guardian:Incinerate","Guardian:Incinerate","Guardian:ShieldCharger+1","Guardian:StasisField+1","Guardian:ConstructionForm","Guardian:TimeSifter+1","Guardian:Incinerate","Guardian:TemporalStrike","Guardian:PolyBeam+1","Guardian:FierceBash","Guardian:TemporalShield+1","Guardian:TemporalShield+1","Guardian:ChargeUp+1","Guardian:Orbwalk","Guardian:ChargeCore+1","Guardian:BodySlam+1","Guardian:FuturePlans","Guardian:PiercingHide+1","Guardian:BodySlam","Guardian:PiercingHide+1"],"relics":["Guardian:ModeShifter","Toxic Egg 2","Question Card","Oddly Smooth Stone","downfall:ExtraCursedBell","Ancient Tea Set","Kunai","Prayer Wheel","Pantograph","expansioncontent:StudyCardRelic","WarpedTongs","downfall:HeartBlessingRed","WingedGreaves","Pear","Bottled Flame","Fusion Hammer","downfall:HeartBlessingGreen","downfall:HeartBlessingBlue","PreservedInsect","Dream Catcher","Gambling Chip","Calipers","Bag of Preparation","Shuriken"],"acts_visited":["Exordium","TheCity","TheBeyond","TheEnding"],"potions_floor_usage":[15],"damage_taken":[{"damage":2,"enemies":"Small Slimes","floor":2,"turns":5},{"damage":1,"enemies":"Jaw Worm","floor":3,"turns":5},{"damage":1,"enemies":"2 Louse","floor":5,"turns":2},{"damage":0,"enemies":"downfall:FleeingMerchant","floor":8,"turns":4},{"damage":0,"enemies":"2 Fungi Beasts","floor":10,"turns":3},{"damage":5,"enemies":"3 Sentries","floor":11,"turns":8},{"damage":0,"enemies":"downfall:FleeingMerchant","floor":12,"turns":4},{"damage":18,"enemies":"Gremlin Nob","floor":14,"turns":5},{"damage":3,"enemies":"Gremlin Gang","floor":15,"turns":6},{"damage":35,"enemies":"IC_STATUS_ARCHETYPE","floor":16,"turns":15},{"damage":11,"enemies":"3 Byrds","floor":19,"turns":4},{"damage":0,"enemies":"Shelled Parasite and Fungi","floor":20,"turns":5},{"damage":2,"enemies":"Snecko","floor":22,"turns":7},{"damage":5,"enemies":"Chosen and Byrds","floor":25,"turns":6},{"damage":14,"enemies":"downfall:FleeingMerchant","floor":26,"turns":4},{"damage":7,"enemies":"Snake Plant","floor":28,"turns":3},{"damage":0,"enemies":"3 Cultists","floor":29,"turns":5},{"damage":18,"enemies":"SI_SHIV_ARCHETYPE","floor":30,"turns":12},{"damage":23,"enemies":"Slavers","floor":31,"turns":6},{"damage":1,"enemies":"Sentry and Sphere","floor":32,"turns":4},{"damage":27,"enemies":"WA_ARCHETYPE_CALM","floor":33,"turns":9},{"damage":0,"enemies":"3 Shapes","floor":36,"turns":4},{"damage":0,"enemies":"Orb Walker","floor":37,"turns":3},{"damage":5,"enemies":"downfall:FleeingMerchant","floor":38,"turns":4},{"damage":8,"enemies":"Nemesis","floor":43,"turns":5},{"damage":0,"enemies":"Nemesis","floor":44,"turns":9},{"damage":0,"enemies":"Transient","floor":48,"turns":5},{"damage":10,"enemies":"Jaw Worm Horde","floor":49,"turns":3},{"damage":0,"enemies":"SI_POISON_ARCHETYPE","floor":50,"turns":13},{"damage":15,"enemies":"downfall:CharBossMerchant","floor":52,"turns":10},{"damage":0,"enemies":"downfall:NeowBoss","floor":55,"turns":13},{"damage":27,"enemies":"downfall:NeowBossFinal","floor":56,"turns":11}],"seed_played":"-5233128383313949536","potions_obtained":[{"floor":3,"key":"Explosive Potion"},{"floor":10,"key":"Fruit Juice"},{"floor":11,"key":"Block Potion"},{"floor":15,"key":"BlessingOfTheForge"},{"floor":22,"key":"DuplicationPotion"},{"floor":28,"key":"Regen Potion"}],"is_trial":false,"path_per_floor":["R","M","M","?","M","?","T","$","?","M","E","$","?","E","M","B",null,"R","M","M","?","M","?","T","M","$","R","M","M","?","E","M","B",null,"R","M","M","$","?","$","T","R","E","?","R","?","$","M","M","B",null,"E","$","R","B","B",null],"character_chosen":"GUARDIAN","items_purchased":["Guardian:TemporalStrike","Oddly Smooth Stone","Guardian:TimeSifter","Guardian:Incinerate","PreservedInsect","Bag of Preparation","Guardian:FuturePlans"],"campfire_rested":4,"item_purchase_floors":[12,12,26,26,38,47,47],"current_hp_per_floor":[80,78,77,77,76,76,76,76,76,76,71,71,71,53,55,45,85,85,74,74,74,72,72,72,67,53,53,46,46,63,40,39,37,95,105,105,105,100,100,100,100,105,97,105,105,120,120,120,110,120,120,105,105,120,120,93],"gold":72,"neow_bonus":"TRANSFORM_CARD","is_daily":false,"chose_seed":false,"campfire_upgraded":2,"win_rate":0.0,"timestamp":1612676455,"path_taken":["R","M","M","?","M","?","T","$","?","M","E","$","?","E","M","BOSS","R","M","M","?","M","?","T","M","$","R","?","M","?","E","M","BOSS","R","M","M","$","?","$","T","R","E","?","R","?","?","M","M","BOSS","E","$","R","BOSS","BOSS"],"items_purchased_type":["Card","Relic","Card","Card","Relic","Relic","Card"],"build_version":"2020-12-22","purchased_purges":3,"victory":true,"max_hp_per_floor":[80,80,80,80,80,80,80,80,80,80,80,80,80,80,85,85,85,85,85,85,85,85,85,85,85,85,85,85,85,95,95,95,95,95,105,105,105,105,105,105,105,105,105,105,105,120,120,120,120,120,120,120,120,120,120,120],"card_choices":[{"not_picked":["Guardian:Planning","Guardian:PolyBeam"],"picked":"Guardian:Incinerate","floor":2},{"not_picked":["Guardian:PrimingBeam","Guardian:PiercingHide"],"picked":"Guardian:SentryBeam","floor":3},{"not_picked":["Guardian:Repulse","Guardian:Gem_Cyan"],"picked":"Guardian:ChargeUp","floor":5},{"not_picked":["Guardian:PrismaticBarrier+1","Guardian:Emergency+1"],"picked":"Guardian:Incinerate","floor":8},{"not_picked":["Guardian:VentSteam+1","Guardian:Suspension+1","Guardian:ArmoredProtocol"],"picked":"SKIP","floor":10},{"not_picked":["Guardian:FuturePlans","Guardian:SentryBeam"],"picked":"Guardian:PiercingHide+1","floor":11},{"not_picked":["Guardian:MultiBeam","Guardian:Incinerate","Guardian:Reroute"],"picked":"Guardian:TemporalStrike","floor":12},{"not_picked":["Guardian:RevengeProtocol","Guardian:CrystalBeam","Guardian:PrimingBeam"],"picked":"Guardian:TemporalShield+1","floor":14},{"not_picked":["Guardian:PiercingHide+1","Guardian:DonusPower+1","Guardian:Preprogram+1"],"picked":"Guardian:PolyBeam","floor":15},{"not_picked":["Guardian:Gem_Lightblue","Guardian:ShieldSpikes+1","Guardian:FloatingOrbs"],"picked":"Guardian:Gem_Yellow","floor":15},{"not_picked":["Guardian:Gem_Synthetic","Guardian:Gem_Orange","Guardian:SphericShield+1"],"picked":"Guardian:RevengeProtocol","floor":16},{"not_picked":["Guardian:Gem_Cyan","Guardian:PrimingBeam","Guardian:Gem_Green"],"picked":"Guardian:BronzeArmor+1","floor":19},{"not_picked":["Guardian:TemporalShield+1","Guardian:Gem_Lightblue","Guardian:TemporalStrike+1"],"picked":"Guardian:Incinerate","floor":19},{"not_picked":["Guardian:DonusPower+1","Guardian:TemporalStrike","Guardian:MultiBeam"],"picked":"Guardian:Incinerate","floor":20},{"not_picked":["Guardian:ChargeCore","Guardian:PrimingBeam","Guardian:FloatingOrbs","Guardian:TemporalStrike"],"picked":"SKIP","floor":20},{"not_picked":["Guardian:FuturePlans","Guardian:Gem_Red","Guardian:GemFire"],"picked":"Guardian:ShieldCharger+1","floor":22},{"not_picked":["Guardian:Suspension+1","Guardian:VentSteam+1","Guardian:Gem_Cyan","Guardian:ArmoredProtocol+1"],"picked":"SKIP","floor":22},{"not_picked":["Guardian:TemporalStrike","Guardian:Gem_Red","Guardian:Gem_Green"],"picked":"Guardian:Gem_Crimson","floor":25},{"not_picked":["Guardian:PiercingHide+1","Guardian:Reroute","Guardian:Gem_Lightblue"],"picked":"Guardian:StasisField+1","floor":25},{"not_picked":["Guardian:Gem_Synthetic","Guardian:Recover+1","Guardian:Gem_Lightblue"],"picked":"Guardian:ConstructionForm","floor":26},{"not_picked":["Guardian:Gem_Green","Guardian:Incinerate+1","Guardian:PrismaticBeam+1"],"picked":"Guardian:TemporalStrike","floor":28},{"not_picked":["Guardian:Planning+1","Guardian:Gem_Yellow","Guardian:Gem_Fragmented","Guardian:Gem_Lightblue"],"picked":"SKIP","floor":28},{"not_picked":["Guardian:Gem_Lightblue","Guardian:RollAttack","Guardian:Incinerate+1"],"picked":"Guardian:PolyBeam+1","floor":29},{"not_picked":["Guardian:Orbwalk","Guardian:ChargeCore","Guardian:Reroute","Guardian:VentSteam+1"],"picked":"SKIP","floor":29},{"not_picked":["Guardian:PrismaticBeam","Guardian:VentSteam+1","Guardian:WalkerClaw"],"picked":"Guardian:FierceBash","floor":30},{"not_picked":["Guardian:Preprogram+1","Guardian:TemporalStrike","Guardian:WalkerClaw+1","Guardian:TimeBomb+1"],"picked":"SKIP","floor":31},{"not_picked":["Guardian:Suspension+1","Guardian:PrimingBeam","Guardian:PolyBeam+1"],"picked":"Guardian:TemporalShield+1","floor":32},{"not_picked":["Guardian:WalkerClaw","Guardian:Repulse","Guardian:Recover+1"],"picked":"Guardian:TemporalShield+1","floor":32},{"not_picked":["Guardian:SphericShield+1","Guardian:RevengeProtocol","Guardian:ConstructionForm"],"picked":"Guardian:Gem_Synthetic","floor":33},{"not_picked":["Guardian:Orbwalk","Guardian:ShieldSpikes+1","Guardian:Gem_Cyan"],"picked":"Guardian:ChargeUp+1","floor":36},{"not_picked":["Guardian:ArmoredProtocol+1","Guardian:CrystalBeam+1","Guardian:TemporalShield+1","Guardian:RefractedBeam"],"picked":"SKIP","floor":36},{"not_picked":["Guardian:WalkerClaw+1","Guardian:TemporalStrike+1","Guardian:Recover+1","Guardian:FuturePlans+1"],"picked":"SKIP","floor":37},{"not_picked":["Guardian:PiercingHide+1","Guardian:Gem_Blue","Guardian:TemporalShield+1","Guardian:RollAttack+1"],"picked":"SKIP","floor":37},{"not_picked":["Guardian:Recover+1","Guardian:ChargeCore+1","Guardian:VentSteam+1"],"picked":"Guardian:Gem_Synthetic","floor":38},{"not_picked":["Guardian:Gem_Fragmented","Guardian:Gem_Lightblue","Guardian:Gem_Red"],"picked":"Guardian:Orbwalk","floor":42},{"not_picked":["Guardian:HyperBeam_Guardian","Guardian:TemporalStrike","Guardian:Recover+1"],"picked":"Guardian:ChargeCore+1","floor":43},{"not_picked":["Guardian:Reroute","Guardian:FloatingOrbs+1","Guardian:Clone+1"],"picked":"Guardian:Gem_Cyan","floor":44},{"not_picked":["Guardian:PiercingHide+1","Guardian:Gem_Red","Guardian:Gem_Cyan"],"picked":"Guardian:BodySlam+1","floor":45},{"not_picked":["Guardian:Gem_Red","Guardian:DonusPower+1","Guardian:ShieldCharger+1"],"picked":"Guardian:PiercingHide+1","floor":48},{"not_picked":["Guardian:Orbwalk","Guardian:BaubleBeam","Guardian:SpikerProtocol","Guardian:Gem_Red"],"picked":"SKIP","floor":48},{"not_picked":["Guardian:Planning+1","Guardian:ShieldCharger+1","Guardian:PrimingBeam","Guardian:Gem_Blue"],"picked":"SKIP","floor":49},{"not_picked":["Guardian:TimeBomb+1","Guardian:ChargeUp+1","Guardian:PiercingHide+1","Guardian:FierceBash"],"picked":"SKIP","floor":49},{"not_picked":["Guardian:Gem_Green","Guardian:Planning+1","Guardian:ShieldCharger+1"],"picked":"Guardian:BodySlam","floor":52},{"not_picked":["Guardian:Gem_Lightblue","Guardian:CrystalBeam","Guardian:HyperBeam_Guardian"],"picked":"Guardian:PiercingHide+1","floor":54}],"player_experience":62201,"relics_obtained":[{"floor":7,"key":"Toxic Egg 2"},{"floor":11,"key":"Question Card"},{"floor":13,"key":"Ancient Tea Set"},{"floor":13,"key":"Kunai"},{"floor":13,"key":"Prayer Wheel"},{"floor":14,"key":"Pantograph"},{"floor":30,"key":"WingedGreaves"},{"floor":30,"key":"Pear"},{"floor":31,"key":"Bottled Flame"},{"floor":41,"key":"Dream Catcher"},{"floor":43,"key":"Gambling Chip"},{"floor":44,"key":"Calipers"},{"floor":52,"key":"Shuriken"}],"event_choices":[{"damage_healed":0,"gold_gain":0,"player_choice":"Grow","damage_taken":0,"max_hp_gain":0,"max_hp_loss":0,"event_name":"Living Wall","floor":6,"gold_loss":0,"cards_upgraded":["Guardian:ChargeUp"]}],"is_beta":false,"boss_relics":[{"not_picked":["Guardian:StasisSlotReductionRelic","Runic Dome"],"picked":"expansioncontent:StudyCardRelic"},{"not_picked":["Sozu","Astrolabe"],"picked":"Fusion Hammer"}],"items_purged_floors":[26,38,47],"is_endless":false,"potions_floor_spawned":[3,10,11,15,16,22,25,28,31,33,36,48,52],"ascension_level":0}}