{"host":"mqhvlr3kpxebko0t","time":1612702754,"event":{"mods":["AchievementEnabler","BaseMod","Colored Map","Colored Powertips","KOR Keyword Fix","Keyboard Shortcuts","Minty Spire (QoL Compilation)","StSLib","SuperFastMode"],"gold_per_floor":[111,161,177,177,191,224,224,249,275,289,163,181,181,194,194,268,268,268],"floor_reached":17,"language":"KOR","playtime":165,"items_purged":["Strike_R"],"score":334,"play_id":"85f795bf-e93a-474a-a53f-b7aec9a0d6da","local_time":"20210207215914","is_ascension_mode":true,"campfire_choices":[{"data":"Perfected Strike","floor":7,"key":"SMITH"},{"data":"Twin Strike","floor":13,"key":"SMITH"},{"data":"Twin Strike","floor":15,"key":"SMITH"}],"circlet_count":0,"master_deck":["AscendersBane","Strike_R","Strike_R","Strike_R","Strike_R","Defend_R","Defend_R","Defend_R","Defend_R","Bash","Shrug It Off","Perfected Strike+1","Twin Strike+1","Twin Strike+1","Battle Trance","CurseOfTheBell"],"relics":["Burning Blood","NeowsBlessing","Red Skull","Art of War","Ice Cream","Ancient Tea Set","Calling Bell","Dream Catcher","Pantograph","Shovel"],"acts_visited":["Exordium","TheCity"],"potions_floor_usage":[],"damage_taken":[{"damage":0,"enemies":"Small Slimes","floor":1,"turns":1},{"damage":0,"enemies":"Cultist","floor":3,"turns":1},{"damage":0,"enemies":"Jaw Worm","floor":5,"turns":1},{"damage":62,"enemies":"Gremlin Nob","floor":6,"turns":5},{"damage":30,"enemies":"3 Sentries","floor":8,"turns":6},{"damage":0,"enemies":"2 Fungi Beasts","floor":10,"turns":2},{"damage":0,"enemies":"Large Slime","floor":12,"turns":3},{"damage":0,"enemies":"Looter","floor":14,"turns":1},{"damage":16,"enemies":"The Guardian","floor":16,"turns":11}],"seed_played":"-3454528399795860620","potions_obtained":[{"floor":1,"key":"FairyPotion"},{"floor":6,"key":"FairyPotion"},{"floor":8,"key":"Ancient Potion"}],"is_trial":false,"path_per_floor":["M","?","M","?","M","E","R","E","T","M","$","M","R","M","R","B",null],"character_chosen":"IRONCLAD","items_purchased":["Twin Strike"],"campfire_rested":0,"item_purchase_floors":[11],"current_hp_per_floor":[74,67,73,68,74,18,18,18,18,24,24,30,30,36,36,26,63,63],"gold":268,"neow_bonus":"THREE_ENEMY_KILL","is_daily":false,"chose_seed":false,"campfire_upgraded":3,"win_rate":0.0,"timestamp":1612702754,"path_taken":["M","?","?","?","M","E","R","E","T","M","$","M","R","M","R","BOSS"],"items_purchased_type":["Card"],"build_version":"2020-12-22","purchased_purges":1,"victory":false,"max_hp_per_floor":[75,75,75,75,75,75,75,75,75,75,75,75,75,75,75,75,75,75],"card_choices":[{"not_picked":["Whirlwind","Flex"],"picked":"Shrug It Off","floor":1},{"not_picked":["Anger","Warcry","Clash"],"picked":"SKIP","floor":3},{"not_picked":["Headbutt","Warcry"],"picked":"Perfected Strike","floor":5},{"not_picked":["Reaper","Ghostly Armor"],"picked":"Twin Strike","floor":6},{"not_picked":["Havoc","Headbutt","Clothesline"],"picked":"SKIP","floor":8},{"not_picked":["Clothesline","Uppercut","Havoc"],"picked":"SKIP","floor":10},{"not_picked":["Anger","True Grit","Whirlwind"],"picked":"SKIP","floor":12},{"not_picked":["Bloodletting","Blood for Blood"],"picked":"Battle Trance","floor":14}],"player_experience":696169,"relics_obtained":[{"floor":6,"key":"Art of War"},{"floor":8,"key":"Ice Cream"},{"floor":9,"key":"Ancient Tea Set"},{"floor":17,"key":"Dream Catcher"},{"floor":17,"key":"Pantograph"},{"floor":17,"key":"Shovel"}],"event_choices":[{"damage_healed":0,"gold_gain":50,"player_choice":"Touch","damage_taken":7,"max_hp_gain":0,"max_hp_loss":0,"event_name":"FaceTrader","floor":2,"gold_loss":0},{"damage_healed":0,"gold_gain":0,"player_choice":"Success","damage_taken":5,"relics_obtained":["Red Skull"],"max_hp_gain":0,"max_hp_loss":0,"event_name":"Scrap Ooze","floor":4,"gold_loss":0}],"is_beta":false,"boss_relics":[{"not_picked":["Cursed Key","Tiny House"],"picked":"Calling Bell"}],"items_purged_floors":[11],"is_endless":false,"potions_floor_spawned":[1,6,8,16],"ascension_level":20}}