{"host":"h9q6eax775d7taki","time":1612723170,"event":{"mods":["Act Like it!","Aspiration","BaseMod","Colored Map","Colored Powertips","Conspire","Energized Spire","GifTheSpireLib","Halation","Hallownest","Hubris","Minty Spire (QoL Compilation)","Replay The Spire","Spikes Relics","StS++","StSLib","Stuff the Spire","The Bug Knight"],"gold_per_floor":[117,42,55,55,74,100,100,126,174,174,174,193,207,241,241,336,336,346,265,279,227,247,247,247,278,354,5,16,64,95,108,108,207,207,227,237,237,112,129,129,157,157,157,192,352,352,352,363,572,602,602,602],"floor_reached":53,"language":"ENG","playtime":8681,"items_purged":["Normality","ReplayTheSpireMod:Doomed"],"score":889,"play_id":"f6d573e2-06e3-4336-9b29-0d1088d54725","local_time":"20210207193930","is_ascension_mode":true,"campfire_choices":[{"data":"HollowMod:HowlingWraiths","floor":7,"key":"SMITH"},{"data":"HollowMod:LifebloodCocoon","floor":24,"key":"SMITH"},{"floor":42,"key":"REST"},{"floor":51,"key":"REST"}],"circlet_count":0,"master_deck":["HollowMod:NailStrikeStart","HollowMod:NailStrikeStart","HollowMod:NailStrikeStart","HollowMod:QuickDashStart","HollowMod:QuickDashStart","HollowMod:QuickDashStart","HollowMod:QuickDashStart","HollowMod:FocusHealStart","HollowMod:PogoStrike","HollowMod:AwokenDreamNail","HollowMod:HowlingWraiths+1","HollowMod:SoulSplash+1","HollowMod:DashSlash","HollowMod:CrystalDash+1","HollowMod:SoulShaman","HollowMod:DesolateDive+1","HollowMod:SoulEater","HollowMod:ShapeofUnn","HollowMod:HowlingWraiths","HollowMod:CloakDash","HollowMod:LifebloodCocoon+1","HollowMod:GoodIntentions","HollowMod:SoulStrike","HollowMod:WraithStrike","HollowMod:SlysStrikes","HollowMod:NewLittleFool","HollowMod:GrimmsGift+1","HollowMod:MonomonsArchive+1","HollowMod:DashSlash+1","Notoriety","HollowMod:GoodIntentions+1","ReplayTheSpireMod:Splinters","HollowMod:DoubleDash"],"relics":["HollowMod:VesselMask","halation:PinkSoulGem","conspire:Flyswatter","Replay:Multitool","Vajra","hubris:Potato","Mango","Replay:Grab Bag","conspire:RoyalGoblet","Cursed Key","StuffTheSpire:RunicHypercube","Eternal Feather","StuffTheSpire:EmeraldSignet","LugNut","Pen Nib","aspiration:RitualDagger","hubris:Icosahedron","Hallownest:SoulVesselRelic","Replay:Bottled Flurry","Quantum Egg","halation:AfternoonTea","Hallownest:GodTamersBeastRelic","FossilizedHelix"],"acts_visited":["Hallownest:Greenpath","Hallownest:CityofTears","Hallownest:KingdomsEdge"],"potions_floor_usage":[25,33,39,48,52,52],"damage_taken":[{"damage":4,"enemies":"Hallownest:monsterHuskGuard","floor":1,"turns":4},{"damage":1,"enemies":"2_ Uuma","floor":3,"turns":4},{"damage":2,"enemies":"Hallownest:2_Baldur","floor":5,"turns":2},{"damage":12,"enemies":"Hallownest:eliteVengeflyKing","floor":6,"turns":5},{"damage":24,"enemies":"Hallownest:eliteMossKnight","floor":8,"turns":7},{"damage":1,"enemies":"Hallownest:monsterFoolEater","floor":12,"turns":3},{"damage":4,"enemies":"Hallownest:Wandering_and_Horned","floor":13,"turns":4},{"damage":8,"enemies":"Hallownest:eliteVengeflyKing","floor":14,"turns":6},{"damage":32,"enemies":"Hallownest:BossHornet","floor":16,"turns":12},{"damage":0,"enemies":"Hallownest:3_Youths","floor":18,"turns":2},{"damage":15,"enemies":"Hallownest:Guard_and_Sentry","floor":20,"turns":2},{"damage":5,"enemies":"Hallownest:3_Mistakes","floor":22,"turns":3},{"damage":0,"enemies":"Hallownest:Nosk","floor":25,"turns":3},{"damage":0,"enemies":"Hallownest:Master_and_Novice","floor":28,"turns":3},{"damage":0,"enemies":"Hallownest:Glutton_and_Coward","floor":29,"turns":3},{"damage":27,"enemies":"Hallownest:eliteWatcherKnight","floor":30,"turns":11},{"damage":0,"enemies":"Hallownest:3_Mistakes","floor":31,"turns":3},{"damage":46,"enemies":"Hallownest:BossGrimm","floor":33,"turns":10},{"damage":5,"enemies":"Hallownest:Shield_Heavy","floor":35,"turns":4},{"damage":20,"enemies":"Hallownest:2_Littles","floor":36,"turns":4},{"damage":0,"enemies":"Hallownest:monsterPrimalAspid","floor":39,"turns":3},{"damage":55,"enemies":"Hallownest:StalkingDevout","floor":41,"turns":7},{"damage":0,"enemies":"Hallownest:eliteCollector","floor":44,"turns":6},{"damage":10,"enemies":"Hallownest:eliteCollector","floor":45,"turns":4},{"damage":4,"enemies":"Hallownest:eliteCollector","floor":45,"turns":4},{"damage":40,"enemies":"Hallownest:eliteCollector","floor":45,"turns":3},{"damage":0,"enemies":"Hallownest:eliteCollector","floor":45,"turns":2},{"damage":19,"enemies":"Hallownest:Slobbering_and_Violent","floor":48,"turns":6},{"damage":27,"enemies":"Hallownest:StalkingDevout","floor":50,"turns":6},{"damage":45,"enemies":"Hallownest:BossHollowKnight","floor":52,"turns":13}],"seed_played":"-3730456073060834067","potions_obtained":[{"floor":8,"key":"Cursed Concoction"},{"floor":12,"key":"SpeedPotion"},{"floor":13,"key":"FearPotion"},{"floor":25,"key":"Dexterity Potion"},{"floor":29,"key":"Dexterity Potion"},{"floor":33,"key":"Block Potion"},{"floor":50,"key":"LiquidBronze"}],"is_trial":false,"path_per_floor":["M","$","M","?","M","E","R","E","T","T","R","M","M","E","R_BF","B",null,"M","$","M","$","M","?","R","E","T","$","M","M","E","M","R","B",null,"M","M","?","?","M","R","E","R","T","E","R","PTL","PTL","M","?","E","R","B",null],"character_chosen":"THE_BUGKNIGHT","items_purchased":["HollowMod:ShapeofUnn","HollowMod:CloakDash","LugNut"],"campfire_rested":2,"item_purchase_floors":[19,21,27],"current_hp_per_floor":[71,71,75,75,73,61,61,43,43,43,65,64,60,66,89,63,89,89,89,74,74,69,69,69,69,69,69,69,69,54,54,66,26,89,84,64,64,64,64,89,40,81,81,83,47,47,47,41,41,26,70,42],"gold":602,"neow_bonus":"THREE_RARE_CARDS","is_daily":false,"chose_seed":false,"campfire_upgraded":2,"win_rate":0.0,"timestamp":1612723170,"path_taken":["M","$","?","?","M","E","R","E","T","?","R","M","?","E","R_BF","BOSS","M","$","M","$","M","?","R","E","T","$","M","M","E","M","R","BOSS","M","M","?","?","M","R","E","R","T","E","R","PTL","PTL","?","?","E","R","BOSS"],"items_purchased_type":["Card","Card","Relic"],"build_version":"2020-12-22","purchased_purges":2,"victory":true,"max_hp_per_floor":[75,75,75,75,75,75,75,75,75,75,75,75,75,89,89,89,89,89,89,89,89,89,89,89,89,89,89,89,89,89,89,89,89,89,89,89,89,89,89,89,89,89,89,89,89,89,89,89,89,89,89,89],"card_choices":[{"not_picked":["HollowMod:LordofShades","HollowMod:PaleKingsBlessing"],"picked":"HollowMod:AwokenDreamNail","floor":0},{"not_picked":["HollowMod:CycloneSlash","HollowMod:HeavyBlow"],"picked":"HollowMod:HowlingWraiths","floor":1},{"not_picked":["HollowMod:SharpenedNail","HollowMod:LifebloodCocoon"],"picked":"HollowMod:SoulSplash","floor":3},{"not_picked":["HollowMod:NewGlowingWomb","HollowMod:VengefulVoid"],"picked":"HollowMod:DashSlash","floor":5},{"not_picked":["HollowMod:FallenFury","HollowMod:CycloneSlash"],"picked":"HollowMod:CrystalDash","floor":6},{"not_picked":["HollowMod:CrystalDash","HollowMod:NewLittleFool","HollowMod:HeavyBlow"],"picked":"SKIP","floor":8},{"not_picked":["HollowMod:InfectedAttack","HollowMod:CycloneSlash","HollowMod:VengefulVoid"],"picked":"SKIP","floor":12},{"not_picked":["HollowMod:NewJinnsSoul","HollowMod:theNailsmith"],"picked":"HollowMod:SoulShaman","floor":13},{"not_picked":["HollowMod:SoulMaster","HollowMod:FallenFury"],"picked":"HollowMod:DesolateDive","floor":14},{"not_picked":["HollowMod:AbyssShriek","HollowMod:DescendingDark+1"],"picked":"HollowMod:SoulEater","floor":18},{"not_picked":["HollowMod:DesolateDive","HollowMod:BrokenVessel+1"],"picked":"HollowMod:HowlingWraiths","floor":20},{"not_picked":["HollowMod:AbyssShriek+1","HollowMod:MawleksShell+1"],"picked":"HollowMod:LifebloodCocoon","floor":22},{"not_picked":["HollowMod:SoulStrike","HollowMod:QuirrelsAssistance"],"picked":"HollowMod:GoodIntentions","floor":25},{"not_picked":["HollowMod:LifebloodCocoon","HollowMod:DungDefenderAura","HollowMod:NewJinnsSoul+1"],"picked":"SKIP","floor":28},{"not_picked":["HollowMod:LifebloodCocoon","HollowMod:SharpenedNail","HollowMod:InfectionAssault"],"picked":"SKIP","floor":29},{"not_picked":["HollowMod:SiblingsSouls","HollowMod:DoubleDash+1"],"picked":"HollowMod:SoulStrike","floor":30},{"not_picked":["HollowMod:ShadowDash","HollowMod:CoiledNail","HollowMod:NewJinnsSoul"],"picked":"SKIP","floor":31},{"not_picked":["HollowMod:RadiancesLament","HollowMod:Hiveblood"],"picked":"HollowMod:SlysStrikes","floor":33},{"not_picked":["HollowMod:ShadowDash+1","HollowMod:ShapeofUnn"],"picked":"HollowMod:NewLittleFool","floor":35},{"not_picked":["HollowMod:InfectedAttack+1","HollowMod:CloakDash"],"picked":"HollowMod:GrimmsGift+1","floor":36},{"not_picked":["HollowMod:DescendingDark+1","HollowMod:GrimmsGift"],"picked":"HollowMod:MonomonsArchive+1","floor":39},{"not_picked":["HollowMod:GrimmsGift","HollowMod:InfectedAttack+1"],"picked":"HollowMod:DashSlash+1","floor":41},{"not_picked":["HollowMod:InfectedCysts+1","HollowMod:NewJinnsSoul","HollowMod:AbyssShriek+1"],"picked":"SKIP","floor":44},{"not_picked":["HollowMod:ChannelNail","HollowMod:LuriensSpire+1"],"picked":"HollowMod:GoodIntentions+1","floor":48},{"not_picked":["HollowMod:SoulVessel","HollowMod:ShadowDash+1"],"picked":"HollowMod:DoubleDash","floor":50}],"player_experience":490409,"relics_obtained":[{"floor":6,"key":"conspire:Flyswatter"},{"floor":8,"key":"Replay:Multitool"},{"floor":9,"key":"Vajra"},{"floor":10,"key":"hubris:Potato"},{"floor":14,"key":"Mango"},{"floor":25,"key":"Eternal Feather"},{"floor":26,"key":"StuffTheSpire:EmeraldSignet"},{"floor":30,"key":"Pen Nib"},{"floor":41,"key":"Replay:Bottled Flurry"},{"floor":43,"key":"Quantum Egg"},{"floor":44,"key":"halation:AfternoonTea"},{"floor":50,"key":"FossilizedHelix"}],"event_choices":[],"is_beta":false,"boss_relics":[{"not_picked":["conspire:SpecialSausage","Pandora\u0027s Box"],"picked":"Replay:Grab Bag"},{"not_picked":["halation:ForbiddenBikini","halation:SmartPhone"],"picked":"conspire:RoyalGoblet"},{"not_picked":["energizedSpire:SpiderWeb","CosmicIsotope"],"picked":"Cursed Key"},{"not_picked":["Empty Cage","StSpp:FireArrow"],"picked":"StuffTheSpire:RunicHypercube"},{"not_picked":["conspire:RunicOctahedron","Calling Bell"],"picked":"aspiration:RitualDagger"}],"items_purged_floors":[2,27],"is_endless":false,"potions_floor_spawned":[8,12,13,25,28,29,33,35,36,45,45,50],"ascension_level":1}}