{"host":"johnydays","time":1612710919,"event":{"mods":["BaseMod","Bestiary","Block Reminder","Colored Map","Colored Powertips","DeckTracker","Highlight Path","Minty Spire (QoL Compilation)","Relic Stats","Slay-I","StSLib","SuperFastMode"],"gold_per_floor":[109,123,143,193,48,48,82,82,82,82,82],"floor_reached":10,"language":"ENG","playtime":442,"items_purged":["Strike_G"],"score":116,"play_id":"e753e45d-15c3-44f5-901c-c8a7cc4f1641","local_time":"20210207151519","is_ascension_mode":true,"campfire_choices":[{"data":"Heel Hook","floor":6.0,"key":"SMITH"},{"floor":8.0,"key":"REST"}],"circlet_count":0,"master_deck":["AscendersBane","Strike_G","Strike_G","Strike_G","Defend_G","Defend_G","Defend_G","Defend_G","Survivor","Neutralize","Reflex","Leg Sweep","Backflip","Heel Hook+1"],"relics":["Empty Cage","Kunai","Singing Bowl"],"acts_visited":["Exordium"],"potions_floor_usage":[],"damage_taken":[{"damage":0.0,"enemies":"Small Slimes","floor":1.0,"turns":3.0},{"damage":0.0,"enemies":"Cultist","floor":2.0,"turns":4.0},{"damage":3.0,"enemies":"Jaw Worm","floor":3.0,"turns":5.0},{"damage":49.0,"enemies":"3 Sentries","floor":7.0,"turns":17.0},{"damage":50,"enemies":"Gremlin Nob","floor":10,"turns":6}],"seed_played":"-3413891115321569780","potions_obtained":[{"floor":2.0,"key":"ColorlessPotion"}],"is_trial":false,"path_per_floor":["M","M","M","?","$","R","E","R","T","E"],"character_chosen":"THE_SILENT","items_purchased":["Heel Hook"],"campfire_rested":1,"item_purchase_floors":[5],"current_hp_per_floor":[59,59,56,56,56,56,7,26,26,0,0],"gold":82,"neow_bonus":"BOSS_RELIC","is_daily":false,"chose_seed":false,"campfire_upgraded":1,"win_rate":0.0,"timestamp":1612710919,"path_taken":["M","M","M","?","$","R","E","R","T","E"],"items_purchased_type":["Card"],"build_version":"2020-12-18","purchased_purges":1,"victory":false,"max_hp_per_floor":[66,66,66,66,66,66,66,66,66,66,66],"relic_stats":{"Singing Bowl":0,"counters":[5,35],"Kunai":[4],"obtain_stats":[{"Singing Bowl":9,"Kunai":7,"Empty Cage":0,"Ring of the Snake":0},{"Singing Bowl":4,"Kunai":4,"Empty Cage":0,"Ring of the Snake":0},{"Singing Bowl":29,"Kunai":29,"Empty Cage":0,"Ring of the Snake":0}]},"card_choices":[{"not_picked":["Prepared","Deflect"],"picked":"Reflex","floor":1.0},{"not_picked":["Dagger Throw","Riddle With Holes"],"picked":"Leg Sweep","floor":2.0},{"not_picked":["Dodge and Roll","Bane"],"picked":"Backflip","floor":3.0},{"not_picked":["Flying Knee","Caltrops","Flechettes"],"picked":"SKIP","floor":7.0}],"player_experience":500477,"relics_obtained":[{"floor":7.0,"key":"Kunai"},{"floor":9.0,"key":"Singing Bowl"}],"event_choices":[{"damage_healed":0.0,"max_hp_gain":0.0,"max_hp_loss":0.0,"gold_gain":50.0,"event_name":"Golden Shrine","player_choice":"Pray","floor":4.0,"gold_loss":0.0,"damage_taken":0.0}],"is_beta":true,"boss_relics":[],"items_purged_floors":[5],"is_endless":false,"potions_floor_spawned":[2],"killed_by":"Gremlin Nob","ascension_level":15}}