{"host":"rolltorest","time":1612686183,"event":{"mods":["BaseMod","Minty Spire (QoL Compilation)","Relic Stats","Slay the Relics Exporter","StSLib"],"gold_per_floor":[116,129,279,279,295,327,327,359,411,441,455,455,380,394,394,470,470,440,193,193,193,12,12,43,95,121,148,168,195,15,46,46,120,120,139,139,361,386,49,49,77,102,179,206,206,206,206,206,206,206,206,206],"floor_reached":51,"language":"ENG","playtime":1394,"items_purged":["Strike_P","Strike_P","Strike_P","Decay"],"score":1542,"play_id":"9e6756a0-80d2-4971-81df-b217f29b0642","local_time":"20210207002303","is_ascension_mode":true,"campfire_choices":[{"floor":7,"key":"REST"},{"data":"Alpha","floor":12,"key":"SMITH"},{"data":"SandsOfTime","floor":15,"key":"SMITH"},{"data":"Blasphemy","floor":23,"key":"SMITH"},{"floor":32,"key":"REST"},{"data":"Meditate","floor":40,"key":"SMITH"},{"data":"TalkToTheHand","floor":45,"key":"SMITH"},{"data":"Wireheading","floor":47,"key":"SMITH"},{"floor":49,"key":"RECALL"}],"circlet_count":0,"master_deck":["AscendersBane","Strike_P","Defend_P","Defend_P","Defend_P","Defend_P","Eruption","Vigilance","Adaptation","SandsOfTime+1","Alpha+1","EmptyFist","ThirdEye","FlurryOfBlows","InnerPeace","Blasphemy+1","Tantrum","TalkToTheHand+1","SandsOfTime","Wireheading+1","Injury","TalkToTheHand+1","Meditate+1","CutThroughFate","CutThroughFate","JustLucky+1","Scrawl","CutThroughFate","ThirdEye+1","BowlingBash+1","Regret","ForeignInfluence+1","Injury"],"relics":["HolyWater","NeowsBlessing","Meat on the Bone","Nunchaku","Omamori","Tiny Chest","Calipers","Cursed Key","MutagenicStrength","Necronomicon","GoldenEye","PreservedInsect","Bag of Marbles","Gremlin Horn","Ancient Tea Set","Red Mask","Bronze Scales","MealTicket","Ginger","Bottled Tornado","Yang","TeardropLocket"],"acts_visited":["Exordium","TheCity","TheBeyond"],"potions_floor_usage":[24,31,33],"damage_taken":[{"damage":0,"enemies":"2 Louse","floor":1,"turns":1},{"damage":0,"enemies":"Small Slimes","floor":2,"turns":1},{"damage":0,"enemies":"Cultist","floor":5,"turns":1},{"damage":58,"enemies":"3 Sentries","floor":6,"turns":7},{"damage":15,"enemies":"Lagavulin","floor":8,"turns":5},{"damage":12,"enemies":"3 Sentries","floor":10,"turns":4},{"damage":15,"enemies":"Large Slime","floor":11,"turns":4},{"damage":8,"enemies":"2 Fungi Beasts","floor":14,"turns":4},{"damage":32,"enemies":"Hexaghost","floor":16,"turns":7},{"damage":24,"enemies":"2 Thieves","floor":18,"turns":4},{"damage":14,"enemies":"Book of Stabbing","floor":24,"turns":3},{"damage":18,"enemies":"Gremlin Leader","floor":27,"turns":3},{"damage":0,"enemies":"Spheric Guardian","floor":28,"turns":3},{"damage":13,"enemies":"Slavers","floor":29,"turns":2},{"damage":19,"enemies":"Masked Bandits","floor":31,"turns":3},{"damage":14,"enemies":"Collector","floor":33,"turns":6},{"damage":0,"enemies":"Orb Walker","floor":35,"turns":1},{"damage":0,"enemies":"Nemesis","floor":41,"turns":3},{"damage":0,"enemies":"Mind Bloom Boss Battle","floor":42,"turns":3},{"damage":4,"enemies":"Giant Head","floor":44,"turns":5},{"damage":53,"enemies":"Awakened One","floor":50,"turns":8},{"damage":26,"enemies":"Donu and Deca","floor":51,"turns":3}],"seed_played":"6567378767183691669","potions_obtained":[{"floor":1,"key":"SpeedPotion"},{"floor":8,"key":"Dexterity Potion"},{"floor":11,"key":"SteroidPotion"},{"floor":14,"key":"Ancient Potion"},{"floor":29,"key":"AttackPotion"},{"floor":31,"key":"AttackPotion"},{"floor":33,"key":"SteroidPotion"}],"is_trial":false,"path_per_floor":["M","M","?","?","M","E","R","E","T","E","M","R","?","M","R","B",null,"M","$","?","?","$","R","E","T","T","E","M","E","$","?","R","B",null,"M","?","?","T","$","R","E","?","T","E","R","?","R","T","R","B","B"],"character_chosen":"WATCHER","items_purchased":["Tantrum","TalkToTheHand","SandsOfTime","CutThroughFate","CutThroughFate","Bronze Scales"],"campfire_rested":2,"item_purchase_floors":[19,19,22,30,39,39],"current_hp_per_floor":[61,61,61,61,61,15,35,32,32,32,29,29,29,33,33,13,54,42,42,42,21,21,21,19,19,19,13,25,24,24,17,37,35,60,60,60,60,60,60,60,60,60,60,56,56,56,56,56,56,15,0,0],"gold":206,"neow_bonus":"THREE_ENEMY_KILL","is_daily":false,"chose_seed":false,"campfire_upgraded":6,"win_rate":0.0,"timestamp":1612686183,"path_taken":["M","M","?","?","?","E","R","E","T","E","M","R","?","M","R","BOSS","M","$","?","?","$","R","E","?","T","E","M","E","$","?","R","BOSS","M","?","?","?","?","R","E","?","T","E","R","?","R","?","R","BOSS","BOSS"],"items_purchased_type":["Card","Card","Card","Card","Card","Relic"],"build_version":"2020-12-18","purchased_purges":4,"victory":false,"max_hp_per_floor":[68,68,68,68,68,68,68,68,68,68,68,68,68,68,68,68,68,68,68,68,68,68,68,68,68,68,68,68,68,68,68,68,68,68,68,68,68,68,68,68,68,68,68,68,68,65,65,65,65,65,65,65],"relic_stats":{"Gremlin Horn":[9,9],"counters":[22,81],"Yang":[50],"PreservedInsect":269,"Ginger":[2],"Cursed Key":5,"GoldenEye":[112],"Nunchaku":[16],"Bronze Scales":[63],"Tiny Chest":3,"MealTicket":0,"Necronomicon":[16],"obtain_stats":[{"Calipers":10,"NeowsBlessing":0,"Gremlin Horn":27,"Yang":44,"PreservedInsect":25,"Omamori":8,"Ginger":42,"TeardropLocket":48,"Bottled Tornado":43,"Cursed Key":17,"GoldenEye":24,"Ancient Tea Set":29,"Nunchaku":6,"MutagenicStrength":20,"Bronze Scales":39,"HolyWater":34,"Tiny Chest":9,"MealTicket":41,"Necronomicon":21,"Bag of Marbles":26,"Red Mask":31,"PureWater":0,"Meat on the Bone":4},{"Calipers":6,"NeowsBlessing":0,"Gremlin Horn":12,"Yang":20,"PreservedInsect":11,"Omamori":5,"Ginger":19,"TeardropLocket":20,"Bottled Tornado":19,"Cursed Key":9,"GoldenEye":11,"Ancient Tea Set":14,"Nunchaku":4,"MutagenicStrength":10,"Bronze Scales":17,"HolyWater":16,"Tiny Chest":5,"MealTicket":18,"Necronomicon":10,"Bag of Marbles":11,"Red Mask":15,"PureWater":0,"Meat on the Bone":2},{"Calipers":19,"NeowsBlessing":0,"Gremlin Horn":44,"Yang":70,"PreservedInsect":41,"Omamori":15,"Ginger":65,"TeardropLocket":70,"Bottled Tornado":65,"Cursed Key":34,"GoldenEye":41,"Ancient Tea Set":49,"Nunchaku":10,"MutagenicStrength":38,"Bronze Scales":59,"HolyWater":58,"Tiny Chest":15,"MealTicket":62,"Necronomicon":38,"Bag of Marbles":41,"Red Mask":52,"PureWater":0,"Meat on the Bone":2}],"Meat on the Bone":168},"card_choices":[{"not_picked":["Swivel","PathToVictory"],"picked":"Adaptation","floor":1},{"not_picked":["CrushJoints","SashWhip"],"picked":"SandsOfTime","floor":2},{"not_picked":["Protect","JustLucky"],"picked":"Alpha","floor":5},{"not_picked":["SashWhip","EmptyMind"],"picked":"EmptyFist","floor":6},{"not_picked":["Blasphemy","EmptyFist"],"picked":"ThirdEye","floor":8},{"not_picked":["Indignation","JustLucky"],"picked":"FlurryOfBlows","floor":10},{"not_picked":["WindmillStrike","FlurryOfBlows","Nirvana"],"picked":"SKIP","floor":11},{"not_picked":["Protect","Consecrate"],"picked":"InnerPeace","floor":14},{"not_picked":["MasterReality","Wish"],"picked":"Blasphemy","floor":16},{"not_picked":["WreathOfFlame","FollowUp","Vengeance"],"picked":"SKIP","floor":18},{"not_picked":["Evaluate","DeusExMachina"],"picked":"Wireheading","floor":24},{"not_picked":["LikeWater","JustLucky"],"picked":"TalkToTheHand+1","floor":27},{"not_picked":["BowlingBash","Crescendo"],"picked":"Meditate","floor":28},{"not_picked":["Establishment","BattleHymn"],"picked":"CutThroughFate","floor":29},{"not_picked":["Crescendo","SignatureMove"],"picked":"JustLucky+1","floor":31},{"not_picked":["ConjureBlade","SpiritShield"],"picked":"Scrawl","floor":33},{"not_picked":["FlurryOfBlows+1","Evaluate","Protect"],"picked":"SKIP","floor":35},{"not_picked":["CrushJoints","FlyingSleeves+1"],"picked":"ThirdEye+1","floor":41},{"not_picked":["EmptyBody","FollowUp"],"picked":"BowlingBash+1","floor":42},{"not_picked":["Halt","FollowUp"],"picked":"ForeignInfluence+1","floor":44}],"player_experience":1913118,"relics_obtained":[{"floor":6,"key":"Nunchaku"},{"floor":8,"key":"Omamori"},{"floor":9,"key":"Tiny Chest"},{"floor":10,"key":"Calipers"},{"floor":21,"key":"Necronomicon"},{"floor":24,"key":"GoldenEye"},{"floor":25,"key":"PreservedInsect"},{"floor":26,"key":"Bag of Marbles"},{"floor":27,"key":"Gremlin Horn"},{"floor":29,"key":"Ancient Tea Set"},{"floor":31,"key":"Red Mask"},{"floor":41,"key":"MealTicket"},{"floor":42,"key":"Ginger"},{"floor":43,"key":"Bottled Tornado"},{"floor":44,"key":"Yang"},{"floor":48,"key":"TeardropLocket"}],"event_choices":[{"damage_healed":0,"gold_gain":150,"player_choice":"AGREE","damage_taken":0,"max_hp_gain":0,"max_hp_loss":0,"event_name":"Liars Game","floor":3,"gold_loss":0,"cards_obtained":["Doubt"]},{"damage_healed":0,"gold_gain":0,"player_choice":"Gave Potion","damage_taken":0,"relics_obtained":["Meat on the Bone"],"max_hp_gain":0,"max_hp_loss":0,"event_name":"WeMeetAgain","floor":4,"gold_loss":0},{"cards_removed":["Doubt"],"damage_healed":0,"gold_gain":0,"player_choice":"Card Removal","damage_taken":0,"max_hp_gain":0,"max_hp_loss":0,"event_name":"The Cleric","floor":13,"gold_loss":75},{"damage_healed":0,"gold_gain":0,"player_choice":"Inject Mutagens","damage_taken":0,"relics_obtained":["MutagenicStrength"],"max_hp_gain":0,"max_hp_loss":0,"event_name":"Drug Dealer","floor":20,"gold_loss":0},{"damage_healed":0,"gold_gain":0,"player_choice":"Obtained Book","damage_taken":21,"max_hp_gain":0,"max_hp_loss":0,"event_name":"Cursed Tome","floor":21,"gold_loss":0},{"damage_healed":0,"gold_gain":0,"player_choice":"Fought Bandits","damage_taken":0,"max_hp_gain":0,"max_hp_loss":0,"event_name":"Masked Bandits","floor":31,"gold_loss":0},{"damage_healed":0,"gold_gain":0,"player_choice":"Memory 1","damage_taken":0,"max_hp_gain":0,"max_hp_loss":0,"event_name":"SensoryStone","floor":36,"gold_loss":0},{"damage_healed":0,"gold_gain":222,"player_choice":"Wore Mask","damage_taken":0,"max_hp_gain":0,"max_hp_loss":0,"event_name":"Tomb of Lord Red Mask","floor":37,"gold_loss":0},{"damage_healed":0,"gold_gain":0,"player_choice":"Fight","damage_taken":0,"max_hp_gain":0,"max_hp_loss":0,"event_name":"MindBloom","floor":42,"gold_loss":0},{"damage_healed":0,"gold_gain":0,"player_choice":"Max HP","damage_taken":0,"max_hp_gain":0,"max_hp_loss":3,"event_name":"Winding Halls","floor":46,"gold_loss":0}],"is_beta":true,"boss_relics":[{"not_picked":["Fusion Hammer","SlaversCollar"],"picked":"Cursed Key"},{"not_picked":["Astrolabe","Runic Pyramid"],"picked":"HolyWater"}],"items_purged_floors":[19,22,30,39],"is_endless":false,"potions_floor_spawned":[1,8,11,14,16,29,31,33,41],"killed_by":"Donu and Deca","ascension_level":20}}