{"host":"2ty4h143nj8vwezc","time":1612735930,"event":{"mods":["BaseMod","Colored Map","Googly Eyes","Highlight Path","Minty Spire (QoL Compilation)","Quick Restart","StSLib"],"gold_per_floor":[115,115,131,131,56,89,103,103,103,118,14,48,48,62,62,140,140,40,57,57,57,71,71,71,71,71,98,98,98,98,98,98],"floor_reached":31,"language":"ENG","playtime":1254,"items_purged":["Strike_G"],"score":618,"play_id":"b72683bb-8f84-4dde-b05b-c4c24c3da16e","local_time":"20210207171210","is_ascension_mode":true,"campfire_choices":[{"floor":13.0,"key":"RECALL"},{"data":"Caltrops","floor":15.0,"key":"SMITH"},{"floor":23.0,"key":"REST"},{"floor":28.0,"key":"REST"},{"data":"Night Terror","floor":30.0,"key":"SMITH"}],"circlet_count":0,"master_deck":["AscendersBane","Strike_G+1","Strike_G+1","Strike_G+1","Defend_G+1","Defend_G+1","Defend_G+1","Defend_G+1","Survivor","Neutralize","PiercingWail","Dagger Spray","Caltrops+1","Crippling Poison","PiercingWail","Backstab","Night Terror+1","Burst","Skewer","Distraction","Writhe"],"relics":["Ring of the Snake","NeowsBlessing","WarpedTongs","Bottled Lightning","White Beast Statue","HornCleat","SacredBark","Matryoshka","Letter Opener","Happy Flower"],"acts_visited":["Exordium","TheCity"],"potions_floor_usage":[31],"damage_taken":[{"damage":0.0,"enemies":"Jaw Worm","floor":1.0,"turns":1.0},{"damage":0.0,"enemies":"Cultist","floor":3.0,"turns":1.0},{"damage":0.0,"enemies":"Lagavulin","floor":6.0,"turns":1.0},{"damage":8.0,"enemies":"Small Slimes","floor":7.0,"turns":2.0},{"damage":0.0,"enemies":"2 Fungi Beasts","floor":10.0,"turns":4.0},{"damage":0.0,"enemies":"3 Sentries","floor":12.0,"turns":8.0},{"damage":2.0,"enemies":"Blue Slaver","floor":14.0,"turns":4.0},{"damage":28.0,"enemies":"The Guardian","floor":16.0,"turns":11.0},{"damage":7.0,"enemies":"2 Thieves","floor":18.0,"turns":5.0},{"damage":31.0,"enemies":"Shell Parasite","floor":19.0,"turns":7.0},{"damage":16.0,"enemies":"Snecko","floor":22.0,"turns":6.0},{"damage":51.0,"enemies":"Gremlin Leader","floor":27.0,"turns":8.0},{"damage":43,"enemies":"Cultist and Chosen","floor":31,"turns":6}],"seed_played":"6162416106458211258","potions_obtained":[{"floor":1.0,"key":"Dexterity Potion"},{"floor":10.0,"key":"Dexterity Potion"},{"floor":12.0,"key":"Regen Potion"},{"floor":14.0,"key":"CultistPotion"},{"floor":16.0,"key":"SteroidPotion"},{"floor":18.0,"key":"Block Potion"},{"floor":19.0,"key":"ColorlessPotion"},{"floor":22.0,"key":"Regen Potion"},{"floor":27.0,"key":"Dexterity Potion"}],"is_trial":false,"path_per_floor":["M","?","M","?","?","E","M","T","T","M","$","E","R","M","R","B",null,"M","M","$","?","M","R","$","?","T","E","R","?","R","M"],"character_chosen":"THE_SILENT","items_purchased":["PiercingWail"],"campfire_rested":2,"item_purchase_floors":[11],"current_hp_per_floor":[59,59,59,59,59,59,51,51,51,51,51,51,51,49,49,36,59,52,21,21,21,5,24,24,24,24,22,41,41,41,0,0],"gold":98,"neow_bonus":"THREE_ENEMY_KILL","is_daily":false,"chose_seed":false,"campfire_upgraded":2,"win_rate":0.0,"timestamp":1612735930,"path_taken":["M","?","?","?","?","E","M","?","T","M","$","E","R","M","R","BOSS","M","M","$","?","M","R","$","?","T","E","R","?","R","M"],"items_purchased_type":["Card"],"build_version":"2020-12-22","purchased_purges":1,"victory":false,"max_hp_per_floor":[66,66,66,66,66,66,66,66,66,66,66,66,66,66,66,66,66,66,66,66,66,66,66,66,66,66,66,66,66,66,66,66],"card_choices":[{"not_picked":["Accuracy","Expertise"],"picked":"PiercingWail","floor":1.0},{"not_picked":["Poisoned Stab","Deflect"],"picked":"Dagger Spray","floor":3.0},{"not_picked":["Tactician","Infinite Blades"],"picked":"Caltrops","floor":6.0},{"not_picked":["Infinite Blades","Sucker Punch"],"picked":"Crippling Poison","floor":7.0},{"not_picked":["Bane","Quick Slash","Sucker Punch"],"picked":"SKIP","floor":10.0},{"not_picked":["Underhanded Strike","Poisoned Stab"],"picked":"Backstab","floor":12.0},{"not_picked":["Slice","Dodge and Roll","Underhanded Strike"],"picked":"SKIP","floor":14.0},{"not_picked":["After Image","Venomology"],"picked":"Night Terror","floor":16.0},{"not_picked":["Backflip","Bane","Infinite Blades+1"],"picked":"SKIP","floor":18.0},{"not_picked":["Poisoned Stab","Slice","Quick Slash"],"picked":"SKIP","floor":19.0},{"not_picked":["Sucker Punch","Bane"],"picked":"Burst","floor":22.0},{"not_picked":["Blur","Dagger Throw","Masterful Stab"],"picked":"SKIP","floor":27.0}],"player_experience":363270,"relics_obtained":[{"floor":6.0,"key":"Bottled Lightning"},{"floor":8.0,"key":"White Beast Statue"},{"floor":12.0,"key":"HornCleat"},{"floor":26.0,"key":"Matryoshka"},{"floor":27.0,"key":"Letter Opener"}],"event_choices":[{"damage_healed":0.0,"max_hp_gain":0.0,"max_hp_loss":0.0,"gold_gain":0.0,"event_name":"Accursed Blacksmith","player_choice":"Rummage","floor":2.0,"gold_loss":0.0,"damage_taken":0.0,"relics_obtained":["WarpedTongs"],"cards_obtained":["Pain"]},{"damage_healed":0.0,"max_hp_gain":0.0,"max_hp_loss":0.0,"gold_gain":0.0,"event_name":"Shining Light","player_choice":"Ignored","floor":4.0,"gold_loss":0.0,"damage_taken":0.0},{"cards_removed":["Pain"],"damage_healed":0.0,"max_hp_gain":0.0,"max_hp_loss":0.0,"gold_gain":0.0,"event_name":"The Cleric","player_choice":"Card Removal","floor":5.0,"gold_loss":75.0,"damage_taken":0.0},{"damage_healed":0.0,"max_hp_gain":0.0,"max_hp_loss":0.0,"gold_gain":0.0,"event_name":"Back to Basics","player_choice":"Simplicity","floor":21.0,"gold_loss":0.0,"damage_taken":0.0,"cards_upgraded":["Strike_G","Strike_G","Strike_G","Strike_G","Defend_G","Defend_G","Defend_G","Defend_G","Defend_G"]},{"damage_healed":0.0,"max_hp_gain":0.0,"max_hp_loss":0.0,"gold_gain":0.0,"cards_transformed":["Defend_G","Strike_G"],"event_name":"Drug Dealer","player_choice":"Became Test Subject","floor":25.0,"gold_loss":0.0,"damage_taken":0.0,"cards_obtained":["Skewer","Distraction"]},{"damage_healed":0.0,"max_hp_gain":0.0,"max_hp_loss":0.0,"gold_gain":0.0,"event_name":"The Mausoleum","player_choice":"Opened","floor":29.0,"gold_loss":0.0,"damage_taken":0.0,"relics_obtained":["Happy Flower"],"cards_obtained":["Writhe"]}],"is_beta":false,"boss_relics":[{"not_picked":["Runic Pyramid","Astrolabe"],"picked":"SacredBark"}],"items_purged_floors":[11],"is_endless":false,"potions_floor_spawned":[1,10,12,14,16,18,19,22,27],"killed_by":"Cultist and Chosen","ascension_level":20}}