{"host":"3qkmyeoym75lj4wn","time":1612708850,"event":{"mods":["2.2 Compatiblity","BaseMod","Block Reminder","Colored Powertips","Highlight Path","Minty Spire (QoL Compilation)","Permanent Neow","Potion Indicator Mod","Rare Cards Sparkle","Relic Stats","StSLib","Unceasing Turn Reminder"],"gold_per_floor":[118,81,97,97,114,140,140,170,170,22,22,49,21,36,36,109,109,119,119,98,98,121,121,155,175,175,203,153,173,34,50,50,128,128,148,148,148,37,48,48,79,2,2,0,0,16,16,26,26,26,26,26,26,26,57,57],"floor_reached":57,"language":"ENG","playtime":2815,"items_purged":[],"score":2822,"play_id":"bf4cf013-3259-4d60-9c73-6acba434aaf9","local_time":"20210207144050","is_ascension_mode":true,"campfire_choices":[{"data":"Uppercut","floor":7,"key":"SMITH"},{"data":"Feel No Pain","floor":11,"key":"SMITH"},{"floor":15,"key":"REST"},{"data":"Inflame","floor":23,"key":"SMITH"},{"data":"Metallicize","floor":32,"key":"SMITH"},{"data":"Heavy Blade","floor":40,"key":"SMITH"},{"floor":47,"key":"RECALL"},{"data":"Feel No Pain","floor":49,"key":"SMITH"},{"floor":53,"key":"REST"}],"circlet_count":0,"master_deck":["AscendersBane","Defend_R","Defend_R","Defend_R","Defend_R","Bash","Pommel Strike","Uppercut+1","Dropkick","Inflame+1","Corruption+1","Sentinel+1","Feel No Pain+1","Shrug It Off+1","Sentinel+1","Armaments+1","Limit Break+1","Metallicize+1","Immolate+1","Clothesline+1","Battle Trance+1","Shrug It Off+1","Limit Break+1","Havoc+1","Flame Barrier+1","Metallicize+1","Shrug It Off+1","Armaments+1","Barricade+1","Havoc+1","Shrug It Off+1","Armaments+1","Heavy Blade+1","Entrench+1","Feel No Pain+1","Dark Embrace+1","Spot Weakness+1"],"relics":["Burning Blood","NeowsBlessing","Letter Opener","Toxic Egg 2","White Beast Statue","Kunai","Astrolabe","Bag of Preparation","PreservedInsect","Question Card","Paper Frog","SacredBark","Lizard Tail","Red Mask","StrikeDummy","Nunchaku"],"acts_visited":["Exordium","TheCity","TheBeyond","TheEnding"],"potions_floor_usage":[8,16,18,20,25,27,29,31,33,33,35,46,48,50,51,56],"damage_taken":[{"damage":0,"enemies":"Jaw Worm","floor":1,"turns":1},{"damage":0,"enemies":"Cultist","floor":3,"turns":1},{"damage":0,"enemies":"2 Louse","floor":5,"turns":1},{"damage":25,"enemies":"Lagavulin","floor":6,"turns":6},{"damage":25,"enemies":"3 Sentries","floor":8,"turns":7},{"damage":31,"enemies":"Gremlin Nob","floor":12,"turns":6},{"damage":8,"enemies":"Exordium Wildlife","floor":14,"turns":5},{"damage":20,"enemies":"The Guardian","floor":16,"turns":15},{"damage":5,"enemies":"Shell Parasite","floor":18,"turns":5},{"damage":7,"enemies":"2 Thieves","floor":20,"turns":4},{"damage":12,"enemies":"Book of Stabbing","floor":24,"turns":6},{"damage":0,"enemies":"Snecko","floor":25,"turns":4},{"damage":14,"enemies":"Slavers","floor":27,"turns":4},{"damage":0,"enemies":"Snake Plant","floor":29,"turns":2},{"damage":0,"enemies":"Sentry and Sphere","floor":31,"turns":6},{"damage":31,"enemies":"Automaton","floor":33,"turns":8},{"damage":0,"enemies":"3 Shapes","floor":35,"turns":4},{"damage":0,"enemies":"Orb Walker","floor":39,"turns":6},{"damage":12,"enemies":"Nemesis","floor":41,"turns":11},{"damage":0,"enemies":"4 Shapes","floor":46,"turns":4},{"damage":20,"enemies":"Maw","floor":48,"turns":8},{"damage":32,"enemies":"Donu and Deca","floor":50,"turns":12},{"damage":89,"enemies":"Time Eater","floor":51,"turns":13},{"damage":0,"enemies":"Shield and Spear","floor":55,"turns":8},{"damage":60,"enemies":"The Heart","floor":56,"turns":8}],"seed_played":"-6679431727719714931","potions_obtained":[{"floor":5,"key":"Swift Potion"},{"floor":8,"key":"LiquidBronze"},{"floor":12,"key":"SteroidPotion"},{"floor":16,"key":"Swift Potion"},{"floor":18,"key":"Regen Potion"},{"floor":20,"key":"Dexterity Potion"},{"floor":24,"key":"Swift Potion"},{"floor":25,"key":"SneckoOil"},{"floor":27,"key":"Swift Potion"},{"floor":29,"key":"BloodPotion"},{"floor":31,"key":"Explosive Potion"},{"floor":33,"key":"Explosive Potion"},{"floor":35,"key":"BloodPotion"},{"floor":39,"key":"SpeedPotion"},{"floor":41,"key":"Dexterity Potion"},{"floor":46,"key":"Regen Potion"},{"floor":48,"key":"AttackPotion"},{"floor":55,"key":"SteroidPotion"}],"is_trial":false,"path_per_floor":["M","$","M","?","M","E","R","E","T","$","R","E","$","M","R","B",null,"M","?","M","?","T","R","E","M","T","E","?","M","$","M","R","B",null,"M","?","?","$","M","R","E","$","T","?","T","M","R","M","R","B","B",null,"R","$","E","B",null],"character_chosen":"IRONCLAD","items_purchased":["Uppercut","Feel No Pain","Shrug It Off+1","Armaments+1","Metallicize","Shrug It Off+1","Shrug It Off+1","Armaments+1","Feel No Pain"],"campfire_rested":2,"item_purchase_floors":[2,10,10,13,30,30,38,38,42],"current_hp_per_floor":[74,74,75,75,75,56,56,37,37,37,37,12,12,10,32,18,61,62,62,75,54,54,54,48,54,54,46,46,52,52,74,74,49,72,78,78,78,78,80,80,74,74,74,74,74,80,80,80,80,54,26,67,80,80,80,26],"gold":57,"neow_bonus":"THREE_ENEMY_KILL","is_daily":false,"chose_seed":false,"campfire_upgraded":6,"win_rate":0.0,"timestamp":1612708850,"path_taken":["M","$","M","?","?","E","R","E","T","$","R","E","$","M","R","BOSS","M","?","M","?","?","R","E","M","T","E","?","?","?","M","R","BOSS","M","?","?","$","?","R","E","$","T","?","?","?","R","?","R","BOSS","BOSS","R","$","E","BOSS"],"items_purchased_type":["Card","Card","Card","Card","Card","Card","Card","Card","Card"],"build_version":"2020-12-22","purchased_purges":0,"victory":true,"max_hp_per_floor":[75,75,75,75,75,75,75,75,75,75,75,75,75,75,75,75,75,75,75,75,80,80,80,80,80,80,80,80,80,80,80,80,80,80,80,80,80,80,80,80,80,80,80,80,80,80,80,80,80,80,80,80,80,80,80,80],"relic_stats":{"Lizard Tail":0,"Nunchaku":[1],"counters":[25,155],"Astrolabe":["Metallicize","Immolate","Clothesline"],"PreservedInsect":167,"Bag of Preparation":[30],"Letter Opener":[339],"Kunai":[11],"Question Card":10,"obtain_stats":[{"NeowsBlessing":0,"Astrolabe":17,"SacredBark":34,"PreservedInsect":24,"Bag of Preparation":22,"Letter Opener":6,"Question Card":26,"Burning Blood":0,"White Beast Statue":9,"Lizard Tail":41,"Nunchaku":55,"Red Mask":44,"Kunai":12,"Toxic Egg 2":8,"StrikeDummy":45,"Paper Frog":27},{"NeowsBlessing":0,"Astrolabe":8,"SacredBark":16,"PreservedInsect":11,"Bag of Preparation":10,"Letter Opener":4,"Question Card":12,"Burning Blood":0,"White Beast Statue":5,"Lizard Tail":19,"Nunchaku":24,"Red Mask":19,"Kunai":6,"Toxic Egg 2":5,"StrikeDummy":19,"Paper Frog":13},{"NeowsBlessing":0,"Astrolabe":42,"SacredBark":81,"PreservedInsect":57,"Bag of Preparation":51,"Letter Opener":9,"Question Card":61,"Burning Blood":0,"White Beast Statue":16,"Lizard Tail":102,"Nunchaku":147,"Red Mask":102,"Kunai":22,"Toxic Egg 2":16,"StrikeDummy":102,"Paper Frog":65}],"Burning Blood":129},"card_choices":[{"not_picked":["Flex","Bloodletting"],"picked":"Pommel Strike","floor":1},{"not_picked":["Wild Strike","Armaments"],"picked":"Dropkick","floor":3},{"not_picked":["Anger","Perfected Strike"],"picked":"Inflame","floor":5},{"not_picked":["Perfected Strike","Rage"],"picked":"Corruption","floor":6},{"not_picked":["Inflame","Clash"],"picked":"Sentinel+1","floor":8},{"not_picked":["Dark Embrace","Headbutt"],"picked":"Sentinel+1","floor":12},{"not_picked":["Burning Pact+1","Wild Strike","Rupture"],"picked":"SKIP","floor":14},{"not_picked":["Corruption","Brutality"],"picked":"Limit Break+1","floor":16},{"not_picked":["Carnage","Bloodletting+1"],"picked":"Battle Trance+1","floor":18},{"not_picked":["Perfected Strike","Combust"],"picked":"Shrug It Off+1","floor":20},{"not_picked":["Headbutt","Clash"],"picked":"Limit Break+1","floor":24},{"not_picked":["Twin Strike","Body Slam","Combust"],"picked":"SKIP","floor":25},{"not_picked":["Pummel","Clothesline","Iron Wave"],"picked":"Havoc+1","floor":27},{"not_picked":["Infernal Blade+1","Sword Boomerang","Corruption"],"picked":"Flame Barrier+1","floor":29},{"not_picked":["Havoc+1","Flex+1","Iron Wave"],"picked":"Armaments+1","floor":31},{"not_picked":["Bludgeon","Immolate","Fiend Fire"],"picked":"Barricade","floor":33},{"not_picked":["Cleave","Sword Boomerang","Burning Pact+1"],"picked":"Havoc+1","floor":35},{"not_picked":["Clothesline","Hemokinesis","Carnage"],"picked":"Heavy Blade","floor":39},{"not_picked":["Inflame","Disarm+1","Pummel"],"picked":"Entrench+1","floor":41},{"not_picked":["Clash","Immolate","Infernal Blade+1","Thunderclap"],"picked":"SKIP","floor":46},{"not_picked":["Battle Trance+1","Sword Boomerang+1","True Grit+1"],"picked":"Dark Embrace+1","floor":48},{"not_picked":["Flame Barrier+1","Power Through+1","Clash"],"picked":"Spot Weakness+1","floor":55}],"player_experience":1739386,"relics_obtained":[{"floor":6,"key":"Letter Opener"},{"floor":8,"key":"Toxic Egg 2"},{"floor":9,"key":"White Beast Statue"},{"floor":12,"key":"Kunai"},{"floor":22,"key":"Bag of Preparation"},{"floor":24,"key":"PreservedInsect"},{"floor":26,"key":"Question Card"},{"floor":27,"key":"Paper Frog"},{"floor":41,"key":"Lizard Tail"},{"floor":45,"key":"StrikeDummy"},{"floor":55,"key":"Nunchaku"}],"event_choices":[{"cards_removed":["Strike_R"],"damage_healed":0,"gold_gain":0,"player_choice":"Purged","damage_taken":0,"max_hp_gain":0,"max_hp_loss":0,"event_name":"Purifier","floor":4,"gold_loss":0},{"damage_healed":0,"gold_gain":0,"player_choice":"Ignored","damage_taken":0,"max_hp_gain":0,"max_hp_loss":0,"event_name":"Beggar","floor":19,"gold_loss":0},{"damage_healed":0,"gold_gain":0,"player_choice":"Shed Blood","damage_taken":26,"max_hp_gain":5,"max_hp_loss":0,"event_name":"Forgotten Altar","floor":21,"gold_loss":0},{"damage_healed":0,"gold_gain":0,"player_choice":"Upgrade","damage_taken":0,"max_hp_gain":0,"max_hp_loss":0,"event_name":"Designer","floor":28,"gold_loss":50,"cards_upgraded":["Corruption"]},{"cards_removed":["Strike_R"],"damage_healed":0,"gold_gain":0,"player_choice":"Removed Attack","damage_taken":0,"max_hp_gain":0,"max_hp_loss":0,"event_name":"Falling","floor":36,"gold_loss":0},{"damage_healed":0,"gold_gain":0,"player_choice":"Forge","damage_taken":0,"max_hp_gain":0,"max_hp_loss":0,"event_name":"Accursed Blacksmith","floor":37,"gold_loss":0,"cards_upgraded":["Barricade"]},{"damage_healed":0,"gold_gain":0,"player_choice":"Paid","damage_taken":0,"relics_obtained":["Red Mask"],"max_hp_gain":0,"max_hp_loss":0,"event_name":"Tomb of Lord Red Mask","floor":44,"gold_loss":2}],"is_beta":false,"boss_relics":[{"not_picked":["Black Star","Calling Bell"],"picked":"Astrolabe"},{"not_picked":["Tiny House","Runic Pyramid"],"picked":"SacredBark"}],"items_purged_floors":[],"is_endless":false,"potions_floor_spawned":[5,8,12,14,16,18,20,24,25,27,29,31,33,35,39,41,46,48,55],"ascension_level":20}}