{"host":"v4tuy5ykrbdcm9o9","time":1612734456,"event":{"mods":["BaseMod","Duelist Mod","Minty Spire (QoL Compilation)","Replay The Spire","StSLib"],"gold_per_floor":[114,128,140,153,153,153,185,17,17,46,63,81,94,129,129,231,231,241,241,84,84,102,102,120,149,231,263,263,203,229,229,229],"floor_reached":31,"language":"ENG","playtime":3537,"items_purged":[],"score":466,"play_id":"89173d0b-5702-4610-ae95-c1d49fcb6639","local_time":"20210207164736","is_ascension_mode":true,"campfire_choices":[{"floor":6.0,"key":"RECALL"},{"floor":15.0,"key":"REST"},{"floor":23,"key":"REST"}],"circlet_count":0,"master_deck":["Strike_G","Strike_G","Strike_G","Strike_G","Strike_G","Defend_G","Defend_G","Defend_G","Defend_G","Defend_G","Survivor","Neutralize","Dagger Throw","Dagger Spray","Flying Knee","Backflip","Hidden Blade","ReplayTheSpireMod:Shiv Toss","Caltrops","ReplayTheSpireMod:Tripwire","Dagger Throw","Dagger Throw","Prepared","ReplayTheSpireMod:Scrap Shanks+1","Bullet Time","Blade Dance","Phantasmal Killer+1","Dagger Throw","Slice+1","Outmaneuver+1","Concentrate","Backflip","Flying Knee"],"relics":["Ring of the Snake","Kunai","Ninja Scroll","Bottled Tornado","Mango","SlaversCollar","Chameleon Ring","Pantograph","Letter Opener","Bottled Flame","PreservedInsect"],"acts_visited":["Exordium","TheCity"],"potions_floor_usage":[24,24,27],"damage_taken":[{"damage":0.0,"enemies":"Cultist","floor":1.0,"turns":5.0},{"damage":3.0,"enemies":"Jaw Worm","floor":2.0,"turns":3.0},{"damage":0.0,"enemies":"Small Slimes","floor":3.0,"turns":3.0},{"damage":0.0,"enemies":"2 Fungi Beasts","floor":4.0,"turns":4.0},{"damage":27.0,"enemies":"Replay:BlueRogue","floor":7.0,"turns":7.0},{"damage":5.0,"enemies":"Gremlin Nob","floor":10.0,"turns":4.0},{"damage":2.0,"enemies":"Exordium Wildlife","floor":11.0,"turns":3.0},{"damage":1.0,"enemies":"Blue Slaver","floor":12.0,"turns":3.0},{"damage":5.0,"enemies":"Looter","floor":13.0,"turns":3.0},{"damage":15.0,"enemies":"3 Sentries","floor":14.0,"turns":5.0},{"damage":31.0,"enemies":"Fading Forest","floor":16.0,"turns":11.0},{"damage":6,"enemies":"3 Byrds","floor":18,"turns":4},{"damage":0,"enemies":"Spheric Guardian","floor":22,"turns":3},{"damage":33,"enemies":"Snake Plant","floor":24,"turns":4},{"damage":17,"enemies":"theDuelist:KaibaA2","floor":25,"turns":4},{"damage":18,"enemies":"Replay:Snechameleon","floor":27,"turns":3},{"damage":9,"enemies":"theDuelist:KaibaA2","floor":30,"turns":5},{"damage":10,"enemies":"3 Cultists","floor":31,"turns":3}],"seed_played":"2040893396380223599","potions_obtained":[{"floor":1.0,"key":"Block Potion"},{"floor":2.0,"key":"FearPotion"},{"floor":4.0,"key":"PowerPotion"},{"floor":10.0,"key":"Block Potion"},{"floor":12.0,"key":"Energy Potion"},{"floor":14.0,"key":"BlessingOfTheForge"},{"floor":16.0,"key":"FearPotion"},{"floor":18,"key":"BlessingOfTheForge"},{"floor":22,"key":"BlessingOfTheForge"}],"is_trial":false,"path_per_floor":["M","M","M","M","T","R","E","$","T","E","M","M","M","E","R","B",null,"M","?","$","T","M","R","M","E","T","E","?","?","E","M"],"character_chosen":"THE_SILENT","items_purchased":["CultistPotion","Caltrops","Phantasmal Killer+1","Dagger Throw"],"campfire_rested":2,"item_purchase_floors":[8,8,20,20],"current_hp_per_floor":[63,60,60,60,60,60,33,33,33,28,26,25,20,19,44,29,70,64,64,64,64,64,84,51,34,34,16,16,16,7,0,0],"gold":229,"neow_bonus":"THREE_CARDS","is_daily":false,"chose_seed":false,"campfire_upgraded":0,"win_rate":0.0,"timestamp":1612734456,"path_taken":["M","M","M","M","?","R","E","?","T","E","M","M","M","E","R","BOSS","M","?","$","?","?","R","M","E","T","E","?","?","E","M"],"items_purchased_type":["Potion","Card","Card","Card"],"build_version":"2020-12-22","purchased_purges":0,"victory":false,"max_hp_per_floor":[70,70,70,70,70,70,70,70,70,70,70,70,70,84,84,84,84,84,84,84,84,84,84,84,84,84,84,84,84,84,84,84],"card_choices":[{"not_picked":["Acrobatics","Toxin Wave"],"picked":"Dagger Throw","floor":0.0},{"not_picked":["Sneak Up","PiercingWail"],"picked":"Dagger Spray","floor":1.0},{"not_picked":["Dagger Throw","Footwork"],"picked":"Flying Knee","floor":2.0},{"not_picked":["PiercingWail","Bane"],"picked":"Backflip","floor":3.0},{"not_picked":["Outmaneuver","Dash"],"picked":"Hidden Blade","floor":4.0},{"not_picked":["Poisoned Stab","Night Terror"],"picked":"ReplayTheSpireMod:Shiv Toss","floor":7.0},{"not_picked":["Cloak And Dagger","Bane"],"picked":"ReplayTheSpireMod:Tripwire","floor":10.0},{"not_picked":["Dodge and Roll","Prepared"],"picked":"Dagger Throw","floor":11.0},{"not_picked":["Setup","Sucker Punch"],"picked":"Dagger Throw","floor":12.0},{"not_picked":["ReplayTheSpireMod:Shiv Toss","Wraith Form v2"],"picked":"Prepared","floor":13.0},{"not_picked":["Poison Darts","Crippling Poison"],"picked":"ReplayTheSpireMod:Scrap Shanks","floor":14.0},{"not_picked":["Night Terror","Doppelganger"],"picked":"Bullet Time","floor":16.0},{"not_picked":["Toxin Wave","Deadly Poison"],"picked":"Blade Dance","floor":18},{"not_picked":["Catalyst","Skewer+1"],"picked":"Slice+1","floor":22},{"not_picked":["Prepared","Unload"],"picked":"Outmaneuver+1","floor":24},{"not_picked":["Catalyst","Blur"],"picked":"Concentrate","floor":25},{"not_picked":["Doppelganger","Leg Sweep"],"picked":"Backflip","floor":27},{"not_picked":["Deadly Poison","Dodge and Roll"],"picked":"Flying Knee","floor":30}],"player_experience":794998,"relics_obtained":[{"floor":5.0,"key":"Kunai"},{"floor":7.0,"key":"Ninja Scroll"},{"floor":10.0,"key":"Bottled Tornado"},{"floor":14.0,"key":"Mango"},{"floor":21,"key":"Chameleon Ring"},{"floor":25,"key":"Pantograph"},{"floor":26,"key":"Letter Opener"},{"floor":27,"key":"Bottled Flame"},{"floor":30,"key":"PreservedInsect"}],"event_choices":[{"damage_healed":0,"gold_gain":0,"player_choice":"Upgraded","damage_taken":0,"max_hp_gain":0,"max_hp_loss":0,"event_name":"Upgrade Shrine","floor":19,"gold_loss":0,"cards_upgraded":["ReplayTheSpireMod:Scrap Shanks"]},{"damage_healed":0,"gold_gain":0,"player_choice":"Ignored","damage_taken":0,"max_hp_gain":0,"max_hp_loss":0,"event_name":"Beggar","floor":28,"gold_loss":0}],"is_beta":false,"boss_relics":[{"not_picked":["Pandora\u0027s Box","Ectoplasm"],"picked":"SlaversCollar"}],"items_purged_floors":[],"is_endless":false,"potions_floor_spawned":[1,2,4,10,12,14,16,18,22],"killed_by":"3 Cultists","ascension_level":8}}