{"host":"359hz4210ybch7ku","time":1612663638,"event":{"mods":["BaseMod","Block Reminder","Colored Map","Colored Powertips","Highlight Path","Minty Spire (QoL Compilation)","Slay the Relics Exporter","StSLib"],"gold_per_floor":[117,67,86,161,173,206,222,222,222,270,270,298,4,4,4,106,106,154,154,198,246,293,293,293],"floor_reached":23,"language":"ENG","playtime":1656,"items_purged":["Defend_P"],"score":271,"play_id":"66794f28-4158-4797-91e7-a6d161573ffd","local_time":"20210206180718","is_ascension_mode":true,"campfire_choices":[{"floor":8,"key":"REST"},{"data":"BattleHymn","floor":11,"key":"SMITH"},{"floor":15,"key":"REST"}],"circlet_count":0,"master_deck":["Strike_P","Strike_P","Strike_P","Strike_P","Defend_P","Defend_P","Eruption","Vigilance","BowlingBash","WaveOfTheHand","BattleHymn+1","ThirdEye+1","Evaluate+1","Wish+1","Sanctity+1","MasterReality","CutThroughFate+1","Adaptation+1"],"relics":["Black Star","Question Card","Toxic Egg 2","Molten Egg 2","Damaru","HornCleat","Anchor","Bag of Preparation","Busted Crown"],"acts_visited":["Exordium","TheCity"],"potions_floor_usage":[6,12,22,23],"damage_taken":[{"damage":9,"enemies":"2 Louse","floor":1,"turns":2},{"damage":4,"enemies":"Jaw Worm","floor":3,"turns":4},{"damage":0,"enemies":"Cultist","floor":5,"turns":2},{"damage":17,"enemies":"3 Sentries","floor":6,"turns":3},{"damage":26,"enemies":"3 Louse","floor":7,"turns":3},{"damage":21,"enemies":"Gremlin Nob","floor":12,"turns":5},{"damage":31,"enemies":"The Guardian","floor":16,"turns":14},{"damage":8,"enemies":"2 Thieves","floor":18,"turns":5},{"damage":0,"enemies":"3 Byrds","floor":20,"turns":7},{"damage":13,"enemies":"Snecko","floor":21,"turns":5},{"damage":22,"enemies":"Centurion and Healer","floor":22,"turns":5},{"damage":22,"enemies":"Gremlin Leader","floor":23,"turns":6}],"seed_played":"4294999447554931390","potions_obtained":[{"floor":3,"key":"FairyPotion"},{"floor":5,"key":"LiquidBronze"},{"floor":7,"key":"Strength Potion"},{"floor":18,"key":"Explosive Potion"},{"floor":21,"key":"Fire Potion"}],"is_trial":false,"path_per_floor":["M","?","M","?","M","E","M","R","T","T","R","E","$","$","R","B",null,"M","?","M","M","M","E"],"character_chosen":"WATCHER","items_purchased":["Bag of Preparation","Sanctity+1"],"campfire_rested":2,"item_purchase_floors":[13,13],"current_hp_per_floor":[56,56,52,41,41,24,21,42,42,42,42,21,21,21,42,11,57,49,49,49,36,14,0,0],"gold":293,"neow_bonus":"BOSS_RELIC","is_daily":false,"chose_seed":false,"campfire_upgraded":1,"win_rate":0.0,"timestamp":1612663638,"path_taken":["M","?","M","?","M","E","M","R","T","?","R","E","?","$","R","BOSS","M","?","?","M","M","E"],"items_purchased_type":["Relic","Card"],"build_version":"2020-12-22","purchased_purges":1,"victory":false,"max_hp_per_floor":[72,72,72,72,72,72,72,72,72,72,72,72,72,72,72,72,72,72,72,72,72,72,72,72],"card_choices":[{"not_picked":["FlurryOfBlows","SignatureMove"],"picked":"BowlingBash","floor":1},{"not_picked":["Crescendo","CrushJoints"],"picked":"WaveOfTheHand","floor":3},{"not_picked":["EmptyBody","CutThroughFate"],"picked":"BattleHymn","floor":5},{"not_picked":["WheelKick","BowlingBash"],"picked":"ThirdEye+1","floor":6},{"not_picked":["FollowUp","Consecrate","JustLucky"],"picked":"Evaluate+1","floor":7},{"not_picked":["Swivel+1","Perseverance+1","Protect+1"],"picked":"Wish+1","floor":12},{"not_picked":["DeusExMachina+1","Brilliance+1","LessonLearned+1"],"picked":"MasterReality","floor":16},{"not_picked":["FlyingSleeves+1","Protect+1"],"picked":"SKIP","floor":18},{"not_picked":["Halt+1"],"picked":"CutThroughFate+1","floor":20},{"not_picked":["SashWhip+1","Protect+1"],"picked":"SKIP","floor":21},{"not_picked":["Crescendo+1"],"picked":"Adaptation+1","floor":22}],"player_experience":319337,"relics_obtained":[{"floor":6,"key":"Question Card"},{"floor":6,"key":"Toxic Egg 2"},{"floor":9,"key":"Molten Egg 2"},{"floor":10,"key":"Damaru"},{"floor":12,"key":"HornCleat"},{"floor":12,"key":"Anchor"}],"event_choices":[{"cards_removed":["Defend_P"],"damage_healed":0,"gold_gain":0,"player_choice":"Card Removal","damage_taken":0,"max_hp_gain":0,"max_hp_loss":0,"event_name":"The Cleric","floor":2,"gold_loss":50},{"damage_healed":0,"gold_gain":75,"player_choice":"Gather Gold","damage_taken":11,"max_hp_gain":0,"max_hp_loss":0,"event_name":"World of Goop","floor":4,"gold_loss":0},{"damage_healed":0,"gold_gain":0,"player_choice":"Ignored","damage_taken":0,"max_hp_gain":0,"max_hp_loss":0,"event_name":"N\u0027loth","floor":19,"gold_loss":0}],"is_beta":false,"boss_relics":[{"not_picked":["Pandora\u0027s Box","Runic Dome"],"picked":"Busted Crown"}],"items_purged_floors":[13],"is_endless":false,"potions_floor_spawned":[3,5,7,18,21],"killed_by":"Gremlin Leader","ascension_level":7}}