{"host":"Joey","time":1612719599,"event":{"mods":["2.2 Compatiblity","BaseMod","Colored Map","Minty Spire (QoL Compilation)","Rare Cards Sparkle","Reliquary","StSLib"],"gold_per_floor":[110,120,45,45,58,58,89,89,113,133,133,177,200,16,16,114,114,129,129,329,352,371,371,412,412,481,481,496,69,105,125,125,218,218,243,38,38,52,52,90,90,131,131,172,172,186,217,230,230,230,230,230],"floor_reached":51,"language":"ENG","playtime":3141,"items_purged":["Strike_P","Strike_P","Consecrate","Strike_P"],"score":1711,"play_id":"04545e59-751c-4886-a2f3-1a23343eaf55","local_time":"20210207173959","is_ascension_mode":true,"campfire_choices":[{"floor":6,"key":"REST"},{"data":"DevaForm","floor":15,"key":"SMITH"},{"floor":23,"key":"REST"},{"floor":25,"key":"REST"},{"floor":32,"key":"REST"},{"data":"ForeignInfluence","floor":41,"key":"SMITH"},{"floor":45,"key":"REST"},{"data":"Alpha","floor":49,"key":"SMITH"}],"circlet_count":0,"master_deck":["AscendersBane","Defend_P","Eruption","Vigilance+1","FollowUp","Wallop","ForeignInfluence+1","Evaluate","EmptyFist","ThirdEye","Omniscience","DevaForm+1","Pray","Study","Conclude","Worship","SignatureMove","WheelKick","Wallop","DeusExMachina","WheelKick+1","SpiritShield","Alpha+1"],"relics":["PureWater","Golden Idol","Sundial","Anchor","Bronze Scales","Snecko Eye","Enchiridion","Red Mask","CaptainsWheel","MealTicket","Akabeko","reliquary:RedPaperclip","Strawberry","reliquary:Buckler","Thread and Needle","reliquary:TatteredRug","Peace Pipe"],"acts_visited":["Exordium","TheCity","TheBeyond"],"potions_floor_usage":[13,16,24,24,30,30,42,47,47,50],"damage_taken":[{"damage":7,"enemies":"Jaw Worm","floor":1,"turns":3},{"damage":0,"enemies":"Cultist","floor":2,"turns":1},{"damage":3,"enemies":"Small Slimes","floor":5,"turns":2},{"damage":16,"enemies":"Gremlin Nob","floor":7,"turns":3},{"damage":0,"enemies":"Exordium Wildlife","floor":10,"turns":3},{"damage":0,"enemies":"Lagavulin","floor":12,"turns":7},{"damage":0,"enemies":"Exordium Thugs","floor":13,"turns":3},{"damage":28,"enemies":"The Guardian","floor":16,"turns":8},{"damage":0,"enemies":"2 Thieves","floor":18,"turns":3},{"damage":0,"enemies":"Chosen","floor":21,"turns":4},{"damage":9,"enemies":"Shelled Parasite and Fungi","floor":22,"turns":5},{"damage":19,"enemies":"Masked Bandits","floor":24,"turns":3},{"damage":6,"enemies":"Snecko","floor":28,"turns":3},{"damage":2,"enemies":"Slavers","floor":30,"turns":3},{"damage":11,"enemies":"Snake Plant","floor":31,"turns":4},{"damage":18,"enemies":"Automaton","floor":33,"turns":6},{"damage":0,"enemies":"3 Darklings","floor":35,"turns":3},{"damage":6,"enemies":"3 Shapes","floor":38,"turns":2},{"damage":13,"enemies":"Giant Head","floor":40,"turns":5},{"damage":0,"enemies":"Nemesis","floor":42,"turns":3},{"damage":42,"enemies":"Giant Head","floor":44,"turns":6},{"damage":15,"enemies":"Spire Growth","floor":46,"turns":4},{"damage":0,"enemies":"Reptomancer","floor":47,"turns":4},{"damage":0,"enemies":"Jaw Worm Horde","floor":48,"turns":2},{"damage":26,"enemies":"Awakened One","floor":50,"turns":5},{"damage":46,"enemies":"Time Eater","floor":51,"turns":4}],"seed_played":"-8569002163967787423","potions_obtained":[{"floor":7,"key":"Swift Potion"},{"floor":12,"key":"AttackPotion"},{"floor":13,"key":"AttackPotion"},{"floor":22,"key":"Weak Potion"},{"floor":24,"key":"GamblersBrew"},{"floor":30,"key":"Strength Potion"},{"floor":42,"key":"Ancient Potion"},{"floor":46,"key":"Regen Potion"},{"floor":48,"key":"DistilledChaos"}],"is_trial":false,"path_per_floor":["M","M","$","?","M","R","E","T","T","M","?","E","M","$","R","B",null,"M","?","?","M","M","R","?","R","T","T","M","$","E","M","R","B",null,"M","$","?","M","?","E","R","E","T","E","R","M","E","M","R","B","B"],"character_chosen":"WATCHER","items_purchased":["Study","SignatureMove","MealTicket","AttackPotion","AttackPotion"],"campfire_rested":5,"item_purchase_floors":[14,29,29,29,36],"current_hp_per_floor":[36,36,36,36,33,51,35,35,35,35,35,35,35,35,35,7,48,48,27,27,27,18,36,17,35,35,35,29,29,27,16,34,16,51,51,62,62,56,72,66,66,66,66,24,47,32,44,44,44,18,0,0],"gold":230,"neow_bonus":"TRANSFORM_TWO_CARDS","is_daily":false,"chose_seed":false,"campfire_upgraded":3,"win_rate":0.0,"timestamp":1612719599,"path_taken":["M","M","$","?","M","R","E","?","T","?","?","E","M","$","R","BOSS","M","?","?","?","M","R","?","R","T","?","M","?","E","M","R","BOSS","M","$","?","M","?","E","R","E","T","E","R","M","E","?","R","BOSS","BOSS"],"items_purchased_type":["Card","Card","Relic","Potion","Potion"],"build_version":"2020-12-18","purchased_purges":4,"victory":false,"max_hp_per_floor":[68,68,68,62,62,62,62,62,62,62,62,62,62,62,62,62,62,62,62,62,62,62,62,62,62,62,62,62,62,62,62,62,62,62,62,62,62,62,72,79,79,79,79,79,79,79,79,79,79,79,79,79],"card_choices":[{"not_picked":["CutThroughFate","JustLucky"],"picked":"ForeignInfluence","floor":1},{"not_picked":["Worship","SashWhip"],"picked":"Evaluate","floor":2},{"not_picked":["Prostrate","DevaForm"],"picked":"Consecrate","floor":5},{"not_picked":["FlurryOfBlows","Worship"],"picked":"EmptyFist","floor":7},{"not_picked":["FlurryOfBlows","BowlingBash"],"picked":"ThirdEye","floor":10},{"not_picked":["WindmillStrike","ThirdEye"],"picked":"DevaForm","floor":12},{"not_picked":["JustLucky","BowlingBash"],"picked":"Pray","floor":13},{"not_picked":["Devotion","Omniscience"],"picked":"Brilliance","floor":16},{"not_picked":["Prostrate","Crescendo","FlyingSleeves"],"picked":"SKIP","floor":18},{"not_picked":["FollowUp","PathToVictory"],"picked":"Conclude","floor":21},{"not_picked":["FlyingSleeves+1","Collect+1","EmptyMind"],"picked":"SKIP","floor":22},{"not_picked":["Evaluate","Consecrate"],"picked":"Worship","floor":24},{"not_picked":["FlyingSleeves","CutThroughFate","Consecrate"],"picked":"SKIP","floor":28},{"not_picked":["Sanctity","DevaForm"],"picked":"WheelKick","floor":30},{"not_picked":["ReachHeaven","ThirdEye"],"picked":"Wallop","floor":31},{"not_picked":["DevaForm","Alpha"],"picked":"DeusExMachina","floor":33},{"not_picked":["CrushJoints","Crescendo+1","BowlingBash"],"picked":"SKIP","floor":35},{"not_picked":["Nirvana","WaveOfTheHand"],"picked":"WheelKick","floor":38},{"not_picked":["Perseverance","WindmillStrike","FlurryOfBlows"],"picked":"SKIP","floor":40},{"not_picked":["JustLucky","EmptyMind","SashWhip"],"picked":"SKIP","floor":42},{"not_picked":["Conclude","BowlingBash"],"picked":"SpiritShield","floor":44},{"not_picked":["WindmillStrike","PathToVictory+1","Sanctity"],"picked":"SKIP","floor":46},{"not_picked":["DeceiveReality","Sanctity+1"],"picked":"Alpha","floor":47},{"not_picked":["InnerPeace","Prostrate","JustLucky"],"picked":"SKIP","floor":48}],"player_experience":910997,"relics_obtained":[{"floor":7,"key":"Sundial"},{"floor":8,"key":"Anchor"},{"floor":9,"key":"Oddly Smooth Stone"},{"floor":12,"key":"Bronze Scales"},{"floor":19,"key":"Enchiridion"},{"floor":24,"key":"Red Mask"},{"floor":26,"key":"Mercury Hourglass"},{"floor":27,"key":"CaptainsWheel"},{"floor":30,"key":"Akabeko"},{"floor":40,"key":"Strawberry"},{"floor":42,"key":"reliquary:Buckler"},{"floor":43,"key":"Thread and Needle"},{"floor":44,"key":"reliquary:TatteredRug"},{"floor":47,"key":"Peace Pipe"}],"event_choices":[{"damage_healed":0,"gold_gain":0,"player_choice":"Lose Max HP","damage_taken":0,"relics_obtained":["Golden Idol"],"max_hp_gain":0,"max_hp_loss":6,"event_name":"Golden Idol","floor":4,"gold_loss":0},{"damage_healed":0,"gold_gain":0,"cards_transformed":["Strike_P"],"player_choice":"Change","damage_taken":0,"max_hp_gain":0,"max_hp_loss":0,"event_name":"Living Wall","floor":11,"gold_loss":0,"cards_obtained":["Omniscience"]},{"damage_healed":0,"gold_gain":0,"player_choice":"Obtained Book","damage_taken":21,"max_hp_gain":0,"max_hp_loss":0,"event_name":"Cursed Tome","floor":19,"gold_loss":0},{"damage_healed":0,"gold_gain":200,"player_choice":"Gold","damage_taken":0,"max_hp_gain":0,"max_hp_loss":0,"event_name":"Wheel of Change","floor":20,"gold_loss":0},{"damage_healed":0,"gold_gain":0,"player_choice":"Fought Bandits","damage_taken":0,"max_hp_gain":0,"max_hp_loss":0,"event_name":"Masked Bandits","floor":24,"gold_loss":0},{"cards_removed":["Defend_P"],"damage_healed":0,"gold_gain":0,"player_choice":"Removed Skill","damage_taken":0,"max_hp_gain":0,"max_hp_loss":0,"event_name":"Falling","floor":37,"gold_loss":0},{"cards_removed":["Brilliance"],"damage_healed":6,"gold_gain":0,"player_choice":"Offered Rare","damage_taken":0,"max_hp_gain":10,"max_hp_loss":0,"event_name":"Bonfire Elementals","floor":39,"gold_loss":0}],"is_beta":true,"boss_relics":[{"not_picked":["reliquary:KinkedSpring","Fusion Hammer"],"picked":"Snecko Eye"},{"not_picked":["Philosopher\u0027s Stone","Cursed Key"],"picked":"reliquary:RedPaperclip"}],"items_purged_floors":[3,14,29,36],"is_endless":false,"potions_floor_spawned":[7,12,13,22,24,30,42,46,48],"killed_by":"Time Eater","ascension_level":20}}