{"host":"o9lehcdjc4u6j9un","time":1612695977,"event":{"mods":["BaseMod","Colored Map","Downfall","Hermit","Marisa£®ÏF”Í°°ƒß¿Ì…≥£©","Minty Spire (QoL Compilation)","Reimu£®≤©¿ˆ¡È√Œ£©","Remilia£®¿Ÿ√◊¿Ú—«£©","StSLib","The Runesmith","The Senshi","Youmu£®ªÍ∆«—˝√Œ£©"],"gold_per_floor":[115,115,115,115,127,161,176,187,187,211,231,251,251,326,326,431,431,445,445,445,464,479,479,479,496,522,522,125,144,176,176,176,275,275,293,306,306,358,358,358,385,399,399,399,84,96,143,163,163,163],"floor_reached":51,"language":"ZHS","playtime":4266,"items_purged":["downfall:Bewildered","Writhe"],"score":702,"play_id":"94311b0d-3cfe-434c-ae43-3fe6f14e9fd9","local_time":"20210207190617","is_ascension_mode":false,"campfire_choices":[{"floor":13.0,"key":"REST"},{"floor":15.0,"key":"REST"},{"data":"StarlightTyphoon","floor":23.0,"key":"SMITH"},{"floor":27.0,"key":"REST"},{"floor":32.0,"key":"REST"},{"data":"FinalSpark","floor":40.0,"key":"SMITH"},{"data":"BlazeAway","floor":49,"key":"SMITH"}],"circlet_count":0,"master_deck":["Strike_MRS","Strike_MRS+1","Strike_MRS","Strike_MRS","Defend_MRS","Defend_MRS","Defend_MRS","Defend_MRS","MasterSpark","UpSweep","RefractionSpark+1","MysteriousBeam","SuperPerseids","PulseMagic","ManaRampage","ManaConvection","FinalSpark+1","DarkMatter+1","SuperPerseids+1","StarlightTyphoon+1","Orbital","Occultation","OneTimeOff+1","EventHorizon+1","Writhe","SatelliteIllusion+1","PowerUp+1","Thinking Ahead","Forethought","Impatience","GravityBeat+1","BlazeAway+1","EarthLightRay+1","Orbital+1"],"relics":["MiniHakkero","NeowsBlessing","Torii","Frozen Egg 2","Bottled Lightning","Boot","Runic Dome","Nilry\u0027s Codex","sneckomod:BabySnecko","Pen Nib","Mercury Hourglass","Red Mask","theSenshi:SailorFukuRelic","Sozu","CatCart","Bag of Preparation","BreadOfAWashokuLover","Lee\u0027s Waffle","War Paint"],"acts_visited":["Exordium","TheCity","TheBeyond"],"potions_floor_usage":[50,50],"damage_taken":[{"damage":0.0,"enemies":"Small Slimes","floor":1.0,"turns":1.0},{"damage":0.0,"enemies":"Jaw Worm","floor":5.0,"turns":1.0},{"damage":0.0,"enemies":"3 Sentries","floor":6.0,"turns":1.0},{"damage":6.0,"enemies":"2 Louse","floor":7.0,"turns":3.0},{"damage":20.0,"enemies":"Exordium Thugs","floor":8.0,"turns":4.0},{"damage":11.0,"enemies":"Exordium Wildlife","floor":11.0,"turns":2.0},{"damage":0.0,"enemies":"Red Slaver","floor":12.0,"turns":1.0},{"damage":25.0,"enemies":"Hexaghost","floor":16.0,"turns":8.0},{"damage":0.0,"enemies":"Spheric Guardian","floor":18.0,"turns":2.0},{"damage":14.0,"enemies":"3 Byrds","floor":21.0,"turns":5.0},{"damage":2.0,"enemies":"Cultist and Chosen","floor":22.0,"turns":4.0},{"damage":10.0,"enemies":"Sentry and Sphere","floor":25.0,"turns":3.0},{"damage":15.0,"enemies":"Shelled Parasite and Fungi","floor":29.0,"turns":2.0},{"damage":0.0,"enemies":"Masked Bandits","floor":30.0,"turns":1.0},{"damage":38.0,"enemies":"Collector","floor":33.0,"turns":7.0},{"damage":6.0,"enemies":"3 Shapes","floor":35.0,"turns":3.0},{"damage":1.0,"enemies":"Orb Walker","floor":36.0,"turns":2.0},{"damage":17.0,"enemies":"Orin","floor":38.0,"turns":6.0},{"damage":31.0,"enemies":"Reptomancer","floor":41.0,"turns":4.0},{"damage":1.0,"enemies":"Sphere and 2 Shapes","floor":42.0,"turns":3.0},{"damage":0,"enemies":"Spire Growth","floor":46,"turns":2},{"damage":16,"enemies":"Maw","floor":48,"turns":5},{"damage":25,"enemies":"Donu and Deca","floor":50,"turns":4}],"seed_played":"541944572014859939","potions_obtained":[{"floor":1.0,"key":"Strength Potion"},{"floor":6.0,"key":"LiquidBronze"},{"floor":7.0,"key":"SteroidPotion"},{"floor":21.0,"key":"AttackPotion"}],"is_trial":false,"path_per_floor":["M","?","?","?","M","E","M","M","T","T","M","M","R","?","R","B",null,"M","?","?","M","M","R","?","M","T","R","$","M","?","?","R","B",null,"M","M","?","?","?","R","E","M","T","?","$","M","T","M","R","B",null],"character_chosen":"MARISA","items_purchased":["Mercury Hourglass","Occultation","Lee\u0027s Waffle","BlazeAway"],"campfire_rested":4,"item_purchase_floors":[28,28,45,45],"current_hp_per_floor":[75,60,60,60,60,60,54,34,34,34,23,23,45,34,56,31,75,75,59,59,45,43,43,43,33,33,55,55,40,40,40,62,24,75,69,68,58,41,60,60,29,28,28,28,82,82,82,66,66,49],"gold":163,"neow_bonus":"THREE_ENEMY_KILL","is_daily":false,"chose_seed":false,"campfire_upgraded":3,"win_rate":0.0,"timestamp":1612695977,"path_taken":["M","?","?","?","?","E","M","M","T","?","M","?","R","?","R","BOSS","BOSS","M","?","?","M","M","R","?","?","T","R","$","M","?","?","R","BOSS","M","M","?","?","?","R","E","M","T","?","$","M","?","?","R","BOSS"],"items_purchased_type":["Relic","Card","Relic","Card"],"build_version":"2020-12-22","purchased_purges":2,"victory":true,"max_hp_per_floor":[75,75,75,75,75,75,75,75,75,75,75,75,75,75,75,75,75,75,75,75,75,75,75,75,75,75,75,75,75,75,75,75,75,75,75,75,75,75,75,75,75,75,75,75,82,82,82,82,82,82],"card_choices":[{"not_picked":["IllusionStar","6A"],"picked":"RefractionSpark","floor":1.0},{"not_picked":["GasGiant","RefractionSpark"],"picked":"MysteriousBeam","floor":5.0},{"not_picked":["GalacticHalo","MysteriousBeam"],"picked":"SuperPerseids","floor":6.0},{"not_picked":["GrandCross","EnergyRecoil"],"picked":"PulseMagic","floor":7.0},{"not_picked":["LuminesStrike","MysteriousBeam"],"picked":"ManaRampage","floor":8.0},{"not_picked":["DragonMeteor","MilkyWay","GravityBeat"],"picked":"SKIP","floor":11.0},{"not_picked":["ShootingEcho","EnergyFlow+1"],"picked":"ManaConvection","floor":12.0},{"not_picked":["JA","BigCrunch"],"picked":"FinalSpark","floor":16.0},{"not_picked":["6A+1","FairyDestructionRay"],"picked":"DarkMatter+1","floor":18.0},{"not_picked":["SporeBomb+1","6A"],"picked":"SuperPerseids+1","floor":21.0},{"not_picked":["SuperPerseids","ShootTheMoon"],"picked":"StarlightTyphoon","floor":22.0},{"not_picked":["MysteriousBeam","EnergyRecoil"],"picked":"Orbital","floor":25.0},{"not_picked":["GalacticHalo","GravityBeat"],"picked":"OneTimeOff","floor":29.0},{"not_picked":["WitchLeyline+1","MagicAbsorber"],"picked":"EventHorizon+1","floor":30.0},{"not_picked":["BigCrunch","ManaRampage"],"picked":"SatelliteIllusion+1","floor":33.0},{"not_picked":["GravityBeat","NonDirectionalLaser","GalacticHalo+1"],"picked":"SKIP","floor":35.0},{"not_picked":["AsteroidBelt","WitchLeyline+1"],"picked":"PowerUp+1","floor":36.0},{"not_picked":["Swift Strike","Panacea"],"picked":"Thinking Ahead","floor":37.0},{"not_picked":["Swift Strike","PanicButton"],"picked":"Forethought","floor":37.0},{"not_picked":["Dark Shackles","Metamorphosis"],"picked":"Impatience","floor":37.0},{"not_picked":["TreasureHunter","WitchLeyline"],"picked":"GravityBeat+1","floor":41.0},{"not_picked":["SporeBomb","MachineGunSpark","GalacticHalo+1"],"picked":"SKIP","floor":42.0},{"not_picked":["UnstableBomb+1","OneTimeOff+1"],"picked":"EarthLightRay","floor":46},{"not_picked":["AlicesGift","LuminesStrike+1"],"picked":"Orbital+1","floor":48}],"player_experience":117338,"relics_obtained":[{"floor":6.0,"key":"Frozen Egg 2"},{"floor":9.0,"key":"Bottled Lightning"},{"floor":10.0,"key":"Boot"},{"floor":19.0,"key":"Nilry\u0027s Codex"},{"floor":26.0,"key":"Pen Nib"},{"floor":30.0,"key":"Red Mask"},{"floor":38.0,"key":"CatCart"},{"floor":41.0,"key":"Bag of Preparation"},{"floor":43.0,"key":"BreadOfAWashokuLover"},{"floor":47,"key":"War Paint"}],"event_choices":[{"damage_healed":0.0,"max_hp_gain":0.0,"max_hp_loss":0.0,"gold_gain":0.0,"event_name":"Shining Light","player_choice":"Entered Light","floor":2.0,"gold_loss":0.0,"damage_taken":15.0,"cards_upgraded":["Strike_MRS","RefractionSpark"]},{"damage_healed":0.0,"max_hp_gain":0.0,"max_hp_loss":0.0,"gold_gain":0.0,"event_name":"Big Fish","player_choice":"Box","floor":3.0,"gold_loss":0.0,"damage_taken":0.0,"relics_obtained":["Torii"],"cards_obtained":["Regret"]},{"cards_removed":["Regret"],"damage_healed":0.0,"max_hp_gain":0.0,"max_hp_loss":0.0,"gold_gain":0.0,"event_name":"Purifier","player_choice":"Purged","floor":4.0,"gold_loss":0.0,"damage_taken":0.0},{"damage_healed":0.0,"max_hp_gain":0.0,"max_hp_loss":0.0,"gold_gain":75.0,"event_name":"World of Goop","player_choice":"Gather Gold","floor":14.0,"gold_loss":0.0,"damage_taken":11.0},{"damage_healed":0.0,"max_hp_gain":0.0,"max_hp_loss":0.0,"gold_gain":0.0,"event_name":"Cursed Tome","player_choice":"Obtained Book","floor":19.0,"gold_loss":0.0,"damage_taken":16.0},{"damage_healed":0.0,"max_hp_gain":0.0,"max_hp_loss":0.0,"gold_gain":0.0,"event_name":"Ghosts","player_choice":"Ignored","floor":20.0,"gold_loss":0.0,"damage_taken":0.0},{"damage_healed":0.0,"max_hp_gain":0.0,"max_hp_loss":0.0,"gold_gain":0.0,"event_name":"Masked Bandits","player_choice":"Fought Bandits","floor":30.0,"gold_loss":0.0,"damage_taken":0.0},{"damage_healed":0.0,"max_hp_gain":0.0,"max_hp_loss":0.0,"gold_gain":0.0,"event_name":"The Mausoleum","player_choice":"Opened","floor":31.0,"gold_loss":0.0,"damage_taken":0.0,"relics_obtained":["theSenshi:SailorFukuRelic"],"cards_obtained":["Writhe"]},{"damage_healed":0.0,"max_hp_gain":0.0,"max_hp_loss":0.0,"gold_gain":0.0,"event_name":"SensoryStone","player_choice":"Memory 3","floor":37.0,"gold_loss":0.0,"damage_taken":10.0},{"damage_healed":0.0,"max_hp_gain":0.0,"max_hp_loss":0.0,"gold_gain":0.0,"event_name":"OrinTheCat","player_choice":"Fight","floor":38.0,"gold_loss":0.0,"damage_taken":0.0},{"damage_healed":19.0,"max_hp_gain":0.0,"max_hp_loss":0.0,"gold_gain":0.0,"event_name":"Winding Halls","player_choice":"Writhe","floor":39.0,"gold_loss":0.0,"damage_taken":0.0,"cards_obtained":["Writhe"]},{"damage_healed":0,"gold_gain":0,"player_choice":"Ignored","damage_taken":0,"max_hp_gain":0,"max_hp_loss":0,"event_name":"Mysterious Sphere","floor":44,"gold_loss":0}],"is_beta":false,"boss_relics":[{"not_picked":["Runesmith:UraniumAnvil","Ectoplasm"],"picked":"Runic Dome"},{"not_picked":["Snecko Eye","Philosopher\u0027s Stone"],"picked":"Sozu"}],"items_purged_floors":[28,45],"is_endless":false,"potions_floor_spawned":[1,6,7,21,25,33,35,38,46],"ascension_level":0}}