{"host":"4evnc443c98ww2zl","time":1612733481,"event":{"mods":["BaseMod","Better Third Choice","Hermit","Koishi","Luminous","Minty Spire (QoL Compilation)","Remilia??????","Robot Space Explorer","StSLib","The Administrix","The Bug Knight","The Cursed","TheSwordswoman"],"gold_per_floor":[115,115,290,302,320,320,349,363,389,419,439,456,481,497,497,597,597,608,66,66,96,121,147,147,177,189,231,276,288,51,76,76,177,177,193,193,203,232,247,273,284,311,311,341,12,28,60,85,85,85],"floor_reached":51,"language":"ENG","playtime":3442,"items_purged":[],"score":1310,"play_id":"2bef4078-9e65-46fa-939e-2c9af3f12156","local_time":"20210207153121","daily_mods":["SealedDeck","Diverse","Colorless Cards","Heirloom","DeadlyEvents","Elite Swarm"],"is_ascension_mode":false,"campfire_choices":[{"data":"1","floor":6,"key":"LIFT"},{"floor":15,"key":"RECALL"},{"data":"2","floor":24,"key":"LIFT"},{"data":"3","floor":29,"key":"LIFT"},{"floor":32,"key":"REST"},{"data":"Double Tap","floor":49,"key":"SMITH"}],"circlet_count":0,"master_deck":["AdministrixMod:RegentEdict","EmptyFist","Conserve Battery","TheCursedMod:Hemoplague","Pommel Strike","hermit:Vantage+1","Stigmanizer","Stigmanizer","Koishi:JumpScare","JustLucky","AdministrixMod:SipOfSparks+1","Bandage Up","Beam Cell","Core Surge","TheCursedMod:RapidMovement","TheCursedMod:CollectTribute","True Grit","EmptyFist","Sadistic Nature","Cold Snap","After Image","TheCursedMod:SpitefulStrike","Swift Strike","Amplify","Shame","Creative AI","Injury","RobotSpaceExplorer:ChargingLaser","AdministrixMod:GirlsDoItBetter","Double Tap+1","CurseOfTheBell","Prostrate+1","Dodge and Roll+1","A Thousand Cuts","TheCursedMod:SurpriseAttack+1","RobotSpaceExplorer:Autoloader","RobotSpaceExplorer:ChargingLaser","TheCursedMod:Dregs","Adrenaline","AdministrixMod:TouchOfCinnabar+1"],"relics":["ScarletHat","Girya","Art of War","Lantern","Centennial Puzzle","Pen Nib","Cursed Key","Bag of Marbles","Vajra","ClockworkSouvenir","Spirit Poop","Letter Opener","Anchor","Bottled Tornado","MawBank","AntiCross","Blue Candle","CaptainsWheel","Gremlin Horn","Bag of Preparation","Calling Bell","Potion Belt","Singing Bowl","Gungnir","Bottled Flame","Toy Ornithopter","ScarletDevilRocket","Ice Cream","Happy Flower","Kunai","MealTicket","Dead Branch"],"acts_visited":["Exordium","TheCity","TheBeyond"],"potions_floor_usage":[12,13,16,27,28,33,48,50,50],"damage_taken":[{"damage":0,"enemies":"Jaw Worm","floor":1,"turns":2},{"damage":0,"enemies":"Small Slimes","floor":4,"turns":2},{"damage":0,"enemies":"2 Louse","floor":5,"turns":2},{"damage":16,"enemies":"Gremlin Nob","floor":7,"turns":4},{"damage":0,"enemies":"2 Fungi Beasts","floor":8,"turns":2},{"damage":0,"enemies":"3 Sentries","floor":10,"turns":7},{"damage":0,"enemies":"Red Slaver","floor":11,"turns":2},{"damage":0,"enemies":"Large Slime","floor":12,"turns":2},{"damage":8,"enemies":"Gremlin Nob","floor":13,"turns":3},{"damage":1,"enemies":"Exordium Wildlife","floor":14,"turns":3},{"damage":0,"enemies":"Slime Boss","floor":16,"turns":6},{"damage":24,"enemies":"2 Thieves","floor":18,"turns":4},{"damage":2,"enemies":"HollowMod:Nosk","floor":21,"turns":4},{"damage":8,"enemies":"Book of Stabbing","floor":23,"turns":4},{"damage":3,"enemies":"HollowMod:Nosk","floor":25,"turns":4},{"damage":0,"enemies":"Gremlin Leader","floor":27,"turns":3},{"damage":30,"enemies":"Slavers","floor":28,"turns":4},{"damage":10,"enemies":"Book of Stabbing","floor":31,"turns":2},{"damage":0,"enemies":"Automaton","floor":33,"turns":4},{"damage":0,"enemies":"3 Darklings","floor":35,"turns":2},{"damage":1,"enemies":"Orb Walker","floor":37,"turns":2},{"damage":4,"enemies":"Giant Head","floor":38,"turns":4},{"damage":0,"enemies":"Spire Growth","floor":39,"turns":1},{"damage":4,"enemies":"Reptomancer","floor":40,"turns":3},{"damage":0,"enemies":"Writhing Mass","floor":41,"turns":1},{"damage":0,"enemies":"Nemesis","floor":42,"turns":4},{"damage":1,"enemies":"Giant Head","floor":44,"turns":3},{"damage":0,"enemies":"3 Darklings","floor":46,"turns":1},{"damage":0,"enemies":"HollowMod:StalkingDevout","floor":47,"turns":2},{"damage":12,"enemies":"Nemesis","floor":48,"turns":3},{"damage":8,"enemies":"Time Eater","floor":50,"turns":3}],"seed_played":"9127426130512262834","potions_obtained":[{"floor":5,"key":"Strength Potion"},{"floor":7,"key":"Block Potion"},{"floor":10,"key":"FearPotion"},{"floor":12,"key":"Fire Potion"},{"floor":13,"key":"ColorlessPotion"},{"floor":23,"key":"SteroidPotion"},{"floor":25,"key":"PowerPotion"},{"floor":28,"key":"Dexterity Potion"},{"floor":35,"key":"SkillPotion"},{"floor":40,"key":"LiquidMemories"},{"floor":44,"key":"Ancient Potion"},{"floor":47,"key":"AttackPotion"},{"floor":48,"key":"DuplicationPotion"}],"is_trial":true,"path_per_floor":["M","?","?","M","M","R","E","M","T","E","M","M","E","M","R","B",null,"M","$","?","E","T","E","R","E","T","E","E","R","$","E","R","B",null,"M","?","M","E","M","E","M","E","T","E","$","M","E","E","R","B",null],"character_chosen":"REMILIA","items_purchased":["Bag of Marbles","Vajra","ClockworkSouvenir","Swift Strike","Gremlin Horn","Kunai","Adrenaline"],"campfire_rested":1,"item_purchase_floors":[19,19,19,19,30,45,45],"current_hp_per_floor":[75,60,60,62,68,68,54,60,60,66,72,74,68,73,73,75,75,57,57,57,61,61,59,59,62,62,64,40,40,40,36,58,62,75,75,68,73,75,75,73,75,77,77,79,79,79,81,74,74,77],"gold":85,"neow_bonus":"","is_daily":false,"chose_seed":false,"campfire_upgraded":1,"win_rate":0.0,"timestamp":1612733481,"path_taken":["M","?","?","M","M","R","E","M","T","E","M","M","E","?","R","BOSS","M","$","?","?","?","E","R","E","T","E","?","R","$","E","R","BOSS","M","?","M","?","M","E","M","E","T","E","?","?","?","E","R","BOSS"],"items_purchased_type":["Relic","Relic","Relic","Card","Relic","Relic","Card"],"build_version":"2020-12-22","purchased_purges":0,"victory":true,"max_hp_per_floor":[75,75,75,75,75,75,75,75,75,75,75,75,75,75,75,75,75,75,75,75,75,75,75,75,75,75,75,75,75,75,75,75,75,75,75,75,75,75,75,75,77,77,77,79,79,79,81,83,83,83],"card_choices":[{"not_picked":["Rebound","HollowMod:SoulSplash"],"picked":"AdministrixMod:SipOfSparks","floor":1},{"not_picked":["hermit:Manifest","TheCursedMod:TacticalStrike"],"picked":"Bandage Up","floor":4},{"not_picked":["TheCursedMod:StingEye","UnstableMagic"],"picked":"Beam Cell","floor":5},{"not_picked":["TheCursedMod:DemonicPact","Storm of Steel"],"picked":"Core Surge","floor":7},{"not_picked":["EternalNight","HollowMod:InfectionAssault"],"picked":"TheCursedMod:RapidMovement","floor":8},{"not_picked":["AdministrixMod:Mastermind","Hyperbeam"],"picked":"TheCursedMod:CollectTribute","floor":10},{"not_picked":["HollowMod:GoodIntentions","AdministrixMod:ImmortalGrace"],"picked":"True Grit","floor":11},{"not_picked":["Koishi:PhantomStrike","hermit:Desperado"],"picked":"EmptyFist","floor":12},{"not_picked":["blazmod:DawnflutterDance","RobotSpaceExplorer:Asteroid"],"picked":"Sadistic Nature","floor":13},{"not_picked":["Evaluate","TheCursedMod:Obscuration"],"picked":"Cold Snap","floor":14},{"not_picked":["Impervious","TheCursedMod:DarkBarrier"],"picked":"After Image","floor":16},{"not_picked":["hermit:HighCaliber","RobotSpaceExplorer:ShockKick"],"picked":"TheCursedMod:SpitefulStrike","floor":18},{"not_picked":["RobotSpaceExplorer:Arsenal","HollowMod:MidwifesHunger"],"picked":"Amplify","floor":21},{"not_picked":["hermit:Purgatory","AdministrixMod:NewbornDivinity","hermit:FromBeyond"],"picked":"SKIP","floor":23},{"not_picked":["HollowMod:PureVessel","AdministrixMod:CosmosControl"],"picked":"Creative AI","floor":25},{"not_picked":["RobotSpaceExplorer:HighVoltage","hermit:DeadOrAlive"],"picked":"RobotSpaceExplorer:ChargingLaser","floor":27},{"not_picked":["HeartBreak","Biased Cognition"],"picked":"AdministrixMod:GirlsDoItBetter","floor":28},{"not_picked":["TheCursedMod:UltimatePain","Luminous:Arcane_Rage_Luminous","Koishi:PerfectMindControl"],"picked":"SKIP","floor":31},{"not_picked":["RobotSpaceExplorer:Comet","blazmod:VisionsOfButterflies"],"picked":"Double Tap","floor":33},{"not_picked":["HollowMod:WraithStrike","Koishi:SubterraneanRose+1"],"picked":"Prostrate+1","floor":35},{"not_picked":["RobotSpaceExplorer:Pulsar+1","Static Discharge+1"],"picked":"Dodge and Roll+1","floor":37},{"not_picked":["Burst","HollowMod:RadiancesLament"],"picked":"A Thousand Cuts","floor":38},{"not_picked":["Koishi:PhantomBarrier+1","HollowMod:LuriensSpire"],"picked":"TheCursedMod:SurpriseAttack+1","floor":39},{"not_picked":["blazmod:HoumatsuMugenKochouji","blazmod:MirrorImage"],"picked":"RobotSpaceExplorer:Autoloader","floor":40},{"not_picked":["Koishi:ReflexRadar","VampireClaw","AdministrixMod:WickedPunishment+1"],"picked":"Singing Bowl","floor":41},{"not_picked":["Scrawl","HollowMod:NewInfectedGuardian"],"picked":"RobotSpaceExplorer:ChargingLaser","floor":42},{"not_picked":["Night Terror","blazmod:AlmightyPassage","RobotSpaceExplorer:Scanner"],"picked":"Singing Bowl","floor":44},{"not_picked":["Clothesline+1","Quick Slash"],"picked":"AdministrixMod:TouchOfCinnabar+1","floor":46},{"not_picked":["AdministrixMod:Schism","Vault","CeilingFear"],"picked":"Singing Bowl","floor":47},{"not_picked":["HollowMod:PureVessel","Koishi:MentalBreakdown","AdministrixMod:GirlsDoItBetter"],"picked":"Singing Bowl","floor":48}],"player_experience":1210617,"relics_obtained":[{"floor":7,"key":"Art of War"},{"floor":9,"key":"Lantern"},{"floor":10,"key":"Centennial Puzzle"},{"floor":13,"key":"Pen Nib"},{"floor":21,"key":"Letter Opener"},{"floor":22,"key":"Anchor"},{"floor":23,"key":"Bottled Tornado"},{"floor":25,"key":"MawBank"},{"floor":26,"key":"AntiCross"},{"floor":27,"key":"Blue Candle"},{"floor":28,"key":"CaptainsWheel"},{"floor":31,"key":"Bag of Preparation"},{"floor":34,"key":"Potion Belt"},{"floor":34,"key":"Singing Bowl"},{"floor":34,"key":"Gungnir"},{"floor":38,"key":"Bottled Flame"},{"floor":40,"key":"Toy Ornithopter"},{"floor":42,"key":"ScarletDevilRocket"},{"floor":43,"key":"Ice Cream"},{"floor":44,"key":"Happy Flower"},{"floor":47,"key":"MealTicket"},{"floor":48,"key":"Dead Branch"}],"event_choices":[{"damage_healed":75,"gold_gain":0,"player_choice":"Upgrade","damage_taken":15,"max_hp_gain":0,"max_hp_loss":75,"event_name":"betterThird:BetterShining","floor":2,"gold_loss":0,"cards_upgraded":["hermit:Vantage","AdministrixMod:SipOfSparks"]},{"damage_healed":0,"gold_gain":175,"player_choice":"AGREE","damage_taken":115,"max_hp_gain":0,"max_hp_loss":0,"event_name":"betterThird:BetterSerpent","floor":3,"gold_loss":0},{"cards_removed":["Doubt"],"damage_healed":0,"gold_gain":0,"player_choice":"Offered Curse","damage_taken":0,"relics_obtained":["Spirit Poop"],"max_hp_gain":0,"max_hp_loss":0,"event_name":"Bonfire Elementals","floor":20,"gold_loss":0},{"damage_healed":0,"gold_gain":0,"player_choice":"Damaged","damage_taken":7,"max_hp_gain":0,"max_hp_loss":0,"event_name":"Wheel of Change","floor":36,"gold_loss":0}],"is_beta":false,"boss_relics":[{"not_picked":["Runic Dome","Snecko Eye"],"picked":"Cursed Key"},{"not_picked":["Philosopher\u0027s Stone","Runic Pyramid"],"picked":"Calling Bell"}],"items_purged_floors":[],"is_endless":false,"potions_floor_spawned":[5,7,10,12,13,23,25,28,35,40,44,47,48],"ascension_level":0}}