{"host":"q79dm2j0pr18ov08","time":1612702090,"event":{"mods":["Act Like it!","BaseMod","CapriCore","Colored Powertips","Gensokyo","Googly Eyes","HumanHunterMod(π÷ŒÔ…±»Àmod)","Koishi","Marisa£®ÏF”Í°°ƒß¿Ì…≥£©","Minty Spire (QoL Compilation)","MostiFishMod","Pale of the Ancients","Reimu£®≤©¿ˆ¡È√Œ£©","Replay The Spire","RumiaBox-¬∂√◊Ê´µƒ…Ò√ÿ∫–◊”","StSLib","TestMod","The Administrix","The Construct","The Immortal","The IronCluck","The Jungle","The Servant 0.9.4","UnlockEverythingMod","Waifu the Spire","[IsaacMod]“‘»ˆº‚À˛","°æ“≈ŒÔø®≈∆°øREMEMod"],"gold_per_floor":[216,235,12,32,49,82,95,95,95],"floor_reached":8,"language":"ZHS","playtime":632,"items_purged":["Strike_MRS"],"score":102,"play_id":"a8e5ff66-a10b-4238-a8bd-9ce8b1dea85f","local_time":"20210207204810","is_ascension_mode":true,"campfire_choices":[],"circlet_count":0,"master_deck":["Strike_MRS","Strike_MRS","Strike_MRS","Defend_MRS","Defend_MRS","Defend_MRS","Defend_MRS","MasterSpark","MachineGunSpark","StarDustReverie+1","MagicAbsorber"],"relics":["MiniHakkero","HushsDoor","testmod-TestBox","DaveBox","REME_ComplimentaryCards","BrkXgEgg","testmod-AssaultLearning","Void","SynthV:TestCard","D4"],"acts_visited":["Exordium"],"potions_floor_usage":[8],"damage_taken":[{"damage":2.0,"enemies":"2 Louse","floor":1.0,"turns":4.0},{"damage":1.0,"enemies":"Cultist","floor":2.0,"turns":4.0},{"damage":16.0,"enemies":"Jaw Worm","floor":4.0,"turns":5.0},{"damage":22.0,"enemies":"Looter","floor":5.0,"turns":3.0},{"damage":0.0,"enemies":"Gremlin Nob","floor":6.0,"turns":1.0},{"damage":20,"enemies":"3 Louse","floor":7,"turns":5},{"damage":15,"enemies":"3 Sentries","floor":8,"turns":2}],"seed_played":"5137124967299774135","potions_obtained":[{"floor":1.0,"key":"Adrenaline Potion"},{"floor":7,"key":"Explosive Potion"}],"is_trial":false,"path_per_floor":["M","M","$","M","M","E","M","E"],"character_chosen":"MARISA","items_purchased":["StarDustReverie+1"],"campfire_rested":0,"item_purchase_floors":[3],"current_hp_per_floor":[73,72,72,56,34,34,14,0,0],"gold":95,"neow_bonus":"HUNDRED_GOLD","is_daily":false,"chose_seed":false,"campfire_upgraded":0,"win_rate":0.0,"timestamp":1612702090,"path_taken":["M","M","$","M","M","E","M","E"],"items_purchased_type":["Card"],"build_version":"2020-12-22","purchased_purges":1,"victory":false,"max_hp_per_floor":[75,75,75,75,75,75,75,75,75],"card_choices":[{"not_picked":[],"picked":"ChaosCard","floor":0.0},{"not_picked":["Orbital","DarkSpark"],"picked":"PropBag","floor":1.0},{"not_picked":["UnstableBomb","IllusionStar","DC","EventHorizon"],"picked":"MachineGunSpark","floor":2.0},{"not_picked":["EarthLightRay","UnstableBomb","IllusionStar","ShootTheMoon","ShootingEcho"],"picked":"SKIP","floor":4.0},{"not_picked":["GalacticHalo","SporeBomb","ShootingEcho","Acceleration","GravityBeat"],"picked":"SKIP","floor":5.0},{"not_picked":["ManaConvection","ShootingEcho","MilkyWay","Acceleration"],"picked":"MagicAbsorber","floor":6.0},{"not_picked":["GrandCross","FairyDestructionRay","DC","MeteoricShower","StarDustReverie+1"],"picked":"SKIP","floor":7}],"player_experience":310088,"relics_obtained":[{"floor":1.0,"key":"SynthV:TestCard"},{"floor":6.0,"key":"D4"}],"event_choices":[],"is_beta":false,"boss_relics":[],"items_purged_floors":[3],"is_endless":false,"potions_floor_spawned":[1,7],"killed_by":"3 Sentries","ascension_level":4}}