{"host":"gttgmv2wah99hzdm","time":1612713744,"event":{"mods":["AchievementEnabler","BaseMod","Bestiary","Block Reminder","Filter the Spire","Minty Spire (QoL Compilation)","Relic Stats","Weighted Paths","ojb\u0027s Info Mod"],"gold_per_floor":[119,169,40,52,67,67,96,96,120,33,59,59,59,59,59,59,59],"floor_reached":16,"language":"ENG","playtime":1201,"items_purged":["Strike_R","Strike_R"],"score":212,"play_id":"0471998c-08df-4189-ba75-172b9a8f6eae","local_time":"20210207100224","is_ascension_mode":true,"campfire_choices":[{"data":"Combust","floor":6,"key":"SMITH"},{"data":"Blood for Blood","floor":8,"key":"SMITH"},{"data":"Inflame","floor":12,"key":"SMITH"},{"data":"Bash","floor":15,"key":"SMITH"}],"circlet_count":0,"master_deck":["AscendersBane","Strike_R","Strike_R","Strike_R","Defend_R","Defend_R","Defend_R","Defend_R","Bash+1","Hemokinesis","Pummel","Combust+1","Blood for Blood+1","Inflame+1"],"relics":["Philosopher\u0027s Stone","Smiling Mask","Anchor","Peace Pipe","Kunai"],"acts_visited":["Exordium"],"potions_floor_usage":[7,11],"damage_taken":[{"damage":0,"enemies":"2 Louse","floor":1,"turns":3},{"damage":2,"enemies":"Cultist","floor":4,"turns":3},{"damage":5,"enemies":"Small Slimes","floor":5,"turns":3},{"damage":18,"enemies":"3 Sentries","floor":7,"turns":4},{"damage":11,"enemies":"Gremlin Nob","floor":11,"turns":3},{"damage":20,"enemies":"Hexaghost","floor":16,"turns":4}],"seed_played":"-12041097461580037","potions_obtained":[{"floor":1,"key":"Energy Potion"},{"floor":4,"key":"FearPotion"},{"floor":7,"key":"Ancient Potion"}],"is_trial":false,"path_per_floor":["M","?","$","M","M","R","E","R","T","$","E","R","?","?","R","B"],"character_chosen":"IRONCLAD","items_purchased":["Strength Potion","Inflame"],"campfire_rested":0,"item_purchase_floors":[3,10],"current_hp_per_floor":[68,61,61,59,54,54,36,36,36,36,25,25,20,20,20,0,0],"gold":59,"neow_bonus":"BOSS_RELIC","is_daily":false,"chose_seed":false,"campfire_upgraded":4,"win_rate":0.0,"timestamp":1612713744,"path_taken":["M","?","$","?","M","R","E","R","T","$","E","R","?","?","R","BOSS"],"items_purchased_type":["Potion","Card"],"build_version":"2020-12-22","purchased_purges":2,"victory":false,"max_hp_per_floor":[75,75,75,75,75,75,75,75,75,75,75,75,75,75,75,75,75],"relic_stats":{"Peace Pipe":0,"counters":[6,20],"Kunai":[2],"Smiling Mask":50,"obtain_stats":[{"Peace Pipe":11,"Anchor":9,"Philosopher\u0027s Stone":0,"Kunai":13,"Smiling Mask":7,"Burning Blood":0},{"Peace Pipe":5,"Anchor":4,"Philosopher\u0027s Stone":0,"Kunai":5,"Smiling Mask":4,"Burning Blood":0},{"Peace Pipe":16,"Anchor":13,"Philosopher\u0027s Stone":0,"Kunai":16,"Smiling Mask":13,"Burning Blood":0}]},"card_choices":[{"not_picked":["Ghostly Armor","Thunderclap"],"picked":"Hemokinesis","floor":1},{"not_picked":["True Grit","Disarm"],"picked":"Pummel","floor":4},{"not_picked":["Sentinel","Whirlwind"],"picked":"Combust","floor":5},{"not_picked":["Evolve","Shrug It Off"],"picked":"Blood for Blood","floor":7},{"not_picked":["Clash","Combust","Second Wind"],"picked":"SKIP","floor":11}],"player_experience":1101791,"relics_obtained":[{"floor":7,"key":"Smiling Mask"},{"floor":9,"key":"Anchor"},{"floor":11,"key":"Peace Pipe"}],"event_choices":[{"damage_healed":0,"gold_gain":50,"player_choice":"Touch","damage_taken":7,"max_hp_gain":0,"max_hp_loss":0,"event_name":"FaceTrader","floor":2,"gold_loss":0},{"damage_healed":0,"gold_gain":0,"player_choice":"Success","damage_taken":5,"relics_obtained":["Kunai"],"max_hp_gain":0,"max_hp_loss":0,"event_name":"Scrap Ooze","floor":13,"gold_loss":0},{"damage_healed":0,"gold_gain":0,"player_choice":"Ignored","damage_taken":0,"max_hp_gain":0,"max_hp_loss":0,"event_name":"Shining Light","floor":14,"gold_loss":0}],"is_beta":false,"boss_relics":[],"items_purged_floors":[3,10],"is_endless":false,"potions_floor_spawned":[1,4,7],"killed_by":"Hexaghost","ascension_level":20}}