{"host":"3j2m8n0ywf988fwb","time":1612690913,"event":{"mods":["2.2 Compatiblity","AchievementEnabler","Act Like it!","Aspiration","Astrologer","BaseMod","Better Altar","Better Match","Better Note","Better Sensory Stone","Better Skull","Better Third Choice","CCEM2","ChefMod","Colored Map","Colored Powertips","Conspire","Dark Map","Energized Spire","GifTheSpireLib","Halation","Hallownest","Highlight Path","Hubris","Infinite Spire","Jedi Mod","Marisa????????","Marked Mod","Mimic Mod","Minty Spire (QoL Compilation)","Monster B Gone","Random Character Button","Relic Filter Mod","Relic Stats","Reliquary","Replay The Spire","Robot Space Explorer","Shade Mod","Shop Mod","Somnambulant","StS++","StSLib","Stuff the Spire","The Bug Knight","The Elementalist","The Hierophant","The Runesmith","TheBandit","TheFirefly","Unceasing Turn Reminder","Weighted Paths","everything is the same but u backflip on backflip"],"gold_per_floor":[119,132,132,147,147,185,185,185,185,205,241,241,261,284,284,403,403,424,404,404,329,347,386,386,386],"floor_reached":24,"language":"ENG","playtime":793,"items_purged":["Strike_MRS"],"score":264,"play_id":"69f580cb-2796-45ba-af98-2c367c048a75","local_time":"20210207034153","is_ascension_mode":true,"campfire_choices":[{"data":"ManaRampage","floor":8,"key":"SMITH"},{"data":"FairyDestructionRay","floor":15,"key":"SMITH"}],"circlet_count":0,"master_deck":["Strike_MRS","Strike_MRS","Strike_MRS","Defend_MRS","Defend_MRS","Defend_MRS","Defend_MRS","MasterSpark","UpSweep","GalacticHalo","ManaRampage+1","DarkMatter","DC","FairyDestructionRay+1","MillisecondPulsars","OortCloud","PropBag+1","MysteriousBeam"],"relics":["MiniHakkero","NeowsBlessing","hubris:Towel","Golden Idol","Pear","Bottled Lightning","StuffTheSpire:Gunfinga","energizedSpire:CursedPentagram","CCEMRelics:FryingPan","Gremlin Horn"],"acts_visited":["Exordium","TheCity"],"potions_floor_usage":[6,11,24],"damage_taken":[{"damage":0,"enemies":"Jaw Worm","floor":1,"turns":1},{"damage":0,"enemies":"Small Slimes","floor":2,"turns":1},{"damage":0,"enemies":"2 Louse","floor":4,"turns":1},{"damage":34,"enemies":"Gremlin Nob","floor":6,"turns":5},{"damage":8,"enemies":"Lots of Slimes","floor":10,"turns":2},{"damage":0,"enemies":"Lagavulin","floor":11,"turns":2},{"damage":0,"enemies":"2 Fungi Beasts","floor":13,"turns":2},{"damage":0,"enemies":"3 Louse","floor":14,"turns":1},{"damage":53,"enemies":"Hexaghost","floor":16,"turns":8},{"damage":15,"enemies":"3 Byrds","floor":18,"turns":3},{"damage":10,"enemies":"Chosen","floor":22,"turns":2},{"damage":35,"enemies":"Book of Stabbing","floor":23,"turns":5},{"damage":31,"enemies":"Snake Plant","floor":24,"turns":2}],"seed_played":"6857932171474705393","potions_obtained":[{"floor":1,"key":"AttackPotion"},{"floor":2,"key":"ColorlessPotion"},{"floor":4,"key":"Languid Potion"},{"floor":11,"key":"Reflective Coating"},{"floor":14,"key":"Strength Potion"},{"floor":19,"key":"jedi:holywater"}],"is_trial":false,"path_per_floor":["M","M","?","M","?","E","$","R","T","M","E","?","M","M","R","B",null,"M","?","?","$","M","E","M"],"character_chosen":"MARISA","items_purchased":[],"campfire_rested":0,"item_purchase_floors":[],"current_hp_per_floor":[75,75,75,75,57,33,33,33,33,25,25,85,85,85,85,32,85,70,70,70,70,60,25,0,0],"gold":386,"neow_bonus":"THREE_ENEMY_KILL","is_daily":false,"chose_seed":false,"campfire_upgraded":2,"win_rate":0.0,"timestamp":1612690913,"path_taken":["M","M","?","M","?","E","$","R","T","M","E","?","?","M","R","BOSS","M","?","?","$","M","E","?"],"items_purchased_type":[],"build_version":"2020-12-22","purchased_purges":1,"victory":false,"max_hp_per_floor":[75,75,75,75,75,85,85,85,85,85,85,85,85,85,85,85,85,85,85,85,85,85,85,85,85],"relic_stats":{"Gremlin Horn":[0,0],"counters":[13,35],"Golden Idol":68,"obtain_stats":[{"StuffTheSpire:Gunfinga":11,"Pear":6,"energizedSpire:CursedPentagram":17,"NeowsBlessing":0,"Gremlin Horn":24,"Golden Idol":5,"Sundial":23,"CCEMRelics:FryingPan":23,"MiniHakkero":0,"Bottled Lightning":9,"hubris:Towel":3,"Mercury Hourglass":22},{"StuffTheSpire:Gunfinga":6,"Pear":4,"energizedSpire:CursedPentagram":9,"NeowsBlessing":0,"Gremlin Horn":13,"Golden Idol":3,"Sundial":12,"CCEMRelics:FryingPan":12,"MiniHakkero":0,"Bottled Lightning":4,"hubris:Towel":2,"Mercury Hourglass":11},{"StuffTheSpire:Gunfinga":12,"Pear":8,"energizedSpire:CursedPentagram":23,"NeowsBlessing":0,"Gremlin Horn":34,"Golden Idol":3,"Sundial":29,"CCEMRelics:FryingPan":33,"MiniHakkero":0,"Bottled Lightning":8,"hubris:Towel":2,"Mercury Hourglass":27}]},"card_choices":[{"not_picked":["IllusionStar","MagicChant"],"picked":"GalacticHalo","floor":1},{"not_picked":["PowerUp","6A"],"picked":"ManaRampage","floor":2},{"not_picked":["EventHorizon","NonDirectionalLaser","WitchLeyline"],"picked":"SKIP","floor":4},{"not_picked":["FairyDestructionRay","IllusionStar"],"picked":"MeteoricShower","floor":6},{"not_picked":["Occultation","6A"],"picked":"DarkMatter","floor":10},{"not_picked":["DarkSpark","AlicesGift"],"picked":"DC","floor":11},{"not_picked":["WitchOfGreed","MilkyWay","SporeBomb"],"picked":"SKIP","floor":13},{"not_picked":["WitchLeyline","PowerUp"],"picked":"FairyDestructionRay","floor":14},{"not_picked":["JA","FinalSpark"],"picked":"MillisecondPulsars","floor":16},{"not_picked":["PowerUp","SporeBomb+1"],"picked":"OortCloud","floor":18},{"not_picked":["NonDirectionalLaser","GravityBeat"],"picked":"MysteriousBeam","floor":22},{"not_picked":["StarlightTyphoon","AsteroidBelt+1","DC"],"picked":"SKIP","floor":23}],"player_experience":1078364,"relics_obtained":[{"floor":6,"key":"Pear"},{"floor":9,"key":"Bottled Lightning"},{"floor":11,"key":"StuffTheSpire:Gunfinga"},{"floor":23,"key":"CCEMRelics:FryingPan"}],"event_choices":[{"damage_healed":0,"gold_gain":0,"player_choice":"Take Damage","damage_taken":18,"relics_obtained":["Golden Idol"],"max_hp_gain":0,"max_hp_loss":0,"event_name":"Golden Idol","floor":5,"gold_loss":0},{"cards_removed":["MeteoricShower"],"damage_healed":60,"gold_gain":0,"player_choice":"Offered Uncommon","damage_taken":0,"max_hp_gain":0,"max_hp_loss":0,"event_name":"Bonfire Elementals","floor":12,"gold_loss":0},{"damage_healed":0,"gold_gain":0,"player_choice":"Bought 1 Potion","damage_taken":0,"max_hp_gain":0,"max_hp_loss":0,"event_name":"The Woman in Blue","floor":19,"gold_loss":0},{"cards_removed":["MillisecondPulsars"],"damage_healed":0,"gold_gain":0,"player_choice":"Take \u0026 Give","damage_taken":0,"max_hp_gain":0,"max_hp_loss":0,"event_name":"betterNote:BetterNote","floor":20,"gold_loss":0,"cards_obtained":["PropBag"]}],"is_beta":false,"boss_relics":[{"not_picked":["energizedSpire:RedRose","Replay:Drink Me"],"picked":"energizedSpire:CursedPentagram"}],"items_purged_floors":[21],"is_endless":false,"potions_floor_spawned":[1,2,4,11,14,18,22],"killed_by":"Snake Plant","ascension_level":1}}