{"host":"0cnf9zf1gia27zti","time":1612696891,"event":{"mods":["BaseMod","Better Third Choice","BetterRewards","Card Forge","ChefMod","Colored Map","Colored Powertips","Conspire","Downfall","Googly Eyes","Infinite Spire","Minty Spire (QoL Compilation)","Practice Mode","Quick Restart","Replay The Spire","Shade Mod","Spicy Shops","StSLib","The Marked"],"gold_per_floor":[119,119,119,135,57,57,71,21,21,21,21,37,37,37,37,141,141,157,157,7,17,17,42,42,72,97,122,140,158,158,171,171,266,266,278,295,345,378,378,378,410,410,434,448,448,458,473,277,277,279],"floor_reached":51,"language":"ENG","playtime":30603,"items_purged":["Injury","Defend_P","Defend_P"],"score":1798,"play_id":"7b8be57a-9b6b-4892-835e-ff0687854665","local_time":"20210207112131","is_ascension_mode":true,"campfire_choices":[{"floor":6,"key":"DIG"},{"floor":11,"key":"DIG"},{"floor":15,"key":"DIG"},{"floor":24,"key":"REST"},{"floor":32,"key":"DIG"},{"floor":40,"key":"DIG"},{"floor":45,"key":"DIG"},{"floor":49,"key":"DIG"}],"circlet_count":0,"master_deck":["AscendersBane","Defend_P","Vigilance","Madness+1","LikeWater+1","Pot Of Greed+1","Pot Of Greed+1","PathToVictory+1","Study","Evaluate","MasterReality","PathToVictory+1","InnerPeace","PathToVictory+1","SpiritShield","Study+1","Madness+1","Madness+1","Pot Of Greed+1","Sanctity+1","LikeWater"],"relics":["PureWater","Hammer of Thor","Seething Fire","Anvil of the Gods","Shovel","Replay:Wax Seal","Replay:Baseball","Grinning Jar","Juzu Bracelet","Akabeko","Replay:Bottled Eggs","ReplayFunnel","infinitespire:Satchel","Centennial Puzzle","Nunchaku","Lantern","Red Mask","Whetstone","Philosopher\u0027s Stone","conspire:Boomerang","Replay:Rubber Ducky","Replay:Bandana","Snack Pack","Toy Ornithopter","infinitespire:CursedDice","Pet Ghost"],"acts_visited":["Exordium","TheCity","TheBeyond"],"potions_floor_usage":[16,18,27,31,33,50],"damage_taken":[{"damage":0,"enemies":"Cultist","floor":1,"turns":4},{"damage":0,"enemies":"Small Slimes","floor":4,"turns":3},{"damage":0,"enemies":"2 Louse","floor":7,"turns":3},{"damage":0,"enemies":"Large Slime","floor":12,"turns":5},{"damage":0,"enemies":"Hexaghost","floor":16,"turns":6},{"damage":1,"enemies":"3 Byrds","floor":18,"turns":5},{"damage":11,"enemies":"2 Thieves","floor":21,"turns":4},{"damage":27,"enemies":"Gremlin Leader","floor":23,"turns":4},{"damage":0,"enemies":"Book of Stabbing","floor":25,"turns":4},{"damage":1,"enemies":"Masked Bandits","floor":27,"turns":3},{"damage":0,"enemies":"Centurion and Healer","floor":28,"turns":3},{"damage":0,"enemies":"Snecko","floor":29,"turns":3},{"damage":11,"enemies":"Shelled Parasite and Fungi","floor":31,"turns":3},{"damage":0,"enemies":"Champ","floor":33,"turns":5},{"damage":0,"enemies":"3 Darklings","floor":35,"turns":3},{"damage":0,"enemies":"Orb Walker","floor":36,"turns":4},{"damage":0,"enemies":"Mind Bloom Boss Battle","floor":37,"turns":3},{"damage":15,"enemies":"conspire:MimicChest","floor":38,"turns":4},{"damage":5,"enemies":"R_Hoarder","floor":41,"turns":6},{"damage":0,"enemies":"Jaw Worm Horde","floor":44,"turns":4},{"damage":0,"enemies":"Maw","floor":46,"turns":4},{"damage":0,"enemies":"Spire Growth","floor":47,"turns":3},{"damage":0,"enemies":"infinitespire:MassOfShapes","floor":50,"turns":4}],"seed_played":"-5496199584081010201","potions_obtained":[{"floor":1,"key":"Weak Potion"},{"floor":12,"key":"Weak Potion"},{"floor":25,"key":"Adrenaline Potion"},{"floor":27,"key":"PowerPotion"},{"floor":31,"key":"Weak Potion"},{"floor":33,"key":"StancePotion"},{"floor":36,"key":"GamblersBrew"}],"is_trial":false,"path_per_floor":["M","?","?","M","$","R","M","?","T","$","R","M","?","?","R_BF","B",null,"M","?","$","M","?","E","R","E","T","?","M","M","$","M","R","B",null,"M","M","?","?","?","R","E","?","T","M","R","M","M","$","R_BF","B",null],"character_chosen":"WATCHER","items_purchased":["Shovel","Replay:Wax Seal","Madness","LikeWater","Replay:Baseball","Grinning Jar","Juzu Bracelet","Study","PathToVictory","LikeWater"],"campfire_rested":1,"item_purchase_floors":[0,0,0,0,0,0,0,5,20,48],"current_hp_per_floor":[65,65,65,65,65,65,65,65,65,65,65,65,70,70,70,70,75,74,74,74,63,63,36,59,59,59,58,58,58,58,47,47,47,70,70,70,70,55,45,45,40,40,40,40,40,40,40,40,40,45],"gold":279,"neow_bonus":"","is_daily":false,"chose_seed":false,"campfire_upgraded":0,"win_rate":0.0,"timestamp":1612696891,"path_taken":["M","?","?","M","$","R","M","?","T","$","R","M","?","?","R_BF","BOSS","M","?","$","M","?","E","R","E","T","?","M","M","?","M","R","BOSS","M","M","?","?","?","R","E","?","T","M","R","M","M","$","R_BF","BOSS"],"items_purchased_type":["Relic","Relic","Card","Card","Relic","Relic","Relic","Card","Card","Card"],"build_version":"2020-12-22","purchased_purges":3,"victory":true,"max_hp_per_floor":[72,72,72,72,72,72,72,72,72,72,72,72,77,77,77,77,77,77,77,77,77,77,77,77,77,77,77,77,77,77,77,77,77,77,77,77,77,77,77,77,77,77,77,77,77,77,77,77,77,77],"card_choices":[{"not_picked":["SashWhip","Replay:Hum","Prostrate"],"picked":"SKIP","floor":1},{"not_picked":["ReachHeaven","FollowUp","EmptyBody"],"picked":"SKIP","floor":4},{"not_picked":["FearNoEvil","Halt"],"picked":"Evaluate","floor":7},{"not_picked":["Protect","FlyingSleeves","FollowUp"],"picked":"SKIP","floor":12},{"not_picked":["ConjureBlade","Omniscience"],"picked":"MasterReality","floor":16},{"not_picked":["FlyingSleeves","Conclude","EmptyMind"],"picked":"SKIP","floor":18},{"not_picked":["SignatureMove+1","EmptyMind"],"picked":"InnerPeace","floor":21},{"not_picked":["FearNoEvil","CrushJoints","Collect"],"picked":"SKIP","floor":23},{"not_picked":["Protect","Replay:BluntJabs","BowlingBash"],"picked":"SKIP","floor":25},{"not_picked":["Weave","JustLucky+1","WreathOfFlame"],"picked":"SKIP","floor":28},{"not_picked":["Ragnarok","PathToVictory","BowlingBash"],"picked":"SKIP","floor":29},{"not_picked":["SignatureMove","SandsOfTime","TalkToTheHand"],"picked":"SKIP","floor":31},{"not_picked":["Replay:AllIn","Blasphemy"],"picked":"SpiritShield","floor":33},{"not_picked":["WaveOfTheHand","Crescendo","ClearTheMind+1"],"picked":"SKIP","floor":35},{"not_picked":["FlyingSleeves","DeceiveReality+1","Replay:BluntJabs+1"],"picked":"SKIP","floor":36},{"not_picked":["Pray","BowlingBash"],"picked":"Study+1","floor":37},{"not_picked":["TalkToTheHand","Replay:Hum+1","Establishment"],"picked":"SKIP","floor":41},{"not_picked":["Replay:Bootleg Shield Generator","Trip"],"picked":"Blind","floor":42},{"not_picked":["CutThroughFate","Replay:Hum+1","Replay:Anticipation"],"picked":"SKIP","floor":44},{"not_picked":["EmptyFist","SashWhip+1"],"picked":"Sanctity+1","floor":46},{"not_picked":["Crescendo+1","Indignation+1","Halt+1"],"picked":"SKIP","floor":47}],"player_experience":3664949,"relics_obtained":[{"floor":6,"key":"Akabeko"},{"floor":9,"key":"Replay:Bottled Eggs"},{"floor":11,"key":"ReplayFunnel"},{"floor":15,"key":"infinitespire:Satchel"},{"floor":23,"key":"Centennial Puzzle"},{"floor":25,"key":"Nunchaku"},{"floor":26,"key":"Lantern"},{"floor":27,"key":"Red Mask"},{"floor":32,"key":"Whetstone"},{"floor":37,"key":"conspire:Boomerang"},{"floor":38,"key":"Replay:Rubber Ducky"},{"floor":40,"key":"Replay:Bandana"},{"floor":41,"key":"Snack Pack"},{"floor":43,"key":"Toy Ornithopter"},{"floor":45,"key":"infinitespire:CursedDice"},{"floor":49,"key":"Pet Ghost"}],"event_choices":[{"damage_healed":0,"gold_gain":0,"player_choice":"Disagree","damage_taken":0,"max_hp_gain":0,"max_hp_loss":0,"event_name":"conspire:LoneGhost","floor":2,"gold_loss":0},{"cards_removed":["Strike_P"],"damage_healed":0,"gold_gain":0,"player_choice":"Card Removal","damage_taken":0,"max_hp_gain":0,"max_hp_loss":0,"event_name":"The Cleric","floor":8,"gold_loss":50},{"damage_healed":0,"gold_gain":0,"player_choice":"Donut","damage_taken":0,"max_hp_gain":5,"max_hp_loss":0,"event_name":"Big Fish","floor":13,"gold_loss":0},{"damage_healed":0,"gold_gain":0,"player_choice":"Forge","damage_taken":0,"max_hp_gain":0,"max_hp_loss":0,"event_name":"Accursed Blacksmith","floor":14,"gold_loss":0,"cards_upgraded":["LikeWater"]},{"cards_removed":["Strike_P"],"damage_healed":0,"gold_gain":0,"player_choice":"Elegance","damage_taken":0,"max_hp_gain":0,"max_hp_loss":0,"event_name":"betterThird:BetterWriting","floor":19,"gold_loss":0},{"damage_healed":0,"gold_gain":0,"player_choice":"Read","damage_taken":0,"max_hp_gain":0,"max_hp_loss":0,"event_name":"The Library","floor":22,"gold_loss":0,"cards_obtained":["PathToVictory"]},{"damage_healed":0,"gold_gain":0,"player_choice":"Fought Bandits","damage_taken":0,"max_hp_gain":0,"max_hp_loss":0,"event_name":"Masked Bandits","floor":27,"gold_loss":0},{"damage_healed":0,"gold_gain":0,"player_choice":"Fight","damage_taken":0,"max_hp_gain":0,"max_hp_loss":0,"event_name":"MindBloom","floor":37,"gold_loss":0},{"damage_healed":0,"gold_gain":0,"player_choice":"Embrace Madness","damage_taken":10,"max_hp_gain":0,"max_hp_loss":0,"event_name":"Winding Halls","floor":39,"gold_loss":0,"cards_obtained":["Madness","Madness"]},{"damage_healed":0,"gold_gain":0,"player_choice":"Memory 1","damage_taken":0,"max_hp_gain":0,"max_hp_loss":0,"event_name":"SensoryStone","floor":42,"gold_loss":0}],"is_beta":false,"boss_relics":[{"not_picked":["ReplayTheSpireMod:SealedPack","Snecko Eye","Replay:Wanted Poster"]},{"not_picked":["Coffee Dripper","Calling Bell"],"picked":"Philosopher\u0027s Stone"}],"items_purged_floors":[0,20,48],"is_endless":false,"potions_floor_spawned":[1,12,25,27,31,33,36,38,41,47],"ascension_level":11}}