{"host":"x000krxjblg8jdg4","time":1612719480,"event":{"mods":["BaseMod","Downfall","Hermit","Minty Spire (QoL Compilation)","StSLib","The Cursed","The Runesmith","The Servant 0.9.4"],"gold_per_floor":[110,129,129,143,158,188,28,28,102,134,151,1,1,1,1,102,102,90,105,105,25,25,25,37,54,54,54,54,54],"floor_reached":28,"language":"ENG","playtime":1680,"items_purged":[],"score":228,"play_id":"12a40f53-c3cb-43ec-8650-01df9b01ec4a","local_time":"20210207153800","is_ascension_mode":false,"campfire_choices":[{"data":"Berserk","floor":8,"key":"SMITH"},{"floor":15,"key":"REST"},{"data":"1","floor":23,"key":"LIFT"}],"circlet_count":0,"master_deck":["Strike_R","Strike_R","Strike_R","Strike_R","Strike_R","Defend_R","Defend_R","Defend_R","Defend_R","Bash","Pommel Strike","Wild Strike","Infernal Blade+1","Reckless Charge","Ghostly Armor","Berserk+1","Seeing Red","Headbutt","Dropkick","Demon Form","Anger","Blood for Blood","Rupture","Flex","Shame","Hemokinesis","Anger"],"relics":["Burning Blood","Toy Ornithopter","Girya","The Courier","Runesmith:AutoHammer","Sling","SacredBark","Sundial","InkBottle"],"acts_visited":["Exordium","TheCity"],"potions_floor_usage":[10,16,24,25,28],"damage_taken":[{"damage":15,"enemies":"Cultist","floor":1,"turns":4},{"damage":5,"enemies":"Small Slimes","floor":2,"turns":3},{"damage":0,"enemies":"2 Louse","floor":4,"turns":2},{"damage":7,"enemies":"Blue Slaver","floor":5,"turns":2},{"damage":32,"enemies":"Gremlin Nob","floor":6,"turns":4},{"damage":34,"enemies":"3 Sentries","floor":10,"turns":8},{"damage":12,"enemies":"3 Louse","floor":11,"turns":3},{"damage":76,"enemies":"The Guardian","floor":16,"turns":10},{"damage":37,"enemies":"2 Thieves","floor":18,"turns":5},{"damage":23,"enemies":"Chosen","floor":19,"turns":5},{"damage":71,"enemies":"Snecko","floor":24,"turns":7},{"damage":43,"enemies":"Snake Plant","floor":25,"turns":5},{"damage":44,"enemies":"Slavers","floor":28,"turns":3}],"seed_played":"-865465042549582990","potions_obtained":[{"floor":4,"key":"FairyPotion"},{"floor":6,"key":"AttackPotion"},{"floor":10,"key":"sneckomod:MuddlingPotion"},{"floor":11,"key":"SpeedPotion"},{"floor":16,"key":"BloodPotion"},{"floor":25,"key":"Fruit Juice"}],"is_trial":false,"path_per_floor":["M","M","?","M","M","E","$","R","T","E","M","$","?","?","R","B",null,"M","M","?","$","?","R","M","M","T","$","E"],"character_chosen":"IRONCLAD","items_purchased":["Berserk","Sling","Dropkick","Rupture","Flex"],"campfire_rested":1,"item_purchase_floors":[7,12,12,21,21],"current_hp_per_floor":[71,72,72,78,77,51,51,51,51,28,22,22,22,48,72,7,80,49,32,32,32,32,32,54,32,32,32,0,0],"gold":54,"neow_bonus":"RANDOM_COMMON_RELIC","is_daily":false,"chose_seed":false,"campfire_upgraded":1,"win_rate":0.0,"timestamp":1612719480,"path_taken":["M","M","?","M","M","E","$","R","T","E","M","$","?","?","R","BOSS","M","M","?","$","?","R","M","M","T","$","E"],"items_purchased_type":["Card","Relic","Card","Card","Card"],"build_version":"2020-12-22","purchased_purges":0,"victory":false,"max_hp_per_floor":[80,80,80,80,80,80,80,80,80,80,80,80,80,80,80,80,80,80,80,80,80,80,80,80,90,90,90,90,90],"card_choices":[{"not_picked":["Flame Barrier","Dark Embrace"],"picked":"Pommel Strike","floor":1},{"not_picked":["Iron Wave","Uppercut"],"picked":"Wild Strike","floor":2},{"not_picked":["Second Wind","Sword Boomerang"],"picked":"Infernal Blade","floor":4},{"not_picked":["Flex","Disarm"],"picked":"Reckless Charge","floor":5},{"not_picked":["Brutality","Warcry"],"picked":"Ghostly Armor","floor":6},{"not_picked":["Intimidate","Twin Strike"],"picked":"Seeing Red","floor":10},{"not_picked":["Second Wind","Sword Boomerang"],"picked":"Headbutt","floor":11},{"not_picked":["Limit Break","Double Tap"],"picked":"Demon Form","floor":16},{"not_picked":["Cleave","Shockwave"],"picked":"Anger","floor":18},{"not_picked":["Dual Wield","Carnage"],"picked":"Blood for Blood","floor":19},{"not_picked":["Carnage+1","Perfected Strike+1"],"picked":"Hemokinesis","floor":24},{"not_picked":["Cleave","Wild Strike"],"picked":"Anger","floor":25}],"player_experience":94733,"relics_obtained":[{"floor":6,"key":"Girya"},{"floor":9,"key":"The Courier"},{"floor":10,"key":"Runesmith:AutoHammer"},{"floor":26,"key":"InkBottle"}],"event_choices":[{"damage_healed":0,"gold_gain":0,"player_choice":"Leave","damage_taken":0,"max_hp_gain":0,"max_hp_loss":0,"event_name":"The Cleric","floor":3,"gold_loss":0},{"damage_healed":0,"gold_gain":0,"player_choice":"Grow","damage_taken":0,"max_hp_gain":0,"max_hp_loss":0,"event_name":"Living Wall","floor":13,"gold_loss":0,"cards_upgraded":["Infernal Blade"]},{"damage_healed":26,"gold_gain":0,"player_choice":"Banana","damage_taken":0,"max_hp_gain":0,"max_hp_loss":0,"event_name":"Big Fish","floor":14,"gold_loss":0},{"damage_healed":0,"gold_gain":0,"player_choice":"Ignored","damage_taken":0,"max_hp_gain":0,"max_hp_loss":0,"event_name":"Cursed Tome","floor":20,"gold_loss":0},{"damage_healed":0,"gold_gain":0,"player_choice":"Stole Relic","damage_taken":0,"relics_obtained":["Sundial"],"max_hp_gain":0,"max_hp_loss":0,"event_name":"Addict","floor":22,"gold_loss":0,"cards_obtained":["Shame"]}],"is_beta":false,"boss_relics":[{"not_picked":["Sozu","Runic Dome"],"picked":"SacredBark"}],"items_purged_floors":[],"is_endless":false,"potions_floor_spawned":[4,6,10,11,16,25],"killed_by":"Slavers","ascension_level":0}}