{"host":"sygfylmorsvdndbx","time":1612739255,"event":{"mods":["AchievementEnabler","BaseMod","Bestiary","Highlight Path","Minty Spire (QoL Compilation)","Permanent Neow","Quick Restart","Relic Stats"],"gold_per_floor":[359,139,139,150,162,192,192,219,243,270,312,324,277,305,317,434,446,474,486,513,543,155,155,155,155,155],"floor_reached":25,"language":"ENG","playtime":1852,"items_purged":["Injury","Strike_B"],"score":306,"play_id":"46440c8d-e38f-495e-868c-2789b7edc0a7","local_time":"20210207180735","is_ascension_mode":true,"campfire_choices":[{"data":"Defragment","floor":7.0,"key":"SMITH"},{"data":"Zap","floor":12.0,"key":"SMITH"},{"data":"Doom and Gloom","floor":15.0,"key":"SMITH"},{"data":"Defragment","floor":23.0,"key":"SMITH"}],"circlet_count":0,"master_deck":["Strike_B","Strike_B","Defend_B","Defend_B","Defend_B","Defend_B","Zap+1","Dualcast","Beam Cell","Hello World","Self Repair","Conserve Battery","Defragment+1","Doom and Gloom+1","Coolheaded","Echo Form","Darkness","Defragment+1","Recycle+1","Master of Strategy"],"relics":["Cracked Core","Cauldron","Smiling Mask","Happy Flower","MawBank","Pocketwatch","Lantern","Sozu","Runic Capacitor"],"acts_visited":["Exordium","TheCity"],"potions_floor_usage":[25],"damage_taken":[{"damage":7.0,"enemies":"2 Louse","floor":1.0,"turns":3.0},{"damage":1.0,"enemies":"Cultist","floor":4.0,"turns":3.0},{"damage":12.0,"enemies":"Jaw Worm","floor":5.0,"turns":3.0},{"damage":10.0,"enemies":"Lagavulin","floor":6.0,"turns":8.0},{"damage":26.0,"enemies":"3 Sentries","floor":8.0,"turns":8.0},{"damage":16.0,"enemies":"3 Louse","floor":10.0,"turns":3.0},{"damage":6.0,"enemies":"Gremlin Gang","floor":14.0,"turns":2.0},{"damage":1.0,"enemies":"Hexaghost","floor":16.0,"turns":7.0},{"damage":32.0,"enemies":"2 Thieves","floor":18.0,"turns":3.0},{"damage":14.0,"enemies":"3 Byrds","floor":20.0,"turns":4.0},{"damage":19.0,"enemies":"Cultist and Chosen","floor":21.0,"turns":6.0},{"damage":18,"enemies":"Centurion and Healer","floor":25,"turns":1}],"seed_played":"7858078293206589423","potions_obtained":[{"floor":2.0,"key":"DuplicationPotion"},{"floor":2.0,"key":"Swift Potion"},{"floor":2.0,"key":"LiquidMemories"},{"floor":10.0,"key":"Energy Potion"},{"floor":16.0,"key":"FocusPotion"}],"is_trial":false,"path_per_floor":["M","$","?","M","M","E","R","E","T","M","?","R","?","M","R","B",null,"M","?","M","M","$","R","?","M"],"character_chosen":"DEFECT","items_purchased":["Cauldron","Master of Strategy","Runic Capacitor"],"campfire_rested":0,"item_purchase_floors":[2,22,22],"current_hp_per_floor":[61,61,61,60,55,52,52,33,33,17,17,17,17,11,11,17,61,36,36,36,24,24,24,10,0,0],"gold":155,"neow_bonus":"TWO_FIFTY_GOLD","is_daily":false,"chose_seed":false,"campfire_upgraded":4,"win_rate":0.0,"timestamp":1612739255,"path_taken":["M","$","?","?","M","E","R","E","T","M","?","R","?","?","R","BOSS","M","?","M","M","$","R","?","?"],"items_purchased_type":["Relic","Card","Relic"],"build_version":"2020-12-22","purchased_purges":2,"victory":false,"max_hp_per_floor":[75,75,75,75,75,75,75,75,75,75,75,75,75,75,75,75,75,75,75,75,75,75,75,80,80,80],"relic_stats":{"Sozu":1,"Happy Flower":[8],"counters":[12,51],"Smiling Mask":50,"MawBank":156,"obtain_stats":[{"Sozu":17,"Cauldron":2,"Lantern":13,"Happy Flower":8,"Runic Capacitor":22,"Cracked Core":0,"Smiling Mask":6,"MawBank":9,"Pocketwatch":11},{"Sozu":8,"Cauldron":1,"Lantern":6,"Happy Flower":5,"Runic Capacitor":11,"Cracked Core":0,"Smiling Mask":4,"MawBank":5,"Pocketwatch":6},{"Sozu":37,"Cauldron":3,"Lantern":28,"Happy Flower":25,"Runic Capacitor":50,"Cracked Core":0,"Smiling Mask":17,"MawBank":25,"Pocketwatch":28}],"Pocketwatch":[21]},"card_choices":[{"not_picked":["Hello World","Rip and Tear"],"picked":"Beam Cell","floor":1.0},{"not_picked":["Melter","Turbo"],"picked":"Self Repair","floor":4.0},{"not_picked":["Barrage","Steam"],"picked":"Conserve Battery","floor":5.0},{"not_picked":["Gash","Compile Driver"],"picked":"Defragment","floor":6.0},{"not_picked":["Genetic Algorithm","Aggregate"],"picked":"Doom and Gloom","floor":8.0},{"not_picked":["Heatsinks","Self Repair","Hologram"],"picked":"SKIP","floor":10.0},{"not_picked":["Blizzard","Sweeping Beam"],"picked":"Coolheaded","floor":14.0},{"not_picked":["Meteor Strike","Amplify"],"picked":"Echo Form","floor":16.0},{"not_picked":["Redo","Hologram"],"picked":"Darkness","floor":18.0},{"not_picked":["Leap","Turbo","Beam Cell"],"picked":"SKIP","floor":20.0},{"not_picked":["Go for the Eyes","Leap"],"picked":"Recycle+1","floor":21.0}],"player_experience":438511,"relics_obtained":[{"floor":6.0,"key":"Smiling Mask"},{"floor":8.0,"key":"Happy Flower"},{"floor":9.0,"key":"MawBank"}],"event_choices":[{"damage_healed":0.0,"max_hp_gain":0.0,"max_hp_loss":0.0,"gold_gain":0.0,"cards_transformed":["Strike_B"],"event_name":"Transmorgrifier","player_choice":"Transformed","floor":3.0,"gold_loss":0.0,"damage_taken":0.0,"cards_obtained":["Hello World"]},{"damage_healed":0.0,"max_hp_gain":0.0,"max_hp_loss":0.0,"gold_gain":30.0,"event_name":"Dead Adventurer","player_choice":"Searched \u00272\u0027 times","floor":11.0,"gold_loss":0.0,"damage_taken":0.0,"relics_obtained":["Pocketwatch"]},{"damage_healed":0.0,"max_hp_gain":0.0,"max_hp_loss":0.0,"gold_gain":0.0,"event_name":"WeMeetAgain","player_choice":"Paid Gold","floor":13.0,"gold_loss":59.0,"damage_taken":0.0,"relics_obtained":["Lantern"]},{"damage_healed":0.0,"max_hp_gain":0.0,"max_hp_loss":0.0,"gold_gain":0.0,"event_name":"The Library","player_choice":"Read","floor":19.0,"gold_loss":0.0,"damage_taken":0.0,"cards_obtained":["Defragment"]},{"damage_healed":0.0,"max_hp_gain":5.0,"max_hp_loss":0.0,"gold_gain":0.0,"event_name":"Forgotten Altar","player_choice":"Shed Blood","floor":24.0,"gold_loss":0.0,"damage_taken":19.0}],"is_beta":false,"boss_relics":[{"not_picked":["Runic Dome","SlaversCollar"],"picked":"Sozu"}],"items_purged_floors":[2,22],"is_endless":false,"potions_floor_spawned":[5,10,16,20],"killed_by":"Centurion and Healer","ascension_level":9}}