{"host":"zmnaju399zpax9sm","time":1612714448,"event":{"mods":["BaseMod","Hermit","Minty Spire (QoL Compilation)","StSLib","The Cursed","The Poker Player","The Runesmith"],"gold_per_floor":[219,231,231,243,258,258,258,258,258],"floor_reached":7,"language":"KOR","playtime":377,"items_purged":[],"score":43,"play_id":"c6459166-2941-4f7d-8f65-6dd9080f3059","local_time":"20210208011408","is_ascension_mode":false,"metric_token":478,"campfire_choices":[{"data":"PokerPlayerMod:DamnStraight","floor":6.0,"key":"SMITH"}],"circlet_count":0,"master_deck":["PokerPlayerMod:Diamond1","PokerPlayerMod:Diamond2","PokerPlayerMod:Diamond3","PokerPlayerMod:Diamond4","PokerPlayerMod:Diamond5","PokerPlayerMod:Spade1","PokerPlayerMod:Spade2","PokerPlayerMod:Spade3","PokerPlayerMod:Spade4","PokerPlayerMod:Club1","PokerPlayerMod:Club2","PokerPlayerMod:Heart2","PokerPlayerMod:TrumpStrike","PokerPlayerMod:BadJoker","PokerPlayerMod:Mulligan","PokerPlayerMod:Spade6","PokerPlayerMod:Fold","PokerPlayerMod:DamnStraight+1","PokerPlayerMod:Diamond4"],"relics":["PokerPlayerMod:DeckCase"],"acts_visited":[],"potions_floor_usage":[],"damage_taken":[{"damage":3.0,"enemies":"Cultist","floor":1.0,"turns":3.0},{"damage":0.0,"enemies":"2 Louse","floor":2.0,"turns":1.0},{"damage":0.0,"enemies":"Jaw Worm","floor":4.0,"turns":3.0},{"damage":0.0,"enemies":"Exordium Thugs","floor":5.0,"turns":5.0},{"damage":0,"enemies":"Gremlin Nob","floor":7,"turns":1}],"seed_played":"-8650995350392547249","potions_obtained":[{"floor":1.0,"key":"Ancient Potion"}],"is_trial":false,"path_per_floor":["M","M","?","M","M","R","E"],"character_chosen":"THE_POKER_PLAYER","items_purchased":[],"campfire_rested":0,"item_purchase_floors":[],"current_hp_per_floor":[49,49,54,54,57,57,57,57,57],"gold":258,"neow_bonus":"HUNDRED_GOLD","is_daily":false,"chose_seed":false,"campfire_upgraded":1,"win_rate":0.0,"timestamp":1612714448,"path_taken":["M","?","?","M","M","R","E"],"items_purchased_type":[],"build_version":"2020-12-22","purchased_purges":0,"victory":false,"max_hp_per_floor":[52,52,57,57,57,57,57,57,57],"card_choices":[{"not_picked":["PokerPlayerMod:Heart1","PokerPlayerMod:Heart2"],"picked":"PokerPlayerMod:Spade6","floor":1.0},{"not_picked":["PokerPlayerMod:Raise","PokerPlayerMod:MagicTrick"],"picked":"PokerPlayerMod:Fold","floor":2.0},{"not_picked":["PokerPlayerMod:Spade4","PokerPlayerMod:Diamond1"],"picked":"PokerPlayerMod:DamnStraight","floor":4.0},{"not_picked":["PokerPlayerMod:DiamondStrike","PokerPlayerMod:Diamond3"],"picked":"PokerPlayerMod:Diamond4","floor":5.0}],"player_experience":480609,"relics_obtained":[],"event_choices":[{"damage_healed":0.0,"max_hp_gain":5.0,"max_hp_loss":0.0,"gold_gain":0.0,"event_name":"Big Fish","player_choice":"Donut","floor":3.0,"gold_loss":0.0,"damage_taken":0.0}],"is_beta":false,"boss_relics":[],"items_purged_floors":[],"is_endless":false,"potions_floor_spawned":[1],"killed_by":"Gremlin Nob","ascension_level":0}}