{"host":"hs5g5f0q56ds4vmn","time":1612701262,"event":{"mods":["AchievementEnabler","BaseMod","DeckTracker","Highlight Path","Minty Spire (QoL Compilation)","SuperFastMode","everything is the same but u backflip on backflip"],"gold_per_floor":[119,134,146,165,165,199,212,245,245,262,277,287,297,329,329,329,329],"floor_reached":16,"language":"KOR","playtime":1014,"items_purged":[],"score":276,"play_id":"f6f54a20-d42f-4bb8-be16-26a0e0de0978","local_time":"20210207213422","is_ascension_mode":true,"campfire_choices":[{"data":"Reprogram","floor":15.0,"key":"SMITH"}],"circlet_count":0,"master_deck":["AscendersBane","Strike_B","Strike_B","Strike_B","Strike_B","Defend_B","Defend_B","Defend_B","Defend_B","Zap","Dualcast","Sunder","Hologram","Turbo","Rebound","Rebound","Aggregate","Mind Blast","Go for the Eyes","Reboot","Self Repair","Genetic Algorithm","Reprogram+1","Compile Driver"],"relics":["Cracked Core","Toy Ornithopter","Bottled Flame","Anchor","Kunai","Bronze Scales"],"acts_visited":["Exordium"],"potions_floor_usage":[],"damage_taken":[{"damage":1.0,"enemies":"Cultist","floor":1.0,"turns":3.0},{"damage":3.0,"enemies":"Small Slimes","floor":2.0,"turns":2.0},{"damage":7.0,"enemies":"Jaw Worm","floor":3.0,"turns":3.0},{"damage":6.0,"enemies":"Looter","floor":4.0,"turns":2.0},{"damage":32.0,"enemies":"Lagavulin","floor":6.0,"turns":5.0},{"damage":0.0,"enemies":"2 Fungi Beasts","floor":7.0,"turns":2.0},{"damage":8.0,"enemies":"Gremlin Nob","floor":8.0,"turns":3.0},{"damage":0.0,"enemies":"Exordium Thugs","floor":10.0,"turns":3.0},{"damage":0.0,"enemies":"Exordium Wildlife","floor":11.0,"turns":2.0},{"damage":9.0,"enemies":"Blue Slaver","floor":12.0,"turns":3.0},{"damage":0.0,"enemies":"3 Louse","floor":13.0,"turns":2.0},{"damage":10.0,"enemies":"3 Sentries","floor":14.0,"turns":6.0},{"damage":27,"enemies":"The Guardian","floor":16,"turns":4}],"seed_played":"-6355771871607066263","potions_obtained":[{"floor":3.0,"key":"Swift Potion"},{"floor":6.0,"key":"PowerPotion"},{"floor":10.0,"key":"Fruit Juice"},{"floor":11.0,"key":"Explosive Potion"},{"floor":12.0,"key":"SmokeBomb"}],"is_trial":false,"path_per_floor":["M","M","M","M","?","E","M","E","T","M","M","M","M","E","R","B"],"character_chosen":"DEFECT","items_purchased":[],"campfire_rested":0,"item_purchase_floors":[],"current_hp_per_floor":[67,64,57,51,51,19,24,21,21,31,31,29,29,24,24,0,0],"gold":329,"neow_bonus":"RANDOM_COMMON_RELIC","is_daily":false,"chose_seed":false,"campfire_upgraded":1,"win_rate":0.0,"timestamp":1612701262,"path_taken":["M","M","M","?","?","E","M","E","T","M","M","M","M","E","R","BOSS"],"items_purchased_type":[],"build_version":"2020-12-22","purchased_purges":0,"victory":false,"max_hp_per_floor":[75,75,75,75,75,75,75,75,75,80,80,80,80,80,80,80,80],"card_choices":[{"not_picked":["Ball Lightning","Conserve Battery"],"picked":"Sunder","floor":1.0},{"not_picked":["Conserve Battery","Go for the Eyes"],"picked":"Hologram","floor":2.0},{"not_picked":["Leap","Rebound"],"picked":"Turbo","floor":3.0},{"not_picked":["Ball Lightning","Streamline"],"picked":"Rebound","floor":4.0},{"not_picked":["Lockon","Rebound","Conserve Battery"],"picked":"SKIP","floor":6.0},{"not_picked":["Darkness","Rebound"],"picked":"Go for the Eyes","floor":7.0},{"not_picked":["Streamline","Consume"],"picked":"Reboot","floor":8.0},{"not_picked":["Hologram","Stack"],"picked":"Self Repair","floor":10.0},{"not_picked":["Go for the Eyes","Ball Lightning"],"picked":"Genetic Algorithm","floor":11.0},{"not_picked":["BootSequence","Double Energy","Turbo"],"picked":"SKIP","floor":12.0},{"not_picked":["Conserve Battery","Double Energy"],"picked":"Reprogram","floor":13.0},{"not_picked":["Rainbow","Streamline"],"picked":"Compile Driver","floor":14.0}],"player_experience":631980,"relics_obtained":[{"floor":6.0,"key":"Bottled Flame"},{"floor":8.0,"key":"Anchor"},{"floor":9.0,"key":"Kunai"},{"floor":14.0,"key":"Bronze Scales"}],"event_choices":[{"damage_healed":0.0,"max_hp_gain":0.0,"max_hp_loss":0.0,"gold_gain":0.0,"event_name":"Match and Keep!","player_choice":"3 cards matched","floor":5.0,"gold_loss":0.0,"damage_taken":0.0,"cards_obtained":["Rebound","Aggregate","Mind Blast"]}],"is_beta":false,"boss_relics":[],"items_purged_floors":[],"is_endless":false,"potions_floor_spawned":[3,6,10,11,12],"killed_by":"The Guardian","ascension_level":11}}