{"host":"p7cjtxxrilhp4dw7","time":1612667767,"event":{"mods":["BaseMod","Block Reminder","Colored Map","Curses Come First","Highlight Path","Minty Spire (QoL Compilation)","Replay The Spire","StSLib","The Hierophant"],"gold_per_floor":[209,209,225,225,244,269,269,117,117,117,142,142,171,187,187,288,288,302,316,328,346,193,220,220,220,246,257,257,287,287,297,297,398,448,463,463,482,534,303,303,336,336,336,336,73,90,107,126,126,126],"floor_reached":51,"language":"ENG","playtime":5211,"items_purged":["ReplayTheSpireMod:Splinters"],"score":1164,"play_id":"e6c9c2cc-d881-4a40-8e02-a7faa64f600f","local_time":"20210206201607","is_ascension_mode":true,"campfire_choices":[{"floor":10,"key":"REST"},{"floor":12,"key":"REST"},{"floor":15,"key":"DIG"},{"data":"ReplayTheSpireMod:Calculation Training","floor":24,"key":"SMITH"},{"data":"Go for the Eyes","floor":28,"key":"SMITH"},{"data":"Dualcast","floor":30,"key":"SMITH"},{"data":"Rebound","floor":32,"key":"SMITH"},{"floor":40,"key":"REST"},{"data":"FTL","floor":42,"key":"SMITH"},{"data":"Cold Snap","floor":44,"key":"SMITH"}],"circlet_count":0,"master_deck":["AscendersBane","Strike_B","Strike_B","Defend_B+1","Defend_B","Defend_B+1","Defend_B","Zap+1","Dualcast+1","Panic Button","BootSequence","Coolheaded","ReplayTheSpireMod:Calculation Training+1","Conserve Battery+1","Go for the Eyes+1","Electrodynamics","FTL+1","Cold Snap+1","Rebound+1","Electrodynamics","Stack+1","Panic Button+1","Reinforced Body+1","Core Surge+1","ReplayTheSpireMod:Calculation Training+1","Glacier+1","Core Surge"],"relics":["Cracked Core","FossilizedHelix","Bronze Scales","Singing Bowl","InkBottle","ReplayTheSpireMod:Ninjato","Garlic","Lee\u0027s Waffle","Replay:Rubber Ducky","ReplayFunnel","Quantum Egg","Tiny House","War Paint","Mirror","Frozen Egg 2","DollysMirror"],"acts_visited":["Exordium","TheCity","TheBeyond"],"potions_floor_usage":[6,13,21,23,29,29,35,41,41,48,50,50],"damage_taken":[{"damage":8,"enemies":"Small Slimes","floor":1,"turns":3},{"damage":6,"enemies":"Cultist","floor":3,"turns":4},{"damage":0,"enemies":"2 Louse","floor":5,"turns":3},{"damage":20,"enemies":"3 Sentries","floor":6,"turns":11},{"damage":2,"enemies":"Replay:BlueRogue","floor":11,"turns":8},{"damage":3,"enemies":"3 Sentries","floor":13,"turns":10},{"damage":0,"enemies":"Gremlin Gang","floor":14,"turns":5},{"damage":16,"enemies":"The Guardian","floor":16,"turns":14},{"damage":8,"enemies":"Chosen","floor":18,"turns":6},{"damage":0,"enemies":"Spheric Guardian","floor":19,"turns":5},{"damage":10,"enemies":"Centurion and Healer","floor":20,"turns":7},{"damage":1,"enemies":"Cultist and Chosen","floor":21,"turns":7},{"damage":0,"enemies":"Replay:Snechameleon","floor":23,"turns":9},{"damage":10,"enemies":"3 Cultists","floor":27,"turns":5},{"damage":7,"enemies":"Slavers","floor":29,"turns":5},{"damage":0,"enemies":"Snake Plant","floor":31,"turns":4},{"damage":69,"enemies":"Automaton","floor":33,"turns":14},{"damage":19,"enemies":"3 Darklings","floor":35,"turns":4},{"damage":0,"enemies":"3 Shapes","floor":37,"turns":4},{"damage":0,"enemies":"R_Hoarder","floor":41,"turns":9},{"damage":0,"enemies":"Sphere and 2 Shapes","floor":46,"turns":4},{"damage":0,"enemies":"3 Darklings","floor":47,"turns":4},{"damage":10,"enemies":"Jaw Worm Horde","floor":48,"turns":4},{"damage":26,"enemies":"Awakened One","floor":50,"turns":28}],"seed_played":"2295526222668982148","potions_obtained":[{"floor":1,"key":"ColorlessPotion"},{"floor":11,"key":"Swift Potion"},{"floor":14,"key":"SneckoOil"},{"floor":16,"key":"Dexterity Potion"},{"floor":18,"key":"DistilledChaos"},{"floor":21,"key":"Energy Potion"},{"floor":23,"key":"SpeedPotion"},{"floor":29,"key":"SteroidPotion"},{"floor":34,"key":"Regen Potion"},{"floor":35,"key":"CultistPotion"},{"floor":38,"key":"DistilledChaos"},{"floor":47,"key":"Adrenaline Potion"},{"floor":49,"key":"Swift Potion"},{"floor":49,"key":"Ancient Potion"}],"is_trial":false,"path_per_floor":["M","$","M","?","M","E","?","$","T","R","E","R","E","M","R_BF","B",null,"M","M","M","M","$","E","R","?","T","M","R","E","R","M","R_BF","B",null,"M","?","M","?","$","R","E","R","T","R","$","M","M","M","R_BF","B",null],"character_chosen":"DEFECT","items_purchased":["Bronze Scales","Lee\u0027s Waffle","War Paint","DollysMirror","Core Surge+1"],"campfire_rested":3,"item_purchase_floors":[8,22,39,45,45],"current_hp_per_floor":[60,60,54,54,54,34,34,34,34,56,54,75,72,72,72,56,70,62,64,56,57,88,90,90,90,90,80,80,75,75,75,75,6,76,69,69,71,73,73,101,101,101,101,101,101,101,101,93,93,67],"gold":126,"neow_bonus":"HUNDRED_GOLD","is_daily":false,"chose_seed":false,"campfire_upgraded":6,"win_rate":0.0,"timestamp":1612667767,"path_taken":["M","$","M","?","?","E","?","$","T","R","E","R","E","M","R_BF","BOSS","M","M","M","?","$","E","R","?","T","M","R","E","R","M","R_BF","BOSS","M","?","M","?","$","R","E","R","T","R","$","M","M","?","R_BF","BOSS"],"items_purchased_type":["Relic","Relic","Relic","Relic","Card"],"build_version":"2020-12-22","purchased_purges":1,"victory":true,"max_hp_per_floor":[75,75,75,75,75,75,75,75,75,75,75,75,75,75,75,75,75,75,77,79,81,88,90,90,90,90,90,90,92,92,92,92,92,97,97,97,99,101,101,101,101,101,101,101,101,101,101,103,103,103],"card_choices":[{"not_picked":["Rip and Tear","Tempest"],"picked":"Panic Button","floor":1},{"not_picked":["Force Field","Loop","Compile Driver"],"picked":"SKIP","floor":3},{"not_picked":["Reinforced Body","Compile Driver"],"picked":"BootSequence","floor":5},{"not_picked":["Streamline","Reboot"],"picked":"Coolheaded","floor":6},{"not_picked":["Go for the Eyes","BasicCrystalCard"],"picked":"ReplayTheSpireMod:Calculation Training","floor":11},{"not_picked":["ReplayTheSpireMod:GoodbyeWorld","Biased Cognition"],"picked":"Conserve Battery","floor":13},{"not_picked":["Conserve Battery","Panic Button"],"picked":"Go for the Eyes","floor":14},{"not_picked":["Multi-Cast","Hyperbeam"],"picked":"Electrodynamics","floor":16},{"not_picked":["Loop","Recycle"],"picked":"FTL","floor":18},{"not_picked":["Barrage+1","Recycle+1","Gash"],"picked":"Singing Bowl","floor":19},{"not_picked":["Compile Driver","Stack+1","Coolheaded"],"picked":"Singing Bowl","floor":20},{"not_picked":["Compile Driver","FIFO Queue","Conserve Battery"],"picked":"Singing Bowl","floor":21},{"not_picked":["BasicCrystalCard","Redo","Rebound"],"picked":"Singing Bowl","floor":23},{"not_picked":["Echo Form","Compile Driver"],"picked":"Cold Snap","floor":27},{"not_picked":["Storm","Leap","ReplayTheSpireMod:GoodbyeWorld"],"picked":"Singing Bowl","floor":29},{"not_picked":["Hello World","Turbo+1"],"picked":"Rebound","floor":31},{"not_picked":["Meteor Strike","ReplayTheSpireMod:Omega Cannon"],"picked":"Electrodynamics","floor":33},{"not_picked":["Barrage","Gash"],"picked":"Stack+1","floor":34},{"not_picked":["Rebound+1","Blizzard"],"picked":"Panic Button+1","floor":35},{"not_picked":["Steam+1","Double Energy+1","Leap+1"],"picked":"Singing Bowl","floor":37},{"not_picked":["Cold Snap","Crystallizer","Defragment+1"],"picked":"Singing Bowl","floor":38},{"not_picked":["Storm","Recycle"],"picked":"Reinforced Body+1","floor":41},{"not_picked":["Recycle+1","Steam Power+1"],"picked":"Glacier+1","floor":46},{"not_picked":["ReplayTheSpireMod:Repulse","Cold Snap+1"],"picked":"Core Surge","floor":47},{"not_picked":["ReplayGash","Rebound","Coolheaded+1"],"picked":"Singing Bowl","floor":48}],"player_experience":663791,"relics_obtained":[{"floor":6,"key":"FossilizedHelix"},{"floor":9,"key":"Singing Bowl"},{"floor":11,"key":"InkBottle"},{"floor":13,"key":"ReplayTheSpireMod:Ninjato"},{"floor":15,"key":"Garlic"},{"floor":23,"key":"Replay:Rubber Ducky"},{"floor":26,"key":"ReplayFunnel"},{"floor":29,"key":"Quantum Egg"},{"floor":41,"key":"Mirror"},{"floor":43,"key":"Frozen Egg 2"}],"event_choices":[{"cards_removed":["Strike_B"],"damage_healed":0,"gold_gain":0,"player_choice":"Purged","damage_taken":0,"max_hp_gain":0,"max_hp_loss":0,"event_name":"Purifier","floor":4,"gold_loss":0},{"damage_healed":0,"gold_gain":0,"player_choice":"Upgraded","damage_taken":0,"max_hp_gain":0,"max_hp_loss":0,"event_name":"Upgrade Shrine","floor":7,"gold_loss":0,"cards_upgraded":["Zap"]},{"damage_healed":0,"gold_gain":0,"player_choice":"Bought 0 Potions","damage_taken":0,"max_hp_gain":0,"max_hp_loss":0,"event_name":"The Woman in Blue","floor":25,"gold_loss":0},{"cards_removed":["Strike_B"],"damage_healed":0,"gold_gain":0,"player_choice":"Removed Attack","damage_taken":0,"max_hp_gain":0,"max_hp_loss":0,"event_name":"Falling","floor":36,"gold_loss":0}],"is_beta":false,"boss_relics":[{"not_picked":["Snecko Eye","Velvet Choker","ReplayTheSpireMod:DimensionalGlitch"]},{"not_picked":["Fusion Hammer","Replay:Drink Me"],"picked":"Tiny House"}],"items_purged_floors":[39],"is_endless":false,"potions_floor_spawned":[1,11,14,16,18,21,23,29,35,47],"ascension_level":11}}