{"host":"h2977v3ax51ohsow","time":1612697606,"event":{"mods":["Act Like it!","Aspiration","BaseMod","Colored Powertips","Hallownest","Lobotomy","LobotomyExtend","Marisa£®ÏF”Í°°ƒß¿Ì…≥£©","Minty Spire (QoL Compilation)","Quick Restart","StSLib","The Animator","The Cursed","noobMod"],"gold_per_floor":[117,117,132,132,87,129,129,179,179,219,245,245,245,265,265,390,390,421,421,421,465,541,591,591,623,623,677,694,296,296,332,332,551,551,609,655,655,681,109,170,170,205,257,322,322,432,35,56,56,56,56,56,56,31,58,58],"floor_reached":57,"language":"ZHS","playtime":2818,"items_purged":["Strike_MRS"],"score":1742,"play_id":"42cec299-8e8f-46e5-b590-d0effe6408e8","local_time":"20210207193326","is_ascension_mode":true,"campfire_choices":[{"data":"MysteriousBeam","floor":7,"key":"SMITH"},{"data":"BinaryStars","floor":13,"key":"SMITH"},{"floor":15,"key":"RECALL"},{"floor":24,"key":"DIG"},{"floor":32,"key":"DIG"},{"floor":49,"key":"DIG"},{"floor":53,"key":"DIG"}],"circlet_count":0,"master_deck":["Strike_MRS","MasterSpark","UpSweep","WitchLeyline","MysteriousBeam+1","WitchOfGreed","EnergyFlow","EventHorizon","BinaryStars+1","Hallownest:skillLeafShield","Hallownest:skillLeafShield","Hallownest:skillLeafShield","Hallownest:skillLeafShield","Robbery+1","CollectingQuirk+1","Acceleration+1","MagicAbsorber","PropBag","GalacticHalo+1","Parasite","Parasite","MysteriousBeam+1","BlazeAway","MillisecondPulsars","ShootTheMoon","StarlightTyphoon","MaximisePower","IllusionStar+1","PulseMagic+1","Burst","Backstab","Eviscerate","UnstableBomb+1","FinalSpark","DoubleSpark+1","EarthLightRay","UnstableBomb+1","MilkyWay+1","UltimateShortwave","PropBag","Burn","Burn","FairyDestructionRay+1","MeteoricShower","SuperNova","MilkyWay+1","AbsoluteMagnitude"],"relics":["MiniHakkero","ice","aspiration:Nostalgia","TheCursedMod:BlackMagic101","LetterFromLob","Hallownest:DreamNailRelic","Mercury Hourglass","Eternal Feather","AmplifyWand","aspiration:HatOfInfinitePower","RampagingMagicTools","HonorFeather","Moonlight_r","Calipers","Shovel","Orichalcum","ShroomBag","aspiration:FrozenJewel","Sundial","aspiration:Lifesprig","Philosopher\u0027s Stone","Orrery","Gremlin Horn","Torii","Ancient Tea Set","Vajra","Toxic Egg 2","Gambling Chip","Bottled Tornado","Du-Vu Doll"],"acts_visited":["Hallownest:Greenpath","Hallownest:CityofTears","Hallownest:KingdomsEdge","TheEnding"],"potions_floor_usage":[8,14,16,19,19,19,33,40,42,42,44,56,56],"damage_taken":[{"damage":2,"enemies":"Hallownest:monsterHuskWarrior","floor":1,"turns":4},{"damage":2,"enemies":"2_ Uuma","floor":3,"turns":3},{"damage":4,"enemies":"Hallownest:eliteMossKnight","floor":6,"turns":4},{"damage":14,"enemies":"Hallownest:eliteCrystalGuardian","floor":8,"turns":5},{"damage":7,"enemies":"Hallownest:eliteVengeflyKing","floor":10,"turns":6},{"damage":0,"enemies":"Hallownest:2_MossCreeps","floor":11,"turns":3},{"damage":9,"enemies":"Hallownest:1_Ooma_and_2_Uuma","floor":14,"turns":2},{"damage":55,"enemies":"Hallownest:BossHornet","floor":16,"turns":8},{"damage":2,"enemies":"Hallownest:Guard_and_Sentry","floor":18,"turns":4},{"damage":110,"enemies":"Hallownest:Guard_and_Sentry","floor":19,"turns":4},{"damage":0,"enemies":"Hallownest:3_Youths","floor":21,"turns":4},{"damage":0,"enemies":"Hallownest:Warrior_and_Youth","floor":22,"turns":3},{"damage":2,"enemies":"Hallownest:eliteWatcherKnight","floor":23,"turns":7},{"damage":3,"enemies":"Hallownest:eliteSoulWarrior","floor":25,"turns":2},{"damage":0,"enemies":"Hallownest:monsterMisterMushroom","floor":27,"turns":3},{"damage":0,"enemies":"Hallownest:3_Mistakes","floor":28,"turns":2},{"damage":0,"enemies":"Hallownest:2_Husk_Sentries","floor":31,"turns":5},{"damage":3,"enemies":"Hallownest:BossSoulMaster","floor":33,"turns":2},{"damage":11,"enemies":"Hallownest:3_Siblings","floor":35,"turns":3},{"damage":0,"enemies":"Hallownest:2_Littles","floor":36,"turns":2},{"damage":7,"enemies":"Hallownest:Xero_Hu_Marmu","floor":38,"turns":2},{"damage":4,"enemies":"Hallownest:2_Primals","floor":40,"turns":2},{"damage":10,"enemies":"Hallownest:2_Wing_and_1_Kings","floor":42,"turns":2},{"damage":0,"enemies":"Hallownest:2_Wandering_and_1_Horned","floor":44,"turns":3},{"damage":0,"enemies":"Hallownest:StalkingDevout","floor":46,"turns":3},{"damage":0,"enemies":"Hallownest:Radiance","floor":50,"turns":3},{"damage":8,"enemies":"Shield and Spear","floor":55,"turns":2},{"damage":52,"enemies":"The Heart","floor":56,"turns":4}],"seed_played":"1950041938273190220","potions_obtained":[{"floor":3,"key":"DistilledChaos"},{"floor":6,"key":"Block Potion"},{"floor":8,"key":"AttackPotion"},{"floor":10,"key":"DuplicationPotion"},{"floor":10,"key":"LiquidMemories"},{"floor":14,"key":"GamblersBrew"},{"floor":16,"key":"SteroidPotion"},{"floor":21,"key":"Dexterity Potion"},{"floor":21,"key":"Swift Potion"},{"floor":22,"key":"EntropicBrew"},{"floor":23,"key":"StarNLove"},{"floor":33,"key":"EssenceOfSteel"},{"floor":35,"key":"FearPotion"},{"floor":42,"key":"SkillPotion"},{"floor":44,"key":"Strength Potion"},{"floor":46,"key":"SneckoOil"}],"is_trial":false,"path_per_floor":["M","?","M","?","$","E","R","E","T","E","M","?","R","M","R","B",null,"M","?","T","M","M","E","R","E","T","M","M","$","T","M","R","B",null,"M","M","?","M","$","?","?","M","T","M","$","E","$","?","R","B",null,null,"R","$","E","B",null],"character_chosen":"MARISA","items_purchased":["WitchOfGreed","ShootTheMoon","aspiration:FrozenJewel","Orrery","Gremlin Horn","UltimateShortwave","SuperNova","Toxic Egg 2","MilkyWay+1"],"campfire_rested":0,"item_purchase_floors":[5,29,29,39,39,39,47,47,54],"current_hp_per_floor":[73,73,71,75,75,71,71,57,57,50,50,50,59,50,59,4,75,73,76,76,76,76,74,80,77,77,77,77,77,77,81,83,80,83,74,78,78,71,71,71,71,63,63,71,71,71,71,71,96,96,96,97,97,97,89,41],"gold":58,"neow_bonus":"NOSTALGIA","is_daily":false,"chose_seed":false,"campfire_upgraded":2,"win_rate":0.0,"timestamp":1612697606,"path_taken":["M","?","?","?","?","E","R","E","T","E","?","?","R","M","R","BOSS","M","?","?","M","M","E","R","E","T","M","?","$","?","M","R","BOSS","M","M","?","?","$","?","?","M","T","M","$","E","$","?","R","BOSS","R","$","E","BOSS"],"items_purchased_type":["Card","Card","Relic","Relic","Relic","Card","Card","Relic","Card"],"build_version":"2020-12-22","purchased_purges":1,"victory":true,"max_hp_per_floor":[75,75,75,75,75,75,75,75,75,75,75,75,75,75,75,75,75,75,76,76,76,77,80,80,80,80,80,80,80,80,83,83,83,83,84,85,85,87,87,90,90,93,93,95,95,96,96,96,96,97,97,97,97,97,99,141],"card_choices":[{"not_picked":["NonDirectionalLaser","MysteriousBeam"],"picked":"WitchLeyline","floor":1},{"not_picked":["GalacticHalo","OrrerysSun"],"picked":"MysteriousBeam","floor":3},{"not_picked":["6A","ShootingEcho"],"picked":"RefractionSpark","floor":6},{"not_picked":["ShootingEcho","NonDirectionalLaser"],"picked":"EnergyFlow","floor":8},{"not_picked":["IllusionStar","DoubleSpark"],"picked":"EventHorizon","floor":10},{"not_picked":["WitchOfGreed","GrandCross"],"picked":"BinaryStars","floor":11},{"not_picked":["DC","DoubleSpark"],"picked":"Robbery","floor":14},{"not_picked":["UltimateShortwave","BlazingStar"],"picked":"CollectingQuirk","floor":16},{"not_picked":["OpenUniverse","WitchOfGreed"],"picked":"Acceleration+1","floor":18},{"not_picked":["Robbery","6A"],"picked":"MagicAbsorber","floor":21},{"not_picked":["MagicAbsorber+1","BlazeAway+1"],"picked":"PropBag","floor":22},{"not_picked":["LuminesStrike","WitchOfGreed"],"picked":"GalacticHalo+1","floor":23},{"not_picked":["GasGiant","MilkyWay"],"picked":"MysteriousBeam+1","floor":25},{"not_picked":["RefractionSpark","EnergyRecoil"],"picked":"BlazeAway","floor":27},{"not_picked":["StarlightTyphoon","WitchOfGreed+1"],"picked":"MillisecondPulsars","floor":28},{"not_picked":["LuminesStrike","Acceleration"],"picked":"StarlightTyphoon","floor":31},{"not_picked":["SatelliteIllusion","BigCrunch"],"picked":"MaximisePower","floor":33},{"not_picked":["EnergyRecoil","6A"],"picked":"IllusionStar+1","floor":35},{"not_picked":["RefractionSpark","PowerUp+1"],"picked":"PulseMagic+1","floor":36},{"not_picked":["WitchOfGreed","EventHorizon"],"picked":"UnstableBomb+1","floor":38},{"not_picked":["DoubleSpark+1","ChargeUpSpray+1"],"picked":"FinalSpark","floor":39},{"not_picked":["AlicesGift+1","ShootingEcho+1"],"picked":"DoubleSpark+1","floor":39},{"not_picked":["ShootingEcho","OpenUniverse"],"picked":"EarthLightRay","floor":39},{"not_picked":["GalacticHalo+1","Acceleration"],"picked":"UnstableBomb+1","floor":39},{"not_picked":["Robbery","6A"],"picked":"MilkyWay+1","floor":39},{"not_picked":["WitchLeyline","AsteroidBelt+1"],"picked":"PropBag","floor":40},{"not_picked":["JA","MagicAbsorber"],"picked":"FairyDestructionRay+1","floor":42},{"not_picked":["EnergyFlow","MilkyWay","GasGiant"],"picked":"SKIP","floor":44},{"not_picked":["WitchLeyline+1","GrandCross"],"picked":"MeteoricShower","floor":46},{"not_picked":["WitchOfGreed+1","EventHorizon+1"],"picked":"AbsoluteMagnitude","floor":55}],"player_experience":112172,"relics_obtained":[{"floor":1,"key":"LetterFromLob"},{"floor":6,"key":"Mercury Hourglass"},{"floor":8,"key":"Eternal Feather"},{"floor":9,"key":"AmplifyWand"},{"floor":10,"key":"aspiration:HatOfInfinitePower"},{"floor":20,"key":"Calipers"},{"floor":23,"key":"Shovel"},{"floor":24,"key":"Orichalcum"},{"floor":25,"key":"ShroomBag"},{"floor":30,"key":"Sundial"},{"floor":32,"key":"aspiration:Lifesprig"},{"floor":40,"key":"Torii"},{"floor":43,"key":"Ancient Tea Set"},{"floor":46,"key":"Vajra"},{"floor":49,"key":"Gambling Chip"},{"floor":53,"key":"Bottled Tornado"},{"floor":55,"key":"Du-Vu Doll"}],"event_choices":[],"is_beta":false,"boss_relics":[{"not_picked":["Runic Dome","aspiration:RitualDagger"],"picked":"RampagingMagicTools"},{"not_picked":["aspiration:RunicSpoon","aspiration:WatcherSkillbook"],"picked":"Philosopher\u0027s Stone"}],"items_purged_floors":[29],"is_endless":false,"potions_floor_spawned":[3,10,11,14,16,19,21,27,33,35,44,46],"ascension_level":3}}