{"host":"9cuogotyflqk0ryw","time":1612717280,"event":{"mods":["BaseMod","Colored Map","Colored Powertips","Downfall","Infinite Spire","Minty Spire (QoL Compilation)","Spire Arcade","StSLib","The Animator","The Bug Knight","The Jungle","The Servant 0.9.4"],"gold_per_floor":[124,124,124,144,162,193,193,207,260,260,260,30,62,100,100,209,209,229,229,244,257,257,286,286,101,101,101,101,129,183,195,195,195,195],"floor_reached":33,"language":"ENG","playtime":3354,"items_purged":[],"score":291,"play_id":"194e1a80-3148-4083-bf25-cce8d1408c96","local_time":"20210207180120","is_ascension_mode":false,"campfire_choices":[{"data":"animator:CowGirl","floor":7.0,"key":"SMITH"},{"floor":10.0,"key":"REST"},{"floor":15.0,"key":"REST"},{"floor":24.0,"key":"DIG"},{"floor":28.0,"key":"DIG"},{"floor":32,"key":"DIG"}],"circlet_count":0,"master_deck":["animator:Defend_Konosuba","animator:Strike+1","animator:Strike","animator:Defend","animator:Defend","animator:Defend","animator:Kazuma","animator:Aqua","animator:YunYun","animator:Shalltear","animator:CowGirl+1","animator:Rena","animator:Megumin+11","animator:Ainz","animator:Darkness","animator:Aqua","animator:Wiz","animator:Sebas","Writhe","animator:Kazuma","animator:CowGirl","animator:Darkness+1","animator:Priestess"],"relics":["PureWater","animator:TheMissingPiece","Du-Vu Doll","infinitespire:Cubic Diamond","Question Card","Akabeko","Anchor","Boot","Black Star","Shovel","theJungle:BirthdayCakeSlice","HollowMod:StagPassRelic","Whetstone","infinitespire:Lychee Nut","theJungle:Creamberry","animator:AlchemistGlove","infinitespire:Lucky Rock","The Courier","infinitespire:Satchel","Vajra","animator:ShionDessert"],"acts_visited":["Exordium","Exordium"],"potions_floor_usage":[29,29,29,33,33],"damage_taken":[{"damage":0.0,"enemies":"Small Slimes","floor":1.0,"turns":5.0},{"damage":5.0,"enemies":"Jaw Worm","floor":4.0,"turns":3.0},{"damage":0.0,"enemies":"Cultist","floor":5.0,"turns":3.0},{"damage":34.0,"enemies":"Lagavulin","floor":6.0,"turns":9.0},{"damage":13.0,"enemies":"Exordium Wildlife","floor":8.0,"turns":4.0},{"damage":3.0,"enemies":"3 Sentries","floor":13.0,"turns":6.0},{"damage":30.0,"enemies":"Slime Boss","floor":16.0,"turns":11.0},{"damage":0.0,"enemies":"theJungle:MUSHROOMGANG","floor":18.0,"turns":4.0},{"damage":15.0,"enemies":"theJungle:Flameango_and_Byrd","floor":20.0,"turns":5.0},{"damage":9.0,"enemies":"theJungle:Snecko_Cultist_And_Trap","floor":21.0,"turns":4.0},{"damage":9.0,"enemies":"theJungle:2_Phrogs","floor":23.0,"turns":5.0},{"damage":42,"enemies":"Nightmare","floor":29,"turns":7},{"damage":4,"enemies":"theJungle:SlimyTreeVines","floor":31,"turns":5},{"damage":24,"enemies":"theJungle:FunGuy","floor":33,"turns":18}],"seed_played":"4760875675638960581","potions_obtained":[{"floor":4.0,"key":"PowerPotion"},{"floor":8.0,"key":"Regen Potion"},{"floor":16.0,"key":"LiquidMemories"},{"floor":20.0,"key":"FearPotion"},{"floor":29,"key":"Dexterity Potion"},{"floor":31,"key":"GamblersBrew"}],"is_trial":false,"path_per_floor":["M","?","?","M","M","E","R","M","T","R","?","$","E","?","R","B",null,"M","?","M","M","?","E","R","?","T","?","R","NM","T","M","R","B"],"character_chosen":"THE_ANIMATOR","items_purchased":["animator:Darkness","Anchor"],"campfire_rested":2,"item_purchase_floors":[12,12],"current_hp_per_floor":[60,60,60,57,59,27,27,16,16,34,34,34,33,33,51,40,61,61,61,48,41,46,41,41,41,41,33,33,1,1,13,13,0,0],"gold":195,"neow_bonus":"ONE_RARE_RELIC","is_daily":false,"chose_seed":false,"campfire_upgraded":1,"win_rate":0.0,"timestamp":1612717280,"path_taken":["M","?","?","M","?","E","R","M","T","R","?","$","E","?","R","BOSS","M","?","M","M","?","E","R","?","T","?","R","NM","?","M","R","BOSS"],"items_purchased_type":["Card","Relic"],"build_version":"2020-12-22","purchased_purges":0,"victory":false,"max_hp_per_floor":[60,60,60,60,60,61,61,61,61,61,61,61,61,61,61,61,61,61,61,61,61,66,66,49,49,49,49,49,49,49,49,49,49,49],"card_choices":[{"not_picked":["animator:Vanir","animator:Laby"],"picked":"animator:YunYun","floor":1.0},{"not_picked":["animator:MumenRider","animator:Genos"],"picked":"animator:CowGirl","floor":4.0},{"not_picked":["animator:Vanir","animator:Aisha"],"picked":"animator:Rena","floor":5.0},{"not_picked":["animator:YunYun","animator:Kazuma"],"picked":"animator:Megumin","floor":6.0},{"not_picked":["animator:ChaikaBohdan","animator:AcuraTooru","animator:Lu"],"picked":"animator:Ainz","floor":8.0},{"not_picked":["animator:PandorasActor","animator:FielNirvalen","animator:AcuraTooru"],"picked":"animator:Aqua","floor":13.0},{"not_picked":["animator:Eve","animator:ChaikaTrabant","animator:Hans"],"picked":"animator:Wiz","floor":16.0},{"not_picked":["animator:Vanir","animator:AcuraAkari","animator:Ara"],"picked":"animator:Sebas","floor":18.0},{"not_picked":["animator:Verdia","animator:YunYun","animator:Mitsurugi"],"picked":"animator:Kazuma","floor":20.0},{"not_picked":["animator:Viivi","animator:Layla","animator:Geryuganshoop+1","animator:DolaCouronne"],"picked":"SKIP","floor":21.0},{"not_picked":["animator:Mitsurugi+1","animator:Megumin","animator:Sora"],"picked":"animator:CowGirl","floor":23.0},{"not_picked":["animator:Cocytus","animator:Sonic+1","animator:Sebas+1"],"picked":"animator:Darkness+1","floor":29},{"not_picked":["animator:CowGirl","animator:Spearman","animator:Witch"],"picked":"animator:Priestess","floor":31}],"player_experience":160710,"relics_obtained":[{"floor":6.0,"key":"Question Card"},{"floor":13.0,"key":"Boot"},{"floor":23.0,"key":"HollowMod:StagPassRelic"},{"floor":23.0,"key":"Whetstone"},{"floor":24.0,"key":"infinitespire:Lychee Nut"},{"floor":26.0,"key":"animator:AlchemistGlove"},{"floor":28.0,"key":"infinitespire:Lucky Rock"},{"floor":29,"key":"The Courier"},{"floor":29,"key":"infinitespire:Satchel"},{"floor":30,"key":"Vajra"},{"floor":32,"key":"animator:ShionDessert"}],"event_choices":[{"damage_healed":0.0,"max_hp_gain":0.0,"max_hp_loss":0.0,"gold_gain":0.0,"cards_transformed":["animator:Strike"],"event_name":"Transmorgrifier","player_choice":"Transformed","floor":3.0,"gold_loss":0.0,"damage_taken":0.0,"cards_obtained":["animator:Shalltear"]},{"damage_healed":0.0,"max_hp_gain":0.0,"max_hp_loss":0.0,"gold_gain":0.0,"event_name":"Dead Adventurer","player_choice":"Searched \u00271\u0027 times","floor":11.0,"gold_loss":0.0,"damage_taken":0.0,"relics_obtained":["Akabeko"]}],"is_beta":false,"boss_relics":[{"not_picked":["Empty Cage","Mark of Pain"],"picked":"Black Star"}],"items_purged_floors":[],"is_endless":false,"potions_floor_spawned":[4,8,16,20,29,31],"killed_by":"theJungle:FunGuy","ascension_level":0}}