{"host":"7gcq08n3uumzw57q","time":1612691847,"event":{"mods":["BaseMod","Minty Spire (QoL Compilation)"],"gold_per_floor":[112,37,37,55,55,82,82,257,305,319,319,353,353,378,378,508,508,522,540,540,343,362,362,398,313,313,348,348,367,392,417,417,537,537,551,884,934,934,945,945,945,956,956,975,975,992,992,992,992,992],"floor_reached":51,"language":"KOR","playtime":3284,"items_purged":["Defend_R","Doubt"],"score":750,"play_id":"ce4dcd59-0db4-496b-a619-b9cce908d9d0","local_time":"20210207185727","is_ascension_mode":false,"campfire_choices":[{"data":"Metallicize","floor":7,"key":"SMITH"},{"data":"Bash","floor":11,"key":"SMITH"},{"data":"Body Slam","floor":15,"key":"SMITH"},{"data":"Juggernaut","floor":23,"key":"SMITH"},{"floor":32,"key":"REST"},{"data":"Berserk","floor":41,"key":"SMITH"},{"data":"Metallicize","floor":45,"key":"SMITH"},{"floor":49,"key":"REST"}],"circlet_count":0,"master_deck":["Strike_R","Strike_R","Strike_R","Defend_R","Defend_R","Defend_R+1","Bash+1","Metallicize+1","Metallicize+1","Dropkick","Body Slam+1","Injury","Cleave","Juggernaut+1","Fire Breathing+1","Shrug It Off","Dropkick","Twin Strike","Metallicize+1","Pain","True Grit+1","Metallicize+1","Berserk+1","Flame Barrier","Writhe","Power Through","Doubt"],"relics":["Burning Blood","Champion Belt","Bag of Preparation","Lizard Tail","Cursed Key","Mercury Hourglass","Juzu Bracelet","Unceasing Top","StoneCalendar","Nilry\u0027s Codex","Busted Crown","Magic Flower","Ornamental Fan"],"acts_visited":["Exordium","TheCity","TheBeyond"],"potions_floor_usage":[6,16,16,21,24,27,29,33,37,40,46,50],"damage_taken":[{"damage":10,"enemies":"Jaw Worm","floor":1,"turns":4},{"damage":12,"enemies":"2 Louse","floor":4,"turns":3},{"damage":19,"enemies":"Lagavulin","floor":6,"turns":10},{"damage":0,"enemies":"Cultist","floor":10,"turns":5},{"damage":7,"enemies":"Gremlin Nob","floor":12,"turns":5},{"damage":7,"enemies":"Exordium Thugs","floor":14,"turns":5},{"damage":38,"enemies":"The Guardian","floor":16,"turns":17},{"damage":25,"enemies":"3 Byrds","floor":18,"turns":5},{"damage":2,"enemies":"Chosen","floor":19,"turns":4},{"damage":24,"enemies":"Snake Plant","floor":22,"turns":5},{"damage":7,"enemies":"Book of Stabbing","floor":24,"turns":4},{"damage":11,"enemies":"Gremlin Leader","floor":27,"turns":6},{"damage":1,"enemies":"Centurion and Healer","floor":29,"turns":6},{"damage":24,"enemies":"Shelled Parasite and Fungi","floor":30,"turns":7},{"damage":2,"enemies":"Snecko","floor":31,"turns":5},{"damage":64,"enemies":"Champ","floor":33,"turns":14},{"damage":0,"enemies":"3 Shapes","floor":35,"turns":4},{"damage":30,"enemies":"Mind Bloom Boss Battle","floor":37,"turns":6},{"damage":18,"enemies":"3 Darklings","floor":39,"turns":6},{"damage":0,"enemies":"Reptomancer","floor":40,"turns":1},{"damage":0,"enemies":"4 Shapes","floor":42,"turns":5},{"damage":15,"enemies":"Transient","floor":44,"turns":5},{"damage":40,"enemies":"3 Darklings","floor":46,"turns":6},{"damage":93,"enemies":"Awakened One","floor":50,"turns":14}],"seed_played":"-5108363194150216985","potions_obtained":[{"floor":4,"key":"Dexterity Potion"},{"floor":10,"key":"SpeedPotion"},{"floor":14,"key":"BlessingOfTheForge"},{"floor":19,"key":"AttackPotion"},{"floor":22,"key":"DistilledChaos"},{"floor":27,"key":"Block Potion"},{"floor":29,"key":"SmokeBomb"},{"floor":30,"key":"Block Potion"},{"floor":35,"key":"Fruit Juice"},{"floor":42,"key":"BloodPotion"},{"floor":44,"key":"Regen Potion"}],"is_trial":false,"path_per_floor":["M","$","?","M","$","E","R","?","T","M","R","E","?","M","R","B",null,"M","M","?","$","M","R","E","?","T","E","?","M","M","M","R","B",null,"M","?","?","?","M","E","R","M","T","M","R","M","?","?","R","B",null],"character_chosen":"IRONCLAD","items_purchased":["Fruit Juice"],"campfire_rested":2,"item_purchase_floors":[21],"current_hp_per_floor":[76,76,60,54,54,41,41,41,41,47,47,46,46,45,45,13,80,61,65,65,70,52,52,51,51,51,46,30,35,17,21,46,48,85,85,85,66,89,80,89,89,90,90,84,84,72,72,72,90,33],"gold":992,"neow_bonus":"","is_daily":false,"chose_seed":false,"campfire_upgraded":6,"win_rate":0.0,"timestamp":1612691847,"path_taken":["M","$","?","M","$","E","R","?","T","M","R","E","?","M","R","BOSS","M","M","?","?","?","R","E","?","T","E","?","M","M","M","R","BOSS","M","?","?","?","M","E","R","M","T","M","R","M","?","?","R","BOSS"],"items_purchased_type":["Potion"],"build_version":"2020-12-22","purchased_purges":2,"victory":true,"max_hp_per_floor":[80,80,80,80,80,80,80,80,80,80,80,80,80,80,80,80,80,80,80,80,85,85,85,85,85,85,85,85,85,85,85,85,85,85,85,85,90,90,90,90,90,90,90,90,90,90,90,90,90,90],"card_choices":[{"not_picked":["Warcry","Flex"],"picked":"Metallicize","floor":1},{"not_picked":["Shockwave","Headbutt"],"picked":"Metallicize","floor":4},{"not_picked":["Perfected Strike","Warcry","Clothesline"],"picked":"SKIP","floor":6},{"not_picked":["Headbutt","Feed"],"picked":"Dropkick","floor":10},{"not_picked":["Armaments","Rupture"],"picked":"Body Slam","floor":12},{"not_picked":["Combust","Disarm"],"picked":"Cleave","floor":14},{"not_picked":["Feed","Impervious"],"picked":"Juggernaut","floor":16},{"not_picked":["Armaments","Shrug It Off"],"picked":"Fire Breathing+1","floor":18},{"not_picked":["Flex","Clothesline"],"picked":"Shrug It Off","floor":19},{"not_picked":["Clash","Second Wind"],"picked":"Twin Strike","floor":22},{"not_picked":["Second Wind","Burning Pact+1"],"picked":"Metallicize+1","floor":24},{"not_picked":["Flex","Iron Wave","Inflame"],"picked":"SKIP","floor":27},{"not_picked":["Cleave","Combust+1"],"picked":"True Grit+1","floor":29},{"not_picked":["Juggernaut","Headbutt"],"picked":"Metallicize","floor":30},{"not_picked":["Perfected Strike","True Grit","Clothesline"],"picked":"SKIP","floor":31},{"not_picked":["Reaper","Bludgeon"],"picked":"Berserk","floor":33},{"not_picked":["Cleave+1"],"picked":"SKIP","floor":35},{"not_picked":[],"picked":"Flame Barrier","floor":37},{"not_picked":[],"picked":"Power Through","floor":39},{"not_picked":["Flex"],"picked":"SKIP","floor":42},{"not_picked":["Uppercut"],"picked":"SKIP","floor":44},{"not_picked":["Searing Blow+1"],"picked":"SKIP","floor":46}],"player_experience":0,"relics_obtained":[{"floor":6,"key":"Champion Belt"},{"floor":9,"key":"Bag of Preparation"},{"floor":12,"key":"Lizard Tail"},{"floor":24,"key":"Mercury Hourglass"},{"floor":26,"key":"Unceasing Top"},{"floor":27,"key":"StoneCalendar"},{"floor":28,"key":"Nilry\u0027s Codex"},{"floor":37,"key":"Magic Flower"},{"floor":43,"key":"Ornamental Fan"}],"event_choices":[{"damage_healed":0,"gold_gain":0,"player_choice":"Entered Light","damage_taken":16,"max_hp_gain":0,"max_hp_loss":0,"event_name":"Shining Light","floor":3,"gold_loss":0,"cards_upgraded":["Metallicize","Defend_R"]},{"damage_healed":0,"gold_gain":175,"player_choice":"AGREE","damage_taken":0,"max_hp_gain":0,"max_hp_loss":0,"event_name":"Liars Game","floor":8,"gold_loss":0,"cards_obtained":["Doubt"]},{"damage_healed":0,"gold_gain":0,"player_choice":"Take Wound","damage_taken":0,"relics_obtained":["Golden Idol"],"max_hp_gain":0,"max_hp_loss":0,"event_name":"Golden Idol","floor":13,"gold_loss":0,"cards_obtained":["Injury"]},{"damage_healed":0,"gold_gain":0,"cards_transformed":["Strike_R"],"player_choice":"Transformed","damage_taken":0,"max_hp_gain":0,"max_hp_loss":0,"event_name":"Transmorgrifier","floor":20,"gold_loss":0,"cards_obtained":["Dropkick"]},{"damage_healed":0,"gold_gain":0,"player_choice":"Obtained Relic","damage_taken":0,"relics_obtained":["Juzu Bracelet"],"max_hp_gain":0,"max_hp_loss":0,"event_name":"Addict","floor":25,"gold_loss":85},{"damage_healed":0,"gold_gain":0,"player_choice":"Obtained Book","damage_taken":16,"max_hp_gain":0,"max_hp_loss":0,"event_name":"Cursed Tome","floor":28,"gold_loss":0},{"damage_healed":0,"gold_gain":333,"player_choice":"Gave Idol","damage_taken":0,"max_hp_gain":0,"max_hp_loss":0,"event_name":"The Moai Head","floor":36,"relics_lost":["Golden Idol"],"gold_loss":0},{"damage_healed":0,"gold_gain":0,"player_choice":"Fight","damage_taken":0,"max_hp_gain":0,"max_hp_loss":0,"event_name":"MindBloom","floor":37,"gold_loss":0},{"damage_healed":23,"gold_gain":0,"player_choice":"Writhe","damage_taken":0,"max_hp_gain":0,"max_hp_loss":0,"event_name":"Winding Halls","floor":38,"gold_loss":0,"cards_obtained":["Writhe"]},{"cards_removed":["Strike_R"],"damage_healed":0,"gold_gain":0,"player_choice":"Removed Attack","damage_taken":0,"max_hp_gain":0,"max_hp_loss":0,"event_name":"Falling","floor":47,"gold_loss":0},{"damage_healed":0,"gold_gain":0,"player_choice":"Ignored","damage_taken":0,"max_hp_gain":0,"max_hp_loss":0,"event_name":"Mysterious Sphere","floor":48,"gold_loss":0}],"is_beta":false,"boss_relics":[{"not_picked":["Calling Bell","Snecko Eye"],"picked":"Cursed Key"},{"not_picked":["Coffee Dripper","Runic Cube"],"picked":"Busted Crown"}],"items_purged_floors":[2,21],"is_endless":false,"potions_floor_spawned":[4,10,14,19,22,27,29,30,35,42,44],"ascension_level":0}}