{"host":"lz8xl6n23h3n6g14","time":1612658746,"event":{"mods":["Act Like it!","BaseMod","Hallownest","Hermit","Minty Spire (QoL Compilation)","Morshu Shopkeeper","Morshu Shopkeeper - ENHANCED","SIMod","StSLib","The Animator","The Bug Knight","The Exalted"],"gold_per_floor":[110,140,157,29,0,0,29,29,29,46,59,76,105,132,144,156,156],"floor_reached":16,"language":"RUS","playtime":1961,"items_purged":["HollowMod:NailStrikeStart"],"score":147,"play_id":"73cf1ad3-a47e-4a80-82e0-f020799c5601","local_time":"20210207044546","is_ascension_mode":false,"campfire_choices":[{"floor":6,"key":"RECALL"},{"floor":15,"key":"REST"}],"circlet_count":0,"master_deck":["HollowMod:NailStrikeStart","HollowMod:NailStrikeStart","HollowMod:NailStrikeStart","HollowMod:QuickDashStart","HollowMod:QuickDashStart","HollowMod:QuickDashStart","HollowMod:QuickDashStart","HollowMod:FocusHealStart","HollowMod:PogoStrike","HollowMod:NewLittleFool","HollowMod:LifebloodCocoon","HollowMod:GoodIntentions","HollowMod:DashSlash","HollowMod:DashSlash","HollowMod:SoulStrike","HollowMod:SiblingsShadow","HollowMod:FallenFury"],"relics":["HollowMod:VesselMask","NeowsBlessing","Eternal Feather","Bronze Scales","Bird Faced Urn","Ornamental Fan","MawBank"],"acts_visited":["Hallownest:Greenpath"],"potions_floor_usage":[],"damage_taken":[{"damage":0,"enemies":"Hallownest:monsterHuskWarrior","floor":1,"turns":1},{"damage":0,"enemies":"Hallownest:eliteVengeflyKing","floor":2,"turns":1},{"damage":3,"enemies":"Hallownest:2_Tiktiks_and_1_Crawlid","floor":3,"turns":1},{"damage":36,"enemies":"Hallownest:eliteMossKnight","floor":7,"turns":22},{"damage":8,"enemies":"Hallownest:monsterHuskGuard","floor":10,"turns":6},{"damage":3,"enemies":"Hallownest:2_Tiktiks_1_Baldur_1_Crawlid","floor":11,"turns":5},{"damage":7,"enemies":"Hallownest:1_Ooma_and_2_Uuma","floor":12,"turns":9},{"damage":13,"enemies":"Hallownest:eliteVengeflyKing","floor":13,"turns":11},{"damage":9,"enemies":"Hallownest:monsterFoolEater","floor":14,"turns":3},{"damage":81,"enemies":"Hallownest:BossHornet","floor":16,"turns":16}],"seed_played":"-6213412436650174270","potions_obtained":[{"floor":2,"key":"Energy Potion"},{"floor":10,"key":"LiquidMemories"},{"floor":14,"key":"LiquidMemories"}],"is_trial":false,"path_per_floor":["M","?","M","$","?","R","E","$","T","M","M","M","E","M","R","B"],"character_chosen":"THE_BUGKNIGHT","items_purchased":["HollowMod:DashSlash"],"campfire_rested":1,"item_purchase_floors":[4],"current_hp_per_floor":[75,75,72,72,72,75,41,41,41,43,40,43,40,37,68,0,0],"gold":156,"neow_bonus":"THREE_ENEMY_KILL","is_daily":false,"chose_seed":false,"campfire_upgraded":0,"win_rate":0.0,"timestamp":1612658746,"path_taken":["M","?","M","$","?","R","E","$","T","M","M","M","E","M","R","BOSS"],"items_purchased_type":["Card"],"build_version":"2020-12-22","purchased_purges":1,"victory":false,"max_hp_per_floor":[75,75,75,75,75,75,75,75,75,75,75,75,75,75,75,75,75],"card_choices":[{"not_picked":["HollowMod:SoulShaman","HollowMod:ChannelNail"],"picked":"HollowMod:NewLittleFool","floor":1},{"not_picked":["HollowMod:TaintedHusks","HollowMod:SiblingsSouls"],"picked":"HollowMod:LifebloodCocoon","floor":2},{"not_picked":["HollowMod:SharpenedNail","HollowMod:CrystalDash"],"picked":"HollowMod:GoodIntentions","floor":3},{"not_picked":["HollowMod:HornetsHelp","HollowMod:SoulVessel","HollowMod:InfectedCysts"],"picked":"SKIP","floor":7},{"not_picked":["HollowMod:SoulSplash","HollowMod:TaintedHusks"],"picked":"HollowMod:DashSlash","floor":10},{"not_picked":["HollowMod:SiblingsSouls","HollowMod:SoulSplash","HollowMod:VengefulVoid"],"picked":"SKIP","floor":11},{"not_picked":["HollowMod:NewJinnsSoul","HollowMod:CoiledNail"],"picked":"HollowMod:SoulStrike","floor":12},{"not_picked":["HollowMod:CoiledNail","HollowMod:CrystalDash"],"picked":"HollowMod:SiblingsShadow","floor":13},{"not_picked":["HollowMod:SiblingsSouls","HollowMod:VengefulVoid"],"picked":"HollowMod:FallenFury","floor":14}],"player_experience":354292,"relics_obtained":[{"floor":2,"key":"Eternal Feather"},{"floor":7,"key":"Bird Faced Urn"},{"floor":9,"key":"Ornamental Fan"},{"floor":13,"key":"MawBank"}],"event_choices":[],"is_beta":false,"boss_relics":[],"items_purged_floors":[4],"is_endless":false,"potions_floor_spawned":[2,10,14],"killed_by":"Hallownest:BossHornet","ascension_level":0}}