{"host":"yrtk68ixj64vhhh3","time":1612693964,"event":{"mods":["2.2 Compatiblity","AchievementEnabler","Aspiration","BaseMod","Better Altar","Better Match","Better Note","Better Silent Start","Better Skull","Better Third Choice","Colored Map","Colored Powertips","Conspire","Dio Mod","Downfall","Energized Spire","Hubris","Infinite Spire","Minty Spire (QoL Compilation)","Prisma Mod","RNG Fix","StSLib","Steal the Spire","Td1madao Mod","The Animator","The Poker Player","The Wild Card","TheBandit","TheHero"],"gold_per_floor":[117,15,15,15,15,47,67,82,82,82,92,102,102,67,67,170,170,187,199,211,240,257,257,62,62,89,89,89,102,114,149,149,253,253,253,253],"floor_reached":35,"language":"ENG","playtime":3897,"items_purged":[],"score":423,"play_id":"ade6005e-0862-4e0e-8c31-14285e74b2b7","local_time":"20210207233244","is_ascension_mode":true,"campfire_choices":[{"floor":10,"key":"REST"},{"data":"PrismaMod:IllyaAlice","floor":15,"key":"SMITH"},{"floor":23,"key":"RECALL"},{"data":"PrismaMod:IllyaPoisonTippedWeapons","floor":25,"key":"SMITH"},{"data":"PrismaMod:IllyaReinForce","floor":27,"key":"SMITH"},{"floor":32,"key":"REST"}],"circlet_count":0,"master_deck":["PrismaMod:IllyaCommonAttack","PrismaMod:IllyaCommonDefend","PrismaMod:IllyaCommonAttack","PrismaMod:IllyaCommonDefend","PrismaMod:IllyaCommonAttack","PrismaMod:IllyaCommonDefend","PrismaMod:IllyaCommonAttack","PrismaMod:IllyaCommonDefend","PrismaMod:IllyaCommonAttack","PrismaMod:IllyaCommonDefend","PrismaMod:IllyaUncommonAttack","PrismaMod:IllyaUncommonDefend","PrismaMod:IllyaRubysPotion","PrismaMod:IllyaReinForce+1","PrismaMod:IllyaCommonEvoke","PrismaMod:IllyaCarnivalDefend","PrismaMod:IllyaCheapAttack","PrismaMod:IllyaGrail","PrismaMod:IllyaAlice+1","PrismaMod:IllyaCommandSeal","Burn","PrismaMod:IllyaBlindPoisonToss+1","PrismaMod:IllyaInstallAlterEgo","PrismaMod:IllyaUberChannel","PrismaMod:IllyaPoisonTippedWeapons+1","PrismaMod:IllyaGrailKun+1","hubris:NaturalOne","PrismaMod:IllyaPoisonBomb","PrismaMod:IllyaDevil","PrismaMod:IllyaInstallRuler","PrismaMod:IllyaAOECommonAttack","PrismaMod:IllyaBoysLove","PrismaMod:IllyaHassanGift+1","PrismaMod:IllyaUncommonAOEAttack","PrismaMod:IllyaCarnivalAttack"],"relics":["PrismaMod:PrismaRuby","hubris:Icosahedron","infinitespire:Golems Mask","White Beast Statue","aspiration:RunicSpoon","infinitespire:BottledMercury","PrismaMod:AliceRelic","hubris:MedicalManual","Philosopher\u0027s Stone"],"acts_visited":["Exordium","TheCity","TheBeyond"],"potions_floor_usage":[16,16,16,16,16,21,22,29,30,31,31,33,33],"damage_taken":[{"damage":0,"enemies":"Jaw Worm","floor":1,"turns":5},{"damage":67,"enemies":"Gremlin Nob","floor":6,"turns":8},{"damage":5,"enemies":"2 Louse","floor":7,"turns":6},{"damage":0,"enemies":"Small Slimes","floor":8,"turns":3},{"damage":0,"enemies":"Looter","floor":11,"turns":4},{"damage":3,"enemies":"Gremlin Gang","floor":12,"turns":6},{"damage":6,"enemies":"3 Louse","floor":14,"turns":5},{"damage":28,"enemies":"The Guardian","floor":16,"turns":14},{"damage":8,"enemies":"Spheric Guardian","floor":18,"turns":6},{"damage":11,"enemies":"Shell Parasite","floor":19,"turns":6},{"damage":24,"enemies":"Sentry and Sphere","floor":20,"turns":6},{"damage":3,"enemies":"conspire:MimicChest","floor":21,"turns":6},{"damage":13,"enemies":"Chosen and Byrds","floor":22,"turns":10},{"damage":11,"enemies":"Snake Plant","floor":29,"turns":7},{"damage":30,"enemies":"3 Cultists","floor":30,"turns":5},{"damage":47,"enemies":"Gremlin Leader","floor":31,"turns":9},{"damage":3,"enemies":"conspire:MysteriousRune","floor":33,"turns":10},{"damage":3,"enemies":"3 Darklings","floor":35,"turns":2}],"seed_played":"-3493336508644164217","potions_obtained":[{"floor":1,"key":"SpeedPotion"},{"floor":6,"key":"SpeedPotion"},{"floor":11,"key":"Swift Potion"},{"floor":12,"key":"Swift Potion"},{"floor":14,"key":"AttackPotion"},{"floor":16,"key":"Fruit Juice"},{"floor":18,"key":"SteroidPotion"},{"floor":19,"key":"bronze:BurnAndBuffPotion"},{"floor":20,"key":"Ancient Potion"},{"floor":21,"key":"Dexterity Potion"},{"floor":22,"key":"SpeedPotion"},{"floor":29,"key":"Block Potion"},{"floor":30,"key":"Explosive Potion"},{"floor":31,"key":"ColorlessPotion"},{"floor":33,"key":"FearPotion"}],"is_trial":false,"path_per_floor":["M","$","?","?","$","E","M","M","T","R","M","M","?","M","R","B",null,"M","M","M","?","M","R","$","R","T","R","?","M","M","E","R","B",null,"M"],"character_chosen":"ILLYA","items_purchased":["PrismaMod:IllyaReinForce","PrismaMod:IllyaCommonEvoke","PrismaMod:IllyaInstallRuler","PrismaMod:IllyaAOECommonAttack"],"campfire_rested":2,"item_purchase_floors":[2,2,24,24],"current_hp_per_floor":[82,82,82,82,82,20,20,25,25,49,54,61,61,68,68,58,87,87,81,63,73,73,73,73,73,73,73,73,70,45,11,37,42,87,84,84],"gold":253,"neow_bonus":"TEN_PERCENT_HP_BONUS","is_daily":false,"chose_seed":false,"campfire_upgraded":3,"win_rate":0.0,"timestamp":1612693964,"path_taken":["M","$","?","?","$","E","M","M","T","R","?","M","?","?","R","BOSS","M","M","M","?","M","R","$","R","T","R","?","M","?","E","R","BOSS","M"],"items_purchased_type":["Card","Card","Card","Card"],"build_version":"2020-12-22","purchased_purges":0,"victory":false,"max_hp_per_floor":[82,82,82,82,82,82,82,82,82,82,82,82,82,82,82,87,87,87,87,87,87,87,87,87,87,87,87,87,87,87,87,87,87,87,87,87],"card_choices":[{"not_picked":["PrismaMod:IllyaCheapChannelPoison","PrismaMod:IllyaHassanGift"],"picked":"PrismaMod:IllyaRubysPotion","floor":1},{"not_picked":["PrismaMod:IllyaGun","PrismaMod:IllyaSaphire"],"picked":"PrismaMod:IllyaCarnivalDefend","floor":6},{"not_picked":["PrismaMod:IllyaMinorZwei","PrismaMod:IllyaRubysPotion"],"picked":"PrismaMod:IllyaCheapAttack","floor":7},{"not_picked":["PrismaMod:IllyaUpgradeOrbs","PrismaMod:IllyaPartialInstallAssassin"],"picked":"PrismaMod:IllyaGrail","floor":8},{"not_picked":["PrismaMod:IllyaBride","PrismaMod:IllyaDualEvoke"],"picked":"PrismaMod:IllyaAlice","floor":11},{"not_picked":["PrismaMod:IllyaPartialInstallAssassin","PrismaMod:IllyaDevil"],"picked":"PrismaMod:IllyaCommandSeal","floor":12},{"not_picked":["PrismaMod:IllyaRubysPotion","PrismaMod:IllyaAOECommonAttack"],"picked":"PrismaMod:IllyaBlindPoisonToss","floor":14},{"not_picked":["PrismaMod:IllyaInstallAvenger","PrismaMod:IllyaInstallRider"],"picked":"PrismaMod:IllyaInstallAlterEgo","floor":16},{"not_picked":["PrismaMod:IllyaUncommonAttack","PrismaMod:IllyaRussianRoulette"],"picked":"PrismaMod:IllyaUberChannel","floor":18},{"not_picked":["PrismaMod:IllyaCheapChannelAttack","PrismaMod:IllyaRussianRoulette"],"picked":"PrismaMod:IllyaPoisonTippedWeapons","floor":19},{"not_picked":["PrismaMod:IllyaUncommonEvoke","PrismaMod:IllyaCheapAttack"],"picked":"PrismaMod:IllyaGrailKun+1","floor":20},{"not_picked":["PrismaMod:IllyaUberPoisonBlock","PrismaMod:IllyaSaphire"],"picked":"PrismaMod:IllyaPoisonBomb","floor":21},{"not_picked":["PrismaMod:IllyaGrailKun","PrismaMod:IllyaBlindPoisonToss"],"picked":"PrismaMod:IllyaDevil","floor":22},{"not_picked":["PrismaMod:IllyaUberChannel","PrismaMod:IllyaDevil"],"picked":"PrismaMod:IllyaBoysLove","floor":29},{"not_picked":["PrismaMod:IllyaAssassinRevenge","PrismaMod:IllyaCheapChannelAttack+1"],"picked":"PrismaMod:IllyaHassanGift+1","floor":30},{"not_picked":["PrismaMod:IllyaUncommonAttack","PrismaMod:IllyaPartialInstallAssassin+1"],"picked":"PrismaMod:IllyaUncommonAOEAttack","floor":31},{"not_picked":["PrismaMod:IllyaZwei","PrismaMod:IllyaUberPoisonChannel"],"picked":"PrismaMod:IllyaCarnivalAttack","floor":33}],"player_experience":740602,"relics_obtained":[{"floor":6,"key":"infinitespire:Golems Mask"},{"floor":9,"key":"White Beast Statue"},{"floor":21,"key":"infinitespire:BottledMercury"},{"floor":31,"key":"hubris:MedicalManual"}],"event_choices":[{"cards_removed":["PrismaMod:IllyaCommonEvoke"],"damage_healed":0,"gold_gain":0,"player_choice":"Give","damage_taken":0,"max_hp_gain":0,"max_hp_loss":0,"event_name":"betterNote:BetterNote","floor":3,"gold_loss":0,"cards_obtained":["None"]},{"damage_healed":61,"gold_gain":0,"player_choice":"Embrace Burn","damage_taken":0,"max_hp_gain":0,"max_hp_loss":82,"event_name":"betterThird:BetterShining","floor":13,"gold_loss":0},{"damage_healed":0,"gold_gain":0,"player_choice":"Upgraded","damage_taken":0,"max_hp_gain":0,"max_hp_loss":0,"event_name":"Upgrade Shrine","floor":28,"gold_loss":0,"cards_upgraded":["PrismaMod:IllyaBlindPoisonToss"]}],"is_beta":false,"boss_relics":[{"not_picked":["hubris:HollowSoul","Cursed Key"],"picked":"aspiration:RunicSpoon"},{"not_picked":["energizedSpire:DeadBattery","aspiration:DefectSkillbook"],"picked":"Philosopher\u0027s Stone"}],"items_purged_floors":[],"is_endless":false,"potions_floor_spawned":[1,6,11,12,14,16,18,19,20,21,22,29,30,31,33],"killed_by":"3 Darklings","ascension_level":1}}