{"host":"ihfq3u2xhoe3wi9r","time":1612698626,"event":{"mods":["BaseMod","BetterRewards","Colored Powertips","Hubris","Minty Spire (QoL Compilation)","StSLib","The Animator"],"gold_per_floor":[115,46,73,84,184,218,218,255,255,282,296,296,296,315,315,315,315],"floor_reached":16,"language":"ENG","playtime":1079,"items_purged":[],"score":189,"play_id":"a28783ba-248d-44bc-af7e-c13da50fe04f","local_time":"20210207065026","is_ascension_mode":true,"campfire_choices":[{"data":"animator:Shalltear","floor":7,"key":"SMITH"},{"floor":13,"key":"REST"},{"floor":15,"key":"REST"}],"circlet_count":0,"master_deck":["animator:Strike_GATE","animator:Defend_GATE","animator:Strike","animator:Strike","animator:Strike","animator:Defend","animator:Defend","animator:Defend","animator:TukaLunaMarceau","animator:Kuribayashi","animator:EmiyaShirou","animator:RoyMustang","animator:Shalltear+1","animator:ElricAlphonse+1","animator:Arpeggio","animator:Vesta+1","animator:Hans","animator:Caster+1"],"relics":["animator:LivingPicture","animator:TheMissingPiece","NeowsBlessing","Strawberry","Toxic Egg 2","Orichalcum","Happy Flower","Oddly Smooth Stone"],"acts_visited":["Exordium"],"potions_floor_usage":[8,8],"damage_taken":[{"damage":0,"enemies":"Cultist","floor":1,"turns":1},{"damage":0,"enemies":"Small Slimes","floor":4,"turns":1},{"damage":0,"enemies":"3 Sentries","floor":6,"turns":1},{"damage":49,"enemies":"Gremlin Nob","floor":8,"turns":7},{"damage":5,"enemies":"Jaw Worm","floor":10,"turns":3},{"damage":8,"enemies":"Blue Slaver","floor":11,"turns":5},{"damage":3,"enemies":"3 Louse","floor":14,"turns":2},{"damage":45,"enemies":"Hexaghost","floor":16,"turns":10}],"seed_played":"6699544562236654617","potions_obtained":[{"floor":1,"key":"AttackPotion"},{"floor":6,"key":"LiquidMemories"},{"floor":8,"key":"Ancient Potion"},{"floor":11,"key":"FearPotion"}],"is_trial":false,"path_per_floor":["M","$","T","M","?","E","R","E","T","M","M","?","R","M","R","B"],"character_chosen":"THE_ANIMATOR","items_purchased":["animator:RoyMustang"],"campfire_rested":2,"item_purchase_floors":[2],"current_hp_per_floor":[59,59,66,66,66,66,66,17,17,12,4,4,25,22,43,0,0],"gold":315,"neow_bonus":"THREE_ENEMY_KILL","is_daily":false,"chose_seed":false,"campfire_upgraded":1,"win_rate":0.0,"timestamp":1612698626,"path_taken":["M","$","?","M","?","E","R","E","T","?","M","?","R","?","R","BOSS"],"items_purchased_type":["Card"],"build_version":"2020-12-22","purchased_purges":0,"victory":false,"max_hp_per_floor":[66,66,73,73,73,73,73,73,73,73,73,73,73,73,73,73,73],"card_choices":[{"not_picked":["animator:HiiragiShinya","animator:ShinjiMatou"],"picked":"animator:EmiyaShirou","floor":1},{"not_picked":["animator:Yuuichirou","animator:ElricEdward"],"picked":"animator:Shalltear","floor":4},{"not_picked":["animator:YunYun","animator:Berserker"],"picked":"animator:ElricAlphonse+1","floor":6},{"not_picked":["animator:RoryMercury","animator:TukaLunaMarceau+1"],"picked":"animator:Arpeggio","floor":8},{"not_picked":["animator:Berserker","animator:Shigure"],"picked":"animator:Vesta+1","floor":10},{"not_picked":["animator:Sloth","animator:Shion"],"picked":"animator:Hans","floor":11},{"not_picked":["animator:YaoHaDucy","animator:Megumin"],"picked":"animator:Caster+1","floor":14}],"player_experience":839323,"relics_obtained":[{"floor":3,"key":"Strawberry"},{"floor":6,"key":"Toxic Egg 2"},{"floor":8,"key":"Orichalcum"},{"floor":9,"key":"Happy Flower"}],"event_choices":[{"damage_healed":0,"gold_gain":100,"player_choice":"Pray","damage_taken":0,"max_hp_gain":0,"max_hp_loss":0,"event_name":"Golden Shrine","floor":5,"gold_loss":0},{"damage_healed":0,"gold_gain":0,"player_choice":"Gave Potion","damage_taken":0,"relics_obtained":["Oddly Smooth Stone"],"max_hp_gain":0,"max_hp_loss":0,"event_name":"WeMeetAgain","floor":12,"gold_loss":0}],"is_beta":false,"boss_relics":[],"items_purged_floors":[],"is_endless":false,"potions_floor_spawned":[1,6,8,11],"killed_by":"Hexaghost","ascension_level":8}}