{"host":"rolltorest","time":1612666771,"event":{"mods":["BaseMod","Minty Spire (QoL Compilation)","Relic Stats","Slay the Relics Exporter","StSLib"],"gold_per_floor":[112,37,37,12,31,62,62,87,87,100,116,73,73,73,73],"floor_reached":14,"language":"ENG","playtime":274,"items_purged":[],"score":246,"play_id":"b8e31ab5-f84a-4312-88c6-cee8f4cfb779","local_time":"20210206185931","is_ascension_mode":true,"campfire_choices":[{"data":"Blade Dance","floor":7,"key":"SMITH"}],"circlet_count":0,"master_deck":["AscendersBane","Strike_G","Strike_G","Strike_G","Strike_G","Defend_G","Defend_G","Defend_G","Defend_G","Defend_G","Survivor","Neutralize","Bane","Expertise","Die Die Die","Neutralize","Blade Dance+1","Calculated Gamble","Blade Dance","Underhanded Strike","PiercingWail","Well Laid Plans"],"relics":["Ring of the Snake","NeowsBlessing","TungstenRod","Potion Belt","Ginger","Kunai"],"acts_visited":["Exordium"],"potions_floor_usage":[14,14],"damage_taken":[{"damage":0,"enemies":"Cultist","floor":1,"turns":1},{"damage":0,"enemies":"Jaw Worm","floor":5,"turns":1},{"damage":0,"enemies":"Gremlin Nob","floor":6,"turns":1},{"damage":13,"enemies":"3 Sentries","floor":8,"turns":7},{"damage":0,"enemies":"Small Slimes","floor":10,"turns":2},{"damage":2,"enemies":"Looter","floor":11,"turns":3},{"damage":32,"enemies":"Gremlin Nob","floor":14,"turns":4}],"seed_played":"-5771681424265126500","potions_obtained":[{"floor":5,"key":"Dexterity Potion"},{"floor":10,"key":"FearPotion"},{"floor":11,"key":"Swift Potion"}],"is_trial":false,"path_per_floor":["M","?","?","$","M","E","R","E","T","M","M","$","?","E"],"character_chosen":"THE_SILENT","items_purchased":["Blade Dance","Well Laid Plans"],"campfire_rested":0,"item_purchase_floors":[4,12],"current_hp_per_floor":[59,59,59,59,59,59,59,46,46,46,44,44,40,8,8],"gold":73,"neow_bonus":"THREE_ENEMY_KILL","is_daily":false,"chose_seed":false,"campfire_upgraded":1,"win_rate":0.0,"timestamp":1612666771,"path_taken":["M","?","?","$","?","E","R","E","T","M","M","$","?","E"],"items_purchased_type":["Card","Card"],"build_version":"2020-12-18","purchased_purges":0,"victory":false,"max_hp_per_floor":[66,66,66,66,66,66,66,66,66,66,66,66,66,66,66],"relic_stats":{"counters":[7,19],"Ginger":[0],"Kunai":[3],"obtain_stats":[{"Potion Belt":8,"NeowsBlessing":0,"Ginger":9,"Kunai":13,"TungstenRod":6,"Ring of the Snake":0},{"Potion Belt":4,"NeowsBlessing":0,"Ginger":4,"Kunai":6,"TungstenRod":3,"Ring of the Snake":0},{"Potion Belt":10,"NeowsBlessing":0,"Ginger":10,"Kunai":15,"TungstenRod":3,"Ring of the Snake":0}],"TungstenRod":7,"Ring of the Snake":[14]},"card_choices":[{"not_picked":["Deflect","Flying Knee"],"picked":"Bane","floor":1},{"not_picked":["Flechettes","Flying Knee"],"picked":"Calculated Gamble","floor":5},{"not_picked":["Deflect","Reflex"],"picked":"Blade Dance","floor":6},{"not_picked":["Phantasmal Killer","Acrobatics"],"picked":"Underhanded Strike","floor":8},{"not_picked":["Cloak And Dagger","All Out Attack","Dodge and Roll"],"picked":"SKIP","floor":10},{"not_picked":["Cloak And Dagger","Burst"],"picked":"PiercingWail","floor":11}],"player_experience":1902608,"relics_obtained":[{"floor":6,"key":"TungstenRod"},{"floor":8,"key":"Potion Belt"},{"floor":9,"key":"Ginger"}],"event_choices":[{"cards_removed":["Strike_G"],"damage_healed":0,"gold_gain":0,"player_choice":"Card Removal","damage_taken":0,"max_hp_gain":0,"max_hp_loss":0,"event_name":"The Cleric","floor":2,"gold_loss":75},{"damage_healed":0,"gold_gain":0,"player_choice":"3 cards matched","damage_taken":0,"max_hp_gain":0,"max_hp_loss":0,"event_name":"Match and Keep!","floor":3,"gold_loss":0,"cards_obtained":["Expertise","Die Die Die","Neutralize"]},{"damage_healed":0,"gold_gain":0,"player_choice":"Success","damage_taken":5,"relics_obtained":["Kunai"],"max_hp_gain":0,"max_hp_loss":0,"event_name":"Scrap Ooze","floor":13,"gold_loss":0}],"is_beta":true,"boss_relics":[],"items_purged_floors":[],"is_endless":false,"potions_floor_spawned":[5,10,11],"killed_by":"Gremlin Nob","ascension_level":20}}