{"host":"usru02jcpe2a942d","time":1612694367,"event":{"mods":["ATMod(°¢èªMod)","Act Like it!","BaseMod","Colored Powertips","Friendly Minions","Gensokyo","GifTheSpireLib","Highlight Path","Hubris","Infinite Spire","Jedi Mod","KomeijiMod","Minty Spire (QoL Compilation)","MostiFishMod","Quick Restart","Relic Stats","RumiaBox-Â¶Ã×æ«µÄÉñÃØºÐ×Ó","StSLib","noobMod","¡¾ÒÅÎï¿¨ÅÆ¡¿REMEMod","óô»ðÖ¸ÄÏ"],"gold_per_floor":[116,116,129,129,145,145,7,7,7,19,30,242,255,33,33,133,133,148,168,185,202,202,202],"floor_reached":22,"language":"ZHS","playtime":1534,"items_purged":["Strike_Komeiji"],"score":232,"play_id":"b8e476ec-29a3-46ec-8b70-0bbac9e8ef76","local_time":"20210207183927","is_ascension_mode":false,"campfire_choices":[{"data":"Mishyaguji+1","floor":6.0,"key":"SWEEP"},{"data":"AT_FamilyPortrait","floor":15.0,"key":"SMITH"}],"circlet_count":0,"master_deck":["Strike_Komeiji","Strike_Komeiji","Strike_Komeiji","Defend_Komeiji","Defend_Komeiji","Defend_Komeiji","Defend_Komeiji","Dash_Komeiji","AT_FamilyPortrait+1","REME_ShortnessOfBreath","NingyouSousou+1","OoedoNingyou+1","NingyouKisou+1","Mishyaguji+1","infinitespire:Gouge","YoukiSo+1","GasuOrimono","DemonsDinnerFork","NingyouSousou+1","MusouMyousyu","NingyouFukuhei+1","Mishyaguji+1","NingyouSousou+1"],"relics":["KomeijisEye","SpellCardsRule","MusicBox","REME_ComplimentaryCards","AT_ATBox","DaveBox","ice","ImprovedEquipment","SynthV:TestCard","hubris:Towel","HollowDreamFlower","hubris:64BitClover","NitorisBag","Busted Crown","Gensokyo:Companionship"],"acts_visited":["Gensokyo:Gensokyo","Gensokyo:Gensokyoer"],"potions_floor_usage":[],"damage_taken":[{"damage":3.0,"enemies":"Gensokyo:Gryphon","floor":1.0,"turns":6.0},{"damage":6.0,"enemies":"Gensokyo:Python","floor":3.0,"turns":4.0},{"damage":0.0,"enemies":"Gensokyo:2_Kodama","floor":5.0,"turns":3.0},{"damage":11.0,"enemies":"Gensokyo:LivingMonolith","floor":10.0,"turns":5.0},{"damage":0.0,"enemies":"Gensokyo:Kitsune","floor":11.0,"turns":5.0},{"damage":1.0,"enemies":"Gensokyo:VengefulSpirit","floor":12.0,"turns":7.0},{"damage":8.0,"enemies":"Gensokyo:2_Rabbits","floor":13.0,"turns":4.0},{"damage":0.0,"enemies":"Gensokyo:Reimu","floor":16.0,"turns":6.0},{"damage":3.0,"enemies":"Gensokyo:2_Gloops","floor":18.0,"turns":4.0},{"damage":19.0,"enemies":"Gensokyo:CosmicMonolith","floor":19.0,"turns":4.0},{"damage":23.0,"enemies":"Gensokyo:Slime_Group","floor":20.0,"turns":6.0},{"damage":11.0,"enemies":"Gensokyo:Mirror_and_Dog","floor":21.0,"turns":4.0},{"damage":0,"enemies":"Gensokyo:Mirror_and_Dog","floor":22,"turns":1}],"seed_played":"-2502686425457390685","potions_obtained":[{"floor":1.0,"key":"PowerPotion"},{"floor":5.0,"key":"Energy Potion"},{"floor":11.0,"key":"Weak Potion"},{"floor":13.0,"key":"jedi:wingpotion"},{"floor":16.0,"key":"Explosive Potion"}],"is_trial":false,"path_per_floor":["M","?","M","?","M","R","COS","?","T","M","M","M","M","$","R","B",null,"M","M","M","M","COS"],"character_chosen":"KomeijiSatori","items_purchased":["NitorisBag"],"campfire_rested":0,"item_purchase_floors":[14],"current_hp_per_floor":[52,52,46,46,46,51,51,38,38,35,39,45,41,41,41,49,55,52,36,17,10,10,10],"gold":202,"neow_bonus":"TEN_PERCENT_HP_BONUS","is_daily":false,"chose_seed":false,"campfire_upgraded":1,"win_rate":0.0,"timestamp":1612694367,"path_taken":["M","?","M","?","?","R","COS","?","T","M","M","M","M","?","R","BOSS","M","M","M","?","COS"],"items_purchased_type":["Relic"],"build_version":"2020-12-22","purchased_purges":1,"victory":false,"max_hp_per_floor":[55,55,55,55,55,55,55,55,55,55,55,55,55,55,55,55,55,55,55,55,55,55,55],"relic_stats":{"Busted Crown":16,"counters":[12,58],"obtain_stats":[{"MusicBox":0,"AT_ATBox":0,"DaveBox":0,"hubris:64BitClover":13,"ImprovedEquipment":0,"ice":0,"hubris:Towel":4,"NitorisBag":14,"SynthV:TestCard":1,"Busted Crown":17,"Gensokyo:Companionship":19,"KomeijisEye":0,"SpellCardsRule":0,"HollowDreamFlower":9,"REME_ComplimentaryCards":0},{"MusicBox":0,"AT_ATBox":0,"DaveBox":0,"hubris:64BitClover":7,"ImprovedEquipment":0,"ice":0,"hubris:Towel":2,"NitorisBag":7,"SynthV:TestCard":1,"Busted Crown":8,"Gensokyo:Companionship":10,"KomeijisEye":0,"SpellCardsRule":0,"HollowDreamFlower":3,"REME_ComplimentaryCards":0},{"MusicBox":0,"AT_ATBox":0,"DaveBox":0,"hubris:64BitClover":33,"ImprovedEquipment":0,"ice":0,"hubris:Towel":10,"NitorisBag":34,"SynthV:TestCard":6,"Busted Crown":40,"Gensokyo:Companionship":45,"KomeijisEye":0,"SpellCardsRule":0,"HollowDreamFlower":13,"REME_ComplimentaryCards":0}]},"card_choices":[{"not_picked":["SenyouGoraku+1","KinbakuJin+1"],"picked":"NingyouSousou+1","floor":1.0},{"not_picked":["KeiseiJin+1","NingyouSousou+1","NingyouFukuhei+1","KinbakuJin+1"],"picked":"OoedoNingyou+1","floor":2.0},{"not_picked":["Agarareta+1","KinbakuJin+1","Sabishigari+1","SeekerWire+1"],"picked":"NingyouKisou+1","floor":2.0},{"not_picked":["NingyouKisou+1","Mishyaguji+1","Melting","JyouchiJin+1"],"picked":"DochyakuKami+1","floor":3.0},{"not_picked":["Melting","OoedoNingyou+1","ShyakuBuku","Agarareta+1","DochyakuKami+1"],"picked":"SKIP","floor":5.0},{"not_picked":["infinitespire:Fortify","infinitespire:NeuralNetwork"],"picked":"infinitespire:Gouge","floor":8.0},{"not_picked":["KeiseiJin+1","InscribeRedSoul","SeishiRoten+1","ArtfulChanter"],"picked":"YoukiSo+1","floor":10.0},{"not_picked":["ShyakuBuku","SatsujinDooru","LunaDial","SelfTokamak"],"picked":"GasuOrimono","floor":11.0},{"not_picked":["Sabishigari+1","SeekerDolls","KinbakuJin+1","DemonLordCradle"],"picked":"DemonsDinnerFork","floor":12.0},{"not_picked":["SenyouGoraku+1","Agarareta+1","JyouchiJin+1","KeiseiJin+1"],"picked":"NingyouSousou+1","floor":13.0},{"not_picked":["LunaticRedEyes","MunenMusou","EverywhereHibernate","TenguhouSokujitsuken"],"picked":"MusouMyousyu","floor":16.0},{"not_picked":["Melting","LittleLegion"],"picked":"NingyouFukuhei+1","floor":18.0},{"not_picked":["NingyouChiyari+1","JigokuNoTaiyou"],"picked":"Mishyaguji+1","floor":19.0},{"not_picked":["HagoromoMizu","EnMu+1"],"picked":"NingyouSousou+1","floor":20.0},{"not_picked":["NingyouSousou+1","MissingPower","DochyakuKami+1"],"picked":"SKIP","floor":21.0}],"player_experience":243744,"relics_obtained":[{"floor":1.0,"key":"SynthV:TestCard"},{"floor":9.0,"key":"HollowDreamFlower"}],"event_choices":[],"is_beta":false,"boss_relics":[{"not_picked":["ExusiaiGun","hubris:ScarierMask"],"picked":"Busted Crown"}],"items_purged_floors":[14],"is_endless":false,"potions_floor_spawned":[1,5,11,13,16,18],"killed_by":"Gensokyo:Mirror_and_Dog","ascension_level":0}}