{"host":"xu0zbcebhy6w9mdv","time":1612737242,"event":{"mods":["AchievementEnabler","Act Like it!","Aspiration","BaseMod","Better Match","Better Third Choice","BetterRewards","Colored Powertips","Downfall","Duelist Mod","Friendly Minions","Gensokyo","Hallownest","Hubris","Infinite Spire","Marisa????????","Minty Spire (QoL Compilation)","Potionbrewer","Quick Restart","READ ME - Guardian Mod","READ ME - Snecko Mod","Rare Cards Sparkle","Replay The Spire","Shop Mod","StSLib","The Animator","The Blackbeard","The Bug Knight","The Cursed","The Hierophant","The Necromancer","The Runesmith","The Servant 0.9.4"],"gold_per_floor":[144,144,144,144,161,161,193,219,300,340,352,364,389,414,426,517,529,556,241,241,256,268,268,294,309,309,83,103,136,136,136,136,136,136],"floor_reached":33,"language":"ENG","playtime":2958,"items_purged":[],"score":915,"play_id":"ae9377b2-80b5-4e94-8346-210c4e420445","local_time":"20210207173402","is_ascension_mode":true,"campfire_choices":[{"data":"theDuelist:PowerMetronome","floor":6,"key":"SMITH"},{"floor":12,"key":"RECALL"},{"floor":15,"key":"REST"},{"data":"theDuelist:BlockMetronome","floor":23,"key":"SMITH"},{"floor":32,"key":"REST"}],"circlet_count":0,"master_deck":["AscendersBane","theDuelist:AttackMetronome+1","theDuelist:AttackMetronome+1","theDuelist:AttackMetronome+1","theDuelist:AttackMetronome+1","theDuelist:BlockMetronome+1","theDuelist:BlockMetronome","theDuelist:BlockMetronome+1","theDuelist:Metronome","theDuelist:Metronome","theDuelist:PowerMetronome+1","theDuelist:SkillMetronome","theDuelist:SkillMetronome","theDuelist:TrapMetronome","theDuelist:UncommonAttackMetronome+1","theDuelist:UncommonAttackMetronome+1","theDuelist:UncommonAttackMetronome+1"],"relics":["theDuelist:ChallengePuzzle","theDuelist:CardPoolRelic","theDuelist:CardPoolBasicRelic","theDuelist:BoosterPackPoolRelic","theDuelist:CardPoolAddRelic","theDuelist:CardPoolSaveRelic","theDuelist:CardPoolOptionsRelic","infinitespire:Cubic Diamond","infinitespire:Broken Mirror","MawBank","Mirror","Garlic","hubris:Towel","theDuelist:MillenniumArmor","aspiration:Nostalgia","Replay:M_StaffOfTheSnake","potionbrewer:SlideRule","ReplayTheSpireMod:TigerMarble","Replay:Mystery Machine"],"acts_visited":["Exordium","TheCity"],"potions_floor_usage":[16,24,25,26,33],"damage_taken":[{"damage":0,"enemies":"Small Slimes","floor":1,"turns":1},{"damage":0,"enemies":"2 Louse","floor":5,"turns":1},{"damage":14,"enemies":"3 Sentries","floor":7,"turns":7},{"damage":0,"enemies":"Cultist","floor":8,"turns":1},{"damage":0,"enemies":"Replay:BlueRogue","floor":10,"turns":4},{"damage":10,"enemies":"Gremlin Gang","floor":13,"turns":3},{"damage":0,"enemies":"Blue Slaver","floor":14,"turns":1},{"damage":18,"enemies":"The Guardian","floor":16,"turns":6},{"damage":0,"enemies":"3 Byrds","floor":18,"turns":4},{"damage":0,"enemies":"2 Thieves","floor":21,"turns":3},{"damage":0,"enemies":"Snake Plant","floor":22,"turns":2},{"damage":8,"enemies":"theDuelist:KaibaA2","floor":24,"turns":3},{"damage":4,"enemies":"Centurion and Healer","floor":25,"turns":4},{"damage":6,"enemies":"Shelled Parasite and Fungi","floor":28,"turns":8},{"damage":0,"enemies":"HollowMod:Nosk","floor":29,"turns":5},{"damage":73,"enemies":"Automaton","floor":33,"turns":8}],"seed_played":"1259306129555314631","potions_obtained":[{"floor":8,"key":"SpeedPotion"},{"floor":18,"key":"theDuelist:BottledKuriboh"},{"floor":24,"key":"SpeedPotion"},{"floor":28,"key":"theDuelist:FlamingBottle"}],"is_trial":false,"path_per_floor":["M","?","?","?","M","R","E","M","T","E","?","R","M","M","R","B",null,"M","$","?","M","M","R","E","M","T","$","M","E","?","$","R","B"],"character_chosen":"THE_DUELIST","items_purchased":["theDuelist:MetronomeRelicC","theDuelist:UncommonAttackMetronome","potionbrewer:BlacksmithPotion","theDuelist:MillenniumArmor","aspiration:Nostalgia","theDuelist:UncommonAttackMetronome+1","ReplayTheSpireMod:TigerMarble"],"campfire_rested":2,"item_purchase_floors":[0,0,0,19,19,27,27],"current_hp_per_floor":[56,56,56,56,56,56,42,42,42,42,42,42,32,32,53,35,61,61,61,61,61,61,61,53,49,49,49,43,43,43,43,64,0,0],"gold":136,"neow_bonus":"","is_daily":false,"chose_seed":false,"campfire_upgraded":2,"win_rate":0.0,"timestamp":1612737242,"path_taken":["M","?","?","?","M","R","E","M","T","E","?","R","M","M","R","BOSS","M","$","?","?","M","R","E","?","T","$","M","E","?","?","R","BOSS"],"items_purchased_type":["Relic","Card","Potion","Relic","Relic","Card","Relic"],"build_version":"2020-12-22","purchased_purges":0,"victory":false,"max_hp_per_floor":[70,70,70,70,70,70,70,70,70,70,70,70,70,70,70,70,70,70,70,70,70,70,70,70,70,70,70,70,70,70,70,70,70,70],"card_choices":[{"not_picked":["theDuelist:EarthquakeGiant","theDuelist:EvilswarmHeliotrope","theDuelist:WormWarlord","theDuelist:GauntletWarrior","theDuelist:Sangan"],"picked":"SKIP","floor":1},{"not_picked":["theDuelist:WormKing","theDuelist:WormWarlord","theDuelist:BlockGolem","theDuelist:EarthGiant","theDuelist:PreventRat"],"picked":"SKIP","floor":5},{"not_picked":["theDuelist:BattleguardKing","theDuelist:GaiaMidNightSun","theDuelist:EarthEffigy","theDuelist:RedHeadedOni","theDuelist:PreventRat"],"picked":"SKIP","floor":7},{"not_picked":["theDuelist:UndeadMetronome","theDuelist:PlantMetronome","theDuelist:PelagicMetronome","theDuelist:MetalRaidersMetronome","theDuelist:ArcaneSpellMetronome"],"picked":"SKIP","floor":8},{"not_picked":["theDuelist:GraniteLoyalist","theDuelist:WormKing","theDuelist:GiantSoldierSteel","theDuelist:WormApocalypse","theDuelist:EvilswarmHeliotrope"],"picked":"SKIP","floor":10},{"not_picked":["theDuelist:RecklessMetronome","theDuelist:RareAttackMetronome","theDuelist:MonsterMetronome","theDuelist:LegendBlueEyesMetronome","theDuelist:BlockMetronome"],"picked":"SKIP","floor":13},{"not_picked":["theDuelist:BattleOx","theDuelist:MillenniumGolem","theDuelist:GreenGraveOni","theDuelist:HarpieFeather","theDuelist:WormKing"],"picked":"SKIP","floor":14},{"not_picked":["theDuelist:EarthquakeGiant","theDuelist:MillenniumGolem","theDuelist:AttackTheMoon","theDuelist:ClearKuriboh","theDuelist:DestroyerGolem"],"picked":"SKIP","floor":18},{"not_picked":["theDuelist:UncommonAttackMetronome","theDuelist:RoseMetronome+1","theDuelist:MetalRaidersMetronome","theDuelist:AttackMetronome","theDuelist:AquaMetronome"],"picked":"SKIP","floor":21},{"not_picked":["theDuelist:DestroyerGolem","theDuelist:ClearKuriboh","theDuelist:FuryFire","theDuelist:EvilswarmHeliotrope","theDuelist:GaiaMidNightSun"],"picked":"SKIP","floor":22},{"not_picked":["theDuelist:UndeadMetronome+1","theDuelist:RockMetronome+1","theDuelist:RareNatureMetronome","theDuelist:PredaplantMetronome","theDuelist:CombatMetronome+1"],"picked":"SKIP","floor":24},{"not_picked":["theDuelist:BattleOx+1","theDuelist:BigFire","theDuelist:FeatherPho","theDuelist:MagicalStone","theDuelist:EarthquakeGiant"],"picked":"SKIP","floor":25},{"not_picked":["theDuelist:UncommonMetronome","theDuelist:UncommonAttackMetronome","theDuelist:Metronome","theDuelist:MachineMonsterMetronome","theDuelist:AttackMetronome"],"picked":"SKIP","floor":28},{"not_picked":["theDuelist:BattleguardKing+1","theDuelist:BigFire","theDuelist:ClearKuriboh","theDuelist:Sangan","theDuelist:EvilswarmHeliotrope"],"picked":"SKIP","floor":29}],"player_experience":659944,"relics_obtained":[{"floor":3,"key":"infinitespire:Broken Mirror"},{"floor":7,"key":"MawBank"},{"floor":9,"key":"Mirror"},{"floor":10,"key":"Garlic"},{"floor":24,"key":"potionbrewer:SlideRule"},{"floor":29,"key":"Replay:Mystery Machine"}],"event_choices":[{"cards_removed":["theDuelist:ShiranuiMetronome"],"damage_healed":0,"gold_gain":0,"player_choice":"Purged","damage_taken":0,"max_hp_gain":0,"max_hp_loss":0,"event_name":"Purifier","floor":20,"gold_loss":0}],"is_beta":false,"boss_relics":[{"not_picked":["hubris:BlackHole","aspiration:RunicSpoon","Runesmith:UraniumAnvil"]}],"items_purged_floors":[],"is_endless":false,"potions_floor_spawned":[8,10,13,14,18,24,28],"killed_by":"Automaton","ascension_level":20}}