{"host":"2qyxu97h6u4ukicb","time":1612723554,"event":{"mods":["AchievementEnabler","BaseMod","BetterRewards","Colored Map","Colored Powertips","Minty Spire (QoL Compilation)","Replay The Spire","Shop Mod","StSLib"],"gold_per_floor":[111,122,297,297,297,297,66,66,66,101,126,126,149,164,164,295,295,309,309,329,329,244,244,259,290,290,230,26,40,40,40,40],"floor_reached":31,"language":"ENG","playtime":2843,"items_purged":["Doubt"],"score":276,"play_id":"1dbc82a1-8e7a-455a-aed2-3947584f3040","local_time":"20210207124554","is_ascension_mode":false,"campfire_choices":[{"data":"Flying Knee","floor":6.0,"key":"SMITH"},{"data":"Neutralize","floor":8.0,"key":"SMITH"},{"floor":15.0,"key":"REST"},{"data":"Storm of Steel","floor":23,"key":"SMITH"}],"circlet_count":0,"master_deck":["Strike_G","Strike_G","Strike_G+1","Strike_G","Strike_G","Defend_G","Defend_G","Defend_G","Defend_G","Defend_G","Survivor","Neutralize+1","Flying Knee+1","Deadly Poison+1","Slice","Leg Sweep","Envenom","Storm of Steel+1","Deflect+1","Dagger Spray","Noxious Fumes","Toxin Wave","Cloak And Dagger"],"relics":["Ring of the Snake","Gremlin Food","Boot","Basket Of Snakes","Blood Vial","Anchor","Golden Idol","Nunchaku","Byrd Skull","PreservedInsect","Chameleon Ring","BargainBundle"],"acts_visited":["Exordium","TheCity"],"potions_floor_usage":[24,24,25,25,29,29],"damage_taken":[{"damage":2.0,"enemies":"Cultist","floor":1.0,"turns":5.0},{"damage":0.0,"enemies":"Jaw Worm","floor":2.0,"turns":4.0},{"damage":22.0,"enemies":"Gremlin Nob","floor":10.0,"turns":4.0},{"damage":0.0,"enemies":"Small Slimes","floor":13.0,"turns":2.0},{"damage":0.0,"enemies":"2 Fungi Beasts","floor":14.0,"turns":3.0},{"damage":34.0,"enemies":"Fading Forest","floor":16.0,"turns":11.0},{"damage":4,"enemies":"2 Thieves","floor":18,"turns":4},{"damage":27,"enemies":"Shell Parasite","floor":20,"turns":8},{"damage":10,"enemies":"Chosen and Byrds","floor":24,"turns":6},{"damage":15,"enemies":"Replay:Snechameleon","floor":25,"turns":6},{"damage":11,"enemies":"Snake Plant","floor":29,"turns":4},{"damage":0,"enemies":"Sentry and Sphere","floor":31,"turns":2}],"seed_played":"6877368802725421870","potions_obtained":[{"floor":1.0,"key":"Regen Potion"},{"floor":16.0,"key":"GhostInAJar"},{"floor":18,"key":"Energy Potion"},{"floor":20,"key":"Poison Potion"},{"floor":24,"key":"Dexterity Potion"}],"is_trial":false,"path_per_floor":["M","M","?","?","?","R","$","R","T","E","T","?","M","M","R","B",null,"M","?","M","?","?","R","M","E","T","?","$","M","T","M"],"character_chosen":"THE_SILENT","items_purchased":["Boot","BargainBundle","EssenceOfSteel","LiquidBronze","Poison Potion"],"campfire_rested":1,"item_purchase_floors":[7,28,28,28,28],"current_hp_per_floor":[68,68,68,68,68,68,68,68,68,53,53,36,38,40,61,51,70,66,66,41,41,41,41,33,20,20,20,20,11,11,13,13],"gold":40,"neow_bonus":"RANDOM_COMMON_RELIC","is_daily":false,"chose_seed":false,"campfire_upgraded":3,"win_rate":0.0,"timestamp":1612723554,"path_taken":["M","?","?","?","?","R","?","R","T","E","?","?","?","M","R","BOSS","M","?","?","?","?","R","M","E","T","?","?","M","?","M"],"items_purchased_type":["Relic","Relic","Potion","Potion","Potion"],"build_version":"2020-12-22","purchased_purges":1,"victory":false,"max_hp_per_floor":[70,70,70,70,70,70,70,70,70,70,70,70,70,70,70,70,70,70,70,70,70,70,70,70,70,70,70,70,70,70,70,70],"card_choices":[{"not_picked":["ReplayTheSpireMod:Speed Training","Bane"],"picked":"Flying Knee","floor":1.0},{"not_picked":["Underhanded Strike","Cloak And Dagger"],"picked":"Deadly Poison","floor":2.0},{"not_picked":["Footwork","Doppelganger"],"picked":"Slice","floor":10.0},{"not_picked":["Fluid Movement","Hidden Blade"],"picked":"Leg Sweep","floor":13.0},{"not_picked":["Dagger Spray","Prepared"],"picked":"Envenom","floor":14.0},{"not_picked":["Bullet Time","Atom Bomb"],"picked":"Storm of Steel","floor":16.0},{"not_picked":["Acrobatics","ReplayTheSpireMod:Speed Training"],"picked":"Deflect+1","floor":18},{"not_picked":["ReplayTheSpireMod:The Works+1","Concentrate+1"],"picked":"Dagger Spray","floor":20},{"not_picked":["Poisoned Stab","Deadly Poison"],"picked":"Noxious Fumes","floor":24},{"not_picked":["Tools of the Trade","ReplayTheSpireMod:The Works"],"picked":"Toxin Wave","floor":25},{"not_picked":["Hidden Blade","Deadly Poison"],"picked":"Cloak And Dagger","floor":29}],"player_experience":795492,"relics_obtained":[{"floor":9.0,"key":"Basket Of Snakes"},{"floor":10.0,"key":"Blood Vial"},{"floor":11.0,"key":"Anchor"},{"floor":25,"key":"PreservedInsect"},{"floor":26,"key":"Chameleon Ring"}],"event_choices":[{"damage_healed":0.0,"max_hp_gain":0.0,"max_hp_loss":0.0,"gold_gain":175.0,"event_name":"Liars Game","player_choice":"AGREE","floor":3.0,"gold_loss":0.0,"damage_taken":0.0,"cards_obtained":["Doubt"]},{"damage_healed":0.0,"max_hp_gain":0.0,"max_hp_loss":0.0,"gold_gain":0.0,"event_name":"Golden Wing","player_choice":"Ignored","floor":4.0,"gold_loss":0.0,"damage_taken":0.0},{"damage_healed":0.0,"max_hp_gain":0.0,"max_hp_loss":0.0,"gold_gain":0.0,"event_name":"Living Wall","player_choice":"Grow","floor":5.0,"gold_loss":0.0,"damage_taken":0.0,"cards_upgraded":["Deadly Poison"]},{"damage_healed":0.0,"max_hp_gain":0.0,"max_hp_loss":0.0,"gold_gain":0.0,"event_name":"Golden Idol","player_choice":"Take Damage","floor":12.0,"gold_loss":0.0,"damage_taken":17.0,"relics_obtained":["Golden Idol"]},{"damage_healed":0,"gold_gain":0,"player_choice":"Ignored","damage_taken":0,"max_hp_gain":0,"max_hp_loss":0,"event_name":"Ghosts","floor":21,"gold_loss":0},{"damage_healed":0,"gold_gain":0,"player_choice":"Obtained Relic","damage_taken":0,"relics_obtained":["Byrd Skull"],"max_hp_gain":0,"max_hp_loss":0,"event_name":"Addict","floor":22,"gold_loss":85}],"is_beta":false,"boss_relics":[{"not_picked":["HoveringKite","Replay:Grab Bag","Runic Dome"]}],"items_purged_floors":[7],"is_endless":false,"potions_floor_spawned":[1,16,18,20,24],"killed_by":"Sentry and Sphere","ascension_level":0}}