{"host":"i70yit5z0kpl303k","time":1612738189,"event":{"mods":["2.2 Compatiblity","Act Like it!","BaseMod","BetterRewards","Evolution","Infinite Spire","Ironclad Rager","Koishi","Marked Mod","Minty Spire (QoL Compilation)","Relic Stats","Reliquary","Replay The Spire","StSLib","The Blue Laboratory","The Marked"],"gold_per_floor":[119,222,222,252,264,301,332,340,364,375,452,465,465,491,491,590,590,609,708,723,738,738,738,750,750,750],"floor_reached":25,"language":"ENG","playtime":827,"items_purged":[],"score":288,"play_id":"035d9da7-4791-4bf1-8cc9-dbfa28b5f8c1","local_time":"20210207144949","is_ascension_mode":false,"campfire_choices":[{"floor":13,"key":"REST"},{"floor":23,"key":"REST"}],"circlet_count":0,"master_deck":["Dagger Throw","Dagger Throw","Dagger Throw","Dagger Throw","Survivor","Neutralize","Dagger Throw","Slice","Pot Of Greed","Pot Of Greed","Bane","Slice","Dagger Spray","Deadly Poison","ReplayTheSpireMod:Faulty Equipment","Underhanded Strike","Sucker Punch","Blade Dance","Tools of the Trade","Outmaneuver","Burst","Eviscerate","Reflex","ReplayTheSpireMod:Scrap Shanks","Pot Of Greed","Finisher+1","Crippling Poison+1","Bite","Bite","Bite","Bite","Bite","Poisoned Stab","Pot Of Greed"],"relics":["Ring of the Snake","EVO:Axolotl","Grinning Jar","MawBank","Replay:Kaleidoscope","ReplayTheSpireMod:CursedCoin","Oddly Smooth Stone","Vajra","reliquary:BallBearing","HornCleat","Pandora\u0027s Box"],"acts_visited":["Exordium","TheCity"],"potions_floor_usage":[],"damage_taken":[{"damage":0,"enemies":"Small Slimes","floor":1,"turns":2},{"damage":0,"enemies":"Cultist","floor":4,"turns":2},{"damage":19,"enemies":"3 Sentries","floor":6,"turns":7},{"damage":3,"enemies":"Jaw Worm","floor":7,"turns":2},{"damage":7,"enemies":"Red Slaver","floor":10,"turns":2},{"damage":7,"enemies":"Exordium Thugs","floor":12,"turns":2},{"damage":16,"enemies":"Gremlin Nob","floor":14,"turns":3},{"damage":10,"enemies":"Hexaghost","floor":16,"turns":9},{"damage":10,"enemies":"2 Thieves","floor":18,"turns":3},{"damage":12,"enemies":"Shell Parasite","floor":20,"turns":3},{"damage":11,"enemies":"Shelled Parasite and Fungi","floor":21,"turns":3},{"damage":44,"enemies":"Centurion and Healer","floor":24,"turns":5},{"damage":23,"enemies":"Slavers","floor":25,"turns":1}],"seed_played":"5803574388653653077","potions_obtained":[{"floor":6,"key":"Venom Potion"},{"floor":10,"key":"GamblersBrew"},{"floor":14,"key":"blueLaboratory:FrostheartPotion"},{"floor":15,"key":"SteroidPotion"},{"floor":15,"key":"blueLaboratory:ExaltedPotion"},{"floor":20,"key":"LiquidBronze"}],"is_trial":false,"path_per_floor":["M","?","?","M","?","E","M","$","T","M","T","M","R","E","R","B",null,"M","?","M","M","?","R","M","E"],"character_chosen":"THE_SILENT","items_purchased":["ReplayTheSpireMod:CursedCoin","Oddly Smooth Stone"],"campfire_rested":2,"item_purchase_floors":[8,8],"current_hp_per_floor":[75,75,75,75,75,56,53,53,53,46,46,39,61,45,45,35,75,65,65,53,42,42,52,18,0,0],"gold":750,"neow_bonus":"RANDOM_EVENT","is_daily":false,"chose_seed":false,"campfire_upgraded":0,"win_rate":0.0,"timestamp":1612738189,"path_taken":["M","?","?","?","?","E","?","?","T","?","?","M","R","E","R","BOSS","M","?","M","M","?","R","M","E"],"items_purchased_type":["Relic","Relic"],"build_version":"2020-12-22","purchased_purges":0,"victory":false,"max_hp_per_floor":[75,75,75,75,75,75,75,75,75,75,75,75,75,75,75,75,75,75,75,75,75,52,52,52,52,52],"relic_stats":{"counters":[13,44],"Pandora\u0027s Box":["Outmaneuver","Burst","Eviscerate","Reflex","ReplayTheSpireMod:Scrap Shanks"],"MawBank":60,"obtain_stats":[{"HornCleat":14,"ReplayTheSpireMod:CursedCoin":8,"Oddly Smooth Stone":8,"Vajra":9,"Pandora\u0027s Box":17,"reliquary:BallBearing":11,"EVO:Axolotl":0,"Replay:Kaleidoscope":6,"Grinning Jar":2,"MawBank":3,"Ring of the Snake":0},{"HornCleat":7,"ReplayTheSpireMod:CursedCoin":4,"Oddly Smooth Stone":4,"Vajra":4,"Pandora\u0027s Box":8,"reliquary:BallBearing":5,"EVO:Axolotl":0,"Replay:Kaleidoscope":3,"Grinning Jar":1,"MawBank":1,"Ring of the Snake":0},{"HornCleat":20,"ReplayTheSpireMod:CursedCoin":13,"Oddly Smooth Stone":13,"Vajra":13,"Pandora\u0027s Box":29,"reliquary:BallBearing":15,"EVO:Axolotl":0,"Replay:Kaleidoscope":11,"Grinning Jar":2,"MawBank":2,"Ring of the Snake":0}],"Ring of the Snake":[26]},"card_choices":[{"not_picked":["ReplayTheSpireMod:Speed Training","Quick Slash"],"picked":"Dagger Throw","floor":1},{"not_picked":["All Out Attack","Escape Plan"],"picked":"Slice","floor":2},{"not_picked":["Riddle With Holes","Masterful Stab"],"picked":"Bane","floor":2},{"not_picked":["Bane","Dagger Throw"],"picked":"Slice","floor":4},{"not_picked":["Fluid Movement","Endless Agony"],"picked":"Dagger Spray","floor":6},{"not_picked":["Bane","Leg Sweep"],"picked":"Deadly Poison","floor":7},{"not_picked":["PiercingWail","Acrobatics"],"picked":"Underhanded Strike","floor":10},{"not_picked":["Bane","Backflip"],"picked":"Sucker Punch","floor":12},{"not_picked":["Dash","ReplayTheSpireMod:Speed Training"],"picked":"Blade Dance","floor":14},{"not_picked":["Atom Bomb","Replay:Bag of Tricks"],"picked":"Tools of the Trade","floor":16},{"not_picked":["Outmaneuver","PiercingWail+1"],"picked":"Finisher+1","floor":18},{"not_picked":["Dodge and Roll","Draining Mist"],"picked":"Crippling Poison+1","floor":20},{"not_picked":["Dagger Spray","Prepared","Blur"],"picked":"SKIP","floor":21},{"not_picked":["Cloak And Dagger","Crippling Poison"],"picked":"Poisoned Stab","floor":24}],"player_experience":259736,"relics_obtained":[{"floor":2,"key":"Grinning Jar"},{"floor":6,"key":"Replay:Kaleidoscope"},{"floor":9,"key":"Vajra"},{"floor":11,"key":"reliquary:BallBearing"},{"floor":14,"key":"HornCleat"}],"event_choices":[{"damage_healed":0,"gold_gain":0,"player_choice":"Donut","damage_taken":0,"max_hp_gain":5,"max_hp_loss":0,"event_name":"Big Fish","floor":0,"gold_loss":0},{"cards_removed":["Dagger Throw"],"damage_healed":0,"gold_gain":0,"player_choice":"Gave Card","damage_taken":0,"relics_obtained":["MawBank"],"max_hp_gain":0,"max_hp_loss":0,"event_name":"WeMeetAgain","floor":3,"gold_loss":0},{"damage_healed":0,"gold_gain":0,"player_choice":"0 cards matched","damage_taken":0,"max_hp_gain":0,"max_hp_loss":0,"event_name":"Match and Keep!","floor":5,"gold_loss":0,"cards_obtained":[]},{"damage_healed":0,"gold_gain":99,"player_choice":"Stole From Cult","damage_taken":0,"max_hp_gain":0,"max_hp_loss":0,"event_name":"Nest","floor":19,"gold_loss":0},{"damage_healed":0,"gold_gain":0,"player_choice":"Became a vampire","damage_taken":0,"max_hp_gain":0,"max_hp_loss":23,"event_name":"Vampires","floor":22,"gold_loss":0,"cards_obtained":["Bite","Bite","Bite","Bite","Bite"]}],"is_beta":false,"boss_relics":[{"not_picked":["Runic Pyramid","ReplayTheSpireMod:DimensionalGlitch"],"picked":"Pandora\u0027s Box"}],"items_purged_floors":[],"is_endless":false,"potions_floor_spawned":[6,10,14,20,24],"killed_by":"Slavers","ascension_level":0}}