{"host":"gobyjzz6xbwq9f9i","time":1612666920,"event":{"mods":["AchievementEnabler","BaseMod","Bestiary","Colored Map","Minty Spire (QoL Compilation)","Relic Stats"],"gold_per_floor":[16,29,29,104,114,131,161,161,161,186,34,34,34],"floor_reached":12,"language":"ENG","playtime":331,"items_purged":[],"score":117,"play_id":"667b26a1-4966-4017-9835-1dd6c222aeb3","local_time":"20210206190200","is_ascension_mode":true,"campfire_choices":[],"circlet_count":0,"master_deck":["AscendersBane","Strike_G","Strike_G","Strike_G","Strike_G","Strike_G","Defend_G","Defend_G","Defend_G","Defend_G","Defend_G","Survivor","Neutralize","The Bomb","Leg Sweep","Footwork","Poisoned Stab","Backstab","Backflip","Bullet Time"],"relics":["Ring of the Snake","HornCleat","Kunai","Anchor"],"acts_visited":[],"potions_floor_usage":[],"damage_taken":[{"damage":0.0,"enemies":"2 Louse","floor":1.0,"turns":5.0},{"damage":4.0,"enemies":"Small Slimes","floor":2.0,"turns":5.0},{"damage":1.0,"enemies":"Cultist","floor":5.0,"turns":4.0},{"damage":15.0,"enemies":"Blue Slaver","floor":6.0,"turns":6.0},{"damage":20.0,"enemies":"3 Sentries","floor":7.0,"turns":4.0},{"damage":16,"enemies":"Gremlin Nob","floor":12,"turns":3}],"seed_played":"3152276552141550053","potions_obtained":[{"floor":1.0,"key":"SmokeBomb"}],"is_trial":false,"path_per_floor":["M","M","?","?","M","M","E","?","T","T","$","E"],"character_chosen":"THE_SILENT","items_purchased":["Bullet Time"],"campfire_rested":0,"item_purchase_floors":[11],"current_hp_per_floor":[63,59,59,48,47,32,12,12,12,12,12,0,0],"gold":34,"neow_bonus":"RANDOM_COLORLESS_2","is_daily":false,"chose_seed":false,"campfire_upgraded":0,"win_rate":0.0,"timestamp":1612666920,"path_taken":["M","M","?","?","M","M","E","?","T","?","$","E"],"items_purchased_type":["Card"],"build_version":"2020-12-22","purchased_purges":0,"victory":false,"max_hp_per_floor":[70,70,70,70,70,70,70,70,70,70,70,70,70],"relic_stats":{"counters":[6,27],"Kunai":[1],"obtain_stats":[{"Anchor":10,"HornCleat":7,"Kunai":9,"Ring of the Snake":0},{"Anchor":5,"HornCleat":5,"Kunai":5,"Ring of the Snake":0},{"Anchor":24,"HornCleat":24,"Kunai":24,"Ring of the Snake":0}],"Ring of the Snake":[12]},"card_choices":[{"not_picked":["Secret Technique","Thinking Ahead"],"picked":"The Bomb","floor":0.0},{"not_picked":["Deflect","Bane"],"picked":"Leg Sweep","floor":1.0},{"not_picked":["Crippling Poison","Slice"],"picked":"Footwork","floor":2.0},{"not_picked":["Masterful Stab","Deadly Poison"],"picked":"Poisoned Stab","floor":5.0},{"not_picked":["Prepared","Finisher"],"picked":"Backstab","floor":6.0},{"not_picked":["Outmaneuver","Underhanded Strike"],"picked":"Backflip","floor":7.0}],"player_experience":1289006,"relics_obtained":[{"floor":7.0,"key":"HornCleat"},{"floor":9.0,"key":"Kunai"},{"floor":10.0,"key":"Anchor"}],"event_choices":[{"damage_healed":0.0,"max_hp_gain":0.0,"max_hp_loss":0.0,"gold_gain":0.0,"event_name":"Golden Idol","player_choice":"Ignored","floor":3.0,"gold_loss":0.0,"damage_taken":0.0},{"damage_healed":0.0,"max_hp_gain":0.0,"max_hp_loss":0.0,"gold_gain":75.0,"event_name":"World of Goop","player_choice":"Gather Gold","floor":4.0,"gold_loss":0.0,"damage_taken":11.0},{"damage_healed":0.0,"max_hp_gain":0.0,"max_hp_loss":0.0,"gold_gain":0.0,"event_name":"Shining Light","player_choice":"Ignored","floor":8.0,"gold_loss":0.0,"damage_taken":0.0}],"is_beta":false,"boss_relics":[],"items_purged_floors":[],"is_endless":false,"potions_floor_spawned":[1],"killed_by":"Gremlin Nob","ascension_level":10}}