{"host":"zwezhz46a5cjkxff","time":1612668980,"event":{"mods":["AchievementEnabler","BaseMod","Colored Map","Colored Powertips","DeckTracker","Minty Spire (QoL Compilation)","Permanent Neow","Quick Restart","Rare Cards Sparkle","Relic Stats","StSLib","SuperFastMode"],"gold_per_floor":[13,32,42,54,54,54,54],"floor_reached":6,"language":"ENG","playtime":232,"items_purged":[],"score":42,"play_id":"69c442e4-d701-49e6-b665-e9a72fd3b0da","local_time":"20210206213620","is_ascension_mode":true,"campfire_choices":[],"circlet_count":0,"master_deck":["Strike_G","Strike_G","Strike_G","Strike_G","Strike_G","Defend_G","Defend_G","Defend_G","Defend_G","Defend_G","Survivor","Neutralize","Dagger Spray"],"relics":["Ring of the Snake","Shovel","Golden Idol"],"acts_visited":["Exordium"],"potions_floor_usage":[6],"damage_taken":[{"damage":0,"enemies":"Jaw Worm","floor":1,"turns":5},{"damage":0,"enemies":"Cultist","floor":2,"turns":3},{"damage":8,"enemies":"2 Louse","floor":3,"turns":3},{"damage":31,"enemies":"Large Slime","floor":4,"turns":11},{"damage":31,"enemies":"Lagavulin","floor":6,"turns":3}],"seed_played":"6692683817617906249","potions_obtained":[{"floor":2,"key":"Explosive Potion"},{"floor":4,"key":"AttackPotion"}],"is_trial":false,"path_per_floor":["M","M","M","M","?","E"],"character_chosen":"THE_SILENT","items_purchased":[],"campfire_rested":0,"item_purchase_floors":[],"current_hp_per_floor":[70,70,62,31,31,0,0],"gold":54,"neow_bonus":"ONE_RARE_RELIC","is_daily":false,"chose_seed":false,"campfire_upgraded":0,"win_rate":0.0,"timestamp":1612668980,"path_taken":["M","M","M","M","?","E"],"items_purchased_type":[],"build_version":"2020-12-22","purchased_purges":0,"victory":false,"max_hp_per_floor":[70,70,70,70,65,65,65],"relic_stats":{"Shovel":0,"counters":[5,25],"Golden Idol":0,"obtain_stats":[{"Shovel":0,"Golden Idol":5,"Ring of the Snake":0},{"Shovel":0,"Golden Idol":4,"Ring of the Snake":0},{"Shovel":0,"Golden Idol":22,"Ring of the Snake":0}],"Ring of the Snake":[10]},"card_choices":[{"not_picked":["Sucker Punch","Dash"],"picked":"Dagger Spray","floor":1},{"not_picked":["Distraction","Acrobatics","Outmaneuver"],"picked":"SKIP","floor":2},{"not_picked":["Skewer","Distraction","Concentrate"],"picked":"SKIP","floor":3},{"not_picked":["Finisher","Deadly Poison","Acrobatics"],"picked":"SKIP","floor":4}],"player_experience":77845,"relics_obtained":[],"event_choices":[{"damage_healed":0,"gold_gain":0,"player_choice":"Lose Max HP","damage_taken":0,"relics_obtained":["Golden Idol"],"max_hp_gain":0,"max_hp_loss":5,"event_name":"Golden Idol","floor":5,"gold_loss":0}],"is_beta":false,"boss_relics":[],"items_purged_floors":[],"is_endless":false,"potions_floor_spawned":[2,4],"killed_by":"Lagavulin","ascension_level":2}}