{"host":"i70yit5z0kpl303k","time":1612733712,"event":{"mods":["2.2 Compatiblity","Act Like it!","BaseMod","BetterRewards","Evolution","Infinite Spire","Ironclad Rager","Koishi","Marked Mod","Minty Spire (QoL Compilation)","Relic Stats","Reliquary","Replay The Spire","StSLib","The Blue Laboratory","The Marked"],"gold_per_floor":[118,132,132,149,169,204,219,219,219,253,271,299,299,314,314,414,414,430,446,457,491,590,590,590],"floor_reached":23,"language":"ENG","playtime":806,"items_purged":[],"score":247,"play_id":"c36f9469-30ad-4605-bd1f-2e6869c808e8","local_time":"20210207133512","is_ascension_mode":true,"campfire_choices":[{"data":"Hello World","floor":8,"key":"SMITH"},{"floor":13,"key":"REST"},{"floor":15,"key":"REST"}],"circlet_count":0,"master_deck":["Zap","Dualcast","Conserve Battery","Hello World+1","Cold Snap","Gash","Panic Button","Cold Snap","Gash","Beam Cell","Cold Snap","Compile Driver","Machine Learning","All For One","BootSequence","Stack","Stack","Scrape","All For One","Genetic Algorithm","Consume+1","Gash","Rebound","Ball Lightning+1","Stack+1","Go for the Eyes","Conserve Battery+1"],"relics":["Cracked Core","EVO:Axolotl","infinitespire:CursedDice","Bottled Lightning","infinitespire:EmpoweringShard","reliquary:Firecrackers","Pandora\u0027s Box","Prayer Wheel","StoneCalendar"],"acts_visited":["Exordium","TheCity"],"potions_floor_usage":[],"damage_taken":[{"damage":0,"enemies":"Small Slimes","floor":1,"turns":2},{"damage":0,"enemies":"Cultist","floor":2,"turns":3},{"damage":3,"enemies":"2 Louse","floor":4,"turns":2},{"damage":3,"enemies":"Blue Slaver","floor":5,"turns":3},{"damage":29,"enemies":"Gremlin Nob","floor":6,"turns":5},{"damage":5,"enemies":"Large Slime","floor":7,"turns":7},{"damage":23,"enemies":"Lagavulin","floor":10,"turns":7},{"damage":11,"enemies":"Looter","floor":11,"turns":2},{"damage":17,"enemies":"Gremlin Nob","floor":12,"turns":4},{"damage":5,"enemies":"Gremlin Gang","floor":14,"turns":4},{"damage":39,"enemies":"Hexaghost","floor":16,"turns":9},{"damage":14,"enemies":"Shell Parasite","floor":18,"turns":5},{"damage":13,"enemies":"2 Thieves","floor":19,"turns":4},{"damage":22,"enemies":"Snecko","floor":20,"turns":5},{"damage":7,"enemies":"Book of Stabbing","floor":23,"turns":2}],"seed_played":"9041837507731150669","potions_obtained":[{"floor":1,"key":"BlessingOfTheForge"},{"floor":5,"key":"blueLaboratory:PyrophylliteBrew"},{"floor":7,"key":"blueLaboratory:SystemWipe"}],"is_trial":false,"path_per_floor":["M","M","?","M","M","E","M","R","T","E","M","E","R","M","R","B",null,"M","M","M","?","?","E"],"character_chosen":"DEFECT","items_purchased":[],"campfire_rested":2,"item_purchase_floors":[],"current_hp_per_floor":[82,82,82,79,76,47,42,42,42,19,8,29,53,48,72,33,82,68,55,33,1,1,0,0],"gold":590,"neow_bonus":"TEN_PERCENT_HP_BONUS","is_daily":false,"chose_seed":false,"campfire_upgraded":1,"win_rate":0.0,"timestamp":1612733712,"path_taken":["M","M","?","M","?","E","M","R","T","E","M","E","R","M","R","BOSS","M","M","M","?","?","E"],"items_purchased_type":[],"build_version":"2020-12-22","purchased_purges":0,"victory":false,"max_hp_per_floor":[82,82,82,82,82,82,82,82,82,82,82,82,82,82,82,82,82,82,82,82,82,82,82,82],"relic_stats":{"counters":[15,64],"Pandora\u0027s Box":["All For One","BootSequence","ReplayTheSpireMod:Fabricate Wheel","Stack","Stack","Scrape","All For One","Genetic Algorithm"],"Prayer Wheel":3,"StoneCalendar":[0],"obtain_stats":[{"infinitespire:CursedDice":7,"reliquary:Firecrackers":12,"Pandora\u0027s Box":17,"Prayer Wheel":18,"StoneCalendar":21,"infinitespire:EmpoweringShard":10,"EVO:Axolotl":0,"Bottled Lightning":9,"Cracked Core":0,"reliquary:FerryPass":6},{"infinitespire:CursedDice":6,"reliquary:Firecrackers":9,"Pandora\u0027s Box":11,"Prayer Wheel":12,"StoneCalendar":14,"infinitespire:EmpoweringShard":7,"EVO:Axolotl":0,"Bottled Lightning":6,"Cracked Core":0,"reliquary:FerryPass":5},{"infinitespire:CursedDice":22,"reliquary:Firecrackers":35,"Pandora\u0027s Box":48,"Prayer Wheel":51,"StoneCalendar":62,"infinitespire:EmpoweringShard":29,"EVO:Axolotl":0,"Bottled Lightning":22,"Cracked Core":0,"reliquary:FerryPass":15}]},"card_choices":[{"not_picked":["Panic Button","Turbo"],"picked":"Steam Power","floor":1},{"not_picked":["Auto Shields","Steam"],"picked":"Conserve Battery","floor":2},{"not_picked":["ReplayTheSpireMod:Reroute Power","Auto Shields"],"picked":"Cold Snap","floor":4},{"not_picked":["Compile Driver","Redo"],"picked":"Gash","floor":5},{"not_picked":["FTL","Hologram"],"picked":"Panic Button","floor":6},{"not_picked":["Reprogram","Barrage"],"picked":"Cold Snap","floor":7},{"not_picked":["Steam","ReplayTheSpireMod:Calculation Training"],"picked":"Gash","floor":10},{"not_picked":["Consume","Redo"],"picked":"Beam Cell","floor":11},{"not_picked":["Seek","Static Discharge"],"picked":"Cold Snap","floor":12},{"not_picked":["Beam Cell","Darkness"],"picked":"Compile Driver","floor":14},{"not_picked":["Multi-Cast","Thunder Strike"],"picked":"Machine Learning","floor":16},{"not_picked":["Darkness","Steam Power+1"],"picked":"Consume+1","floor":18},{"not_picked":["Conserve Battery+1","Self Repair"],"picked":"Gash","floor":18},{"not_picked":["Storm","Leap"],"picked":"Rebound","floor":19},{"not_picked":["Sweeping Beam","BootSequence"],"picked":"Ball Lightning+1","floor":19},{"not_picked":["Rebound","Steam"],"picked":"Stack+1","floor":20},{"not_picked":["BootSequence+1","Hologram+1"],"picked":"Go for the Eyes","floor":20},{"not_picked":["Steam Power","Doom and Gloom"],"picked":"Conserve Battery+1","floor":21}],"player_experience":255822,"relics_obtained":[{"floor":6,"key":"reliquary:FerryPass"},{"floor":7,"key":"infinitespire:CursedDice"},{"floor":9,"key":"Bottled Lightning"},{"floor":10,"key":"infinitespire:EmpoweringShard"},{"floor":12,"key":"reliquary:Firecrackers"},{"floor":21,"key":"StoneCalendar"}],"event_choices":[{"damage_healed":0,"gold_gain":0,"cards_transformed":["Steam Power"],"player_choice":"Transformed","damage_taken":0,"max_hp_gain":0,"max_hp_loss":0,"event_name":"Transmorgrifier","floor":3,"gold_loss":0,"cards_obtained":["Hello World"]},{"damage_healed":0,"gold_gain":99,"player_choice":"Stole From Cult","damage_taken":0,"max_hp_gain":0,"max_hp_loss":0,"event_name":"Nest","floor":22,"gold_loss":0}],"is_beta":false,"boss_relics":[{"not_picked":["Ectoplasm","reliquary:Craggleroot"],"picked":"Pandora\u0027s Box"}],"items_purged_floors":[],"is_endless":false,"potions_floor_spawned":[1,5,7,10,12,16,18],"killed_by":"Book of Stabbing","ascension_level":3}}