{"host":"9slw7l0ws16384qq","time":1612690020,"event":{"mods":["A Penny For Your Troubles","BaseMod","Colored Map","Downfall","Evolution","Hubris","Minty Spire (QoL Compilation)","Replay The Spire","StS++","StSLib"],"gold_per_floor":[99,118,118,137,137,6,30,30,30,30,48,48,64,95,112,214,214,114,127,144,144,156,190,190,190,190,31,31,51,51,51,51,51],"floor_reached":31,"language":"FRA","playtime":1933,"items_purged":["Slimebound:Defend_Slimebound"],"score":414,"play_id":"0625a48f-0b8e-4ed9-9390-b5aeea595f02","local_time":"20210207102700","is_ascension_mode":true,"campfire_choices":[{"data":"Normality","floor":1,"key":"PURGE"},{"data":"Slimebound:Schlurp","floor":8,"key":"SMITH"},{"data":"Slimebound:CorrosiveSpit","floor":10,"key":"SMITH"},{"data":"Slimebound:Schlurp","floor":12,"key":"SMITH"},{"data":"Slimebound:MassFeed","floor":18,"key":"SMITH"},{"data":"Slimebound:Recollect","floor":26,"key":"SMITH"},{"data":"Slimebound:Schlurp","floor":30,"key":"SMITH"}],"circlet_count":0,"master_deck":["Slimebound:ComboTackle","Slimebound:ComboTackle","Slimebound:ComboTackle","Slimebound:Tackle","Slimebound:Schlurp+1","Slimebound:Schlurp+1","Slimebound:Split","Slimebound:CorrosiveSpit+1","Slimebound:Recollect+1","Slimebound:MassFeed+1","hubris:DuctTapeCard","Slimebound:Schlurp+1"],"relics":["EVO:Axolotl","Bird Faced Urn","m_BurningSludge","hexamod:CandleOfCauterizing","Sozu","downfall:HeartBlessingBlue","hubris:Towel","Bronze Scales","hubris:DuctTape","Tiny Chest","Frozen Egg 2"],"acts_visited":["Exordium","TheCity"],"potions_floor_usage":[14,31],"damage_taken":[{"damage":2,"enemies":"Jaw Worm","floor":2,"turns":3},{"damage":1,"enemies":"Cultist","floor":4,"turns":3},{"damage":0,"enemies":"downfall:FleeingMerchant","floor":6,"turns":4},{"damage":3,"enemies":"2 Louse","floor":11,"turns":2},{"damage":11,"enemies":"Exordium Wildlife","floor":13,"turns":2},{"damage":27,"enemies":"3 Sentries","floor":14,"turns":5},{"damage":14,"enemies":"Large Slime","floor":15,"turns":5},{"damage":14,"enemies":"SI_SHIV_ARCHETYPE","floor":16,"turns":5},{"damage":19,"enemies":"3 Byrds","floor":19,"turns":4},{"damage":14,"enemies":"Shell Parasite","floor":20,"turns":3},{"damage":10,"enemies":"Snecko","floor":22,"turns":3},{"damage":16,"enemies":"Gremlin Leader","floor":23,"turns":4},{"damage":0,"enemies":"downfall:FleeingMerchant","floor":27,"turns":4},{"damage":11,"enemies":"Snake Plant","floor":29,"turns":4},{"damage":28,"enemies":"Slavers","floor":31,"turns":3}],"seed_played":"-9222912987174660829","potions_obtained":[{"floor":4,"key":"Slimebound:SlimedPotion"},{"floor":11,"key":"SneckoOil"},{"floor":13,"key":"Elixir"}],"is_trial":false,"path_per_floor":["R_BF","M","?","M","?","$","T","R","?","R","M","R","M","E","M","B",null,"R","M","M","?","M","E","T","?","R","$","T","M","R","E"],"character_chosen":"SLIMEBOUND","items_purchased":["Slimebound:AcidTongue","Tiny Chest"],"campfire_rested":0,"item_purchase_floors":[6,27],"current_hp_per_floor":[59,61,61,64,69,70,70,70,70,70,67,67,58,35,23,13,56,66,51,45,45,43,35,35,35,35,37,37,28,28,0,0,0],"gold":51,"neow_bonus":"ONE_RARE_RELIC","is_daily":false,"chose_seed":false,"campfire_upgraded":6,"win_rate":0.0,"timestamp":1612690020,"path_taken":["R_BF","M","?","?","?","$","T","R","?","R","M","R","M","E","M","BOSS","R","M","M","?","M","E","T","?","R","$","?","M","R","E"],"items_purchased_type":["Card","Relic"],"build_version":"2020-12-22","purchased_purges":1,"victory":false,"max_hp_per_floor":[65,65,65,65,70,70,70,70,70,70,70,70,70,70,70,70,70,80,80,84,84,88,92,92,92,92,92,92,92,92,92,92,92],"card_choices":[{"not_picked":["Slimebound:MegaLick","Slimebound:GoopSpray","Slimebound:LeechEnergy"],"picked":"SKIP","floor":2},{"not_picked":["Slimebound:HungryTackle","Slimebound:Dissolve","Slimebound:ComboTackle"],"picked":"SKIP","floor":4},{"not_picked":["Slimebound:SplitLeeching","Slimebound:Repurpose","Slimebound:SamplingLick"],"picked":"SKIP","floor":6},{"not_picked":["Pummel","Slimebound:SplitLeeching","Slimebound:Prepare"],"picked":"SKIP","floor":11},{"not_picked":["Slimebound:BestDefense","Slimebound:GoopSpray","Slimebound:SlimeBrawl"],"picked":"SKIP","floor":13},{"not_picked":["Slimebound:Nibble","Slimebound:SamplingLick"],"picked":"Slimebound:Recollect","floor":14},{"not_picked":["Slimebound:LeechingTouch","Slimebound:ComboTackle","Slimebound:PressTheAttack"],"picked":"SKIP","floor":15},{"not_picked":["Offering","Slimebound:WasteNot"],"picked":"Slimebound:MassFeed","floor":16},{"not_picked":["Slimebound:FlameTackle","Slimebound:Nibble","Slimebound:LeechEnergy"],"picked":"SKIP","floor":19},{"not_picked":["Slimebound:GoopSpray","Slimebound:LivingWall","Slimebound:Repurpose"],"picked":"SKIP","floor":20},{"not_picked":["Slimebound:Recollect","Slimebound:GoopSpray"],"picked":"Slimebound:AcidTongue+1","floor":22},{"not_picked":["Slimebound:Overexert","Slimebound:HauntingLick","Slimebound:LeadByExample+1"],"picked":"SKIP","floor":23},{"not_picked":["Slimebound:SlimeSpikes","Slimebound:GoopTackle"],"picked":"Slimebound:Schlurp","floor":27},{"not_picked":["Slimebound:HauntingLick","Slimebound:GoopTackle+1","Slimebound:SlimeSpikes"],"picked":"SKIP","floor":29}],"player_experience":1657245,"relics_obtained":[{"floor":14,"key":"hexamod:CandleOfCauterizing"},{"floor":23,"key":"Bronze Scales"},{"floor":24,"key":"hubris:DuctTape"},{"floor":28,"key":"Frozen Egg 2"}],"event_choices":[{"cards_removed":["Slimebound:Defend_Slimebound"],"damage_healed":0,"gold_gain":0,"player_choice":"Offered Basic","damage_taken":0,"max_hp_gain":0,"max_hp_loss":0,"event_name":"Bonfire Elementals","floor":3,"gold_loss":0},{"damage_healed":0,"gold_gain":0,"player_choice":"Donut","damage_taken":0,"max_hp_gain":5,"max_hp_loss":0,"event_name":"Big Fish","floor":5,"gold_loss":0}],"is_beta":false,"boss_relics":[{"not_picked":["hubris:HollowSoul","Replay:Bronze Core"],"picked":"Sozu"}],"items_purged_floors":[6],"is_endless":false,"potions_floor_spawned":[4,11,13,19,23],"killed_by":"Slavers","ascension_level":8}}