{"host":"89frlrzg3lfsymiq","time":1612711831,"event":{"mods":["2.2 Compatiblity","AchievementEnabler","Aspiration","BaseMod","Better Altar","Better Match","Better Note","Better Sensory Stone","Better Skull","Better Third Choice","Conspire","Downfall","GifTheSpireLib","Halation","Highlight Path","Hubris","Minty Spire (QoL Compilation)","Permanent Neow","Quick Restart","StSLib","The Blue Laboratory","The Cursed","The Jungle","The Necromancer","The Runesmith"],"gold_per_floor":[118,128,145,145,258,288,192,221,271,287,287,287,287],"floor_reached":11,"language":"ENG","playtime":603,"items_purged":[],"score":83,"play_id":"645b35f7-8447-4bfd-b161-27115b07bde3","local_time":"20210207103031","daily_mods":["Hoarder","Colorless Cards","Heirloom","DeadlyEvents","Elite Swarm","Lethality"],"is_ascension_mode":false,"campfire_choices":[],"circlet_count":0,"master_deck":["Demon Form+1","bronze:Strike","bronze:Strike","bronze:Strike","bronze:Strike","bronze:Defend","bronze:Defend+1","bronze:Defend+1","bronze:Defend","bronze:Replicate","bronze:Goto","bronze:WildBeam","bronze:WildBeam","bronze:WildBeam","bronze:Boost+1","bronze:Boost","bronze:Boost","bronze:HardenedForm","bronze:HardenedForm","bronze:HardenedForm","bronze:DelayedGuard+1","bronze:DelayedGuard+1","bronze:DelayedGuard+1","bronze:Branch","bronze:Branch","bronze:Branch","bronze:Mutator","bronze:Mutator","bronze:Mutator","bronze:OilSpill","bronze:OilSpill","bronze:OilSpill"],"relics":["bronze:BronzeCore","hubris:64BitClover","Toxic Egg 2","bronze:SilverBullet","War Paint","Bag of Preparation","sneckomod:BlankCard"],"acts_visited":["Exordium"],"potions_floor_usage":[11,11],"damage_taken":[{"damage":13,"enemies":"Small Slimes","floor":1,"turns":3},{"damage":5,"enemies":"conspire:RoseBush","floor":2,"turns":2},{"damage":4,"enemies":"Cultist","floor":3,"turns":3},{"damage":8,"enemies":"Gremlin Nob","floor":6,"turns":3},{"damage":4,"enemies":"3 Sentries","floor":8,"turns":6},{"damage":0,"enemies":"Lots of Slimes","floor":10,"turns":2},{"damage":17,"enemies":"Lagavulin","floor":11,"turns":6}],"seed_played":"207131214096273880","potions_obtained":[{"floor":2,"key":"Strength Potion"},{"floor":8,"key":"blueLaboratory:BottleOfVodka"},{"floor":10,"key":"sneckomod:MuddlingPotion"}],"is_trial":true,"path_per_floor":["M","M","M","?","?","E","$","E","T","M","E"],"character_chosen":"THE_AUTOMATON","items_purchased":["bronze:DelayedGuard+1","bronze:Branch"],"campfire_rested":0,"item_purchase_floors":[7,7],"current_hp_per_floor":[57,52,48,45,13,5,5,1,1,1,0,0,0],"gold":287,"neow_bonus":"","is_daily":false,"chose_seed":false,"campfire_upgraded":0,"win_rate":0.0,"timestamp":1612711831,"path_taken":["M","M","M","?","?","E","$","E","T","M","?"],"items_purchased_type":["Card","Card"],"build_version":"2020-12-22","purchased_purges":0,"victory":false,"max_hp_per_floor":[70,70,70,70,70,70,70,70,70,70,70,70,70],"card_choices":[{"not_picked":["bronze:CutThrough","bronze:OilSpill"],"picked":"bronze:WildBeam","floor":1},{"not_picked":["bronze:BuggyMess","bronze:Invalidate"],"picked":"bronze:Boost","floor":2},{"not_picked":["bronze:BuggyMess","bronze:BugBarrage","bronze:Frontload"],"picked":"SKIP","floor":3},{"not_picked":["Chrysalis+1","HandOfGreed"],"picked":"bronze:HardenedForm","floor":6},{"not_picked":["Violence+1","bronze:ThunderWave"],"picked":"bronze:Mutator","floor":8},{"not_picked":["bronze:CutThrough","bronze:BugBarrage"],"picked":"bronze:OilSpill","floor":10}],"player_experience":229669,"relics_obtained":[{"floor":6,"key":"War Paint"},{"floor":8,"key":"Bag of Preparation"},{"floor":9,"key":"sneckomod:BlankCard"}],"event_choices":[{"damage_healed":0,"gold_gain":0,"player_choice":"Relic ","damage_taken":3,"max_hp_gain":0,"max_hp_loss":0,"event_name":"betterThird:BetterScrap","floor":4,"gold_loss":0,"cards_obtained":["Wraith Form v2"]},{"damage_healed":0,"gold_gain":113,"player_choice":"RE UP GO ","damage_taken":37,"relics_obtained":["bronze:SilverBullet"],"max_hp_gain":0,"max_hp_loss":0,"event_name":"betterSkull:BetterSkull","floor":5,"gold_loss":0,"cards_upgraded":["bronze:Defend"]}],"is_beta":false,"boss_relics":[],"items_purged_floors":[],"is_endless":false,"potions_floor_spawned":[2,8,10],"killed_by":"Lagavulin","ascension_level":0}}