{"host":"ihsge0lre3slh6sc","time":1612718978,"event":{"mods":["BaseMod","Highlight Path","Lobotomy","LobotomyExtend","Marisa（F雨　魔理沙）","Minty Spire (QoL Compilation)","MostiFishMod","Quick Restart","Remilia（蕾米莉亚）","Shop Mod","StSLib","TestMod","Waifu the Spire","WarShipGirlsR/战舰少女R mod","Youmu（魂魄妖梦）","[IsaacMod]以撒尖塔","篝火指南"],"gold_per_floor":[-1286,-1286,0,16,32,72,96,140,190,190,234,247,266,296,296,426,426,447,510,523,523],"floor_reached":20,"language":"ZHS","playtime":563,"items_purged":["rmod:strick"],"score":366,"play_id":"ec6c82e2-5cc3-4727-95ed-70cdbb826bb2","local_time":"20210208012938","is_ascension_mode":true,"campfire_choices":[{"data":"rmod:diamondstrike","floor":10,"key":"SMITH"},{"data":"rmod:maintain","floor":15,"key":"SMITH"}],"circlet_count":0,"master_deck":["rmod:strick","rmod:strick","rmod:defend","rmod:defend+1","rmod:defend","rmod:basicallowance","rmod:maingunfire","BloodyBrimstone","rmod:diamondstrike+1","rmod:tearstotiara","rmod:selfconfidence","rmod:intelligenceanalysis","rmod:maintain+1","rmod:guardianhero","rmod:aviationdawn","rmod:acesubmarine"],"relics":["rmod:firstchargereward","HushsDoor","testmod-TestBox","DaveBox","SynthV:MejaisSoulstealer","testmod-Antiphasic","TheBean","SynthV:TestCard","Golden Idol","Shuriken","Blood Vial","Bronze Scales","Odd Mushroom","testmod-Fanaticism","GuppysCollar"],"acts_visited":["Exordium","TheCity"],"potions_floor_usage":[11],"damage_taken":[{"damage":0,"enemies":"2 Louse","floor":1,"turns":2},{"damage":0,"enemies":"Small Slimes","floor":4,"turns":1},{"damage":0,"enemies":"Jaw Worm","floor":5,"turns":2},{"damage":0,"enemies":"Lagavulin","floor":6,"turns":3},{"damage":0,"enemies":"Blue Slaver","floor":7,"turns":1},{"damage":0,"enemies":"3 Sentries","floor":8,"turns":2},{"damage":0,"enemies":"Lagavulin","floor":11,"turns":3},{"damage":0,"enemies":"3 Louse","floor":12,"turns":1},{"damage":0,"enemies":"Red Slaver","floor":13,"turns":2},{"damage":0,"enemies":"The Mushroom Lair","floor":14,"turns":2},{"damage":12,"enemies":"Hexaghost","floor":16,"turns":3},{"damage":28,"enemies":"2 Thieves","floor":18,"turns":3},{"damage":12,"enemies":"3 Byrds","floor":20,"turns":3}],"seed_played":"-3307864035474353195","potions_obtained":[{"floor":4,"key":"PowerPotion"},{"floor":7,"key":"PowerPotion"},{"floor":8,"key":"GamblersBrew"},{"floor":12,"key":"CultistPotion"}],"is_trial":false,"path_per_floor":["M","?","?","M","M","E","M","E","T","R","E","M","M","?","R","B",null,"M","?","M"],"character_chosen":"PRAEFECT","items_purchased":["GuppysCollar"],"campfire_rested":0,"item_purchase_floors":[17],"current_hp_per_floor":[50,50,50,50,50,50,50,50,50,50,52,54,56,58,58,48,48,48,53,47,47],"gold":523,"neow_bonus":"REMOVE_TWO","is_daily":false,"chose_seed":false,"campfire_upgraded":2,"win_rate":0.0,"timestamp":1612718978,"path_taken":["M","?","?","M","M","E","M","E","T","R","E","M","M","?","R","BOSS","M","?","M"],"items_purchased_type":["Relic"],"build_version":"2020-12-22","purchased_purges":1,"victory":false,"max_hp_per_floor":[75,69,69,66,66,66,66,66,66,66,66,66,66,66,66,66,48,53,58,58,58],"card_choices":[{"not_picked":[],"picked":"BloodyBrimstone","floor":0},{"not_picked":["rmod:ring","rmod:capitalist"],"picked":"rmod:diamondstrike","floor":1},{"not_picked":["rmod:steelsupply","rmod:robin","rmod:fuelsupply","rmod:rockthrower","rmod:tearstotiara"],"picked":"SKIP","floor":4},{"not_picked":["rmod:steelsupply","rmod:robin","rmod:fuelsupply","rmod:rockthrower"],"picked":"rmod:tearstotiara","floor":4},{"not_picked":["rmod:circuitoustactics","rmod:highspeedshooting","rmod:shuttlebombing","rmod:capitalist"],"picked":"rmod:selfconfidence","floor":5},{"not_picked":["rmod:slowdown","rmod:garrisonisland","rmod:luckystar","rmod:wasp","rmod:unsinkable"],"picked":"SKIP","floor":6},{"not_picked":["rmod:steelsupply","rmod:fuelsupply","rmod:overbreakdown","rmod:goodfighter"],"picked":"rmod:intelligenceanalysis","floor":7},{"not_picked":["rmod:abidefaith","rmod:supportescort","rmod:garrisonisland","rmod:ammunitionsupply"],"picked":"Bomb","floor":8},{"not_picked":["rmod:guardianhero","rmod:fletcherpendant","rmod:robin","rmod:highspeedshooting","rmod:aggressivemary"],"picked":"SKIP","floor":11},{"not_picked":["rmod:selfconfidence","rmod:highspeedshooting","rmod:capitalist","rmod:goodsister"],"picked":"rmod:maintain","floor":12},{"not_picked":["rmod:highspeedshooting","rmod:ammunitionsupply","rmod:fuelsupply","rmod:victimresponsibility","rmod:guardianhero"],"picked":"SKIP","floor":13},{"not_picked":["rmod:highspeedshooting","rmod:ammunitionsupply","rmod:fuelsupply","rmod:victimresponsibility"],"picked":"rmod:guardianhero","floor":13},{"not_picked":["rmod:slowdown","rmod:garrisonisland","rmod:tearstotiara","rmod:victimresponsibility"],"picked":"rmod:aviationdawn","floor":14},{"not_picked":["rmod:supriseattacks","rmod:lastglory","rmod:u235","rmod:desperatesituation"],"picked":"rmod:acesubmarine","floor":16},{"not_picked":["rmod:supportescort","rmod:smokecover","rmod:tearstotiara+1","rmod:aviationdawn","rmod:unsinkable"],"picked":"SKIP","floor":18}],"player_experience":810173,"relics_obtained":[{"floor":1,"key":"SynthV:TestCard"},{"floor":6,"key":"Shuriken"},{"floor":8,"key":"Blood Vial"},{"floor":11,"key":"Bronze Scales"},{"floor":14,"key":"Odd Mushroom"}],"event_choices":[{"damage_healed":0,"gold_gain":0,"player_choice":"Lose Max HP","damage_taken":0,"relics_obtained":["Golden Idol"],"max_hp_gain":0,"max_hp_loss":6,"event_name":"Golden Idol","floor":2,"gold_loss":0},{"damage_healed":0,"gold_gain":0,"player_choice":"Fought Mushrooms","damage_taken":0,"max_hp_gain":0,"max_hp_loss":0,"event_name":"Mushrooms","floor":14,"gold_loss":0},{"damage_healed":0,"gold_gain":0,"player_choice":"Swap Relic","damage_taken":0,"relics_obtained":["Tiny House"],"max_hp_gain":0,"max_hp_loss":0,"event_name":"给自己的盒子","floor":19,"relics_lost":["Tiny House"],"gold_loss":0}],"is_beta":false,"boss_relics":[{"not_picked":["Calling Bell","Runic Pyramid"],"picked":"testmod-Fanaticism"},{"not_picked":[]}],"items_purged_floors":[17],"is_endless":false,"potions_floor_spawned":[4,7,8,12,13,16,20],"killed_by":"3 Byrds","ascension_level":7}}