{"host":"zwezhz46a5cjkxff","time":1612670840,"event":{"mods":["AchievementEnabler","BaseMod","Colored Map","Colored Powertips","DeckTracker","Minty Spire (QoL Compilation)","Permanent Neow","Quick Restart","Rare Cards Sparkle","Relic Stats","StSLib","SuperFastMode"],"gold_per_floor":[109,121,13,32,32,62,62,89,89,14,34,34,48,48,48,143,143,161,21,21,96,109,109,144,144,169,204,222,249,264,264,264,264,264],"floor_reached":33,"language":"ENG","playtime":1109,"items_purged":["Clumsy","Strike_G"],"score":322,"play_id":"1fc5e000-b79c-4948-907a-e213bee5cb74","local_time":"20210206220720","is_ascension_mode":true,"campfire_choices":[{"floor":7,"key":"RECALL"},{"floor":12,"key":"REST"},{"data":"Defend_G","floor":15,"key":"PURGE"},{"data":"Defend_G","floor":23,"key":"PURGE"},{"data":"Strike_G","floor":25,"key":"PURGE"},{"floor":32,"key":"REST"}],"circlet_count":0,"master_deck":["Strike_G","Strike_G","Defend_G","Defend_G","Defend_G","Survivor","Neutralize","Bouncing Flask","Backstab","Deadly Poison","Well Laid Plans","Blur","Crippling Poison","Crippling Poison","Adrenaline","Caltrops","Necronomicurse","Noxious Fumes+1","Bouncing Flask"],"relics":["Ring of the Snake","TungstenRod","Ninja Scroll","Peace Pipe","Matryoshka","Sozu","Necronomicon","Sundial","Bag of Marbles","Ancient Tea Set","Vajra","CeramicFish"],"acts_visited":["Exordium","TheCity"],"potions_floor_usage":[6,6,6,6,11,16,16,30],"damage_taken":[{"damage":5,"enemies":"Small Slimes","floor":1,"turns":5},{"damage":0,"enemies":"Cultist","floor":2,"turns":3},{"damage":6,"enemies":"Jaw Worm","floor":4,"turns":3},{"damage":5,"enemies":"3 Sentries","floor":6,"turns":6},{"damage":26,"enemies":"Gremlin Nob","floor":8,"turns":4},{"damage":6,"enemies":"Large Slime","floor":11,"turns":6},{"damage":6,"enemies":"Lots of Slimes","floor":13,"turns":2},{"damage":6,"enemies":"The Guardian","floor":16,"turns":8},{"damage":0,"enemies":"Spheric Guardian","floor":18,"turns":3},{"damage":4,"enemies":"Shell Parasite","floor":22,"turns":4},{"damage":17,"enemies":"Gremlin Leader","floor":24,"turns":7},{"damage":8,"enemies":"Slavers","floor":27,"turns":5},{"damage":10,"enemies":"Cultist and Chosen","floor":28,"turns":4},{"damage":12,"enemies":"Centurion and Healer","floor":30,"turns":5},{"damage":47,"enemies":"Automaton","floor":33,"turns":6}],"seed_played":"637961120712761131","potions_obtained":[{"floor":2,"key":"DuplicationPotion"},{"floor":4,"key":"Block Potion"},{"floor":5,"key":"EntropicBrew"},{"floor":6,"key":"Block Potion"},{"floor":11,"key":"SneckoOil"}],"is_trial":false,"path_per_floor":["M","M","$","M","?","E","R","E","T","$","M","R","M","?","R","B",null,"M","$","?","?","M","R","E","R","T","E","M","T","M","?","R","B"],"character_chosen":"THE_SILENT","items_purchased":["Backstab","Blur","Caltrops"],"campfire_rested":2,"item_purchase_floors":[3,10,19],"current_hp_per_floor":[65,65,65,59,59,54,54,28,28,28,22,43,37,37,37,31,70,70,70,58,52,48,48,31,31,31,23,13,13,1,1,22,0,0],"gold":264,"neow_bonus":"ONE_RARE_RELIC","is_daily":false,"chose_seed":false,"campfire_upgraded":0,"win_rate":0.0,"timestamp":1612670840,"path_taken":["M","M","$","M","?","E","R","E","T","$","?","R","M","?","R","BOSS","M","$","?","?","M","R","E","R","T","E","?","?","M","?","R","BOSS"],"items_purchased_type":["Card","Card","Card"],"build_version":"2020-12-22","purchased_purges":2,"victory":false,"max_hp_per_floor":[70,70,70,70,70,70,70,70,70,70,70,70,70,70,70,70,70,70,70,70,70,70,70,70,70,70,70,70,70,70,70,70,70,70],"relic_stats":{"Peace Pipe":3,"Sozu":3,"counters":[15,71],"Sundial":[2],"CeramicFish":0,"Necronomicon":[0],"obtain_stats":[{"Peace Pipe":8,"Sozu":17,"Matryoshka":9,"Ninja Scroll":6,"Sundial":24,"CeramicFish":29,"Vajra":29,"Necronomicon":20,"Bag of Marbles":26,"Ancient Tea Set":27,"TungstenRod":0,"Ring of the Snake":0},{"Peace Pipe":5,"Sozu":8,"Matryoshka":5,"Ninja Scroll":4,"Sundial":11,"CeramicFish":13,"Vajra":13,"Necronomicon":9,"Bag of Marbles":11,"Ancient Tea Set":12,"TungstenRod":0,"Ring of the Snake":0},{"Peace Pipe":21,"Sozu":37,"Matryoshka":21,"Ninja Scroll":17,"Sundial":51,"CeramicFish":60,"Vajra":60,"Necronomicon":40,"Bag of Marbles":51,"Ancient Tea Set":56,"TungstenRod":0,"Ring of the Snake":0}],"TungstenRod":36,"Ring of the Snake":[30]},"card_choices":[{"not_picked":["Deadly Poison","Acrobatics"],"picked":"Bouncing Flask","floor":1},{"not_picked":["Cloak And Dagger","Tactician","Predator"],"picked":"SKIP","floor":2},{"not_picked":["Quick Slash","Dodge and Roll","Concentrate"],"picked":"SKIP","floor":4},{"not_picked":["Endless Agony","Dagger Spray"],"picked":"Deadly Poison","floor":6},{"not_picked":["Tools of the Trade","Dodge and Roll"],"picked":"Well Laid Plans","floor":8},{"not_picked":["Slice","Bouncing Flask"],"picked":"Crippling Poison","floor":11},{"not_picked":["Endless Agony","Deadly Poison"],"picked":"Crippling Poison","floor":13},{"not_picked":["Venomology","Envenom"],"picked":"Adrenaline","floor":16},{"not_picked":["Dodge and Roll","Choke+1","Dagger Throw"],"picked":"SKIP","floor":18},{"not_picked":["All Out Attack","Flying Knee","Blade Dance"],"picked":"SKIP","floor":22},{"not_picked":["Caltrops","Crippling Poison"],"picked":"Noxious Fumes+1","floor":24},{"not_picked":["Leg Sweep+1","Dodge and Roll"],"picked":"Bouncing Flask","floor":27},{"not_picked":["Calculated Gamble","Acrobatics","Outmaneuver"],"picked":"SKIP","floor":28},{"not_picked":["All Out Attack+1","Expertise+1","Sucker Punch"],"picked":"SKIP","floor":30}],"player_experience":78693,"relics_obtained":[{"floor":6,"key":"Ninja Scroll"},{"floor":8,"key":"Peace Pipe"},{"floor":9,"key":"Matryoshka"},{"floor":20,"key":"Necronomicon"},{"floor":24,"key":"Sundial"},{"floor":26,"key":"Bag of Marbles"},{"floor":27,"key":"Ancient Tea Set"},{"floor":29,"key":"Vajra"},{"floor":29,"key":"CeramicFish"}],"event_choices":[{"damage_healed":0,"gold_gain":0,"player_choice":"Got Potions","damage_taken":0,"max_hp_gain":0,"max_hp_loss":0,"event_name":"Lab","floor":5,"gold_loss":0},{"cards_removed":["Strike_G"],"damage_healed":0,"gold_gain":0,"player_choice":"Offered Basic","damage_taken":0,"max_hp_gain":0,"max_hp_loss":0,"event_name":"Bonfire Elementals","floor":14,"gold_loss":0},{"damage_healed":0,"gold_gain":0,"player_choice":"Obtained Book","damage_taken":16,"max_hp_gain":0,"max_hp_loss":0,"event_name":"Cursed Tome","floor":20,"gold_loss":0},{"damage_healed":0,"gold_gain":75,"player_choice":"Touch","damage_taken":7,"max_hp_gain":0,"max_hp_loss":0,"event_name":"FaceTrader","floor":21,"gold_loss":0},{"damage_healed":0,"gold_gain":0,"player_choice":"Bought 0 Potions","damage_taken":0,"max_hp_gain":0,"max_hp_loss":0,"event_name":"The Woman in Blue","floor":31,"gold_loss":0}],"is_beta":false,"boss_relics":[{"not_picked":["SlaversCollar","HoveringKite"],"picked":"Sozu"}],"items_purged_floors":[3,19],"is_endless":false,"potions_floor_spawned":[2,4,6,11,18,22,28],"killed_by":"Automaton","ascension_level":2}}