{"host":"6iujvpkwiavgcr2h","time":1612706186,"event":{"mods":["2.2 Compatiblity","Abigail Mod","AchievementEnabler","Act Like it!","AlwaysNeverKeys","Aspiration","BaseMod","BetterRewards","Conspire","Dio Mod","Downfall","Elementarium","Friendly Minions","Gensokyo","GifTheSpireLib","Gremlin Mod","Hallownest","Hero for Fun","HololiveMod","Hubris","Jorbs\u0027s Wanderer Trilogy","Minty Spire (QoL Compilation)","Permanent Neow","Quick Restart","READ ME - Guardian Mod","Railgun Mod","Replay The Spire","Shop Mod","Spikes Relics","StSLib","Stuff the Spire","The Animator","The Bug Knight","The Forsaken","The Hayseed","The Necromancer","The Runesmith","The Saiyan","The Wild Card","TheHero","Yuri Mod"],"gold_per_floor":[85,102,102,102,117,152,152,177,201,201,218,238,256,275,275,371,371,386,306,306,306,321,356,369,402,402,419,454,454,470,487,487,582,582,594,694,709,399,411,441,456,456,456,469,79,79,90,106,106,106,106,106,29,59,59],"floor_reached":56,"language":"ENG","playtime":7923,"items_purged":[],"score":1480,"play_id":"1e454f95-2831-44f2-98b0-29fcb53015ce","local_time":"20210207145626","is_ascension_mode":false,"campfire_choices":[{"data":"Hololive_StrengthChampion","floor":7,"key":"SMITH"},{"data":"Hololive_Psychosis","floor":15,"key":"SMITH"},{"data":"Hololive_StrengthChampion+1","floor":29,"key":"SMITH"},{"data":"Hololive_Breathe","floor":32,"key":"SMITH"},{"data":"Hololive_StrengthChampion+2","floor":42,"key":"SMITH"},{"data":"Hololive_StarCraft","floor":49,"key":"SMITH"},{"data":"Hololive_StrengthChampion+3","floor":52,"key":"SMITH"}],"circlet_count":0,"master_deck":["Hololive_Strike+1","Hololive_Strike","Hololive_Strike","Hololive_Strike","Hololive_Defend","Hololive_Defend","Hololive_Defend","Hololive_LuckPotion","Hololive_Trident+1","Hololive_CocoNews","Hololive_Breathe+1","Hololive_CocoNews","Hololive_StrengthChampion+4","Hololive_AWSL","Hololive_LuckPotion+1","Hololive_Breathe","Hololive_Sequa","Hololive_AWSL","Hallownest:skillCityofTearsMap","Hololive_Rebound+1","hubris:DuctTapeCard","Hololive_LuckPotion","Hololive_StarCraft+1","Hololive_CocoNews+1","Hololive_FlyingPonyTail","Hololive_LuckPotion+1","Hololive_FlyingPonyTail+1","Parasite","Hololive_LuckPotion+1","Hololive_FlyingPonyTail+1"],"relics":["Hololive_TheStar","Hololive_Peko","hubris:Towel","StuffTheSpire:ForceGauntlet","Orichalcum","RollingBoulder","Sandwich","conspire:TopHat","StuffTheSpire:EmeraldSignet","hubris:DuctTape","Ancient Tea Set","MiniBlackHole","conspire:TreasureMap","RetroEgg","ReplayTheSpireMod:TigerMarble","hubris:EmptyBottle","Golden Egg","aspiration:ChemicalBlood"],"acts_visited":["Exordium","Hallownest:CityofTears","TheBeyond","TheEnding"],"potions_floor_usage":[50,50,50,50,50,50,55,55,55,55,55,55,55,55],"damage_taken":[{"damage":0,"enemies":"Small Slimes","floor":1,"turns":2},{"damage":0,"enemies":"conspire:RoseBush","floor":2,"turns":3},{"damage":0,"enemies":"2 Louse","floor":5,"turns":2},{"damage":0,"enemies":"Gremlin Nob","floor":6,"turns":3},{"damage":0,"enemies":"Lagavulin","floor":8,"turns":4},{"damage":0,"enemies":"Exordium Wildlife","floor":11,"turns":2},{"damage":0,"enemies":"Looter","floor":12,"turns":2},{"damage":0,"enemies":"Blue Slaver","floor":13,"turns":2},{"damage":0,"enemies":"Exordium Thugs","floor":14,"turns":2},{"damage":0,"enemies":"Hexaghost","floor":16,"turns":5},{"damage":0,"enemies":"Hallownest:2_Mistakes","floor":18,"turns":3},{"damage":0,"enemies":"Hallownest:3_Youths","floor":22,"turns":3},{"damage":0,"enemies":"Hallownest:eliteSoulWarrior","floor":23,"turns":4},{"damage":0,"enemies":"Hallownest:monsterShrumalOgre","floor":24,"turns":3},{"damage":0,"enemies":"Hallownest:Nosk","floor":25,"turns":5},{"damage":0,"enemies":"Hallownest:2_Flukemon","floor":27,"turns":5},{"damage":0,"enemies":"Hallownest:eliteWatcherKnight","floor":28,"turns":8},{"damage":0,"enemies":"Hallownest:2_Husk_Sentries","floor":30,"turns":3},{"damage":0,"enemies":"Hallownest:Warrior_and_Youth","floor":31,"turns":3},{"damage":1,"enemies":"Hallownest:BossGrimm","floor":33,"turns":5},{"damage":0,"enemies":"3 Shapes","floor":35,"turns":3},{"damage":0,"enemies":"3 Darklings","floor":37,"turns":4},{"damage":0,"enemies":"Maw","floor":39,"turns":5},{"damage":0,"enemies":"R_Hoarder","floor":40,"turns":5},{"damage":0,"enemies":"Jaw Worm Horde","floor":41,"turns":4},{"damage":0,"enemies":"Transient","floor":44,"turns":5},{"damage":0,"enemies":"Writhing Mass","floor":47,"turns":3},{"damage":0,"enemies":"Jaw Worm Horde","floor":48,"turns":3},{"damage":78,"enemies":"conspire:OrnateMirror","floor":50,"turns":6},{"damage":33,"enemies":"Shield and Spear","floor":54,"turns":5},{"damage":50,"enemies":"The Heart","floor":55,"turns":7}],"seed_played":"3873217223190750837","potions_obtained":[{"floor":1,"key":"Fire Potion"},{"floor":2,"key":"FearPotion"},{"floor":8,"key":"Explosive Potion"},{"floor":12,"key":"Swift Potion"},{"floor":24,"key":"Strength Potion"},{"floor":25,"key":"PowerPotion"},{"floor":35,"key":"DistilledChaos"},{"floor":54,"key":"Block Potion"}],"is_trial":false,"path_per_floor":["M","M","?","?","M","E","R","E","T","?","M","M","M","M","R","B",null,"M","?","?","$","M","E","M","E","T","M","E","R","M","M","R","B",null,"M","?","M","$","M","E","M","R","T","M","$","?","M","M","R","B",null,"R","$","E","B",null],"character_chosen":"Hololive_HololiveCharacter","items_purchased":["MiniBlackHole","conspire:TreasureMap","hubris:EmptyBottle","Golden Egg","LiquidMemories"],"campfire_rested":0,"item_purchase_floors":[38,38,45,45,53],"current_hp_per_floor":[38,38,38,30,30,30,30,30,30,30,31,32,33,34,34,35,43,45,45,45,45,47,49,51,53,53,55,57,57,59,61,61,62,63,65,65,67,67,69,71,73,73,73,75,75,75,77,79,79,3,81,81,81,50,4],"gold":59,"neow_bonus":"TEN_PERCENT_HP_BONUS","is_daily":false,"chose_seed":false,"campfire_upgraded":7,"win_rate":0.0,"timestamp":1612706186,"path_taken":["M","M","?","?","M","E","R","E","T","?","M","?","M","M","R","BOSS","M","?","?","$","M","E","M","E","T","M","E","R","M","?","R","BOSS","M","?","?","$","M","E","M","R","T","M","$","?","M","M","R","BOSS","R","$","E","BOSS"],"items_purchased_type":["Relic","Relic","Relic","Relic","Potion"],"build_version":"2020-12-22","purchased_purges":0,"victory":true,"max_hp_per_floor":[38,38,38,38,38,38,38,38,38,38,39,40,41,42,42,43,43,45,45,45,45,47,49,51,53,53,55,57,57,59,61,61,63,63,65,65,67,67,69,71,73,73,73,75,75,75,77,79,79,81,81,81,81,83,85],"card_choices":[{"not_picked":["Hololive_OvertimeWork","Hololive_CallMurasakiShion","Hololive_CallUruhaRushia"],"picked":"Hololive_CocoNews","floor":1},{"not_picked":["Hololive_RevenueBasedLive","Hololive_DevilCharm","Hololive_Rebound"],"picked":"Hololive_Breathe","floor":2},{"not_picked":["Hololive_CallShiroganeNoel","Hololive_CallDoris","Hololive_CallHoshimachiSuisei"],"picked":"Hololive_CocoNews","floor":5},{"not_picked":["Hololive_Sequa","Hololive_ScarfAndHalo","Hololive_Spy"],"picked":"Hololive_StrengthChampion","floor":6},{"not_picked":["Hololive_SoulCatcher","Hololive_CallFriendA","Hololive_CallTsunomakiWatame"],"picked":"Hololive_AWSL","floor":8},{"not_picked":["Hololive_CallOzoraSubaru","Hololive_FlyingPonyTail","Hololive_CallNekomataOkayu"],"picked":"Hololive_Breathe","floor":11},{"not_picked":["Hololive_CallRoboco","Hololive_RevenueBasedLive","Hololive_CallYozoraMel"],"picked":"Hololive_Sequa","floor":12},{"not_picked":["Hololive_Drill","Hololive_CallHoshimachiSuisei","Hololive_CallCivia","Hololive_StrengthChampion"],"picked":"SKIP","floor":13},{"not_picked":["Hololive_LuckPotion","Hololive_Sequa","Hololive_CallAiraniIofifteen"],"picked":"Hololive_Psychosis","floor":14},{"not_picked":["Hololive_DiamondStrike","Hololive_Recruit","Hololive_MaximGun"],"picked":"Hololive_AWSL","floor":16},{"not_picked":["Hololive_CallSpadeEcho","Hololive_CallInugamiKorone","Hololive_Rebound","Hololive_CallHimemoriLuna+1"],"picked":"SKIP","floor":18},{"not_picked":["Hololive_CallDoris","Hololive_Psychosis","Hololive_Drill","Hololive_RevenueBasedLive"],"picked":"SKIP","floor":22},{"not_picked":["Hololive_CallMoonaHoshinova","Hololive_StrengthChampion","Hololive_RevenueBasedLive"],"picked":"Hololive_ILoveYou+1","floor":23},{"not_picked":["Hololive_CallMomosuzuNene","Hololive_CallAZKi","Hololive_SoulCatcher"],"picked":"Hololive_Rebound+1","floor":24},{"not_picked":["Hololive_Rebound","Hololive_Drill","Hololive_RevenueBasedLive","Hololive_Spy"],"picked":"SKIP","floor":25},{"not_picked":["Hololive_RevenueBasedLive","Hololive_Drill","Hololive_SoulCatcher","Hololive_Psychosis+1"],"picked":"SKIP","floor":27},{"not_picked":["Hololive_ScarfAndHalo","Hololive_LuckPotion","Hololive_Psychosis","Hololive_CallNatsuiroMatsuri+1"],"picked":"SKIP","floor":28},{"not_picked":["Hololive_CallAiraniIofifteen","Hololive_Sequa","Hololive_LuckPotion","Hololive_CallYuzukiChoco"],"picked":"SKIP","floor":30},{"not_picked":["Hololive_OvertimeWork","Hololive_StrengthChampion","Hololive_Sequa+1"],"picked":"Hololive_LuckPotion","floor":31},{"not_picked":["Hololive_Recruit","Hololive_IdolExercise","Hololive_Thief"],"picked":"Hololive_StarCraft","floor":33},{"not_picked":["Hololive_Breathe+1","Hololive_HuntDinosaur","Hololive_CallRosalyn+1"],"picked":"Hololive_CocoNews+1","floor":35},{"not_picked":["Hololive_CallNakiriAyame+1","Hololive_CallYukihanaLamy","Hololive_LuckPotion+1"],"picked":"Hololive_FlyingPonyTail","floor":37},{"not_picked":["Hololive_Drill","Hololive_Breathe","Hololive_FlyingPonyTail","Hololive_Sequa+1"],"picked":"SKIP","floor":39},{"not_picked":["Hololive_SoulCatcher","Hololive_CallHoushouMarine+1","Hololive_Sequa+1"],"picked":"Hololive_LuckPotion","floor":40},{"not_picked":["Hololive_CallMurasakiShion","Hololive_CallSpadeEcho+1","Hololive_CallOkamiMio"],"picked":"Hololive_FlyingPonyTail+1","floor":41},{"not_picked":["Hololive_CallSpadeEcho+1","Hololive_Trident","Hololive_Psychosis","Hololive_Rebound"],"picked":"SKIP","floor":44},{"not_picked":["Hololive_CallTsunomakiWatame","Hololive_RevenueBasedLive+1","Hololive_BringToTrial+1"],"picked":"Hololive_LuckPotion","floor":47},{"not_picked":["Hololive_CallManoAloe+1","Hololive_Sequa+1","Hololive_CallHoushouMarine","Hololive_ManjiGathering"],"picked":"SKIP","floor":48},{"not_picked":["Hololive_HuntDinosaur","Hololive_CallDoris+1","Hololive_Trident+1"],"picked":"Hololive_FlyingPonyTail+1","floor":54}],"player_experience":320225,"relics_obtained":[{"floor":6,"key":"StuffTheSpire:ForceGauntlet"},{"floor":8,"key":"Orichalcum"},{"floor":9,"key":"RollingBoulder"},{"floor":23,"key":"conspire:TopHat"},{"floor":25,"key":"StuffTheSpire:EmeraldSignet"},{"floor":26,"key":"hubris:DuctTape"},{"floor":28,"key":"Ancient Tea Set"},{"floor":40,"key":"RetroEgg"},{"floor":43,"key":"ReplayTheSpireMod:TigerMarble"},{"floor":54,"key":"aspiration:ChemicalBlood"}],"event_choices":[{"damage_healed":0,"gold_gain":0,"player_choice":"Entered Light","damage_taken":8,"max_hp_gain":0,"max_hp_loss":0,"event_name":"Shining Light","floor":4,"gold_loss":0,"cards_upgraded":["Hololive_Strike","Hololive_Trident"]},{"damage_healed":0,"gold_gain":100,"player_choice":"Pray","damage_taken":0,"max_hp_gain":0,"max_hp_loss":0,"event_name":"Golden Shrine","floor":36,"gold_loss":0},{"damage_healed":0,"gold_gain":0,"player_choice":"Ignored","damage_taken":0,"max_hp_gain":0,"max_hp_loss":0,"event_name":"Mysterious Sphere","floor":46,"gold_loss":0}],"is_beta":false,"boss_relics":[{"not_picked":["ChewingGum","aspiration:RunicSpoon"],"picked":"Sandwich"},{"not_picked":["Hololive_ChaosS","StuffTheSpire:ModemDavis","Sozu"]}],"items_purged_floors":[],"is_endless":false,"potions_floor_spawned":[1,2,8,12,13,23,24,25,31,35,39,41,47,54],"ascension_level":0}}