{"host":"1xo5g347e5o4auts","time":1612688587,"event":{"mods":["BaseMod","Minty Spire (QoL Compilation)","Permanent Neow","StSLib"],"gold_per_floor":[115,130,143,154,154,184,202,218,218,248,267,293,352,372,372,445,445,461,70,70,70,87,117,117,151,151,164,198,198,225,237,237,311,311,373,452,452,515,556,581,581,236,236,249,299,377,377,458,458,458,458,458,458,74,103,103],"floor_reached":57,"language":"ENG","playtime":2222,"items_purged":["Strike_P","Strike_P+1","Consecrate+1"],"score":3394,"play_id":"16dd5402-e194-4f7c-9914-af6a1486f65b","local_time":"20210207110307","is_ascension_mode":true,"campfire_choices":[{"data":"BattleHymn","floor":15.0,"key":"SMITH"},{"data":"Blasphemy","floor":24.0,"key":"SMITH"},{"data":"MentalFortress","floor":29.0,"key":"SMITH"},{"data":"Omniscience","floor":32.0,"key":"SMITH"},{"floor":41.0,"key":"RECALL"},{"floor":47.0,"key":"REST"},{"floor":49.0,"key":"REST"},{"floor":53.0,"key":"REST"}],"circlet_count":0,"master_deck":["AscendersBane","Defend_P+1","Defend_P+1","Defend_P+1","Defend_P+1","Eruption+1","Vigilance+1","DeceiveReality","Tantrum+1","Wallop+1","LessonLearned+1","EmptyFist+1","Brilliance+1","BattleHymn+1","Ragnarok+1","MentalFortress+1","Blasphemy+1","Wallop+1","Omniscience+1","WreathOfFlame+1","CutThroughFate+1","JustLucky+1","Wish+1","InnerPeace+1","ClearTheMind+1","Halt+1","Adaptation","ThirdEye","Meditate+1","Vault+1","MentalFortress+1","FearNoEvil","Evaluate","ThirdEye","Dark Shackles","WaveOfTheHand"],"relics":["PureWater","Pen Nib","War Paint","Oddly Smooth Stone","TeardropLocket","MealTicket","GoldenEye","Anchor","SlaversCollar","FossilizedHelix","Sundial","Bronze Scales","Red Mask","Damaru","Fusion Hammer","Du-Vu Doll","Ancient Tea Set","ClockworkSouvenir","InkBottle","Prayer Wheel","Pocketwatch","Regal Pillow","Happy Flower"],"acts_visited":["Exordium","TheCity","TheBeyond","TheEnding"],"potions_floor_usage":[56,56],"damage_taken":[{"damage":3.0,"enemies":"Small Slimes","floor":1.0,"turns":4.0},{"damage":0.0,"enemies":"2 Louse","floor":2.0,"turns":2.0},{"damage":2.0,"enemies":"Jaw Worm","floor":3.0,"turns":4.0},{"damage":7.0,"enemies":"Exordium Wildlife","floor":4.0,"turns":3.0},{"damage":1.0,"enemies":"3 Sentries","floor":6.0,"turns":4.0},{"damage":4.0,"enemies":"Looter","floor":7.0,"turns":3.0},{"damage":0.0,"enemies":"Exordium Thugs","floor":8.0,"turns":4.0},{"damage":0.0,"enemies":"Gremlin Nob","floor":10.0,"turns":3.0},{"damage":0.0,"enemies":"2 Fungi Beasts","floor":11.0,"turns":4.0},{"damage":1.0,"enemies":"3 Sentries","floor":12.0,"turns":3.0},{"damage":13.0,"enemies":"Lagavulin Event","floor":13.0,"turns":3.0},{"damage":0.0,"enemies":"3 Louse","floor":14.0,"turns":1.0},{"damage":8.0,"enemies":"Hexaghost","floor":16.0,"turns":8.0},{"damage":12.0,"enemies":"2 Thieves","floor":18.0,"turns":3.0},{"damage":0.0,"enemies":"Chosen","floor":22.0,"turns":3.0},{"damage":14.0,"enemies":"Slavers","floor":23.0,"turns":4.0},{"damage":0.0,"enemies":"Book of Stabbing","floor":25.0,"turns":3.0},{"damage":0.0,"enemies":"Centurion and Healer","floor":27.0,"turns":5.0},{"damage":4.0,"enemies":"Masked Bandits","floor":28.0,"turns":4.0},{"damage":0.0,"enemies":"Gremlin Leader","floor":30.0,"turns":4.0},{"damage":0.0,"enemies":"Chosen and Byrds","floor":31.0,"turns":2.0},{"damage":0.0,"enemies":"Collector","floor":33.0,"turns":1.0},{"damage":0.0,"enemies":"3 Darklings","floor":35.0,"turns":5.0},{"damage":0.0,"enemies":"2 Orb Walkers","floor":36.0,"turns":3.0},{"damage":0.0,"enemies":"3 Shapes","floor":38.0,"turns":4.0},{"damage":0.0,"enemies":"Writhing Mass","floor":39.0,"turns":3.0},{"damage":0.0,"enemies":"Nemesis","floor":40.0,"turns":3.0},{"damage":0.0,"enemies":"Jaw Worm Horde","floor":44.0,"turns":3.0},{"damage":0.0,"enemies":"Mind Bloom Boss Battle","floor":45.0,"turns":5.0},{"damage":0.0,"enemies":"Giant Head","floor":46.0,"turns":5.0},{"damage":0.0,"enemies":"Reptomancer","floor":48.0,"turns":4.0},{"damage":15.0,"enemies":"Awakened One","floor":50.0,"turns":10.0},{"damage":0.0,"enemies":"Donu and Deca","floor":51.0,"turns":4.0},{"damage":20.0,"enemies":"Shield and Spear","floor":55.0,"turns":4.0},{"damage":62,"enemies":"The Heart","floor":56,"turns":9}],"seed_played":"2701059624064559496","potions_obtained":[{"floor":3.0,"key":"CultistPotion"},{"floor":4.0,"key":"Energy Potion"},{"floor":6.0,"key":"StancePotion"},{"floor":10.0,"key":"DuplicationPotion"},{"floor":25.0,"key":"Strength Potion"},{"floor":33.0,"key":"DistilledChaos"},{"floor":55.0,"key":"Regen Potion"}],"is_trial":false,"path_per_floor":["M","M","M","M","?","E","M","M","T","E","M","E","?","M","R","B",null,"M","$","?","?","M","E","R","E","T","M","?","R","E","M","R","B",null,"M","?","?","M","M","E","R","$","T","M","?","E","R","E","R","B","B",null,"R","$","E","B",null],"character_chosen":"WATCHER","items_purchased":["FossilizedHelix","ClockworkSouvenir","Adaptation","FearNoEvil","Evaluate","ThirdEye","Dark Shackles"],"campfire_rested":3,"item_purchase_floors":[19,42,42,54,54,54,54],"current_hp_per_floor":[58,58,56,49,44,43,39,39,39,39,39,38,25,25,25,17,55,43,58,58,58,58,44,44,44,44,44,40,40,40,40,40,40,61,61,61,61,61,61,61,61,68,68,68,68,68,68,68,68,53,53,64,68,68,48,1],"gold":103,"neow_bonus":"RANDOM_COMMON_RELIC","is_daily":false,"chose_seed":false,"campfire_upgraded":4,"win_rate":0.0,"timestamp":1612688587,"path_taken":["M","M","M","M","?","E","M","M","T","E","M","E","?","M","R","BOSS","M","$","?","?","M","E","R","E","T","M","?","R","E","M","R","BOSS","M","?","?","M","M","E","R","$","T","M","?","E","R","E","R","BOSS","BOSS","R","$","E","BOSS"],"items_purchased_type":["Relic","Relic","Card","Card","Card","Card","Card"],"build_version":"2020-12-22","purchased_purges":3,"victory":true,"max_hp_per_floor":[68,68,68,68,68,68,68,68,68,68,68,68,68,68,68,68,68,68,68,68,68,68,68,68,68,68,68,68,68,68,68,68,68,68,68,68,68,68,68,68,68,68,68,68,68,68,68,68,68,68,68,68,68,68,68,68],"card_choices":[{"not_picked":["Consecrate","CrushJoints"],"picked":"DeceiveReality","floor":1.0},{"not_picked":["Wallop","WreathOfFlame"],"picked":"Tantrum","floor":2.0},{"not_picked":["BowlingBash","CutThroughFate"],"picked":"Wallop","floor":3.0},{"not_picked":["Halt","CrushJoints"],"picked":"Consecrate","floor":4.0},{"not_picked":["Consecrate","Wallop"],"picked":"LessonLearned","floor":6.0},{"not_picked":["CrushJoints","PathToVictory"],"picked":"EmptyFist","floor":7.0},{"not_picked":["SashWhip","Halt","PathToVictory"],"picked":"SKIP","floor":8.0},{"not_picked":["Vengeance","CutThroughFate"],"picked":"Brilliance","floor":10.0},{"not_picked":["Crescendo","FollowUp","Fasting2"],"picked":"SKIP","floor":11.0},{"not_picked":["Swivel","Collect"],"picked":"BattleHymn","floor":12.0},{"not_picked":["ThirdEye","PathToVictory"],"picked":"Ragnarok","floor":13.0},{"not_picked":["BowlingBash","SashWhip"],"picked":"MentalFortress","floor":14.0},{"not_picked":["Wish","DevaForm"],"picked":"Blasphemy","floor":16.0},{"not_picked":["FollowUp+1","Tantrum"],"picked":"Wallop+1","floor":18.0},{"not_picked":["BowlingBash+1","Prostrate"],"picked":"CutThroughFate","floor":22.0},{"not_picked":["Alpha","Halt"],"picked":"JustLucky","floor":23.0},{"not_picked":["Tantrum","JustLucky","Protect"],"picked":"SKIP","floor":25.0},{"not_picked":["Halt","Prostrate","EmptyFist"],"picked":"SKIP","floor":27.0},{"not_picked":["Judgement","Halt","SashWhip"],"picked":"SKIP","floor":30.0},{"not_picked":["Protect","BowlingBash+1","PathToVictory"],"picked":"SKIP","floor":31.0},{"not_picked":["ConjureBlade","SpiritShield"],"picked":"Wish","floor":33.0},{"not_picked":["EmptyBody","ClearTheMind"],"picked":"InnerPeace+1","floor":35.0},{"not_picked":["Crescendo","PathToVictory"],"picked":"ClearTheMind","floor":38.0},{"not_picked":["Tantrum","FlyingSleeves","Halt"],"picked":"SKIP","floor":39.0},{"not_picked":["Tantrum","FlyingSleeves","Halt"],"picked":"SKIP","floor":39.0},{"not_picked":["Tantrum","FlyingSleeves"],"picked":"Halt","floor":39.0},{"not_picked":["Collect","Protect","Crescendo"],"picked":"SKIP","floor":40.0},{"not_picked":["EmptyFist+1","PathToVictory"],"picked":"ThirdEye","floor":44.0},{"not_picked":["Collect","WaveOfTheHand"],"picked":"Meditate+1","floor":45.0},{"not_picked":["EmptyBody","FearNoEvil"],"picked":"Vault","floor":46.0},{"not_picked":["ClearTheMind","EmptyFist"],"picked":"MentalFortress+1","floor":48.0},{"not_picked":["ForeignInfluence","JustLucky"],"picked":"WaveOfTheHand","floor":55.0}],"player_experience":1457545,"relics_obtained":[{"floor":6.0,"key":"Oddly Smooth Stone"},{"floor":9.0,"key":"TeardropLocket"},{"floor":10.0,"key":"MealTicket"},{"floor":12.0,"key":"GoldenEye"},{"floor":13.0,"key":"Anchor"},{"floor":23.0,"key":"Sundial"},{"floor":25.0,"key":"Bronze Scales"},{"floor":28.0,"key":"Red Mask"},{"floor":30.0,"key":"Damaru"},{"floor":36.0,"key":"Du-Vu Doll"},{"floor":40.0,"key":"Ancient Tea Set"},{"floor":43.0,"key":"InkBottle"},{"floor":45.0,"key":"Prayer Wheel"},{"floor":46.0,"key":"Pocketwatch"},{"floor":48.0,"key":"Regal Pillow"},{"floor":55.0,"key":"Happy Flower"}],"event_choices":[{"damage_healed":0.0,"max_hp_gain":0.0,"max_hp_loss":0.0,"gold_gain":0.0,"event_name":"Scrap Ooze","player_choice":"Success","floor":5.0,"gold_loss":0.0,"damage_taken":5.0,"relics_obtained":["War Paint"]},{"damage_healed":0.0,"max_hp_gain":0.0,"max_hp_loss":0.0,"gold_gain":30.0,"event_name":"Dead Adventurer","player_choice":"Searched \u00272\u0027 times","floor":13.0,"gold_loss":0.0,"damage_taken":0.0},{"damage_healed":0.0,"max_hp_gain":0.0,"max_hp_loss":0.0,"gold_gain":0.0,"event_name":"Ghosts","player_choice":"Ignored","floor":20.0,"gold_loss":0.0,"damage_taken":0.0},{"damage_healed":0.0,"max_hp_gain":0.0,"max_hp_loss":0.0,"gold_gain":0.0,"cards_transformed":["Strike_P","Strike_P"],"event_name":"Drug Dealer","player_choice":"Became Test Subject","floor":21.0,"gold_loss":0.0,"damage_taken":0.0,"cards_obtained":["Omniscience","WreathOfFlame"]},{"damage_healed":0.0,"max_hp_gain":0.0,"max_hp_loss":0.0,"gold_gain":0.0,"event_name":"Masked Bandits","player_choice":"Fought Bandits","floor":28.0,"gold_loss":0.0,"damage_taken":0.0},{"damage_healed":0.0,"max_hp_gain":0.0,"max_hp_loss":0.0,"gold_gain":0.0,"event_name":"Mysterious Sphere","player_choice":"Fight","floor":36.0,"gold_loss":0.0,"damage_taken":0.0},{"damage_healed":0.0,"max_hp_gain":0.0,"max_hp_loss":0.0,"gold_gain":0.0,"event_name":"SensoryStone","player_choice":"Memory 1","floor":37.0,"gold_loss":0.0,"damage_taken":0.0},{"damage_healed":0.0,"max_hp_gain":0.0,"max_hp_loss":0.0,"gold_gain":0.0,"event_name":"MindBloom","player_choice":"Fight","floor":45.0,"gold_loss":0.0,"damage_taken":0.0}],"is_beta":false,"boss_relics":[{"not_picked":["Calling Bell","Tiny House"],"picked":"SlaversCollar"},{"not_picked":["HolyWater","Empty Cage"],"picked":"Fusion Hammer"}],"items_purged_floors":[19,42,54],"is_endless":false,"potions_floor_spawned":[3,4,6,8,10,25,27,28,33,36,38,39,45,46,55],"ascension_level":20}}