{"host":"fnk117zi8wf5078t","time":1612710762,"event":{"mods":["AchievementEnabler","BaseMod","Colored Map","Minty Spire (QoL Compilation)","Rare Cards Sparkle","SuperFastMode","everything is the same but u backflip on backflip"],"gold_per_floor":[19,35,54,66,66,66,80,99,122,75,90,90,124,136,136,237,237,250,39,39,49,64,64,17,17,44,44,60,60,87,87,87,187,187,197,209,88,101,75,100,100,100,100,100,100,115,143,163,163,163],"floor_reached":51,"language":"KOR","playtime":2223,"items_purged":["Zap"],"score":1152,"play_id":"bd814ca6-222a-4a03-b4ef-9d3a1e7ad90d","local_time":"20210208001242","is_ascension_mode":true,"campfire_choices":[{"floor":6.0,"key":"REST"},{"floor":12.0,"key":"REST"},{"floor":15.0,"key":"REST"},{"floor":23.0,"key":"REST"},{"data":"Reprogram","floor":25.0,"key":"SMITH"},{"floor":27.0,"key":"REST"},{"data":"Scrape","floor":29.0,"key":"SMITH"},{"floor":32.0,"key":"REST"},{"floor":41.0,"key":"REST"},{"floor":42.0,"key":"REST"},{"data":"Madness","floor":45.0,"key":"SMITH"},{"floor":49,"key":"REST"}],"circlet_count":0,"master_deck":["AscendersBane","Strike_B","Strike_B","Strike_B","Strike_B","Defend_B","Defend_B","Defend_B","Defend_B","Dualcast","Gash","FTL+1","Turbo","Scrape+1","Creative AI","Genetic Algorithm","Beam Cell+1","Gash","Sunder","Reprogram+1","All For One","Go for the Eyes","Steam","Finesse","BootSequence","Enlightenment","FTL","All For One","Scrape+1","Beam Cell+1","Madness+1","Seek","Self Repair","Gash","Flash of Steel","Steam+1"],"relics":["Cracked Core","Lizard Tail","Vajra","Centennial Puzzle","Black Star","Membership Card","Whetstone","Pen Nib","Omamori","Nuclear Battery","Singing Bowl","WingedGreaves","White Beast Statue","Pear","Regal Pillow"],"acts_visited":["Exordium","TheCity","TheBeyond"],"potions_floor_usage":[50,50],"damage_taken":[{"damage":1.0,"enemies":"Cultist","floor":1.0,"turns":3.0},{"damage":15.0,"enemies":"Small Slimes","floor":2.0,"turns":3.0},{"damage":2.0,"enemies":"Jaw Worm","floor":3.0,"turns":2.0},{"damage":5.0,"enemies":"2 Fungi Beasts","floor":4.0,"turns":3.0},{"damage":8.0,"enemies":"Red Slaver","floor":7.0,"turns":3.0},{"damage":8.0,"enemies":"Blue Slaver","floor":8.0,"turns":2.0},{"damage":10.0,"enemies":"2 Fungi Beasts","floor":11.0,"turns":3.0},{"damage":28.0,"enemies":"Lagavulin","floor":13.0,"turns":7.0},{"damage":9.0,"enemies":"Red Slaver","floor":14.0,"turns":2.0},{"damage":30.0,"enemies":"Hexaghost","floor":16.0,"turns":9.0},{"damage":21.0,"enemies":"Shell Parasite","floor":18.0,"turns":4.0},{"damage":11.0,"enemies":"2 Thieves","floor":21.0,"turns":3.0},{"damage":29.0,"enemies":"Shelled Parasite and Fungi","floor":22.0,"turns":4.0},{"damage":22.0,"enemies":"Sentry and Sphere","floor":28.0,"turns":6.0},{"damage":39.0,"enemies":"Gremlin Leader","floor":30.0,"turns":5.0},{"damage":30.0,"enemies":"Automaton","floor":33.0,"turns":9.0},{"damage":22.0,"enemies":"3 Darklings","floor":35.0,"turns":6.0},{"damage":0.0,"enemies":"3 Shapes","floor":36.0,"turns":3.0},{"damage":7.0,"enemies":"Sphere and 2 Shapes","floor":38.0,"turns":4.0},{"damage":19.0,"enemies":"Reptomancer","floor":40.0,"turns":6.0},{"damage":5.0,"enemies":"4 Shapes","floor":46.0,"turns":5.0},{"damage":13.0,"enemies":"Giant Head","floor":47.0,"turns":5.0},{"damage":33,"enemies":"Maw","floor":48,"turns":6},{"damage":70,"enemies":"Awakened One","floor":50,"turns":9}],"seed_played":"-2681462000045904970","potions_obtained":[{"floor":2.0,"key":"PotionOfCapacity"},{"floor":5.0,"key":"FearPotion"},{"floor":5.0,"key":"SkillPotion"},{"floor":7.0,"key":"Fruit Juice"},{"floor":11.0,"key":"Block Potion"},{"floor":16.0,"key":"ColorlessPotion"},{"floor":18.0,"key":"LiquidBronze"},{"floor":22.0,"key":"FearPotion"},{"floor":30.0,"key":"SneckoOil"},{"floor":35.0,"key":"EssenceOfSteel"},{"floor":36.0,"key":"Weak Potion"},{"floor":46.0,"key":"Explosive Potion"},{"floor":47.0,"key":"SpeedPotion"},{"floor":48,"key":"SteroidPotion"}],"is_trial":false,"path_per_floor":["M","M","M","M","?","R","M","M","T","$","M","R","E","M","R","B",null,"M","$","?","M","M","R","$","R","T","R","M","R","E","?","R","B",null,"M","M","$","M","$","E","R","R","T","?","R","M","E","M","R","B",null],"character_chosen":"DEFECT","items_purchased":["Beam Cell","Membership Card","Steam","Finesse","Enlightenment","Madness","Seek","Dexterity Potion"],"campfire_rested":9,"item_purchase_floors":[10,19,19,19,24,37,37,39],"current_hp_per_floor":[67,52,50,45,45,67,64,56,56,56,46,70,42,33,57,27,67,46,46,31,20,38,63,63,63,63,85,63,63,24,24,49,19,69,47,47,47,40,40,21,46,71,71,71,71,73,79,55,99,36],"gold":163,"neow_bonus":"ONE_RARE_RELIC","is_daily":false,"chose_seed":false,"campfire_upgraded":3,"win_rate":0.0,"timestamp":1612710762,"path_taken":["M","M","M","M","?","R","M","M","T","$","?","R","E","M","R","BOSS","M","$","?","M","M","R","?","R","T","R","M","R","E","?","R","BOSS","M","M","$","M","?","E","R","R","T","?","R","M","E","M","R","BOSS"],"items_purchased_type":["Card","Relic","Card","Card","Card","Card","Card","Potion"],"build_version":"2020-12-22","purchased_purges":1,"victory":true,"max_hp_per_floor":[75,75,75,75,75,75,80,80,80,80,80,80,80,80,80,80,80,80,80,85,85,85,85,85,85,85,85,85,85,85,85,85,85,85,85,85,85,85,85,85,85,85,85,85,85,85,97,99,99,99],"card_choices":[{"not_picked":["Streamline","Conserve Battery"],"picked":"Gash","floor":1.0},{"not_picked":["Stack","Double Energy"],"picked":"FTL","floor":2.0},{"not_picked":["Cold Snap","Rebound"],"picked":"Turbo","floor":3.0},{"not_picked":["Gash","Ball Lightning"],"picked":"Scrape","floor":4.0},{"not_picked":["Reinforced Body","Stack"],"picked":"Creative AI","floor":7.0},{"not_picked":["Loop","Redo"],"picked":"Genetic Algorithm","floor":8.0},{"not_picked":["Cold Snap","Ball Lightning"],"picked":"Gash","floor":11.0},{"not_picked":["Sweeping Beam","Skim"],"picked":"Sunder","floor":13.0},{"not_picked":["Storm","Genetic Algorithm"],"picked":"Reprogram","floor":14.0},{"not_picked":["Biased Cognition","Creative AI"],"picked":"All For One","floor":16.0},{"not_picked":["Sweeping Beam","Stack+1"],"picked":"Go for the Eyes","floor":18.0},{"not_picked":["Rebound+1","Compile Driver"],"picked":"BootSequence","floor":21.0},{"not_picked":["Barrage","Streamline","Rebound"],"picked":"SKIP","floor":22.0},{"not_picked":["Blizzard","Conserve Battery"],"picked":"FTL","floor":28.0},{"not_picked":["Leap+1","Sweeping Beam","Compile Driver"],"picked":"SKIP","floor":30.0},{"not_picked":["Amplify","Meteor Strike"],"picked":"All For One","floor":33.0},{"not_picked":["Compile Driver+1","Streamline"],"picked":"Scrape+1","floor":35.0},{"not_picked":["Stack","Coolheaded+1"],"picked":"Beam Cell+1","floor":36.0},{"not_picked":["Lockon+1","Streamline"],"picked":"Self Repair","floor":38.0},{"not_picked":["Hologram+1","Auto Shields"],"picked":"Gash","floor":40.0},{"not_picked":["Purity","Deep Breath"],"picked":"Flash of Steel","floor":44.0},{"not_picked":["Streamline+1","Undo"],"picked":"Steam+1","floor":46.0},{"not_picked":["Amplify","Go for the Eyes","Reinforced Body"],"picked":"Singing Bowl","floor":47.0},{"not_picked":["Fusion+1","Conserve Battery","Compile Driver"],"picked":"Singing Bowl","floor":48}],"player_experience":426349,"relics_obtained":[{"floor":9.0,"key":"Vajra"},{"floor":13.0,"key":"Centennial Puzzle"},{"floor":26.0,"key":"Whetstone"},{"floor":30.0,"key":"Pen Nib"},{"floor":30.0,"key":"Omamori"},{"floor":40.0,"key":"Singing Bowl"},{"floor":40.0,"key":"WingedGreaves"},{"floor":43.0,"key":"White Beast Statue"},{"floor":47.0,"key":"Pear"},{"floor":47.0,"key":"Regal Pillow"}],"event_choices":[{"damage_healed":0.0,"max_hp_gain":0.0,"max_hp_loss":0.0,"gold_gain":0.0,"event_name":"Lab","player_choice":"Got Potions","floor":5.0,"gold_loss":0.0,"damage_taken":0.0},{"damage_healed":0.0,"max_hp_gain":5.0,"max_hp_loss":0.0,"gold_gain":0.0,"event_name":"Forgotten Altar","player_choice":"Shed Blood","floor":20.0,"gold_loss":0.0,"damage_taken":20.0},{"damage_healed":0.0,"max_hp_gain":0.0,"max_hp_loss":0.0,"gold_gain":0.0,"event_name":"N\u0027loth","player_choice":"Ignored","floor":31.0,"gold_loss":0.0,"damage_taken":0.0},{"damage_healed":0.0,"max_hp_gain":0.0,"max_hp_loss":0.0,"gold_gain":0.0,"event_name":"SensoryStone","player_choice":"Memory 1","floor":44.0,"gold_loss":0.0,"damage_taken":0.0}],"is_beta":false,"boss_relics":[{"not_picked":["Pandora\u0027s Box","Ectoplasm"],"picked":"Black Star"},{"not_picked":["Fusion Hammer","Astrolabe"],"picked":"Nuclear Battery"}],"items_purged_floors":[37],"is_endless":false,"potions_floor_spawned":[2,7,11,16,18,22,30,35,36,38,46,47,48],"ascension_level":11}}