{"host":"8is2j71l4wmybkoi","time":1612703740,"event":{"mods":["AchievementEnabler","BaseMod","Colored Map","Minty Spire (QoL Compilation)","Rare Cards Sparkle","StSLib","SuperFastMode"],"gold_per_floor":[16,30,30,30,49,49,60,92,141,153,168,178,209,221,221,295,295,309,319,319,319,330,330,350,383,432,463,479,506,506,506],"floor_reached":30,"language":"KOR","playtime":1186,"items_purged":[],"score":579,"play_id":"88555e56-857e-4296-84f7-ae90f4077b57","local_time":"20210207221540","is_ascension_mode":true,"campfire_choices":[{"data":"Whirlwind","floor":6.0,"key":"SMITH"},{"data":"Bloodletting","floor":15.0,"key":"SMITH"},{"floor":23,"key":"REST"}],"circlet_count":0,"master_deck":["AscendersBane","Strike_R","Strike_R","Strike_R","Strike_R","Defend_R","Defend_R","Defend_R+1","Defend_R","Bash","Demon Form","Reckless Charge","Headbutt","Whirlwind+1","Sword Boomerang","Shrug It Off","Bloodletting+1","Battle Trance","Seeing Red","Uppercut","Barricade","Shrug It Off+1","Decay","Ghostly","Ghostly","Ghostly","Heavy Blade+1","Armaments+1"],"relics":["Burning Blood","Blue Candle","Toy Ornithopter","PreservedInsect","Busted Crown","Bird Faced Urn","Bag of Marbles","War Paint","Anchor"],"acts_visited":["Exordium","TheCity"],"potions_floor_usage":[22,24,25,30],"damage_taken":[{"damage":10.0,"enemies":"Small Slimes","floor":1.0,"turns":5.0},{"damage":14.0,"enemies":"Jaw Worm","floor":2.0,"turns":4.0},{"damage":0.0,"enemies":"2 Louse","floor":5.0,"turns":2.0},{"damage":12.0,"enemies":"Exordium Wildlife","floor":7.0,"turns":3.0},{"damage":10.0,"enemies":"Lagavulin","floor":8.0,"turns":5.0},{"damage":6.0,"enemies":"2 Fungi Beasts","floor":10.0,"turns":3.0},{"damage":13.0,"enemies":"Blue Slaver","floor":11.0,"turns":2.0},{"damage":9.0,"enemies":"Exordium Thugs","floor":12.0,"turns":2.0},{"damage":21.0,"enemies":"3 Sentries","floor":13.0,"turns":4.0},{"damage":4.0,"enemies":"Red Slaver","floor":14.0,"turns":3.0},{"damage":28.0,"enemies":"The Guardian","floor":16.0,"turns":8.0},{"damage":34,"enemies":"2 Thieves","floor":18,"turns":4},{"damage":17,"enemies":"Spheric Guardian","floor":19,"turns":4},{"damage":22,"enemies":"Cultist and Chosen","floor":22,"turns":5},{"damage":11,"enemies":"Snake Plant","floor":24,"turns":4},{"damage":20,"enemies":"Book of Stabbing","floor":25,"turns":6},{"damage":15,"enemies":"Slavers","floor":27,"turns":6},{"damage":3,"enemies":"Centurion and Healer","floor":28,"turns":6},{"damage":4,"enemies":"Gremlin Leader","floor":29,"turns":5},{"damage":42,"enemies":"Cultist and Chosen","floor":30,"turns":6}],"seed_played":"6901560244896128101","potions_obtained":[{"floor":1.0,"key":"ElixirPotion"},{"floor":2.0,"key":"Dexterity Potion"},{"floor":10.0,"key":"Dexterity Potion"},{"floor":13.0,"key":"Energy Potion"},{"floor":19,"key":"Weak Potion"},{"floor":24,"key":"LiquidBronze"},{"floor":27,"key":"SpeedPotion"},{"floor":29,"key":"Weak Potion"}],"is_trial":false,"path_per_floor":["M","M","?","?","M","R","M","E","T","M","M","M","E","M","R","B",null,"M","M","?","?","M","R","M","E","T","E","M","E","M"],"character_chosen":"IRONCLAD","items_purchased":[],"campfire_rested":1,"item_purchase_floors":[],"current_hp_per_floor":[64,56,56,56,62,62,56,52,52,52,45,42,32,39,39,17,61,33,22,22,22,11,22,22,13,13,8,15,21,0,0],"gold":506,"neow_bonus":"THREE_RARE_CARDS","is_daily":false,"chose_seed":false,"campfire_upgraded":2,"win_rate":0.0,"timestamp":1612703740,"path_taken":["M","M","?","?","M","R","M","E","T","M","M","M","E","M","R","BOSS","BOSS","M","M","?","?","M","R","M","E","T","E","M","E","M"],"items_purchased_type":[],"build_version":"2020-12-22","purchased_purges":0,"victory":false,"max_hp_per_floor":[75,75,75,75,75,75,75,75,75,75,75,75,75,75,75,75,75,75,75,75,37,37,37,37,37,37,37,37,37,37,37],"card_choices":[{"not_picked":["Brutality","Feed"],"picked":"Demon Form","floor":0.0},{"not_picked":["Sword Boomerang","Blood for Blood"],"picked":"Reckless Charge","floor":1.0},{"not_picked":["Iron Wave","Warcry"],"picked":"Headbutt","floor":2.0},{"not_picked":["Pommel Strike","Burning Pact"],"picked":"Sword Boomerang","floor":5.0},{"not_picked":["Thunderclap","Dual Wield","Clothesline"],"picked":"SKIP","floor":7.0},{"not_picked":["Thunderclap","Dual Wield","Clothesline"],"picked":"SKIP","floor":7.0},{"not_picked":["Ghostly Armor","Warcry"],"picked":"Shrug It Off","floor":8.0},{"not_picked":["Uppercut","Entrench"],"picked":"Bloodletting","floor":10.0},{"not_picked":["Body Slam","Sword Boomerang","Anger"],"picked":"SKIP","floor":11.0},{"not_picked":["Pommel Strike","Flex"],"picked":"Battle Trance","floor":12.0},{"not_picked":["Pommel Strike","Sword Boomerang"],"picked":"Seeing Red","floor":13.0},{"not_picked":["Bloodletting","Wild Strike"],"picked":"Uppercut","floor":14.0},{"not_picked":["Fiend Fire","Corruption"],"picked":"Barricade","floor":16.0},{"not_picked":[],"picked":"Shrug It Off","floor":18},{"not_picked":["Headbutt"],"picked":"SKIP","floor":19},{"not_picked":[],"picked":"Heavy Blade+1","floor":22},{"not_picked":["Perfected Strike"],"picked":"SKIP","floor":24},{"not_picked":["Perfected Strike"],"picked":"SKIP","floor":24},{"not_picked":["Havoc"],"picked":"SKIP","floor":25},{"not_picked":["Warcry"],"picked":"SKIP","floor":27},{"not_picked":["Clothesline"],"picked":"SKIP","floor":28},{"not_picked":[],"picked":"Armaments+1","floor":29}],"player_experience":1037897,"relics_obtained":[{"floor":8.0,"key":"Blue Candle"},{"floor":9.0,"key":"Toy Ornithopter"},{"floor":13.0,"key":"PreservedInsect"},{"floor":25,"key":"Bird Faced Urn"},{"floor":26,"key":"Bag of Marbles"},{"floor":27,"key":"War Paint"},{"floor":29,"key":"Anchor"}],"event_choices":[{"damage_healed":0.0,"max_hp_gain":0.0,"max_hp_loss":0.0,"gold_gain":0.0,"cards_transformed":["Strike_R"],"event_name":"Living Wall","player_choice":"Change","floor":3.0,"gold_loss":0.0,"damage_taken":0.0,"cards_obtained":["Whirlwind"]},{"damage_healed":0.0,"max_hp_gain":0.0,"max_hp_loss":0.0,"gold_gain":0.0,"event_name":"Liars Game","player_choice":"Ignored","floor":4.0,"gold_loss":0.0,"damage_taken":0.0},{"damage_healed":0,"gold_gain":0,"player_choice":"Smashed Altar","damage_taken":0,"max_hp_gain":0,"max_hp_loss":0,"event_name":"Forgotten Altar","floor":20,"gold_loss":0,"cards_obtained":["Decay"]},{"damage_healed":0,"gold_gain":0,"player_choice":"Became a Ghost","damage_taken":0,"max_hp_gain":0,"max_hp_loss":38,"event_name":"Ghosts","floor":21,"gold_loss":0,"cards_obtained":["Ghostly","Ghostly","Ghostly"]}],"is_beta":false,"boss_relics":[{"not_picked":["Runic Cube","Sozu"],"picked":"Busted Crown"}],"items_purged_floors":[],"is_endless":false,"potions_floor_spawned":[1,2,10,13,19,24,27,29],"killed_by":"Cultist and Chosen","ascension_level":15}}