{"host":"m3qxensetu6036ua","time":1612704231,"event":{"mods":["2.2 Compatiblity","AchievementEnabler","BaseMod","Better Altar","Better Match","Better Sensory Stone","Better Skull","Better Third Choice","Better Vampires","Block Reminder","Colored Powertips","Displayed Cursed Tome","Evolution","Good Game Mod","GungeonMod","Hubris","Jedi Mod","Minty Spire (QoL Compilation)","Rare Cards Sparkle","Remove Card Discount Mod","Replay The Spire","Spicy Shops","StSLib","The Cursed"],"gold_per_floor":[113,132,132,145,159,159,159,171,195,195,227,247,247,95,95,198,198,217,235,250,250,270,270,270,270],"floor_reached":24,"language":"ENG","playtime":1997,"items_purged":[],"score":220,"play_id":"c1aaa311-589c-401c-a99a-4a06db12938b","local_time":"20210207142351","is_ascension_mode":true,"campfire_choices":[{"floor":6,"key":"REST"},{"data":"1","floor":13,"key":"LIFT"},{"data":"Pot Of Greed","floor":15,"key":"SMITH"},{"data":"Pot Of Greed","floor":23,"key":"SMITH"}],"circlet_count":0,"master_deck":["TheCursedMod:VitalStrike","TheCursedMod:Strike_TheCursed","TheCursedMod:Strike_TheCursed","TheCursedMod:Strike_TheCursed","TheCursedMod:Defend_TheCursed","TheCursedMod:Defend_TheCursed","TheCursedMod:Defend_TheCursed","TheCursedMod:Defend_TheCursed","TheCursedMod:CursedWand","TheCursedMod:CleanUpWorkshop","TheCursedMod:Dregs","TheCursedMod:CircleOfAbyss","TheCursedMod:CircleOfCorruption","TheCursedMod:SurpriseAttack","TheCursedMod:Obscuration","TheCursedMod:CursedAmulet","TheCursedMod:WearCloak","TheCursedMod:CursedBlade","TheCursedMod:ReleasedKnowledge","Pot Of Greed+1","Pot Of Greed+1","TheCursedMod:FleshFromBone","TheCursedMod:CursedBlade","TheCursedMod:CursedRelics","CurseOfTheBell","Pot Of Greed+1","TheCursedMod:EmpowerCircles","TheCursedMod:HellfireBreathing","TheCursedMod:CollectTribute","TheCursedMod:SpitefulStrike+1"],"relics":["TheCursedMod:BlackMagic101","EVO:Axolotl","REME:ComplimentaryCards","Prayer Wheel","Girya","Grinning Jar","Dream Catcher","hubris:OldNail","Calling Bell","DemoMod:WhiteGuonStone","Replay:WaspNest","DemoMod:Orange","DemoMod:GlassGuonStoneRelic"],"acts_visited":["Exordium","TheCity"],"potions_floor_usage":[11,16,16,19,20],"damage_taken":[{"damage":14,"enemies":"2 Louse","floor":1,"turns":4},{"damage":0,"enemies":"Cultist","floor":2,"turns":4},{"damage":0,"enemies":"Jaw Worm","floor":4,"turns":4},{"damage":3,"enemies":"Exordium Wildlife","floor":5,"turns":9},{"damage":2,"enemies":"Blue Slaver","floor":8,"turns":4},{"damage":5,"enemies":"Lagavulin","floor":11,"turns":10},{"damage":0,"enemies":"3 Louse","floor":12,"turns":4},{"damage":20,"enemies":"The Guardian","floor":16,"turns":16},{"damage":0,"enemies":"Chosen","floor":18,"turns":4},{"damage":0,"enemies":"Shell Parasite","floor":19,"turns":5},{"damage":9,"enemies":"Sentry and Sphere","floor":20,"turns":6},{"damage":15,"enemies":"Shelled Parasite and Fungi","floor":22,"turns":6},{"damage":0,"enemies":"Slavers","floor":24,"turns":1}],"seed_played":"1037568906078277318","potions_obtained":[{"floor":1,"key":"Ancient Potion"},{"floor":4,"key":"Block Potion"},{"floor":5,"key":"DemoMod:LeadSkinPotion"},{"floor":11,"key":"Elixir"},{"floor":16,"key":"Strength Potion"}],"is_trial":false,"path_per_floor":["M","M","?","M","M","R","?","M","T","?","E","M","R","$","R","B",null,"M","M","M","?","M","R","E"],"character_chosen":"THE_CURSED","items_purchased":["hubris:OldNail"],"campfire_rested":1,"item_purchase_floors":[14],"current_hp_per_floor":[40,40,40,40,37,59,59,57,57,57,52,52,52,52,52,32,87,87,87,78,78,63,63,63,63],"gold":270,"neow_bonus":"THREE_RARE_CARDS","is_daily":false,"chose_seed":false,"campfire_upgraded":2,"win_rate":0.0,"timestamp":1612704231,"path_taken":["M","M","?","?","M","R","?","M","T","?","E","?","R","$","R","BOSS","M","M","M","?","M","R","E"],"items_purchased_type":["Relic"],"build_version":"2020-12-22","purchased_purges":0,"victory":false,"max_hp_per_floor":[75,75,75,75,75,75,75,75,75,75,75,75,75,75,75,75,87,87,87,87,87,87,87,87,87],"card_choices":[{"not_picked":["TheCursedMod:ManaCirculation","TheCursedMod:VoidForm"],"picked":"TheCursedMod:CircleOfAbyss","floor":0},{"not_picked":["TheCursedMod:Obscuration","TheCursedMod:BlessingInDisguise"],"picked":"TheCursedMod:CircleOfCorruption","floor":1},{"not_picked":["TheCursedMod:CircleOfFlame","TheCursedMod:Wield"],"picked":"TheCursedMod:SurpriseAttack","floor":1},{"not_picked":["TheCursedMod:TroublousMinions","TheCursedMod:Stigma"],"picked":"TheCursedMod:Obscuration","floor":2},{"not_picked":["TheCursedMod:SaltUponWound","TheCursedMod:Wield"],"picked":"TheCursedMod:CursedAmulet","floor":2},{"not_picked":["TheCursedMod:RapidMovement","TheCursedMod:TacticalStrike"],"picked":"TheCursedMod:WearCloak","floor":4},{"not_picked":["TheCursedMod:WearCloak","TheCursedMod:DarkBarrier","TheCursedMod:CircleOfBlood"],"picked":"SKIP","floor":4},{"not_picked":["TheCursedMod:WearCloak","TheCursedMod:DarkBarrier","TheCursedMod:CircleOfBlood"],"picked":"SKIP","floor":4},{"not_picked":["TheCursedMod:Wield","TheCursedMod:HellsGateOpen","TheCursedMod:Obscuration"],"picked":"SKIP","floor":5},{"not_picked":["TheCursedMod:RavingStaff","TheCursedMod:VitalStrike","TheCursedMod:Stigma"],"picked":"SKIP","floor":5},{"not_picked":["TheCursedMod:RavingStaff","TheCursedMod:VoidForm"],"picked":"TheCursedMod:CursedBlade","floor":8},{"not_picked":["TheCursedMod:Evocation","TheCursedMod:TroublousMinions"],"picked":"TheCursedMod:ReleasedKnowledge","floor":8},{"not_picked":["TheCursedMod:Stigma","TheCursedMod:SoulCrush","TheCursedMod:ReleasedKnowledge"],"picked":"SKIP","floor":11},{"not_picked":["TheCursedMod:CursedShiv","TheCursedMod:WearCloak"],"picked":"TheCursedMod:FleshFromBone","floor":12},{"not_picked":["TheCursedMod:CursedMace","TheCursedMod:RapidMovement"],"picked":"TheCursedMod:CursedBlade","floor":12},{"not_picked":["TheCursedMod:DemonSword","TheCursedMod:ForbiddenAlchemy"],"picked":"TheCursedMod:CursedRelics","floor":16},{"not_picked":["TheCursedMod:Obscuration","TheCursedMod:WearCloak","TheCursedMod:CircleOfCorruption+1"],"picked":"SKIP","floor":18},{"not_picked":["TheCursedMod:RapidMovement","TheCursedMod:SurpriseAttack","TheCursedMod:CursedShiv"],"picked":"SKIP","floor":18},{"not_picked":["TheCursedMod:CursedBlade","TheCursedMod:FleshFromBone+1"],"picked":"TheCursedMod:EmpowerCircles","floor":19},{"not_picked":["TheCursedMod:AshesToAshes","TheCursedMod:TacticalStrike+1"],"picked":"TheCursedMod:HellfireBreathing","floor":19},{"not_picked":["TheCursedMod:Wield","TheCursedMod:Obscuration+1","TheCursedMod:CollectTribute"],"picked":"SKIP","floor":20},{"not_picked":["TheCursedMod:CircleOfFlame+1","TheCursedMod:BlessingInDisguise+1","TheCursedMod:ReleasedKnowledge+1"],"picked":"SKIP","floor":20},{"not_picked":["TheCursedMod:Wield","TheCursedMod:Obscuration+1"],"picked":"TheCursedMod:CollectTribute","floor":20},{"not_picked":["TheCursedMod:CircleOfFlame+1","TheCursedMod:BlessingInDisguise+1","TheCursedMod:ReleasedKnowledge+1"],"picked":"SKIP","floor":20},{"not_picked":["TheCursedMod:RavingStaff","TheCursedMod:Stigma"],"picked":"TheCursedMod:SpitefulStrike+1","floor":22},{"not_picked":["TheCursedMod:Stretching","TheCursedMod:CursedBoomerang","TheCursedMod:Stigma"],"picked":"SKIP","floor":22}],"player_experience":237525,"relics_obtained":[{"floor":9,"key":"Grinning Jar"},{"floor":11,"key":"Dream Catcher"},{"floor":17,"key":"DemoMod:WhiteGuonStone"},{"floor":17,"key":"Replay:WaspNest"},{"floor":17,"key":"DemoMod:Orange"}],"event_choices":[{"damage_healed":0,"gold_gain":0,"player_choice":"Bought 0 Potions","damage_taken":0,"max_hp_gain":0,"max_hp_loss":0,"event_name":"The Woman in Blue","floor":3,"gold_loss":0},{"damage_healed":0,"gold_gain":0,"player_choice":"Box","damage_taken":0,"relics_obtained":["Girya"],"max_hp_gain":0,"max_hp_loss":0,"event_name":"Big Fish","floor":7,"gold_loss":0,"cards_obtained":["Regret"]},{"cards_removed":["Regret"],"damage_healed":0,"gold_gain":0,"player_choice":"Card Removal","damage_taken":0,"max_hp_gain":0,"max_hp_loss":0,"event_name":"Wheel of Change","floor":10,"gold_loss":0}],"is_beta":false,"boss_relics":[{"not_picked":["Astrolabe","hubris:Stopwatch"],"picked":"Calling Bell"}],"items_purged_floors":[],"is_endless":false,"potions_floor_spawned":[1,4,5,11,16,18],"killed_by":"Slavers","ascension_level":2}}