{"host":"c35j6tsoy7cxzn43","time":1612716499,"event":{"mods":["BaseMod","Better Third Choice","BetterRewards","Colored Map","Colored Powertips","Conspire","Highlight Path","Hubris","Infinite Spire","Minty Spire (QoL Compilation)","Quick Restart","Replay The Spire","Shop Mod","StSLib"],"gold_per_floor":[109,109,124,141,156,156,156,4,4,4,39,56,70,70,70,172,172,183,197,197,211,211,211,211],"floor_reached":23,"language":"ENG","playtime":1113,"items_purged":[],"score":193,"play_id":"ddc4a031-6c37-411b-829f-06d732fa96dc","local_time":"20210207174819","is_ascension_mode":false,"campfire_choices":[{"floor":6,"key":"RECALL"},{"data":"Flame Barrier","floor":10,"key":"SMITH"},{"floor":15,"key":"DIG"}],"circlet_count":0,"master_deck":["Strike_R+1","Strike_R+1","Strike_R+1","Strike_R+1","Strike_R+1","Defend_R+1","Defend_R+1","Defend_R+1","Defend_R+1","Bash+1","Flame Barrier+1","Double Tap","Demon Form","Whirlwind"],"relics":["Burning Blood","conspire:TreasureMap","Bottled Lightning","TungstenRod","Happy Flower","Runic Cube"],"acts_visited":["Exordium","TheCity"],"potions_floor_usage":[11,21,23,23],"damage_taken":[{"damage":7,"enemies":"Small Slimes","floor":1,"turns":3},{"damage":1,"enemies":"Cultist","floor":3,"turns":3},{"damage":1,"enemies":"Jaw Worm","floor":4,"turns":3},{"damage":10,"enemies":"2 Fungi Beasts","floor":5,"turns":3},{"damage":41,"enemies":"Lagavulin","floor":11,"turns":8},{"damage":5,"enemies":"3 Louse","floor":12,"turns":3},{"damage":7,"enemies":"Blue Slaver","floor":13,"turns":3},{"damage":33,"enemies":"Slime Boss","floor":16,"turns":14},{"damage":5,"enemies":"3 Byrds","floor":18,"turns":3},{"damage":15,"enemies":"Chosen","floor":19,"turns":5},{"damage":29,"enemies":"Centurion and Healer","floor":21,"turns":11},{"damage":66,"enemies":"Gremlin Leader","floor":23,"turns":7}],"seed_played":"106650388040393943","potions_obtained":[{"floor":1,"key":"SteroidPotion"},{"floor":3,"key":"BloodPotion"},{"floor":11,"key":"Cursed Concoction"},{"floor":18,"key":"Block Potion"},{"floor":19,"key":"GamblersBrew"}],"is_trial":false,"path_per_floor":["M","?","M","M","M","R","?","$","T","R","E","M","M","?","R_BF","B",null,"M","M","?","M","?","E"],"character_chosen":"IRONCLAD","items_purchased":["conspire:TreasureMap"],"campfire_rested":0,"item_purchase_floors":[8],"current_hp_per_floor":[79,79,80,80,76,76,76,76,76,76,41,42,41,41,41,14,80,80,71,71,48,48,0,0],"gold":211,"neow_bonus":"RANDOM_EVENT","is_daily":false,"chose_seed":false,"campfire_upgraded":1,"win_rate":0.0,"timestamp":1612716499,"path_taken":["M","?","?","M","M","R","?","$","T","R","E","M","M","?","R_BF","BOSS","M","M","?","M","?","E"],"items_purchased_type":["Relic"],"build_version":"2020-12-22","purchased_purges":0,"victory":false,"max_hp_per_floor":[80,80,80,80,80,80,80,80,80,80,80,80,80,80,80,80,80,80,80,80,80,80,80,80],"card_choices":[{"not_picked":["ReplayTheSpireMod:Strike From Hell","Pommel Strike","Intimidate"],"picked":"SKIP","floor":1},{"not_picked":["Hemokinesis","Warcry","Evolve"],"picked":"SKIP","floor":3},{"not_picked":["Replay:Undeath\u0027s Touch","Body Slam","Havoc"],"picked":"SKIP","floor":4},{"not_picked":["Cleave","Wild Strike","Body Slam"],"picked":"SKIP","floor":5},{"not_picked":["conspire:ExplosiveBarrier","Warcry","Armaments"],"picked":"SKIP","floor":11},{"not_picked":["Anger","Seeing Red"],"picked":"Double Tap","floor":12},{"not_picked":["True Grit","Combust","Clash"],"picked":"SKIP","floor":13},{"not_picked":["Impervious","conspire:Purge"],"picked":"Demon Form","floor":16},{"not_picked":["Shrug It Off","Pommel Strike","Iron Wave"],"picked":"SKIP","floor":18},{"not_picked":["Havoc","hubris:SharpeningStone"],"picked":"Whirlwind","floor":19},{"not_picked":["Headbutt","Replay:Undeath\u0027s Touch","True Grit"],"picked":"SKIP","floor":21}],"player_experience":457024,"relics_obtained":[{"floor":9,"key":"Bottled Lightning"},{"floor":11,"key":"TungstenRod"},{"floor":15,"key":"Happy Flower"}],"event_choices":[{"damage_healed":0,"gold_gain":0,"player_choice":"Grow","damage_taken":0,"max_hp_gain":0,"max_hp_loss":0,"event_name":"Living Wall","floor":0,"gold_loss":0,"cards_upgraded":["Bash"]},{"damage_healed":0,"gold_gain":0,"player_choice":"Upgraded","damage_taken":0,"max_hp_gain":0,"max_hp_loss":0,"event_name":"Upgrade Shrine","floor":2,"gold_loss":0,"cards_upgraded":["Strike_R"]},{"damage_healed":0,"gold_gain":0,"player_choice":"Simplicity","damage_taken":0,"max_hp_gain":0,"max_hp_loss":7,"event_name":"betterThird:BetterWriting","floor":20,"gold_loss":0},{"damage_healed":0,"gold_gain":0,"player_choice":"Ignored","damage_taken":0,"max_hp_gain":0,"max_hp_loss":0,"event_name":"The Mausoleum","floor":22,"gold_loss":0}],"is_beta":false,"boss_relics":[{"not_picked":["Ectoplasm","Fusion Hammer"],"picked":"Runic Cube"}],"items_purged_floors":[],"is_endless":false,"potions_floor_spawned":[1,3,11,18,19],"killed_by":"Gremlin Leader","ascension_level":0}}