{"host":"nwd160me4iqdtr8u","time":1612689169,"event":{"mods":["AchievementEnabler","Act Like it!","BaseMod","Colored Map","DeckTracker","Keyboard Shortcuts","Minty Spire (QoL Compilation)","Quick Restart","Rare Cards Sparkle","Smile Girya","StSLib","SuperFastMode","everything is the same but u backflip on backflip"],"gold_per_floor":[110,31,42,53,64,95,45,45,72,72,82,82,82,104,104,206,206,217,217,205,120,132,132,132,132],"floor_reached":24,"language":"KOR","playtime":1356,"items_purged":[],"score":290,"play_id":"43ae3d1a-98e9-40a6-9dbb-40df99cacb91","local_time":"20210207181249","is_ascension_mode":true,"campfire_choices":[{"data":"Rip and Tear","floor":8.0,"key":"SMITH"},{"floor":15.0,"key":"REST"},{"data":"Biased Cognition","floor":23,"key":"SMITH"}],"circlet_count":0,"master_deck":["Defend_B+1","Defend_B","Zap","Dualcast","Go for the Eyes+1","FTL","Rip and Tear+1","Coolheaded","White Noise","Glacier","Reinforced Body","Cold Snap","Storm","Biased Cognition+1","Chill+1","All For One+1","Multi-Cast+1","Darkness","Ball Lightning+1","Skim"],"relics":["Cracked Core","Dream Catcher","Strawberry","Anchor","Odd Mushroom","Astrolabe","Blue Candle","Pear"],"acts_visited":["Exordium","TheCity"],"potions_floor_usage":[24,24],"damage_taken":[{"damage":4.0,"enemies":"Jaw Worm","floor":1.0,"turns":3.0},{"damage":1.0,"enemies":"Small Slimes","floor":3.0,"turns":2.0},{"damage":0.0,"enemies":"2 Louse","floor":4.0,"turns":3.0},{"damage":3.0,"enemies":"2 Fungi Beasts","floor":5.0,"turns":4.0},{"damage":13.0,"enemies":"Lagavulin","floor":6.0,"turns":5.0},{"damage":14.0,"enemies":"3 Louse","floor":11.0,"turns":2.0},{"damage":7.0,"enemies":"The Mushroom Lair","floor":14.0,"turns":5.0},{"damage":24.0,"enemies":"Slime Boss","floor":16.0,"turns":13.0},{"damage":0,"enemies":"3 Byrds","floor":18,"turns":7},{"damage":17,"enemies":"2 Thieves","floor":20,"turns":4},{"damage":0,"enemies":"Centurion and Healer","floor":22,"turns":6},{"damage":59,"enemies":"Gremlin Leader","floor":24,"turns":8}],"seed_played":"-8341539487839053863","potions_obtained":[{"floor":3.0,"key":"GamblersBrew"},{"floor":4.0,"key":"EssenceOfSteel"},{"floor":5.0,"key":"DuplicationPotion"},{"floor":14.0,"key":"Swift Potion"},{"floor":18,"key":"SpeedPotion"}],"is_trial":false,"path_per_floor":["M","$","M","M","M","E","?","R","T","?","M","?","?","?","R","B",null,"M","?","M","?","M","R","E"],"character_chosen":"DEFECT","items_purchased":["Rip and Tear"],"campfire_rested":1,"item_purchase_floors":[2],"current_hp_per_floor":[64,64,63,63,60,47,47,47,54,38,24,17,17,10,34,10,64,64,64,47,57,57,57,0,0],"gold":132,"neow_bonus":"TRANSFORM_CARD","is_daily":false,"chose_seed":false,"campfire_upgraded":2,"win_rate":0.0,"timestamp":1612689169,"path_taken":["M","$","M","M","M","E","?","R","T","?","M","?","?","?","R","BOSS","M","?","M","?","M","R","E"],"items_purchased_type":["Card"],"build_version":"2020-12-22","purchased_purges":0,"victory":false,"max_hp_per_floor":[75,75,75,75,75,75,75,75,82,82,82,82,82,82,82,82,82,82,82,82,92,92,92,92,92],"card_choices":[{"not_picked":["Beam Cell","Steam"],"picked":"FTL","floor":1.0},{"not_picked":["Auto Shields","Sweeping Beam","Go for the Eyes"],"picked":"SKIP","floor":3.0},{"not_picked":["Auto Shields","Gash"],"picked":"Coolheaded","floor":4.0},{"not_picked":["Conserve Battery","Rip and Tear"],"picked":"White Noise","floor":5.0},{"not_picked":["Self Repair","Steam"],"picked":"Glacier","floor":6.0},{"not_picked":["Stack","Coolheaded"],"picked":"Reinforced Body","floor":11.0},{"not_picked":["Hologram","Compile Driver"],"picked":"Cold Snap","floor":14.0},{"not_picked":["Auto Shields","Steam Power"],"picked":"Storm","floor":15.0},{"not_picked":["Buffer","Rainbow"],"picked":"Biased Cognition","floor":16.0},{"not_picked":["Lockon","Stack"],"picked":"Darkness","floor":18},{"not_picked":["Sweeping Beam","Thunder Strike"],"picked":"Ball Lightning+1","floor":20},{"not_picked":["Darkness","Double Energy"],"picked":"Skim","floor":22}],"player_experience":408151,"relics_obtained":[{"floor":6.0,"key":"Dream Catcher"},{"floor":9.0,"key":"Strawberry"},{"floor":14.0,"key":"Odd Mushroom"}],"event_choices":[{"cards_removed":["Strike_B"],"damage_healed":0.0,"max_hp_gain":0.0,"max_hp_loss":0.0,"gold_gain":0.0,"event_name":"The Cleric","player_choice":"Card Removal","floor":7.0,"gold_loss":50.0,"damage_taken":0.0},{"damage_healed":0.0,"max_hp_gain":0.0,"max_hp_loss":0.0,"gold_gain":0.0,"event_name":"Shining Light","player_choice":"Entered Light","floor":10.0,"gold_loss":0.0,"damage_taken":16.0,"cards_upgraded":["Defend_B","Go for the Eyes"]},{"cards_removed":["Strike_B"],"damage_healed":0.0,"max_hp_gain":0.0,"max_hp_loss":0.0,"gold_gain":0.0,"event_name":"Golden Wing","player_choice":"Card Removal","floor":12.0,"gold_loss":0.0,"damage_taken":7.0},{"damage_healed":0.0,"max_hp_gain":0.0,"max_hp_loss":0.0,"gold_gain":0.0,"event_name":"Dead Adventurer","player_choice":"Searched \u00272\u0027 times","floor":13.0,"gold_loss":0.0,"damage_taken":0.0,"relics_obtained":["Anchor"]},{"damage_healed":0.0,"max_hp_gain":0.0,"max_hp_loss":0.0,"gold_gain":0.0,"event_name":"Mushrooms","player_choice":"Fought Mushrooms","floor":14.0,"gold_loss":0.0,"damage_taken":0.0},{"damage_healed":0,"gold_gain":0,"player_choice":"Opened","damage_taken":0,"relics_obtained":["Blue Candle"],"max_hp_gain":0,"max_hp_loss":0,"event_name":"The Mausoleum","floor":19,"gold_loss":0},{"damage_healed":0,"gold_gain":0,"player_choice":"Obtained Relic","damage_taken":0,"relics_obtained":["Pear"],"max_hp_gain":0,"max_hp_loss":0,"event_name":"Addict","floor":21,"gold_loss":85}],"is_beta":false,"boss_relics":[{"not_picked":["SacredBark","Pandora\u0027s Box"],"picked":"Astrolabe"}],"items_purged_floors":[],"is_endless":false,"potions_floor_spawned":[3,4,5,14,18],"killed_by":"Gremlin Leader","ascension_level":7}}