{"host":"w8xisjf5mgmfjvmt","time":1612664276,"event":{"mods":["BaseMod","BetterRewards","Challenge The Spire","Conspire","Energized Spire","Filter the Spire","Minty Spire (QoL Compilation)","Quarter Circle Forward PUNCH!","Quick Restart","Relic Filter Mod","Relic Stats","Reliquary","Replay The Spire","Shop Mod","Spicy Shops","StSLib","Thieving Mod","¡¾ÒÅÎï¿¨ÅÆ¡¿REMEMod","óô»ðÖ¸ÄÏ"],"gold_per_floor":[118,118,68,68,81,81,114,114,141,141,141],"floor_reached":10,"language":"ZHS","playtime":190,"items_purged":[],"score":83,"play_id":"b8ec17d3-2f27-4434-bf19-72b4305771b8","local_time":"20210207101756","is_ascension_mode":true,"campfire_choices":[{"data":"Eruption","floor":6.0,"key":"SMITH"},{"data":"EmptyMind","floor":8.0,"key":"SMITH"}],"circlet_count":0,"master_deck":["Strike_P","Strike_P","Strike_P","Strike_P","Defend_P","Defend_P","Defend_P","Defend_P","Eruption+1","Vigilance","Feed","EmptyFist","EmptyMind+1","ThirdEye"],"relics":["PureWater","REME_ComplimentaryCards","Gambling Chip","Golden Idol","SsserpentHead","Mirror","reliquary:WeakTea"],"acts_visited":["Exordium"],"potions_floor_usage":[],"damage_taken":[{"damage":2.0,"enemies":"Small Slimes","floor":1.0,"turns":4.0},{"damage":0.0,"enemies":"2 Louse","floor":5.0,"turns":1.0},{"damage":32.0,"enemies":"Gremlin Nob","floor":7.0,"turns":4.0},{"damage":2,"enemies":"3 Sentries","floor":10,"turns":2}],"seed_played":"-907308733076489276","potions_obtained":[{"floor":5.0,"key":"Toxic Potion"}],"is_trial":false,"path_per_floor":["M","?","?","?","M","R","E","R","T","E"],"character_chosen":"WATCHER","items_purchased":[],"campfire_rested":0,"item_purchase_floors":[],"current_hp_per_floor":[66,48,48,48,51,51,19,19,19,17,17],"gold":141,"neow_bonus":"ONE_RARE_RELIC","is_daily":false,"chose_seed":false,"campfire_upgraded":2,"win_rate":0.0,"timestamp":1612664276,"path_taken":["M","?","?","?","M","R","E","R","T","E"],"items_purchased_type":[],"build_version":"2020-12-22","purchased_purges":0,"victory":false,"max_hp_per_floor":[75,75,75,75,78,78,78,78,78,78,78],"relic_stats":{"SsserpentHead":0,"counters":[4,11],"Golden Idol":10,"Gambling Chip":[13],"obtain_stats":[{"SsserpentHead":4,"Golden Idol":2,"Gambling Chip":0,"reliquary:WeakTea":9,"PureWater":0,"Mirror":7,"REME_ComplimentaryCards":0},{"SsserpentHead":1,"Golden Idol":1,"Gambling Chip":0,"reliquary:WeakTea":3,"PureWater":0,"Mirror":3,"REME_ComplimentaryCards":0},{"SsserpentHead":4,"Golden Idol":4,"Gambling Chip":0,"reliquary:WeakTea":9,"PureWater":0,"Mirror":9,"REME_ComplimentaryCards":0}]},"card_choices":[{"not_picked":["Replay:Vibes","ThirdEye"],"picked":"EmptyFist","floor":1.0},{"not_picked":["Crescendo","Perseverance"],"picked":"EmptyMind","floor":5.0},{"not_picked":["SashWhip","Prostrate"],"picked":"ThirdEye","floor":7.0}],"player_experience":1287736,"relics_obtained":[{"floor":7.0,"key":"Mirror"},{"floor":9.0,"key":"reliquary:WeakTea"}],"event_choices":[{"damage_healed":0.0,"max_hp_gain":0.0,"max_hp_loss":0.0,"gold_gain":0.0,"event_name":"Golden Idol","player_choice":"Take Damage","floor":2.0,"gold_loss":0.0,"damage_taken":18.0,"relics_obtained":["Golden Idol"]},{"cards_removed":["Injury"],"damage_healed":0.0,"max_hp_gain":0.0,"max_hp_loss":0.0,"gold_gain":0.0,"event_name":"The Cleric","player_choice":"Card Removal","floor":3.0,"gold_loss":50.0,"damage_taken":0.0},{"damage_healed":0.0,"max_hp_gain":0.0,"max_hp_loss":0.0,"gold_gain":0.0,"event_name":"FaceTrader","player_choice":"Trade","floor":4.0,"gold_loss":0.0,"damage_taken":0.0,"relics_obtained":["SsserpentHead"]}],"is_beta":false,"boss_relics":[],"items_purged_floors":[],"is_endless":false,"potions_floor_spawned":[5],"killed_by":"3 Sentries","ascension_level":6}}