{"host":"gkm149kh1ihaqy0o","time":1612719024,"event":{"mods":["AchievementEnabler","BaseMod","Colored Powertips","Googly Eyes","Key Reminder","Minty Spire (QoL Compilation)","Permanent Neow","Quick Restart","Random Character Button","Rare Cards Sparkle","Relic Sorter","Relic Stats","SuperFastMode","Unceasing Turn Reminder","everything is the same but u backflip on backflip"],"gold_per_floor":[17,17,35,48,66,95,95,124,173,188,217,232,69,69,69,146,146,159,210,210,226,226,255,255,98,398,398,431,140,155,184,184,184,184],"floor_reached":33,"language":"ENG","playtime":1610,"items_purged":["Strike_R","Parasite","Regret"],"score":614,"play_id":"1f0adc6c-980a-49a3-ab7f-1c2a0e510cdc","local_time":"20210207113024","is_ascension_mode":true,"campfire_choices":[{"floor":7,"key":"REST"},{"data":"Shockwave","floor":15,"key":"SMITH"},{"data":"True Grit","floor":27,"key":"SMITH"},{"floor":32,"key":"REST"}],"circlet_count":0,"master_deck":["AscendersBane","Strike_R","Defend_R","Defend_R","Defend_R","Bash","Heavy Blade","Headbutt","Twin Strike","Anger","Shockwave+1","Flame Barrier+1","Rage+1","Battle Trance","Iron Wave","Pummel","Reaper","Second Wind+1","Combust","Ghostly","Ghostly","Ghostly","True Grit+1","Ghostly Armor","Blind+1"],"relics":["Burning Blood","Blood Vial","Mercury Hourglass","Strawberry","Vajra","Cursed Key","War Paint","Tiny Chest","Old Coin","Shuriken","PrismaticShard","Boot"],"acts_visited":["Exordium","TheCity"],"potions_floor_usage":[5,6,11,18,31,33,33],"damage_taken":[{"damage":11,"enemies":"Small Slimes","floor":1,"turns":5},{"damage":1,"enemies":"Cultist","floor":3,"turns":3},{"damage":7,"enemies":"Jaw Worm","floor":4,"turns":3},{"damage":4,"enemies":"Red Slaver","floor":5,"turns":4},{"damage":35,"enemies":"3 Sentries","floor":6,"turns":7},{"damage":25,"enemies":"Lagavulin","floor":8,"turns":7},{"damage":4,"enemies":"2 Fungi Beasts","floor":10,"turns":3},{"damage":16,"enemies":"3 Sentries","floor":11,"turns":5},{"damage":5,"enemies":"Gremlin Gang","floor":12,"turns":3},{"damage":33,"enemies":"Slime Boss","floor":16,"turns":7},{"damage":0,"enemies":"Spheric Guardian","floor":18,"turns":3},{"damage":7,"enemies":"Shell Parasite","floor":21,"turns":5},{"damage":13,"enemies":"Book of Stabbing","floor":23,"turns":5},{"damage":9,"enemies":"Slavers","floor":28,"turns":6},{"damage":5,"enemies":"Snake Plant","floor":30,"turns":4},{"damage":32,"enemies":"Book of Stabbing","floor":31,"turns":7},{"damage":49,"enemies":"Champ","floor":33,"turns":10}],"seed_played":"8889447475572116970","potions_obtained":[{"floor":3,"key":"CultistPotion"},{"floor":4,"key":"ColorlessPotion"},{"floor":8,"key":"Weak Potion"},{"floor":12,"key":"BloodPotion"},{"floor":16,"key":"Fire Potion"},{"floor":21,"key":"SneckoOil"},{"floor":31,"key":"Block Potion"}],"is_trial":false,"path_per_floor":["M","?","M","M","M","E","R","E","T","M","E","M","$","?","R","B",null,"M","T","?","M","?","E","?","$","T","R","E","$","M","E","R","B"],"character_chosen":"IRONCLAD","items_purchased":["Pummel","True Grit","PrismaticShard"],"campfire_rested":2,"item_purchase_floors":[13,25,29],"current_hp_per_floor":[63,63,68,67,69,40,62,45,52,56,48,51,51,51,51,26,68,76,76,76,81,57,52,43,40,40,40,37,37,40,14,26,0,0],"gold":184,"neow_bonus":"REMOVE_TWO","is_daily":false,"chose_seed":false,"campfire_upgraded":2,"win_rate":0.0,"timestamp":1612719024,"path_taken":["M","?","M","M","M","E","R","E","T","M","E","?","$","?","R","BOSS","M","?","?","?","?","E","?","$","T","R","E","?","?","E","R","BOSS"],"items_purchased_type":["Card","Card","Relic"],"build_version":"2020-12-22","purchased_purges":3,"victory":false,"max_hp_per_floor":[75,75,75,75,75,75,75,75,82,82,82,82,82,82,82,82,82,82,82,82,82,87,87,43,40,40,40,40,40,40,40,40,40,40],"relic_stats":{"Blood Vial":20,"counters":[17,87],"Shuriken":[3],"Tiny Chest":0,"War Paint":["Flame Barrier","Second Wind"],"Cursed Key":2,"Boot":[4],"obtain_stats":[{"Blood Vial":6,"Shuriken":28,"Strawberry":9,"Vajra":11,"Tiny Chest":23,"War Paint":19,"Cursed Key":17,"PrismaticShard":29,"Boot":31,"Burning Blood":0,"Mercury Hourglass":8,"Old Coin":26},{"Blood Vial":5,"Shuriken":14,"Strawberry":6,"Vajra":8,"Tiny Chest":13,"War Paint":11,"Cursed Key":10,"PrismaticShard":14,"Boot":16,"Burning Blood":0,"Mercury Hourglass":6,"Old Coin":13},{"Blood Vial":22,"Shuriken":66,"Strawberry":29,"Vajra":37,"Tiny Chest":60,"War Paint":50,"Cursed Key":47,"PrismaticShard":66,"Boot":77,"Burning Blood":0,"Mercury Hourglass":29,"Old Coin":60}],"Burning Blood":91,"Mercury Hourglass":[235]},"card_choices":[{"not_picked":["True Grit","Rampage"],"picked":"Heavy Blade","floor":1},{"not_picked":["Flex","Warcry"],"picked":"Headbutt","floor":3},{"not_picked":["Barricade","Havoc"],"picked":"Twin Strike","floor":4},{"not_picked":["Clash","Perfected Strike"],"picked":"Anger","floor":5},{"not_picked":["Bloodletting","Pommel Strike"],"picked":"Shockwave","floor":6},{"not_picked":["Feel No Pain","Rupture"],"picked":"Flame Barrier","floor":8},{"not_picked":["Sword Boomerang","Infernal Blade"],"picked":"Rage","floor":10},{"not_picked":["Uppercut","Anger"],"picked":"Battle Trance","floor":11},{"not_picked":["Wild Strike","Clash"],"picked":"Iron Wave","floor":12},{"not_picked":["Brutality","Berserk"],"picked":"Reaper","floor":16},{"not_picked":["Anger","Battle Trance"],"picked":"Second Wind","floor":18},{"not_picked":["Second Wind+1","Seeing Red"],"picked":"Combust","floor":21},{"not_picked":["Second Wind","Bloodletting","Flex"],"picked":"SKIP","floor":23},{"not_picked":["Bloodletting","Body Slam"],"picked":"Ghostly Armor","floor":28},{"not_picked":["Evaluate","Underhanded Strike+1"],"picked":"Blind+1","floor":30},{"not_picked":["SandsOfTime","Iron Wave","True Grit"],"picked":"SKIP","floor":31}],"player_experience":638226,"relics_obtained":[{"floor":6,"key":"Blood Vial"},{"floor":8,"key":"Mercury Hourglass"},{"floor":9,"key":"Strawberry"},{"floor":11,"key":"Vajra"},{"floor":19,"key":"War Paint"},{"floor":23,"key":"Tiny Chest"},{"floor":26,"key":"Old Coin"},{"floor":28,"key":"Shuriken"},{"floor":31,"key":"Boot"}],"event_choices":[{"cards_removed":["Defend_R"],"damage_healed":0,"gold_gain":0,"player_choice":"Purged","damage_taken":0,"max_hp_gain":0,"max_hp_loss":0,"event_name":"Purifier","floor":2,"gold_loss":0},{"cards_removed":["Strike_R"],"damage_healed":0,"gold_gain":0,"player_choice":"Card Removal","damage_taken":0,"max_hp_gain":0,"max_hp_loss":0,"event_name":"Wheel of Change","floor":14,"gold_loss":0},{"damage_healed":0,"gold_gain":0,"player_choice":"Forge","damage_taken":0,"max_hp_gain":0,"max_hp_loss":0,"event_name":"Accursed Blacksmith","floor":20,"gold_loss":0,"cards_upgraded":["Rage"]},{"damage_healed":0,"gold_gain":0,"player_choice":"Shed Blood","damage_taken":29,"max_hp_gain":5,"max_hp_loss":0,"event_name":"Forgotten Altar","floor":22,"gold_loss":0},{"damage_healed":0,"gold_gain":0,"player_choice":"Became a Ghost","damage_taken":0,"max_hp_gain":0,"max_hp_loss":44,"event_name":"Ghosts","floor":24,"gold_loss":0,"cards_obtained":["Ghostly","Ghostly","Ghostly"]}],"is_beta":false,"boss_relics":[{"not_picked":["Ectoplasm","Pandora\u0027s Box"],"picked":"Cursed Key"}],"items_purged_floors":[13,25,29],"is_endless":false,"potions_floor_spawned":[3,4,8,12,16,21,31],"killed_by":"Champ","ascension_level":18}}