{"host":"xw709scqdmsx7obr","time":1612713460,"event":{"mods":["BaseMod","Colored Map","Downfall","Minty Spire (QoL Compilation)","Replay The Spire","StSLib"],"gold_per_floor":[99,118,133,152,64,84,110,110,110,128,120,120,67,85,106,106,106,106],"floor_reached":16,"language":"ENG","playtime":2627,"items_purged":[],"score":94,"play_id":"0596ad4d-1bde-4e2a-b889-416daa9fd02e","local_time":"20210207105740","is_ascension_mode":false,"campfire_choices":[{"floor":1,"key":"RECALL"},{"data":"hexamod:ExtraCrispy","floor":8,"key":"SMITH"},{"data":"hexamod:HeatMetal","floor":12,"key":"SMITH"}],"circlet_count":0,"master_deck":["hexamod:Strike","hexamod:Strike","hexamod:Strike","hexamod:Strike","hexamod:Defend","hexamod:Defend","hexamod:Defend","hexamod:Defend","hexamod:Sear","hexamod:Firestarter","hexamod:HeatShield","hexamod:Hexaguard","hexamod:HeatMetal+1","hexamod:HeatCrush","hexamod:ExtraCrispy+1","Survivor","Crippling Poison","hexamod:SecondSeal","hexamod:SoulSteal","hexamod:BurningTouch","hexamod:Firestarter"],"relics":["Oddly Smooth Stone","m_HexaRing"],"acts_visited":["Exordium"],"potions_floor_usage":[16,16,16],"damage_taken":[{"damage":16,"enemies":"Jaw Worm","floor":2,"turns":4},{"damage":5,"enemies":"Small Slimes","floor":3,"turns":4},{"damage":12,"enemies":"2 Louse","floor":4,"turns":3},{"damage":0,"enemies":"downfall:FleeingMerchant","floor":5,"turns":4},{"damage":8,"enemies":"Red Slaver","floor":6,"turns":4},{"damage":0,"enemies":"Large Slime","floor":10,"turns":3},{"damage":0,"enemies":"downfall:FleeingMerchant","floor":13,"turns":4},{"damage":6,"enemies":"2 Fungi Beasts","floor":14,"turns":4},{"damage":0,"enemies":"Large Slime","floor":15,"turns":4},{"damage":39,"enemies":"DF_ARCHETYPE_STREAMLINE","floor":16,"turns":8}],"seed_played":"-4734121040689883082","potions_obtained":[{"floor":4,"key":"Dexterity Potion"},{"floor":10,"key":"DistilledChaos"},{"floor":14,"key":"FearPotion"}],"is_trial":false,"path_per_floor":["R_BF","M","M","M","$","M","T","R","?","M","?","R","$","M","M","B"],"character_chosen":"THE_SPIRIT","items_purchased":["hexamod:HeatCrush","hexamod:BurningTouch"],"campfire_rested":0,"item_purchase_floors":[5,13],"current_hp_per_floor":[77,61,56,44,44,36,36,36,36,36,36,36,36,30,30,0,0,0],"gold":106,"neow_bonus":"TEN_PERCENT_HP_BONUS","is_daily":false,"chose_seed":false,"campfire_upgraded":2,"win_rate":0.0,"timestamp":1612713460,"path_taken":["R_BF","M","M","M","$","M","T","R","?","M","?","R","$","M","M","BOSS"],"items_purchased_type":["Card","Card"],"build_version":"2020-12-22","purchased_purges":0,"victory":false,"max_hp_per_floor":[77,77,77,77,77,77,77,77,77,77,77,77,77,77,77,77,77,77],"card_choices":[{"not_picked":["hexamod:BacktrackSmack","hexamod:AdvancingGuard"],"picked":"hexamod:Firestarter","floor":2},{"not_picked":["hexamod:Haunt","hexamod:ShieldOfDarkness"],"picked":"hexamod:HeatShield","floor":3},{"not_picked":["hexamod:SpectersWail","hexamod:SpectralAdrenaline"],"picked":"hexamod:Hexaguard","floor":4},{"not_picked":["hexamod:GhostShield","hexamod:HauntingEcho"],"picked":"hexamod:HeatMetal","floor":5},{"not_picked":["hexamod:SpectersWail","hexamod:ThermalTransfer"],"picked":"hexamod:ExtraCrispy","floor":6},{"not_picked":["Poisoned Stab","hexamod:ExtraCrispy"],"picked":"Crippling Poison","floor":10},{"not_picked":["hexamod:FlamesFromBeyond","hexamod:GhostLash"],"picked":"hexamod:SoulSteal","floor":13},{"not_picked":["Bouncing Flask","Bane"],"picked":"hexamod:Firestarter","floor":14},{"not_picked":["hexamod:BacktrackSmack","hexamod:EmpoweredFlame","hexamod:PhantomCloak"],"picked":"SKIP","floor":15}],"player_experience":84725,"relics_obtained":[{"floor":7,"key":"Oddly Smooth Stone"}],"event_choices":[],"is_beta":false,"boss_relics":[],"items_purged_floors":[],"is_endless":false,"potions_floor_spawned":[4,10,14],"killed_by":"DF_ARCHETYPE_STREAMLINE","ascension_level":0}}