{"host":"gkm149kh1ihaqy0o","time":1612670492,"event":{"mods":["AchievementEnabler","BaseMod","Colored Powertips","Googly Eyes","Key Reminder","Minty Spire (QoL Compilation)","Permanent Neow","Quick Restart","Random Character Button","Rare Cards Sparkle","Relic Sorter","Relic Stats","SuperFastMode","Unceasing Turn Reminder","everything is the same but u backflip on backflip"],"gold_per_floor":[114,0,15,30,30,60,75,75,150,180,195,195,210,225,225,325,325,340,340,286,301,301,301],"floor_reached":22,"language":"ENG","playtime":1183,"items_purged":["Strike_G"],"score":198,"play_id":"8a2db190-e407-41c4-a167-7d7e73ebbc51","local_time":"20210206220132","daily_mods":["Heirloom","ControlledChaos","Lethality"],"is_ascension_mode":false,"campfire_choices":[{"floor":8,"key":"REST"},{"floor":15,"key":"REST"}],"circlet_count":0,"master_deck":["Strike_G","Strike_G","Strike_G","Strike_G","Defend_G","Defend_G","Defend_G","Defend_G","Defend_G","Survivor","Neutralize","Well Laid Plans","Regret","A Thousand Cuts","Prepared","Adrenaline","Writhe","Acrobatics+1"],"relics":["Ring of the Snake","Frozen Eye","Thread and Needle","Bird Faced Urn","Boot","Matryoshka","Vajra","Philosopher\u0027s Stone","Toxic Egg 2","Dream Catcher"],"acts_visited":["Exordium","TheCity"],"potions_floor_usage":[6,10,11,16],"damage_taken":[{"damage":0,"enemies":"2 Louse","floor":1,"turns":3},{"damage":0,"enemies":"Jaw Worm","floor":3,"turns":3},{"damage":0,"enemies":"Cultist","floor":4,"turns":3},{"damage":29,"enemies":"Lagavulin","floor":6,"turns":7},{"damage":4,"enemies":"Looter","floor":7,"turns":4},{"damage":32,"enemies":"Gremlin Nob","floor":10,"turns":5},{"damage":10,"enemies":"Gremlin Gang","floor":11,"turns":3},{"damage":3,"enemies":"Red Slaver","floor":13,"turns":4},{"damage":6,"enemies":"Blue Slaver","floor":14,"turns":4},{"damage":55,"enemies":"The Guardian","floor":16,"turns":7},{"damage":18,"enemies":"Spheric Guardian","floor":18,"turns":4},{"damage":24,"enemies":"Chosen","floor":21,"turns":5},{"damage":49,"enemies":"Snake Plant","floor":22,"turns":3}],"seed_played":"8884597751285247366","potions_obtained":[{"floor":4,"key":"AttackPotion"},{"floor":7,"key":"Strength Potion"},{"floor":10,"key":"LiquidBronze"},{"floor":14,"key":"CultistPotion"}],"is_trial":false,"path_per_floor":["M","$","M","M","?","E","M","R","T","E","M","?","M","M","R","B",null,"M","?","?","M","M"],"character_chosen":"THE_SILENT","items_purchased":["Well Laid Plans"],"campfire_rested":2,"item_purchase_floors":[2],"current_hp_per_floor":[70,70,70,70,70,49,49,70,70,40,32,32,33,29,50,5,70,54,54,54,36,0,0],"gold":301,"neow_bonus":"","is_daily":true,"chose_seed":false,"campfire_upgraded":0,"win_rate":0.0,"timestamp":1612670492,"path_taken":["M","$","M","M","?","E","M","R","T","E","M","?","M","?","R","BOSS","M","?","?","M","?"],"items_purchased_type":["Card"],"build_version":"2020-12-22","purchased_purges":1,"victory":false,"max_hp_per_floor":[70,70,70,70,70,70,70,70,70,70,70,70,70,70,70,70,70,70,70,70,70,70,70],"relic_stats":{"Dream Catcher":0,"counters":[13,55],"Bird Faced Urn":[44],"Boot":[4],"obtain_stats":[{"Frozen Eye":0,"Dream Catcher":20,"Matryoshka":9,"Bird Faced Urn":5,"Vajra":10,"Thread and Needle":0,"Philosopher\u0027s Stone":17,"Toxic Egg 2":19,"Boot":6,"Ring of the Snake":0},{"Frozen Eye":0,"Dream Catcher":11,"Matryoshka":5,"Bird Faced Urn":3,"Vajra":6,"Thread and Needle":0,"Philosopher\u0027s Stone":10,"Toxic Egg 2":11,"Boot":4,"Ring of the Snake":0},{"Frozen Eye":0,"Dream Catcher":47,"Matryoshka":20,"Bird Faced Urn":9,"Vajra":25,"Thread and Needle":0,"Philosopher\u0027s Stone":43,"Toxic Egg 2":47,"Boot":16,"Ring of the Snake":0}],"Ring of the Snake":[26]},"card_choices":[{"not_picked":["Prepared","Dodge and Roll","Deflect"],"picked":"SKIP","floor":1},{"not_picked":["Dodge and Roll","PiercingWail","Flying Knee"],"picked":"SKIP","floor":3},{"not_picked":["Dodge and Roll","Backflip","Flying Knee"],"picked":"SKIP","floor":4},{"not_picked":["Quick Slash","Acrobatics"],"picked":"A Thousand Cuts","floor":6},{"not_picked":["Eviscerate","Heel Hook"],"picked":"Prepared","floor":7},{"not_picked":["Caltrops","Outmaneuver","Dodge and Roll"],"picked":"SKIP","floor":10},{"not_picked":["Backstab","Choke","Flying Knee"],"picked":"SKIP","floor":11},{"not_picked":["Flying Knee","Acrobatics","Quick Slash"],"picked":"SKIP","floor":13},{"not_picked":["Endless Agony","Dodge and Roll","Riddle With Holes"],"picked":"SKIP","floor":14},{"not_picked":["Burst","After Image"],"picked":"Adrenaline","floor":16},{"not_picked":["All Out Attack","Outmaneuver","Backflip"],"picked":"SKIP","floor":18},{"not_picked":["PiercingWail+1","Cloak And Dagger+1"],"picked":"Acrobatics+1","floor":21}],"player_experience":633633,"relics_obtained":[{"floor":6,"key":"Boot"},{"floor":9,"key":"Matryoshka"},{"floor":10,"key":"Vajra"}],"event_choices":[{"damage_healed":0,"gold_gain":0,"player_choice":"Box","damage_taken":0,"relics_obtained":["Bird Faced Urn"],"max_hp_gain":0,"max_hp_loss":0,"event_name":"Big Fish","floor":5,"gold_loss":0,"cards_obtained":["Regret"]},{"damage_healed":0,"gold_gain":0,"player_choice":"Ignored","damage_taken":0,"max_hp_gain":0,"max_hp_loss":0,"event_name":"Liars Game","floor":12,"gold_loss":0},{"damage_healed":0,"gold_gain":0,"player_choice":"Opened","damage_taken":0,"relics_obtained":["Toxic Egg 2"],"max_hp_gain":0,"max_hp_loss":0,"event_name":"The Mausoleum","floor":19,"gold_loss":0,"cards_obtained":["Writhe"]},{"damage_healed":0,"gold_gain":0,"player_choice":"Paid Gold","damage_taken":0,"relics_obtained":["Dream Catcher"],"max_hp_gain":0,"max_hp_loss":0,"event_name":"WeMeetAgain","floor":20,"gold_loss":54}],"is_beta":false,"boss_relics":[{"not_picked":["Ring of the Serpent","Black Star"],"picked":"Philosopher\u0027s Stone"}],"items_purged_floors":[2],"is_endless":false,"potions_floor_spawned":[4,7,10,14],"killed_by":"Snake Plant","ascension_level":0}}