{"host":"jl7epezt8u9c37lt","time":1612672947,"event":{"mods":["2.2 Compatiblity","Aspiration","Astrologer","Bard","BaseMod","Beaked The Cultist","Better Third Choice","Conspire","DeckTracker","Downfall","Energized Spire","GifTheSpireLib","Glutton Mod","Halation","Hermit","HexUI Lib","Hubris","Lobotomy","LobotomyExtend","Minty Spire (QoL Compilation)","Quick Restart","Reliquary","Replay The Spire","Spikes Relics","StSLib","Stuff the Spire","The Animator","The Bladedancer","The Blue Laboratory","The Disciple","The Judge","The Jungle","The Runesmith","Wandering Minibosses","egg"],"gold_per_floor":[99,99,199,199,199,241,241,241,241,241,241,334,334,57,102,102,102,102],"floor_reached":16,"language":"ENG","playtime":323,"items_purged":[],"score":84,"play_id":"e62ffdc2-6acb-447e-b105-4128d113030d","local_time":"20210206224227","daily_mods":["Hoarder","Heirloom","Time Dilation","Flight","Lethality","Midas"],"is_ascension_mode":false,"campfire_choices":[{"data":"1","floor":1,"key":"LIFT"},{"data":"2","floor":9,"key":"LIFT"},{"data":"3","floor":10,"key":"LIFT"},{"floor":11,"key":"RECALL"},{"floor":13,"key":"REST"}],"circlet_count":0,"master_deck":["Slimebound:Strike_Slimebound","Slimebound:Strike_Slimebound","Slimebound:Strike_Slimebound","Slimebound:Tackle","Slimebound:Defend_Slimebound","Slimebound:Defend_Slimebound","Slimebound:Defend_Slimebound","Slimebound:Defend_Slimebound","Slimebound:Split","Slimebound:CorrosiveSpit","Runesmith:PerfectChisel","Runesmith:PerfectChisel","Runesmith:PerfectChisel","Injury","Injury","Injury","Runesmith:BackupBattery+1","Runesmith:BackupBattery+1","Runesmith:BackupBattery+1","Runesmith:Firewall+1","Runesmith:Firewall+1","Runesmith:Firewall+1","expansioncontent:InvincibleStrength","expansioncontent:InvincibleStrength","expansioncontent:InvincibleStrength","Slimebound:LeechingTouch","Slimebound:LeechingTouch","Slimebound:LeechingTouch","Slimebound:Nibble","Slimebound:Nibble","Slimebound:Nibble","Runesmith:ChiselStab","Runesmith:ChiselStab","Runesmith:ChiselStab"],"relics":["Slimebound:AbsorbEndCombat","Girya","SuspiciousGoo","LetterFromLob","Guardian:PocketSentry","Toxic Egg 2","Darkstone Periapt"],"acts_visited":["Exordium"],"potions_floor_usage":[16],"damage_taken":[{"damage":12,"enemies":"Jaw Worm","floor":6,"turns":2},{"damage":31,"enemies":"conspire:MimicChest","floor":12,"turns":4},{"damage":20,"enemies":"downfall:FleeingMerchant","floor":14,"turns":4},{"damage":3,"enemies":"Small Slimes","floor":15,"turns":2},{"damage":40,"enemies":"WA_ARCHETYPE_RETAIN","floor":16,"turns":5}],"seed_played":"-874292934713928983","potions_obtained":[],"is_trial":true,"path_per_floor":["R","?","?","?","T","M","T","?","R","R","R","?","R","$","M","B"],"character_chosen":"SLIMEBOUND","items_purchased":["expansioncontent:InvincibleStrength","Slimebound:LeechingTouch","Strength Potion","Slimebound:Nibble"],"campfire_rested":1,"item_purchase_floors":[14,14,14,14],"current_hp_per_floor":[65,65,65,70,70,60,60,60,60,60,60,35,56,38,35,0,0,0],"gold":102,"neow_bonus":"","is_daily":false,"chose_seed":false,"campfire_upgraded":0,"win_rate":0.0,"timestamp":1612672947,"path_taken":["R","?","?","?","?","?","T","?","R","R","R","?","R","?","M","BOSS"],"items_purchased_type":["Card","Card","Potion","Card"],"build_version":"2020-12-22","purchased_purges":0,"victory":false,"max_hp_per_floor":[65,65,65,70,70,70,70,70,70,70,70,70,70,70,70,70,70,70],"card_choices":[{"not_picked":["Slimebound:SplitAcid","Runesmith:MakeshiftArmor"],"picked":"Runesmith:PerfectChisel","floor":6},{"not_picked":["Runesmith:Reinforce+1","Runesmith:RuneHurl"],"picked":"Runesmith:BackupBattery+1","floor":12},{"not_picked":["Slimebound:DuplicatedForm","Slimebound:SplitSpecialist+1"],"picked":"Runesmith:Firewall+1","floor":14},{"not_picked":["Slimebound:SplitAcid+1","Runesmith:CraftVitae+1"],"picked":"Runesmith:ChiselStab","floor":15}],"player_experience":216979,"relics_obtained":[{"floor":5,"key":"SuspiciousGoo"},{"floor":6,"key":"LetterFromLob"},{"floor":7,"key":"Guardian:PocketSentry"},{"floor":12,"key":"Darkstone Periapt"}],"event_choices":[{"damage_healed":0,"gold_gain":0,"player_choice":"Disagree","damage_taken":0,"max_hp_gain":0,"max_hp_loss":0,"event_name":"conspire:LoneGhost","floor":2,"gold_loss":0},{"damage_healed":0,"gold_gain":0,"player_choice":"Donut","damage_taken":0,"max_hp_gain":5,"max_hp_loss":0,"event_name":"Big Fish","floor":4,"gold_loss":0}],"is_beta":false,"boss_relics":[],"items_purged_floors":[],"is_endless":false,"potions_floor_spawned":[],"killed_by":"WA_ARCHETYPE_RETAIN","ascension_level":0}}