{"host":"egwexuw5uvnxf11j","time":1612678818,"event":{"mods":["2.2 Compatiblity","Aspiration","BaseMod","Better Altar","Better Note","Better Sensory Stone","Better Third Choice","Displayed Cursed Tome","Downfall","Hermit","Key Reminder","Koishi","Marisa????????","Minty Spire (QoL Compilation)","Quick Restart","Shade Mod","Spicy Shops","StSLib","The Construct","The Cursed","The Hierophant","The Runesmith","The Senshi","The Servant 0.9.4","Transform Curses"],"gold_per_floor":[91,91,40,40,58,56,29,29,29],"floor_reached":8,"language":"ENG","playtime":332,"items_purged":[],"score":68,"play_id":"85861652-ac10-41a9-b006-36fbd784e20c","local_time":"20210207012018","is_ascension_mode":true,"campfire_choices":[],"circlet_count":0,"master_deck":["hierophant:Strike_Hierophant","hierophant:Strike_Hierophant","hierophant:Strike_Hierophant","hierophant:Strike_Hierophant","hierophant:Punish","hierophant:Defend_Hierophant","hierophant:Defend_Hierophant","hierophant:Defend_Hierophant","hierophant:Defend_Hierophant","hierophant:ChurchCoffers","hierophant:ArchangelShield","hierophant:Community","Injury","hierophant:Smite","hierophant:Sermon+1","hierophant:Smite"],"relics":["hierophant:PropheticMaskRelic","Toxic Egg 2","Blood Vial"],"acts_visited":["Exordium"],"potions_floor_usage":[6],"damage_taken":[{"damage":2,"enemies":"Jaw Worm","floor":1,"turns":3},{"damage":22,"enemies":"Small Slimes","floor":5,"turns":3},{"damage":36,"enemies":"Gremlin Nob","floor":6,"turns":4},{"damage":35,"enemies":"Lagavulin","floor":8,"turns":3}],"seed_played":"1588494122440862115","potions_obtained":[{"floor":5,"key":"DistilledChaos"}],"is_trial":false,"path_per_floor":["M","?","$","?","M","E","$","E"],"character_chosen":"HIEROPHANT","items_purchased":["hierophant:Community","hierophant:Smite"],"campfire_rested":0,"item_purchase_floors":[3,7],"current_hp_per_floor":[80,80,80,80,58,22,22,0,0],"gold":29,"neow_bonus":"TEN_PERCENT_HP_BONUS","is_daily":false,"chose_seed":false,"campfire_upgraded":0,"win_rate":0.0,"timestamp":1612678818,"path_taken":["M","?","$","?","?","E","$","E"],"items_purchased_type":["Card","Card"],"build_version":"2020-12-22","purchased_purges":0,"victory":false,"max_hp_per_floor":[82,82,82,82,82,82,82,82,82],"card_choices":[{"not_picked":["hierophant:AuricBeam","hierophant:HammerAndAnvil"],"picked":"hierophant:ArchangelShield","floor":1},{"not_picked":["hierophant:DisplayOfPower","hierophant:Remorse"],"picked":"hierophant:Smite","floor":5},{"not_picked":["hierophant:Generosity","hierophant:ThreeLashes"],"picked":"hierophant:Sermon+1","floor":6}],"player_experience":2325273,"relics_obtained":[{"floor":6,"key":"Blood Vial"}],"event_choices":[{"damage_healed":0,"gold_gain":0,"player_choice":"Ignored","damage_taken":0,"max_hp_gain":0,"max_hp_loss":0,"event_name":"Golden Wing","floor":2,"gold_loss":0}],"is_beta":false,"boss_relics":[],"items_purged_floors":[],"is_endless":false,"potions_floor_spawned":[5],"killed_by":"Lagavulin","ascension_level":5}}