{"host":"36qke0usa4c48kdx","time":1612732114,"event":{"mods":["AchievementEnabler","BaseMod","Colored Map","Downfall","Hermit","Marisa????????","Minty Spire (QoL Compilation)","READ ME - Guardian Mod","Replay The Spire","StSLib","The Bug Knight","The Cursed","The Disciple","The Jungle","The Servant 0.9.4"],"gold_per_floor":[359,390,432,432,62,62,94,167,215,215,215,252,312,343,343,472,472,511,511,577,577,577,591,591,635,635,698,761,790,790,215,215,350,350,380,380,233,270,8,89,89,126,126,126,187,187,242,242,242,290],"floor_reached":51,"language":"ENG","playtime":4192,"items_purged":["Defend_MRS","Defend_MRS"],"score":992,"play_id":"4778d786-4308-4ddf-9f90-04483725eb31","local_time":"20210207220834","is_ascension_mode":true,"campfire_choices":[{"data":"TreasureHunter","floor":6.0,"key":"SMITH"},{"data":"MasterSpark","floor":15.0,"key":"SMITH"},{"data":"FinalSpark","floor":24.0,"key":"SMITH"},{"data":"MaximisePower","floor":24.0,"key":"SMITH"},{"data":"UpSweep","floor":30.0,"key":"SMITH"},{"data":"RefractionSpark","floor":30.0,"key":"SMITH"},{"floor":32.0,"key":"RECALL"},{"data":"ReplayTheSpireMod:Brewmster","floor":44.0,"key":"SMITH"},{"data":"EarthLightRay","floor":44.0,"key":"SMITH"},{"data":"DeepEcoloBomb","floor":46.0,"key":"SMITH"},{"data":"Robbery","floor":46.0,"key":"SMITH"},{"floor":49.0,"key":"REST"}],"circlet_count":0,"master_deck":["Strike_MRS","Strike_MRS","Strike_MRS","Strike_MRS","Defend_MRS","MasterSpark+1","UpSweep+1","Defend_MRS","WitchOfGreed","Robbery+1","RefractionSpark+1","TreasureHunter+1","MaximisePower+1","EarthLightRay+1","FinalSpark+1","CurseOfTheBell","Shame","DeepEcoloBomb+1","BinaryStars+1","ReplayTheSpireMod:Brewmster+1","ManaRampage+1","StarDustReverie+1","StarlightTyphoon+1","Parasite","Parasite"],"relics":["BewitchedHakkero","Ring of Fury","Ring of Peace","Toolbox","Mirror","Toy Ornithopter","Replay:Bandana","Pantograph","Replay:Arrowhead","Calling Bell","Replay:Baseball","Garlic","Thread and Needle","theJungle:PaperFaux","HollowMod:LifeEnderRelic","Replay:Accelerometer","Bottled Tornado","Toxic Egg 2","Art of War","ClockworkSouvenir","Oddly Smooth Stone","Potion Belt","Matryoshka","Ornamental Fan","PreservedInsect","ShroomBag","ReplayTheSpireMod:Shallot","Blue Candle","CeramicFish"],"acts_visited":["Exordium","theJungle:Jungle","TheBeyond"],"potions_floor_usage":[50,50],"damage_taken":[{"damage":0.0,"enemies":"2 Louse","floor":1.0,"turns":2.0},{"damage":5.0,"enemies":"Small Slimes","floor":2.0,"turns":4.0},{"damage":5.0,"enemies":"Cultist","floor":3.0,"turns":4.0},{"damage":5.0,"enemies":"Blue Slaver","floor":7.0,"turns":4.0},{"damage":44.0,"enemies":"3 Sentries","floor":8.0,"turns":7.0},{"damage":0.0,"enemies":"Lots of Slimes","floor":12.0,"turns":3.0},{"damage":22.0,"enemies":"Gremlin Nob","floor":13.0,"turns":4.0},{"damage":0.0,"enemies":"Large Slime","floor":14.0,"turns":5.0},{"damage":0.0,"enemies":"Slime Boss","floor":16.0,"turns":7.0},{"damage":1.0,"enemies":"theJungle:5_Spyders","floor":18.0,"turns":6.0},{"damage":0.0,"enemies":"theJungle:Flameango_and_Byrd","floor":20.0,"turns":2.0},{"damage":5.0,"enemies":"theJungle:Cassacara","floor":23.0,"turns":5.0},{"damage":14.0,"enemies":"theJungle:2_Phrogs","floor":25.0,"turns":7.0},{"damage":0.0,"enemies":"theJungle:MamaSnecko","floor":27.0,"turns":4.0},{"damage":0.0,"enemies":"theJungle:JungleHuntersEncounter","floor":28.0,"turns":3.0},{"damage":0.0,"enemies":"Snake Plant","floor":29.0,"turns":3.0},{"damage":0.0,"enemies":"theJungle:QueenSpyder","floor":33.0,"turns":5.0},{"damage":1.0,"enemies":"3 Shapes","floor":35.0,"turns":3.0},{"damage":8.0,"enemies":"Orb Walker","floor":38.0,"turns":4.0},{"damage":42.0,"enemies":"Reptomancer","floor":40.0,"turns":8.0},{"damage":0.0,"enemies":"R_Hoarder","floor":42.0,"turns":5.0},{"damage":0.0,"enemies":"Maw","floor":45.0,"turns":2.0},{"damage":15.0,"enemies":"Jaw Worm Horde","floor":47.0,"turns":5.0},{"damage":39,"enemies":"Donu and Deca","floor":50,"turns":6}],"seed_played":"-3338999517129845048","potions_obtained":[{"floor":2.0,"key":"BlessingOfTheForge"},{"floor":3.0,"key":"SteroidPotion"},{"floor":7.0,"key":"Explosive Potion"},{"floor":8.0,"key":"Adrenaline Potion"},{"floor":13.0,"key":"Strength Potion"},{"floor":16.0,"key":"ColorlessPotion"},{"floor":25.0,"key":"FearPotion"},{"floor":27.0,"key":"Energy Potion"},{"floor":35.0,"key":"AttackPotion"},{"floor":38.0,"key":"champ:CounterPotion"},{"floor":40.0,"key":"Strength Potion"},{"floor":42.0,"key":"Languid Potion"},{"floor":45.0,"key":"AttackPotion"},{"floor":47.0,"key":"AttackPotion"}],"is_trial":false,"path_per_floor":["M","M","M","?","$","R","M","E","T","?","?","M","E","M","R","B",null,"M","?","M","?","T","E","R","E","T","E","M","M","R","$","R","B",null,"M","?","$","M","$","E","$","E","T","R","M","R","M","?","R","B",null],"character_chosen":"MARISA","items_purchased":["Toolbox","TreasureHunter","ClockworkSouvenir","Oddly Smooth Stone","ReplayTheSpireMod:Brewmster","Potion Belt","Matryoshka"],"campfire_rested":1,"item_purchase_floors":[5,5,31,31,31,37,39],"current_hp_per_floor":[75,70,65,65,65,65,60,16,16,4,4,23,5,14,14,48,75,74,74,75,75,75,75,75,61,61,61,72,72,72,72,72,75,75,74,74,74,67,67,38,38,47,47,47,52,52,60,60,75,47],"gold":290,"neow_bonus":"TWO_FIFTY_GOLD","is_daily":false,"chose_seed":false,"campfire_upgraded":10,"win_rate":0.0,"timestamp":1612732114,"path_taken":["M","M","M","?","$","R","M","E","T","?","?","?","E","M","R","BOSS","M","?","?","?","?","E","R","E","T","E","M","?","R","$","R","BOSS","M","?","?","M","$","E","?","E","T","R","M","R","M","?","R","BOSS"],"items_purchased_type":["Relic","Card","Relic","Relic","Card","Relic","Relic"],"build_version":"2020-12-22","purchased_purges":2,"victory":true,"max_hp_per_floor":[75,75,75,75,75,75,75,75,75,75,75,75,75,75,75,75,75,75,75,75,75,75,75,75,75,75,75,75,75,75,75,75,75,75,75,75,75,75,75,75,75,75,75,75,75,75,75,75,75,75],"card_choices":[{"not_picked":["GalacticHalo","MysteriousBeam"],"picked":"WitchOfGreed","floor":1.0},{"not_picked":["IllusionStar","PowerUp"],"picked":"Robbery","floor":2.0},{"not_picked":["WitchOfGreed","DragonMeteor"],"picked":"RefractionSpark","floor":3.0},{"not_picked":["LuminesStrike","WitchLeyline","PowerUp"],"picked":"SKIP","floor":7.0},{"not_picked":["LuminesStrike","6A"],"picked":"MaximisePower","floor":8.0},{"not_picked":["ChargingUp","StarBarrage","ShootingEcho"],"picked":"SKIP","floor":12.0},{"not_picked":["DarkMatter","DoubleSpark","DC"],"picked":"SKIP","floor":13.0},{"not_picked":["6A","GravityBeat","DoubleSpark"],"picked":"SKIP","floor":14.0},{"not_picked":["UltimateShortwave","MaximisePower"],"picked":"FinalSpark","floor":16.0},{"not_picked":["GravityBeat+1","ChargeUpSpray","PowerUp"],"picked":"SKIP","floor":18.0},{"not_picked":["PowerUp","ChargingUp","SporeBomb"],"picked":"SKIP","floor":20.0},{"not_picked":["Acceleration","DarkSpark"],"picked":"DeepEcoloBomb","floor":25.0},{"not_picked":["ManaConvection+1","DC"],"picked":"BinaryStars+1","floor":27.0},{"not_picked":["Occultation+1","LuminesStrike","SporeBomb+1"],"picked":"SKIP","floor":28.0},{"not_picked":["ShootingEcho+1","DragonMeteor","MysteriousBeam"],"picked":"SKIP","floor":29.0},{"not_picked":["BlazingStar","SuperNova"],"picked":"ManaRampage+1","floor":33.0},{"not_picked":["ShootingEcho","Singularity","SporeBomb+1"],"picked":"SKIP","floor":35.0},{"not_picked":["RefractionSpark","NonDirectionalLaser+1","WitchLeyline+1"],"picked":"SKIP","floor":38.0},{"not_picked":["IllusionStar+1","OneTimeOff+1"],"picked":"StarlightTyphoon+1","floor":40.0},{"not_picked":["6A+1","DC","WitchOfGreed+1"],"picked":"SKIP","floor":42.0},{"not_picked":["GrandCross+1","DC+1","OpenUniverse+1"],"picked":"SKIP","floor":45.0},{"not_picked":["MysteriousBeam+1","SuperPerseids+1","GalacticHalo+1"],"picked":"SKIP","floor":47.0}],"player_experience":744317,"relics_obtained":[{"floor":4.0,"key":"Ring of Fury"},{"floor":4.0,"key":"Ring of Peace"},{"floor":8.0,"key":"Mirror"},{"floor":8.0,"key":"Toy Ornithopter"},{"floor":9.0,"key":"Replay:Bandana"},{"floor":13.0,"key":"Pantograph"},{"floor":16.0,"key":"Replay:Arrowhead"},{"floor":17.0,"key":"Replay:Baseball"},{"floor":17.0,"key":"Garlic"},{"floor":17.0,"key":"Thread and Needle"},{"floor":22.0,"key":"HollowMod:LifeEnderRelic"},{"floor":25.0,"key":"Replay:Accelerometer"},{"floor":26.0,"key":"Bottled Tornado"},{"floor":27.0,"key":"Toxic Egg 2"},{"floor":27.0,"key":"Art of War"},{"floor":40.0,"key":"Ornamental Fan"},{"floor":40.0,"key":"PreservedInsect"},{"floor":42.0,"key":"ShroomBag"},{"floor":43.0,"key":"ReplayTheSpireMod:Shallot"},{"floor":43.0,"key":"Blue Candle"}],"event_choices":[{"damage_healed":0.0,"max_hp_gain":0.0,"max_hp_loss":0.0,"gold_gain":0.0,"event_name":"Scrap Ooze","player_choice":"Fled","floor":10.0,"gold_loss":0.0,"damage_taken":12.0},{"damage_healed":0.0,"max_hp_gain":0.0,"max_hp_loss":0.0,"gold_gain":0.0,"cards_transformed":["Defend_MRS"],"event_name":"Transmorgrifier","player_choice":"Transformed","floor":11.0,"gold_loss":0.0,"damage_taken":0.0,"cards_obtained":["EarthLightRay"]},{"damage_healed":0.0,"max_hp_gain":0.0,"max_hp_loss":0.0,"gold_gain":0.0,"event_name":"Lab","player_choice":"Got Potions","floor":19.0,"gold_loss":0.0,"damage_taken":0.0},{"damage_healed":0.0,"max_hp_gain":0.0,"max_hp_loss":0.0,"gold_gain":0.0,"cards_transformed":["Survivor"],"event_name":"Transmorgrifier","player_choice":"Transformed","floor":36.0,"gold_loss":0.0,"damage_taken":0.0,"cards_obtained":["StarDustReverie"]},{"damage_healed":0.0,"max_hp_gain":0.0,"max_hp_loss":0.0,"gold_gain":0.0,"event_name":"WeMeetAgain","player_choice":"Gave Potion","floor":48.0,"gold_loss":0.0,"damage_taken":0.0,"relics_obtained":["CeramicFish"]}],"is_beta":false,"boss_relics":[{"not_picked":["RampagingMagicTools","Pandora\u0027s Box"],"picked":"Calling Bell"},{"not_picked":["Ring of Chaos","Cursed Key"],"picked":"BewitchedHakkero"}],"items_purged_floors":[5,31],"is_endless":false,"potions_floor_spawned":[7,8,14,16,23,25,27,35,42,45],"ascension_level":1}}