{"host":"9qgbal69wq5palas","time":1612656309,"event":{"mods":["2.2 Compatiblity","Abigail Mod","AchievementEnabler","Act Like it!","Aspiration","Astrologer","Bartender","BaseMod","Better Altar","Better Note","Better Skull","Better Third Choice","Colored Powertips","Hallownest","Hermit","Highlight Path","Hubris","Infinite Spire","Jorbs\u0027s Wanderer Trilogy","Koishi","Lobotomy","Minty Spire (QoL Compilation)","Potionbrewer","Quick Restart","Random Character Button","Replay The Spire","Shade Mod","Shop Mod","Spicy Shops","StSLib","The Animator","The Bug Knight","The Cursed","The Disciple","The Exalted","The Hierophant","The Necromancer","The Servant 0.9.4","Wandering Minibosses"],"gold_per_floor":[210,210,210,225,235,235,270,270,270,280,307,307,318,344,344,448,448,462,236,236,252,269,297,297,297],"floor_reached":24,"language":"ENG","playtime":1337,"items_purged":["DreamingCurrent"],"score":308,"play_id":"f4d73ce5-0f2f-4158-8195-50b4bc4da33b","local_time":"20210207010509","is_ascension_mode":true,"campfire_choices":[],"circlet_count":0,"master_deck":["SpecialBullet","SpecialBullet","SpecialBullet","SpecialBullet","SpecialBullet","SpecialBullet","SpecialBullet","SpecialBullet","InformationCode","SecurityCode","HereticApostle","WristCuter","GreenStem","CENSORED_ego","ParadiseLost","Mimicry","OldLady","SoundOfStar","WristCuter+1"],"relics":["CogitoBucket","RabbitCall","Bromod:ArcaneAvenger","Art of War","hubris:CuriousFeather","SkinProphecy","StoneCalendar","Cursed Key","HandDrill","Bloody Idol","Blood Vial","AdjustmentMirror","Strawberry"],"acts_visited":["Exordium","TheCity"],"potions_floor_usage":[7,13,16,18,24,24],"damage_taken":[{"damage":0,"enemies":"Cultist","floor":1,"turns":2},{"damage":16,"enemies":"Jaw Worm","floor":4,"turns":2},{"damage":11,"enemies":"2 Louse","floor":5,"turns":2},{"damage":46,"enemies":"3 Sentries","floor":7,"turns":4},{"damage":13,"enemies":"2 Fungi Beasts","floor":10,"turns":2},{"damage":30,"enemies":"Gremlin Nob","floor":11,"turns":3},{"damage":40,"enemies":"Red Slaver","floor":13,"turns":3},{"damage":63,"enemies":"Lagavulin","floor":14,"turns":5},{"damage":111,"enemies":"Fading Forest","floor":16,"turns":11},{"damage":57,"enemies":"3 Byrds","floor":18,"turns":4},{"damage":14,"enemies":"Shell Parasite","floor":21,"turns":2},{"damage":0,"enemies":"Centurion and Healer","floor":22,"turns":7},{"damage":43,"enemies":"Nightmare","floor":23,"turns":6},{"damage":114,"enemies":"Sentry and Sphere","floor":24,"turns":9}],"seed_played":"-8510488246101278240","potions_obtained":[{"floor":1,"key":"Death Potion"},{"floor":5,"key":"Elixir"},{"floor":11,"key":"PowerPotion"},{"floor":16,"key":"DistilledChaos"},{"floor":21,"key":"Strength Potion"},{"floor":23,"key":"potionbrewer:InfectionPotion"}],"is_trial":false,"path_per_floor":["M","?","T","M","M","R","E","R","T","M","E","R","M","E","R","B",null,"M","$","?","M","M","NM","M"],"character_chosen":"Angela","items_purchased":["HandDrill"],"campfire_rested":0,"item_purchase_floors":[19],"current_hp_per_floor":[70,70,70,62,63,63,35,35,35,40,34,34,45,30,30,48,74,61,71,18,39,63,78,0,0],"gold":297,"neow_bonus":"HUNDRED_GOLD","is_daily":false,"chose_seed":false,"campfire_upgraded":0,"win_rate":0.0,"timestamp":1612656309,"path_taken":["M","?","?","M","M","R","E","R","T","M","E","R","M","E","R","BOSS","M","$","?","M","M","NM","?"],"items_purchased_type":["Relic"],"build_version":"2020-12-22","purchased_purges":1,"victory":false,"max_hp_per_floor":[70,70,70,70,70,70,70,70,70,70,70,70,70,72,72,74,74,76,76,76,78,82,91,95,95],"card_choices":[{"not_picked":["OldLady","UniverseFragment"],"picked":"SingingMachine","floor":1},{"not_picked":["Horn"],"picked":"WristCuter","floor":1},{"not_picked":["Wingbeat"],"picked":"GreenStem","floor":4},{"not_picked":["RapturousDream","Pinks"],"picked":"SKIP","floor":5},{"not_picked":["Galaxy"],"picked":"CENSORED_ego","floor":7},{"not_picked":["Funeral","GalaxyChild"],"picked":"DreamingCurrent","floor":10},{"not_picked":["WristCuter","Amita"],"picked":"SKIP","floor":10},{"not_picked":["Discord"],"picked":"ParadiseLost","floor":11},{"not_picked":["FourthMatchFlame","Beak"],"picked":"SKIP","floor":13},{"not_picked":["Tough"],"picked":"Mimicry","floor":14},{"not_picked":["SpiderBud","VoidDream"],"picked":"OldLady","floor":16},{"not_picked":["DaCapo"],"picked":"SoundOfStar","floor":16},{"not_picked":["Wingbeat","Discord+1"],"picked":"SKIP","floor":18},{"not_picked":["CrimsonScar"],"picked":"WristCuter+1","floor":21},{"not_picked":["Harvest","Justitia"],"picked":"SKIP","floor":22},{"not_picked":["BigBird","SnowQueen"],"picked":"WhiteNight","floor":23},{"not_picked":["FourthMatchFlame+1","TheSmile"],"picked":"SKIP","floor":23}],"player_experience":2729850,"relics_obtained":[{"floor":3,"key":"Bromod:ArcaneAvenger"},{"floor":7,"key":"Art of War"},{"floor":9,"key":"hubris:CuriousFeather"},{"floor":14,"key":"StoneCalendar"},{"floor":23,"key":"Strawberry"}],"event_choices":[{"damage_healed":0,"gold_gain":0,"player_choice":" Idol Vial ","damage_taken":58,"relics_obtained":["Bloody Idol","Blood Vial"],"max_hp_gain":76,"max_hp_loss":18,"event_name":"betterAltar:BetterAltar","floor":20,"potions_obtained":[],"relics_lost":[],"gold_loss":0}],"is_beta":false,"boss_relics":[{"not_picked":["Honey Jar","potionbrewer:BhaskarasWheel"],"picked":"Cursed Key"}],"items_purged_floors":[19],"is_endless":true,"potions_floor_spawned":[1,5,11,16,21,23],"killed_by":"Sentry and Sphere","ascension_level":4}}