{"host":"u0qetpmu4y58k1tf","time":1612700410,"event":{"mods":["AchievementEnabler","BaseMod","Colored Map","Colored Powertips","Hermit","Marisa£¨Ùöéë¡¡Øª×âÞÞ£©","Minty Spire (QoL Compilation)","Reliquary","Replay The Spire","StSLib","SuperFastMode","The Bug Knight","The Cursed","The Hierophant","The Runesmith"],"gold_per_floor":[111,124,124,49,59,59,87,101,101,101,139,139,139,170,170,305,305,325,250,277,277,396,451,451,491,518,165,165,197,236,263,263,404,404,433,433,8,341,321,321,344,344,344,382,400,428,447,496,496,504,504,504,1,1,1],"floor_reached":54,"language":"KOR","playtime":3400,"items_purged":["Voices","ReplayTheSpireMod:Doomed","Strike_G","Strike_G"],"score":1096,"play_id":"384716d1-5864-4c4e-ba50-bd1e45c39231","local_time":"20210207212010","is_ascension_mode":true,"campfire_choices":[{"data":"Draining Mist","floor":6,"key":"SMITH"},{"data":"Venomology","floor":10,"key":"SMITH"},{"floor":15,"key":"REST"},{"data":"Replay:Poison Smokescreen","floor":24,"key":"SMITH"},{"data":"Adrenaline","floor":32,"key":"SMITH"},{"floor":40,"key":"RECALL"},{"data":"Catalyst","floor":42,"key":"SMITH"},{"data":"ReplayTheSpireMod:Speed Training","floor":49,"key":"SMITH"},{"data":"Bouncing Flask","floor":52,"key":"SMITH"}],"circlet_count":0,"master_deck":["Defend_G","Defend_G","Defend_G","Defend_G","Defend_G","Survivor","Neutralize","Draining Mist+1","PiercingWail","Prepared","Bouncing Flask+1","Venomology+1","Calculated Gamble","Backflip","Adrenaline+1","Prepared","ReplayTheSpireMod:Speed Training+1","Catalyst+1","Replay:Poison Smokescreen+1","PiercingWail","Deflect+1","Outmaneuver+1","Flechettes+1","Purity+1","Master of Strategy+1","Noxious Fumes+1","ReplayTheSpireMod:Tripwire","Envenom+1","Reflex","Malaise+1","Deflect+1","Prepared+1","Prepared+1","Calculated Gamble"],"relics":["Ring of the Snake","NeowsBlessing","Ring of Misfortune","Ring of Peace","Replay:Bandana","Runesmith:Nanobots","Letter Opener","HoveringKite","reliquary:Stiletto","Bag of Preparation","Golden Egg","Du-Vu Doll","Happy Flower","BargainBundle","Paper Crane","Replay:Bronze Core","Oddly Smooth Stone","reliquary:OuijaBoard","reliquary:JackalopeAntler","reliquary:WeakTea","reliquary:PartyBalloon"],"acts_visited":["Exordium","TheCity","TheBeyond","TheEnding"],"potions_floor_usage":[11,14,14,16,16,16,20,23,23,25,29,30,30,31,33,33,33,41,44,44,46,47,48,48,50,50,54,54],"damage_taken":[{"damage":0,"enemies":"Cultist","floor":1,"turns":1},{"damage":0,"enemies":"2 Louse","floor":2,"turns":1},{"damage":0,"enemies":"Jaw Worm","floor":5,"turns":1},{"damage":12,"enemies":"3 Sentries","floor":7,"turns":15},{"damage":10,"enemies":"Lots of Slimes","floor":8,"turns":5},{"damage":21,"enemies":"Lagavulin","floor":11,"turns":7},{"damage":0,"enemies":"2 Fungi Beasts","floor":14,"turns":2},{"damage":0,"enemies":"Slime Boss","floor":16,"turns":10},{"damage":0,"enemies":"3 Byrds","floor":18,"turns":4},{"damage":0,"enemies":"Shell Parasite","floor":20,"turns":5},{"damage":0,"enemies":"Book of Stabbing","floor":23,"turns":5},{"damage":2,"enemies":"Slavers","floor":25,"turns":6},{"damage":0,"enemies":"3 Cultists","floor":29,"turns":4},{"damage":8,"enemies":"Book of Stabbing","floor":30,"turns":5},{"damage":0,"enemies":"Snecko","floor":31,"turns":4},{"damage":52,"enemies":"Automaton","floor":33,"turns":9},{"damage":4,"enemies":"3 Shapes","floor":35,"turns":4},{"damage":0,"enemies":"Orb Walker","floor":41,"turns":4},{"damage":0,"enemies":"HollowMod:StalkingDevout","floor":44,"turns":7},{"damage":9,"enemies":"Jaw Worm Horde","floor":45,"turns":5},{"damage":0,"enemies":"Sphere and 2 Shapes","floor":46,"turns":3},{"damage":4,"enemies":"Maw","floor":47,"turns":9},{"damage":0,"enemies":"Giant Head","floor":48,"turns":8},{"damage":11,"enemies":"Donu and Deca","floor":50,"turns":8},{"damage":77,"enemies":"Shield and Spear","floor":54,"turns":6}],"seed_played":"-3662608095278468437","potions_obtained":[{"floor":2,"key":"BlessingOfTheForge"},{"floor":5,"key":"Dexterity Potion"},{"floor":8,"key":"FairyPotion"},{"floor":11,"key":"Explosive Potion"},{"floor":14,"key":"Strength Potion"},{"floor":18,"key":"GamblersBrew"},{"floor":20,"key":"Swift Potion"},{"floor":30,"key":"LifebloodPotion"},{"floor":35,"key":"Fire Potion"},{"floor":39,"key":"GamblersBrew"},{"floor":45,"key":"DuplicationPotion"},{"floor":48,"key":"Milkshake"}],"is_trial":false,"path_per_floor":["M","M","?","$","M","R","E","M","T","R","E","?","?","M","R_BF","B",null,"M","?","M","?","?","E","R","E","T","$","?","M","E","M","R","B",null,"M","?","$","?","?","R","M","R","T","E","M","M","M","E","R","B",null,"R","$","E"],"character_chosen":"THE_SILENT","items_purchased":["BargainBundle","Deflect","Outmaneuver","Flechettes","Purity","Master of Strategy","ColorlessPotion","Swift Potion","Oddly Smooth Stone","Malaise","reliquary:WeakTea","reliquary:PartyBalloon","Poison Potion"],"campfire_rested":1,"item_purchase_floors":[27,27,27,27,27,27,27,27,37,37,53,53,53],"current_hp_per_floor":[70,70,70,70,70,70,58,48,48,48,27,10,10,10,31,31,70,70,70,70,70,53,53,53,51,51,51,51,51,43,43,43,21,70,66,66,66,66,66,66,66,66,66,66,57,57,53,53,53,42,70,70,70,0,0],"gold":1,"neow_bonus":"THREE_ENEMY_KILL","is_daily":false,"chose_seed":false,"campfire_upgraded":7,"win_rate":0.0,"timestamp":1612700410,"path_taken":["M","?","?","?","M","R","E","?","T","R","E","?","?","M","R_BF","BOSS","M","?","M","?","?","E","R","E","T","?","?","M","E","?","R","BOSS","M","?","$","?","?","R","M","R","T","E","?","M","M","E","R","BOSS","R","$","E"],"items_purchased_type":["Relic","Card","Card","Card","Card","Card","Potion","Potion","Relic","Card","Relic","Relic","Potion"],"build_version":"2020-12-22","purchased_purges":4,"victory":false,"max_hp_per_floor":[70,70,70,70,70,70,70,70,70,70,70,70,70,70,70,70,70,70,70,70,70,70,70,70,70,70,70,70,70,70,70,70,70,70,70,70,70,70,70,70,70,70,70,70,70,70,70,70,70,70,70,70,70,70,70],"card_choices":[{"not_picked":["Dagger Throw","Toxin Wave"],"picked":"Draining Mist","floor":1},{"not_picked":["Prepared","Dodge and Roll"],"picked":"PiercingWail","floor":2},{"not_picked":["Blade Dance","Deadly Poison"],"picked":"Prepared","floor":5},{"not_picked":["Dash","Catalyst"],"picked":"Bouncing Flask","floor":7},{"not_picked":["Draining Mist","Deadly Poison"],"picked":"Venomology","floor":8},{"not_picked":["Dodge and Roll","Bouncing Flask"],"picked":"Calculated Gamble","floor":11},{"not_picked":["Poisoned Stab","Dagger Throw"],"picked":"Backflip","floor":14},{"not_picked":["Grand Finale","Corpse Explosion"],"picked":"Adrenaline","floor":16},{"not_picked":["Deadly Poison","Flying Knee"],"picked":"Prepared","floor":18},{"not_picked":["Sucker Punch","Poisoned Stab","Dodge and Roll"],"picked":"SKIP","floor":20},{"not_picked":["Concentrate","Reflex+1"],"picked":"ReplayTheSpireMod:Speed Training","floor":22},{"not_picked":["Poisoned Stab","Cloak And Dagger"],"picked":"Catalyst","floor":22},{"not_picked":["Tactician","Outmaneuver+1"],"picked":"Replay:Poison Smokescreen","floor":23},{"not_picked":["Leg Sweep+1","Cloak And Dagger"],"picked":"PiercingWail","floor":25},{"not_picked":["Dagger Throw","Accuracy+1","Bane+1"],"picked":"SKIP","floor":29},{"not_picked":["Sucker Punch+1","Dagger Spray"],"picked":"Noxious Fumes+1","floor":30},{"not_picked":["Outmaneuver","Slice+1"],"picked":"ReplayTheSpireMod:Tripwire","floor":31},{"not_picked":["Night Terror","Glass Knife"],"picked":"Envenom","floor":33},{"not_picked":["Hidden Blade+1","Prepared"],"picked":"Reflex","floor":35},{"not_picked":["Sneak Up","Dagger Throw"],"picked":"Deflect+1","floor":41},{"not_picked":["Poisoned Stab","Bane"],"picked":"Prepared+1","floor":44},{"not_picked":["Cloak And Dagger","Hidden Blade+1"],"picked":"Prepared+1","floor":45},{"not_picked":["Quick Slash","Flying Knee+1"],"picked":"Calculated Gamble","floor":46},{"not_picked":["Poisoned Stab","Flying Knee+1","Cloak And Dagger+1"],"picked":"SKIP","floor":47},{"not_picked":["Skewer","Blur+1","Cloak And Dagger"],"picked":"SKIP","floor":48}],"player_experience":79069,"relics_obtained":[{"floor":3,"key":"Ring of Misfortune"},{"floor":3,"key":"Ring of Peace"},{"floor":7,"key":"Replay:Bandana"},{"floor":9,"key":"Runesmith:Nanobots"},{"floor":11,"key":"Letter Opener"},{"floor":22,"key":"Bag of Preparation"},{"floor":23,"key":"Golden Egg"},{"floor":25,"key":"Du-Vu Doll"},{"floor":26,"key":"Happy Flower"},{"floor":30,"key":"Paper Crane"},{"floor":44,"key":"reliquary:OuijaBoard"},{"floor":48,"key":"reliquary:JackalopeAntler"}],"event_choices":[{"damage_healed":0,"gold_gain":0,"player_choice":"Take Damage","damage_taken":17,"relics_obtained":["Golden Idol"],"max_hp_gain":0,"max_hp_loss":0,"event_name":"Golden Idol","floor":12,"gold_loss":0},{"cards_removed":["Strike_G"],"damage_healed":0,"gold_gain":0,"player_choice":"Forget","damage_taken":0,"max_hp_gain":0,"max_hp_loss":0,"event_name":"Living Wall","floor":13,"gold_loss":0},{"cards_removed":["Strike_G"],"damage_healed":0,"gold_gain":0,"player_choice":"Gave Gold","damage_taken":0,"max_hp_gain":0,"max_hp_loss":0,"event_name":"Beggar","floor":19,"gold_loss":75},{"cards_removed":["Strike_G"],"damage_healed":0,"gold_gain":0,"player_choice":"Removed Attack","damage_taken":0,"max_hp_gain":0,"max_hp_loss":0,"event_name":"Falling","floor":36,"gold_loss":0},{"damage_healed":0,"gold_gain":333,"player_choice":"Gave Idol","damage_taken":0,"max_hp_gain":0,"max_hp_loss":0,"event_name":"The Moai Head","floor":38,"relics_lost":["Golden Idol"],"gold_loss":0},{"damage_healed":0,"gold_gain":0,"player_choice":"Bought 1 Potion","damage_taken":0,"max_hp_gain":0,"max_hp_loss":0,"event_name":"The Woman in Blue","floor":39,"gold_loss":0}],"is_beta":false,"boss_relics":[{"not_picked":["Ectoplasm","Replay:Drink Me"],"picked":"HoveringKite"},{"not_picked":["Astrolabe","reliquary:RedCape"],"picked":"Replay:Bronze Core"}],"items_purged_floors":[4,27,37,53],"is_endless":false,"potions_floor_spawned":[2,5,8,11,14,18,20,30,35,45,48],"killed_by":"Shield and Spear","ascension_level":3}}