{"host":"szp1d6dso4pv7ddl","time":1612739975,"event":{"mods":["AchievementEnabler","Alarm Clock","BaseMod","Bestiary","Block Reminder","Colored Map","Colored Powertips","Curses Come First","Dark Map","Displayed Cursed Tome","Highlight Path","Minty Spire (QoL Compilation)","Permanent Neow","Quick Restart","Relic Sorter","Relic Stats","StSLib","Synergy Search"],"gold_per_floor":[115,128,128,146,164,164,183,183,209,209,234,268,293,28,28,153,153,167,127,77,98,23,79,79,112,138,222,222,238,238,238],"floor_reached":30,"language":"ENG","playtime":1679,"items_purged":["Pain","Strike_R"],"score":297,"play_id":"b7db7dc8-c4b4-4853-bde5-3d87b18a17d8","local_time":"20210207151935","is_ascension_mode":false,"campfire_choices":[{"data":"Carnage","floor":6.0,"key":"SMITH"},{"floor":8.0,"key":"REST"},{"data":"Disarm","floor":10.0,"key":"SMITH"},{"floor":15.0,"key":"REST"},{"floor":24.0,"key":"REST"}],"circlet_count":0,"master_deck":["Strike_R+1","Strike_R","Strike_R","Strike_R","Defend_R","Defend_R","Defend_R","Defend_R","Bash","Disarm+1","Entrench","Carnage+1","Shrug It Off","Flame Barrier","Sword Boomerang","Fiend Fire","Pommel Strike+1","HandOfGreed","Feed","Metallicize","Cleave","Disarm","Exhume","Ghostly Armor+1"],"relics":["Cursed Key","Bloody Idol","Omamori","Art of War","Calling Bell","Smiling Mask","Blue Candle","Magic Flower","MealTicket","Toy Ornithopter","Bag of Preparation"],"acts_visited":["TheCity"],"potions_floor_usage":[27],"damage_taken":[{"damage":11.0,"enemies":"Jaw Worm","floor":1.0,"turns":2.0},{"damage":0.0,"enemies":"Cultist","floor":2.0,"turns":3.0},{"damage":2.0,"enemies":"Small Slimes","floor":4.0,"turns":3.0},{"damage":3.0,"enemies":"Gremlin Gang","floor":5.0,"turns":4.0},{"damage":28.0,"enemies":"Exordium Thugs","floor":7.0,"turns":7.0},{"damage":7.0,"enemies":"Lots of Slimes","floor":11.0,"turns":5.0},{"damage":12.0,"enemies":"3 Sentries","floor":12.0,"turns":6.0},{"damage":1.0,"enemies":"2 Fungi Beasts","floor":13.0,"turns":3.0},{"damage":30.0,"enemies":"The Guardian","floor":16.0,"turns":11.0},{"damage":12.0,"enemies":"Shell Parasite","floor":18.0,"turns":5.0},{"damage":22.0,"enemies":"2 Thieves","floor":21.0,"turns":4.0},{"damage":20.0,"enemies":"Book of Stabbing","floor":23.0,"turns":9.0},{"damage":23.0,"enemies":"Shelled Parasite and Fungi","floor":25.0,"turns":9.0},{"damage":36,"enemies":"Slavers","floor":27,"turns":9},{"damage":13,"enemies":"Cultist and Chosen","floor":29,"turns":8},{"damage":20,"enemies":"Centurion and Healer","floor":30,"turns":3}],"seed_played":"152131820337889700","potions_obtained":[{"floor":1.0,"key":"LiquidMemories"},{"floor":5.0,"key":"Energy Potion"},{"floor":7.0,"key":"Fire Potion"},{"floor":11.0,"key":"CultistPotion"},{"floor":12.0,"key":"Swift Potion"},{"floor":18.0,"key":"DuplicationPotion"},{"floor":21.0,"key":"BlessingOfTheForge"}],"is_trial":false,"path_per_floor":["M","M","?","M","M","R","M","R","T","R","M","E","M","$","R","B",null,"M","?","$","M","$","E","R","M","T","E","?","M","M"],"character_chosen":"IRONCLAD","items_purchased":["HandOfGreed","Disarm"],"campfire_rested":3,"item_purchase_floors":[14,22],"current_hp_per_floor":[69,69,49,47,44,44,16,40,40,40,33,21,20,20,44,14,80,73,73,73,56,56,36,61,43,43,20,20,17,0,0],"gold":238,"neow_bonus":"BOSS_RELIC","is_daily":false,"chose_seed":false,"campfire_upgraded":2,"win_rate":0.0,"timestamp":1612739975,"path_taken":["M","M","?","M","M","R","M","R","T","R","M","E","M","$","R","BOSS","M","?","$","M","?","E","R","M","T","E","?","M","M"],"items_purchased_type":["Card","Card"],"build_version":"2020-12-22","purchased_purges":2,"victory":false,"max_hp_per_floor":[80,80,80,80,80,80,80,80,80,80,80,80,80,80,80,80,80,83,83,83,86,86,86,86,89,89,92,92,95,95,95],"relic_stats":{"counters":[16,91],"Bloody Idol":5,"Blue Candle":[0],"Magic Flower":[13],"MealTicket":0,"Art of War":[2],"Bag of Preparation":[4],"Cursed Key":2,"Smiling Mask":50,"obtain_stats":[{"Calling Bell":17,"Golden Idol":3,"Blue Candle":17,"Bloody Idol":28,"Magic Flower":17,"MealTicket":23,"Omamori":9,"Art of War":12,"Bag of Preparation":27,"Cursed Key":0,"Smiling Mask":17,"Toy Ornithopter":26},{"Calling Bell":9,"Golden Idol":2,"Blue Candle":9,"Bloody Idol":14,"Magic Flower":9,"MealTicket":12,"Omamori":5,"Art of War":7,"Bag of Preparation":14,"Cursed Key":0,"Smiling Mask":9,"Toy Ornithopter":13},{"Calling Bell":44,"Golden Idol":5,"Blue Candle":44,"Bloody Idol":80,"Magic Flower":44,"MealTicket":62,"Omamori":19,"Art of War":30,"Bag of Preparation":80,"Cursed Key":0,"Smiling Mask":44,"Toy Ornithopter":71}],"Toy Ornithopter":8},"card_choices":[{"not_picked":["Pommel Strike","Perfected Strike"],"picked":"Disarm","floor":1.0},{"not_picked":["Blood for Blood","Warcry"],"picked":"Entrench","floor":2.0},{"not_picked":["Ghostly Armor","Bloodletting"],"picked":"Carnage","floor":4.0},{"not_picked":["Perfected Strike","Havoc"],"picked":"Shrug It Off","floor":5.0},{"not_picked":["Clash","Wild Strike"],"picked":"Flame Barrier","floor":7.0},{"not_picked":["Armaments","Wild Strike"],"picked":"Sword Boomerang","floor":11.0},{"not_picked":["Sever Soul","Flex"],"picked":"Fiend Fire","floor":12.0},{"not_picked":["Bloodletting","Flex"],"picked":"Pommel Strike","floor":13.0},{"not_picked":["Double Tap","Impervious"],"picked":"Feed","floor":16.0},{"not_picked":["Iron Wave","Flex"],"picked":"Metallicize","floor":18.0},{"not_picked":["Sever Soul","Sword Boomerang"],"picked":"Cleave","floor":21.0},{"not_picked":["Shockwave+1","Clothesline"],"picked":"Exhume","floor":23.0},{"not_picked":["Dark Embrace+1","Hemokinesis"],"picked":"Ghostly Armor+1","floor":25.0},{"not_picked":["Clothesline","Armaments","Iron Wave"],"picked":"SKIP","floor":27},{"not_picked":["Armaments","Body Slam+1","Iron Wave"],"picked":"SKIP","floor":29}],"player_experience":1394489,"relics_obtained":[{"floor":9.0,"key":"Omamori"},{"floor":12.0,"key":"Art of War"},{"floor":17.0,"key":"Smiling Mask"},{"floor":17.0,"key":"Blue Candle"},{"floor":17.0,"key":"Magic Flower"},{"floor":23.0,"key":"MealTicket"},{"floor":26.0,"key":"Toy Ornithopter"},{"floor":27,"key":"Bag of Preparation"}],"event_choices":[{"damage_healed":0.0,"max_hp_gain":0.0,"max_hp_loss":0.0,"gold_gain":0.0,"event_name":"Golden Idol","player_choice":"Take Damage","floor":3.0,"gold_loss":0.0,"damage_taken":20.0,"relics_obtained":["Golden Idol"]},{"damage_healed":0.0,"max_hp_gain":0.0,"max_hp_loss":0.0,"gold_gain":0.0,"event_name":"Designer","player_choice":"Upgraded Two","floor":19.0,"gold_loss":40.0,"damage_taken":0.0,"cards_upgraded":["Pommel Strike","Strike_R"]},{"damage_healed":0,"gold_gain":0,"player_choice":"Gave Idol","damage_taken":0,"relics_obtained":["Bloody Idol"],"max_hp_gain":0,"max_hp_loss":0,"event_name":"Forgotten Altar","floor":28,"relics_lost":["Golden Idol"],"gold_loss":0}],"is_beta":false,"boss_relics":[{"not_picked":["Mark of Pain","Busted Crown"],"picked":"Calling Bell"}],"items_purged_floors":[14,20],"is_endless":false,"potions_floor_spawned":[1,5,7,11,12,18,21,23],"killed_by":"Centurion and Healer","ascension_level":0}}