{"host":"n1v11un6j7y72mz7","time":1612722159,"event":{"mods":["Act Like it!","BaseMod","Downfall","Gensokyo","Koishi","Minty Spire (QoL Compilation)","READ ME - Guardian Mod","Reliquary","Remilia£®¿Ÿ√◊¿Ú—«£©","StSLib","The Animator","The Bug Knight","Waifu the Spire"],"gold_per_floor":[109,129,129,146,171,171,171,171,239,13,46,46,83,42,42,165,165,187,187,187,35,70,70,80,80],"floor_reached":24,"language":"ZHS","playtime":1482,"items_purged":["animator:Strike"],"score":186,"play_id":"03a06ee5-3826-4ff2-a44a-493b7166c229","local_time":"20210208022239","is_ascension_mode":false,"campfire_choices":[{"data":"animator:ElricEdward","floor":6,"key":"SMITH"},{"data":"animator:ShinjiMatou","floor":8,"key":"SMITH"},{"data":"animator:LeleiLaLalena","floor":15,"key":"SMITH"},{"floor":23,"key":"REST"}],"circlet_count":0,"master_deck":["animator:Strike_Konosuba+1","animator:Defend_Konosuba","animator:Strike+1","animator:Defend","animator:Defend","animator:Defend","animator:Kazuma","animator:Aqua","animator:ShinjiMatou+1","animator:LeleiLaLalena+1","animator:ElricEdward+1","animator:Chris","animator:NarberalGamma+1","animator:Chris","animator:Kazuma+1","animator:Demiurge+1","animator:SakuraMatou+1","animator:Wiz+1","animator:ElricAlphonse+1","Slimebound:CheckThePlaybook+1","animator:Verdia+1"],"relics":["animator:TheMissingPiece","NeowsBlessing","Whetstone","Toxic Egg 2","reliquary:WritOfMandamus","Nloth\u0027s Gift","animator:WornHelmet"],"acts_visited":["Exordium","TheCity"],"potions_floor_usage":[11,16,16,22],"damage_taken":[{"damage":0,"enemies":"Cultist","floor":1,"turns":1},{"damage":0,"enemies":"Jaw Worm","floor":2,"turns":1},{"damage":0,"enemies":"2 Louse","floor":4,"turns":2},{"damage":0,"enemies":"Blue Slaver","floor":5,"turns":5},{"damage":0,"enemies":"Gremlin Gang","floor":11,"turns":4},{"damage":0,"enemies":"2 Fungi Beasts","floor":13,"turns":2},{"damage":10,"enemies":"The Guardian","floor":16,"turns":9},{"damage":22,"enemies":"Spheric Guardian","floor":18,"turns":6},{"damage":23,"enemies":"Shell Parasite","floor":22,"turns":4},{"damage":49,"enemies":"Snake Plant","floor":24,"turns":4}],"seed_played":"-5759475367251652253","potions_obtained":[{"floor":2,"key":"Block Potion"},{"floor":4,"key":"Fire Potion"},{"floor":5,"key":"FearPotion"},{"floor":13,"key":"Explosive Potion"},{"floor":22,"key":"BlessingOfTheForge"}],"is_trial":false,"path_per_floor":["M","M","?","M","M","R","T","R","T","$","M","?","M","$","R","B",null,"M","?","?","$","M","R","M"],"character_chosen":"THE_ANIMATOR","items_purchased":["animator:NarberalGamma+1","animator:Chris","animator:Kazuma+1","animator:SakuraMatou+1","animator:WornHelmet"],"campfire_rested":1,"item_purchase_floors":[10,10,10,14,21],"current_hp_per_floor":[66,66,66,66,66,66,66,66,66,66,66,66,66,66,66,57,67,45,45,45,45,24,42,0,0],"gold":80,"neow_bonus":"THREE_ENEMY_KILL","is_daily":false,"chose_seed":false,"campfire_upgraded":3,"win_rate":0.0,"timestamp":1612722159,"path_taken":["M","M","?","?","?","R","?","R","T","?","M","?","M","$","R","BOSS","M","?","?","$","?","R","M"],"items_purchased_type":["Card","Card","Card","Card","Relic"],"build_version":"2020-12-22","purchased_purges":1,"victory":false,"max_hp_per_floor":[66,66,66,66,66,66,66,66,66,66,66,66,66,66,66,67,67,67,61,61,61,61,61,61,61],"card_choices":[{"not_picked":["animator:Aqua","animator:MamiTomoe"],"picked":"animator:ShinjiMatou","floor":1},{"not_picked":["animator:Mitsurugi","animator:Sebas"],"picked":"animator:LeleiLaLalena","floor":2},{"not_picked":["animator:Konayuki","animator:PandorasActor"],"picked":"animator:ElricEdward","floor":4},{"not_picked":["animator:Megumin","animator:Aqua"],"picked":"animator:Chris","floor":5},{"not_picked":["animator:Cocytus","animator:EmiyaShirou+1","animator:TukaLunaMarceau+1"],"picked":"SKIP","floor":11},{"not_picked":["animator:Assassin","animator:Gilgamesh"],"picked":"animator:Demiurge+1","floor":13},{"not_picked":["animator:Albedo","animator:Envy"],"picked":"animator:Wiz+1","floor":16},{"not_picked":["animator:YaoHaDucy","animator:ElricEdward"],"picked":"animator:ElricAlphonse+1","floor":18},{"not_picked":["animator:Megumin","animator:Vanir"],"picked":"animator:Verdia+1","floor":22}],"player_experience":176608,"relics_obtained":[{"floor":7,"key":"Whetstone"},{"floor":9,"key":"Toxic Egg 2"}],"event_choices":[{"cards_removed":["animator:Strike"],"damage_healed":0,"gold_gain":0,"player_choice":"Offered Basic","damage_taken":0,"max_hp_gain":0,"max_hp_loss":0,"event_name":"Bonfire Elementals","floor":3,"gold_loss":0},{"damage_healed":0,"gold_gain":0,"player_choice":"Ignored","damage_taken":0,"max_hp_gain":0,"max_hp_loss":0,"event_name":"Liars Game","floor":12,"gold_loss":0},{"damage_healed":0,"gold_gain":0,"player_choice":"Traded Relic","damage_taken":0,"relics_obtained":["Nloth\u0027s Gift"],"max_hp_gain":0,"max_hp_loss":0,"event_name":"N\u0027loth","floor":20,"relics_lost":["animator:LivingPicture"],"gold_loss":0}],"is_beta":false,"boss_relics":[{"not_picked":["reliquary:Ember","Runic Dome"],"picked":"reliquary:WritOfMandamus"}],"items_purged_floors":[10],"is_endless":false,"potions_floor_spawned":[2,4,5,13,22],"killed_by":"Snake Plant","ascension_level":0}}