{"host":"v5dl0pdw4dbht0w1","time":1612709406,"event":{"mods":["AchievementEnabler","Ascension Reborn","BaseMod","Best Route Mod","BetterRewards","Card Filter","Card Forge","Clockwork Mod","Colored Powertips","Fiend Mod","Friendly Minions","Glutton Mod","Hermit","Hunter ?êl","Mad Scientist","Minty Spire (QoL Compilation)","READ ME - Snecko Mod","Railgun Mod","Random Character Button","Relic Filter","SIMod","SOSÅiézîb?îVéqÅj","Shop Mod","StSLib","The Administrix","The Alterego","The Blackbeard","The Bladedancer","The Bug Knight","The Clintock","The Construct","The Cursed","The Death Knight","The Forsaken","The Gatherer","The Hierophant","The Judge","The Mystic","The Necromancer","The Problem Sleuth","The Runesmith","The Servant 0.9.4","The Valiant","TheBandit","TheFirefly","TheVacant","Transform Curses","Treasure Hunter","Yohane!","Yuri Mod","thorton"],"gold_per_floor":[219,235,235,248,76,103,103,118,118,143,178,178,194,222,222,322,322,342,432,445,73,90,125,135,135,135,148,159,178,203,226,226,322,322,337,355,372,382,398,432,432,432,432],"floor_reached":44,"language":"ENG","playtime":3086,"items_purged":[],"score":929,"play_id":"63673cef-ca78-4946-bb49-83e0744da264","local_time":"20210207085006","is_ascension_mode":true,"campfire_choices":[{"data":"blackbeard:CannonballSupply","floor":7.0,"key":"SMITH"},{"floor":12.0,"key":"REST"},{"floor":15.0,"key":"REST"},{"floor":25.0,"key":"REST"},{"floor":32,"key":"REST"},{"floor":41,"key":"REST"}],"circlet_count":0,"master_deck":["blackbeard:CannonballSupply+1","blackbeard:CannonBarrage+1","blackbeard:TerrorOfTheSeas+1","blackbeard:CloakAndCannonball+1","blackbeard:Sword+1","blackbeard:ArmorUp+1","blackbeard:WeaponProficiency+1","blackbeard:Sharpening+1","blackbeard:CannonBarrage+1"],"relics":["blackbeard:LoadTheCannons","Hammer of Thor","Seething Fire","Anvil of the Gods","Pyrelight","Calipers","blackbeard:MagicalCauldron","Odd Mushroom","Regal Pillow","PreservedInsect","blackbeard:Karategi","Singing Bowl","Nunchaku","Pen Nib","Potion Belt","Dream Catcher","Philosopher\u0027s Stone","blackbeard:HipFlask"],"acts_visited":["Exordium","TheCity","TheBeyond"],"potions_floor_usage":[36,36,36,39,43,43,43,43],"damage_taken":[{"damage":0.0,"enemies":"Cultist","floor":1.0,"turns":3.0},{"damage":5.0,"enemies":"Small Slimes","floor":2.0,"turns":3.0},{"damage":0.0,"enemies":"2 Louse","floor":4.0,"turns":2.0},{"damage":27.0,"enemies":"3 Sentries","floor":6.0,"turns":7.0},{"damage":5.0,"enemies":"Red Slaver","floor":8.0,"turns":3.0},{"damage":17.0,"enemies":"The Mushroom Lair","floor":10.0,"turns":3.0},{"damage":4.0,"enemies":"Gremlin Nob","floor":11.0,"turns":3.0},{"damage":2.0,"enemies":"3 Louse","floor":13.0,"turns":2.0},{"damage":9.0,"enemies":"3 Sentries","floor":14.0,"turns":5.0},{"damage":19.0,"enemies":"Slime Boss","floor":16.0,"turns":7.0},{"damage":10.0,"enemies":"2 Thieves","floor":18.0,"turns":2.0},{"damage":20.0,"enemies":"3 Byrds","floor":20.0,"turns":5.0},{"damage":1.0,"enemies":"Snake Plant","floor":22.0,"turns":4.0},{"damage":0.0,"enemies":"Book of Stabbing","floor":23.0,"turns":3.0},{"damage":10.0,"enemies":"Cultist and Chosen","floor":24.0,"turns":3.0},{"damage":6.0,"enemies":"Snecko","floor":27.0,"turns":4.0},{"damage":5.0,"enemies":"Centurion and Healer","floor":28.0,"turns":3.0},{"damage":0,"enemies":"Cultist and Chosen","floor":29,"turns":3},{"damage":0,"enemies":"Gremlin Leader","floor":30,"turns":3},{"damage":0,"enemies":"Automaton","floor":33,"turns":3},{"damage":8,"enemies":"Orb Walker","floor":35,"turns":2},{"damage":20,"enemies":"3 Darklings","floor":36,"turns":3},{"damage":38,"enemies":"4 Shapes","floor":37,"turns":3},{"damage":6,"enemies":"Maw","floor":38,"turns":3},{"damage":26,"enemies":"Jaw Worm Horde","floor":39,"turns":3},{"damage":0,"enemies":"Giant Head","floor":40,"turns":3},{"damage":21,"enemies":"Awakened One","floor":43,"turns":3}],"seed_played":"4952935651986009781","potions_obtained":[{"floor":4.0,"key":"Block Potion"},{"floor":6.0,"key":"blackbeard:OrangeJuicePotion"},{"floor":8.0,"key":"Dexterity Potion"},{"floor":16.0,"key":"GamblersBrew"},{"floor":39,"key":"Explosive Potion"}],"is_trial":false,"path_per_floor":["M","M","?","M","$","E","R","M","T","?","E","R","M","E","R","B",null,"M","?","M","$","M","E","M","R","T","M","M","M","E","T","R","B",null,"M","M","M","M","M","E","R","?","B",null],"character_chosen":"BLACKBEARD_CLASS","items_purchased":["blackbeard:InfiniteBarrage","blackbeard:CannonBarrage","blackbeard:Spear","blackbeard:WeaponProficiency","blackbeard:Sharpening","Singing Bowl"],"campfire_rested":5,"item_purchase_floors":[5,5,5,21,21,21],"current_hp_per_floor":[75,70,70,70,70,43,43,46,46,29,25,62,60,51,75,56,75,65,53,41,41,42,46,38,77,79,75,70,72,76,78,95,99,99,91,73,37,33,9,13,63,63,42],"gold":432,"neow_bonus":"HUNDRED_GOLD","is_daily":false,"chose_seed":false,"campfire_upgraded":1,"win_rate":0.0,"timestamp":1612709406,"path_taken":["M","M","?","M","$","E","R","M","T","?","E","R","M","E","R","BOSS","M","?","M","$","M","E","M","R","T","M","M","M","E","?","R","BOSS","M","M","M","M","M","E","R","?","BOSS"],"items_purchased_type":["Card","Card","Card","Card","Card","Relic"],"build_version":"2020-12-22","purchased_purges":0,"victory":true,"max_hp_per_floor":[75,75,75,75,75,75,75,75,75,75,75,75,75,75,75,75,75,75,75,75,75,77,81,83,83,85,87,87,89,93,95,95,99,99,99,101,103,105,107,111,113,113,113],"card_choices":[{"not_picked":["blackbeard:Dagger","blackbeard:TerrorOfTheSeas"],"picked":"blackbeard:CannonballSupply","floor":1.0},{"not_picked":["blackbeard:DoubleBottom","blackbeard:GhostInTheRum"],"picked":"blackbeard:Fencing","floor":2.0},{"not_picked":["blackbeard:BlindAttacks","blackbeard:WoodenLeg"],"picked":"blackbeard:SmithingHammer","floor":4.0},{"not_picked":["blackbeard:Spear","blackbeard:SwordDance"],"picked":"blackbeard:TerrorOfTheSeas","floor":6.0},{"not_picked":["TH:Mimic","TH:BikiniMail"],"picked":"SKIP","floor":6.0},{"not_picked":["blackbeard:PirateHook","blackbeard:GoldenRain"],"picked":"blackbeard:CloakAndCannonball","floor":8.0},{"not_picked":["TH:PixieDust","TH:ArmorSpikes"],"picked":"SKIP","floor":9.0},{"not_picked":["blackbeard:Spear","blackbeard:CatONineTails"],"picked":"blackbeard:CloakAndCannonball","floor":11.0},{"not_picked":["TH:CursedSword","TH:BikiniMail"],"picked":"SKIP","floor":11.0},{"not_picked":["blackbeard:GoldenRain","blackbeard:PirateEarring"],"picked":"blackbeard:Sword","floor":13.0},{"not_picked":["TH:CopperCoins","TH:CursedSword"],"picked":"SKIP","floor":14.0},{"not_picked":["blackbeard:CaptainsHat","blackbeard:Toast","blackbeard:PirateStrength"],"picked":"SKIP","floor":14.0},{"not_picked":["blackbeard:MegaUpgrade","blackbeard:Intoxication"],"picked":"blackbeard:WeaponMastery","floor":16.0},{"not_picked":["blackbeard:VengefulSpirit+1","blackbeard:RemoveScurvy+1"],"picked":"blackbeard:ArmorUp","floor":18.0},{"not_picked":["blackbeard:TacticalRetreat","blackbeard:RemoveScurvy+1","blackbeard:SwordDance"],"picked":"SKIP","floor":20.0},{"not_picked":["blackbeard:Shrapnel","blackbeard:Provisioning","blackbeard:WiseDefense"],"picked":"Singing Bowl","floor":22.0},{"not_picked":["TH:EnergyPotion","TH:TreasureMap"],"picked":"Singing Bowl","floor":23.0},{"not_picked":["blackbeard:DeadlyArsenal","blackbeard:RemoveScurvy","blackbeard:DangerousBlow+1"],"picked":"Singing Bowl","floor":23.0},{"not_picked":["blackbeard:BeatUp","blackbeard:SwordDance","blackbeard:Fencing"],"picked":"Singing Bowl","floor":24.0},{"not_picked":["TH:ArmorSpikes","TH:TreasureMap"],"picked":"Singing Bowl","floor":26.0},{"not_picked":["blackbeard:PiratesWill+1","blackbeard:Spear","blackbeard:DeadlyArsenal"],"picked":"Singing Bowl","floor":27.0},{"not_picked":["blackbeard:Fencing+1","blackbeard:SmithingHammer"],"picked":"blackbeard:PiratesWill","floor":28},{"not_picked":["blackbeard:GoldenDefense","blackbeard:FieryDefense+1","blackbeard:Spear"],"picked":"Singing Bowl","floor":29},{"not_picked":["TH:DeckOfManyThings","TH:EnergyPotion"],"picked":"Singing Bowl","floor":30},{"not_picked":["blackbeard:BeatUp","blackbeard:GhostInTheRum","blackbeard:Toast+1"],"picked":"Singing Bowl","floor":30},{"not_picked":["TH:PixieDust","TH:TreasureMap"],"picked":"Singing Bowl","floor":31},{"not_picked":["blackbeard:Dagger+1","blackbeard:GoldenStrike"],"picked":"blackbeard:CannonBarrage","floor":32},{"not_picked":["TH:TreasureMap","TH:ElvenBoots"],"picked":"Singing Bowl","floor":33},{"not_picked":["blackbeard:GoldenGuillotine","blackbeard:Murder","blackbeard:Halberd"],"picked":"Singing Bowl","floor":33},{"not_picked":["blackbeard:VengefulSpirit+1","blackbeard:RemoveScurvy+1"],"picked":"blackbeard:InfiniteBarrage+1","floor":35},{"not_picked":["blackbeard:BlindAttacks","blackbeard:SwordDance+1","blackbeard:PiratesWill"],"picked":"Singing Bowl","floor":36},{"not_picked":["blackbeard:SwordDance+1","blackbeard:Upgrade","blackbeard:BeatUp"],"picked":"Singing Bowl","floor":37},{"not_picked":["blackbeard:BlindAttacks+1","blackbeard:CloakAndCannonball","blackbeard:WoodenLeg+1"],"picked":"Singing Bowl","floor":38},{"not_picked":["blackbeard:Dagger+1","blackbeard:ArmorUp","blackbeard:CloakAndCannonball+1"],"picked":"Singing Bowl","floor":39},{"not_picked":["TH:CopperCoins","TH:TreasureMap"],"picked":"Singing Bowl","floor":40},{"not_picked":["blackbeard:FieryDefense+1","blackbeard:Intoxication","blackbeard:PirateStrength"],"picked":"Singing Bowl","floor":40},{"not_picked":["blackbeard:RemoveScurvy+1","blackbeard:PiratesWill","blackbeard:JollyRoger"],"picked":"Singing Bowl","floor":41}],"player_experience":501688,"relics_obtained":[{"floor":6.0,"key":"Calipers"},{"floor":9.0,"key":"blackbeard:MagicalCauldron"},{"floor":10.0,"key":"Odd Mushroom"},{"floor":11.0,"key":"Regal Pillow"},{"floor":14.0,"key":"PreservedInsect"},{"floor":23.0,"key":"Nunchaku"},{"floor":26.0,"key":"Pen Nib"},{"floor":30,"key":"Potion Belt"},{"floor":31,"key":"Dream Catcher"},{"floor":40,"key":"blackbeard:HipFlask"}],"event_choices":[{"damage_healed":0.0,"max_hp_gain":0.0,"max_hp_loss":0.0,"gold_gain":0.0,"event_name":"Mushrooms","player_choice":"Fought Mushrooms","floor":10.0,"gold_loss":0.0,"damage_taken":0.0},{"damage_healed":0.0,"max_hp_gain":0.0,"max_hp_loss":0.0,"gold_gain":90.0,"event_name":"Knowing Skull","player_choice":"GOLD ","floor":19.0,"potions_obtained":[],"gold_loss":0.0,"damage_taken":12.0,"cards_obtained":[]},{"damage_healed":0,"gold_gain":0,"player_choice":"Took Portal","damage_taken":0,"max_hp_gain":0,"max_hp_loss":0,"event_name":"SecretPortal","floor":42,"gold_loss":0}],"is_beta":false,"boss_relics":[{"not_picked":["Fiend:Scarf","Sozu"],"picked":"blackbeard:Karategi"},{"not_picked":["Runic Dome","blackbeard:SoberMinded"],"picked":"Philosopher\u0027s Stone"}],"items_purged_floors":[],"is_endless":false,"potions_floor_spawned":[4,6,8,16,20,22,24,27,39],"ascension_level":0}}