{"host":"w01zow3jg16g8jdh","time":1612697162,"event":{"mods":["AchievementEnabler","BaseMod","DeckTracker","Keyboard Shortcuts","Minty Spire (QoL Compilation)","Permanent Neow","StSLib","SuperFastMode"],"gold_per_floor":[118,133,153,167,177,212,212,240,267,278,298,298,354,371,371,371,371],"floor_reached":16,"language":"KOR","playtime":325,"items_purged":[],"score":282,"play_id":"5b265ec6-0c11-4374-a3fa-aa60730ab086","local_time":"20210207202602","is_ascension_mode":true,"campfire_choices":[{"floor":7,"key":"REST"},{"data":"Creative AI","floor":12,"key":"SMITH"},{"floor":15,"key":"REST"}],"circlet_count":0,"master_deck":["AscendersBane","Strike_B","Strike_B","Strike_B","Strike_B","Defend_B","Defend_B","Defend_B","Defend_B","Zap","Dualcast","Creative AI+1","Ball Lightning","Ball Lightning","Core Surge","Capacitor","Coolheaded","Chill"],"relics":["Cracked Core","Art of War","Bottled Tornado","Centennial Puzzle"],"acts_visited":["Exordium"],"potions_floor_usage":[6,6,16],"damage_taken":[{"damage":12,"enemies":"Cultist","floor":1,"turns":4},{"damage":12,"enemies":"Jaw Worm","floor":2,"turns":10},{"damage":8,"enemies":"2 Louse","floor":3,"turns":3},{"damage":11,"enemies":"2 Fungi Beasts","floor":4,"turns":3},{"damage":7,"enemies":"Looter","floor":5,"turns":3},{"damage":11,"enemies":"Gremlin Nob","floor":6,"turns":4},{"damage":13,"enemies":"Lagavulin","floor":8,"turns":7},{"damage":0,"enemies":"Gremlin Gang","floor":10,"turns":1},{"damage":4,"enemies":"3 Louse","floor":11,"turns":2},{"damage":0,"enemies":"Blue Slaver","floor":14,"turns":1},{"damage":30,"enemies":"Hexaghost","floor":16,"turns":9}],"seed_played":"-4134352554580188462","potions_obtained":[{"floor":1,"key":"FocusPotion"},{"floor":2,"key":"Ancient Potion"},{"floor":4,"key":"CultistPotion"},{"floor":5,"key":"BlessingOfTheForge"},{"floor":14,"key":"Weak Potion"}],"is_trial":false,"path_per_floor":["M","M","M","M","M","E","R","E","T","M","M","R","?","M","R","B"],"character_chosen":"DEFECT","items_purchased":[],"campfire_rested":2,"item_purchase_floors":[],"current_hp_per_floor":[52,40,32,21,14,3,24,11,11,11,7,7,7,7,28,0,0],"gold":371,"neow_bonus":"ONE_RANDOM_RARE_CARD","is_daily":false,"chose_seed":false,"campfire_upgraded":1,"win_rate":0.0,"timestamp":1612697162,"path_taken":["M","M","M","?","M","E","R","E","T","M","M","R","?","M","R","BOSS"],"items_purchased_type":[],"build_version":"2020-12-22","purchased_purges":0,"victory":false,"max_hp_per_floor":[71,71,71,71,71,71,71,71,71,71,71,71,71,71,71,71,71],"card_choices":[{"not_picked":["Auto Shields","Barrage","Streamline"],"picked":"SKIP","floor":1},{"not_picked":["Melter","Undo"],"picked":"Ball Lightning","floor":2},{"not_picked":["Blizzard","Cold Snap"],"picked":"Ball Lightning","floor":3},{"not_picked":["Streamline","Steam"],"picked":"Core Surge","floor":4},{"not_picked":["Rebound","Force Field","Doom and Gloom"],"picked":"SKIP","floor":5},{"not_picked":["Reprogram","Gash"],"picked":"Capacitor","floor":6},{"not_picked":["Steam Power","Static Discharge","Streamline"],"picked":"SKIP","floor":8},{"not_picked":["Glacier","Reinforced Body"],"picked":"Coolheaded","floor":10},{"not_picked":["Fusion","Beam Cell","Compile Driver"],"picked":"SKIP","floor":11},{"not_picked":["BootSequence","Barrage"],"picked":"Chill","floor":14}],"player_experience":363860,"relics_obtained":[{"floor":6,"key":"Art of War"},{"floor":8,"key":"Bottled Tornado"},{"floor":9,"key":"Centennial Puzzle"}],"event_choices":[{"damage_healed":0,"gold_gain":56,"player_choice":"Gained Gold","damage_taken":0,"max_hp_gain":0,"max_hp_loss":0,"event_name":"Golden Wing","floor":13,"gold_loss":0}],"is_beta":false,"boss_relics":[],"items_purged_floors":[],"is_endless":false,"potions_floor_spawned":[1,2,4,5,14],"killed_by":"Hexaghost","ascension_level":20}}