{"host":"ynimr9ugvc6f046i","time":1612702908,"event":{"mods":["2.2 Compatiblity","BaseMod","Colored Map","DeckTracker","Highlight Path","Keyboard Shortcuts","Minty Spire (QoL Compilation)","Permanent Neow","Quick Restart","StSLib","SuperFastMode"],"gold_per_floor":[114,114,132,132,57,101,101,124,149,149,163,181,181,196,196,196,196],"floor_reached":16,"language":"KOR","playtime":296,"items_purged":[],"score":204,"play_id":"6c939e50-f704-45fa-8593-fb12e2e955d1","local_time":"20210207220148","is_ascension_mode":true,"campfire_choices":[{"data":"Wraith Form v2","floor":7.0,"key":"SMITH"},{"floor":10.0,"key":"REST"},{"data":"Accuracy","floor":13.0,"key":"SMITH"},{"data":"Terror","floor":15.0,"key":"SMITH"}],"circlet_count":0,"master_deck":["AscendersBane","Strike_G","Strike_G","Strike_G","Strike_G","Strike_G","Defend_G","Defend_G","Defend_G","Defend_G","Defend_G","Survivor","Neutralize","Panache","Dagger Spray","Blade Dance","Infinite Blades","Wraith Form v2+1","Acrobatics","Terror+1","Accuracy+1","Accuracy"],"relics":["Ring of the Snake","Golden Idol","Pen Nib","MealTicket"],"acts_visited":["Exordium"],"potions_floor_usage":[16],"damage_taken":[{"damage":1.0,"enemies":"Cultist","floor":1.0,"turns":4.0},{"damage":0.0,"enemies":"2 Louse","floor":3.0,"turns":3.0},{"damage":32.0,"enemies":"Gremlin Nob","floor":6.0,"turns":4.0},{"damage":1.0,"enemies":"Small Slimes","floor":8.0,"turns":4.0},{"damage":9.0,"enemies":"Looter","floor":11.0,"turns":4.0},{"damage":6.0,"enemies":"3 Louse","floor":12.0,"turns":2.0},{"damage":6.0,"enemies":"Exordium Wildlife","floor":14.0,"turns":5.0},{"damage":1,"enemies":"Slime Boss","floor":16,"turns":5}],"seed_played":"8531419217196529760","potions_obtained":[{"floor":3.0,"key":"FairyPotion"},{"floor":8.0,"key":"GamblersBrew"},{"floor":14.0,"key":"Block Potion"}],"is_trial":false,"path_per_floor":["M","?","M","?","$","E","R","M","T","R","M","M","R","M","R","B"],"character_chosen":"THE_SILENT","items_purchased":["Infinite Blades"],"campfire_rested":1,"item_purchase_floors":[5],"current_hp_per_floor":[58,37,37,37,37,5,5,4,4,22,13,7,7,1,1,0,0],"gold":196,"neow_bonus":"RANDOM_COLORLESS_2","is_daily":false,"chose_seed":false,"campfire_upgraded":3,"win_rate":0.0,"timestamp":1612702908,"path_taken":["M","?","M","?","$","E","R","M","T","R","M","M","R","M","R","BOSS"],"items_purchased_type":["Card"],"build_version":"2020-12-22","purchased_purges":0,"victory":false,"max_hp_per_floor":[60,60,60,60,60,60,60,60,60,60,60,60,60,60,60,60,60],"card_choices":[{"not_picked":["Metamorphosis","The Bomb"],"picked":"Panache","floor":0.0},{"not_picked":["Distraction","Sucker Punch"],"picked":"Dagger Spray","floor":1.0},{"not_picked":["Leg Sweep","Sucker Punch"],"picked":"Blade Dance","floor":3.0},{"not_picked":["Deflect","Escape Plan"],"picked":"Wraith Form v2","floor":6.0},{"not_picked":["Quick Slash","Bane"],"picked":"Acrobatics","floor":8.0},{"not_picked":["Acrobatics","Bane"],"picked":"Terror","floor":11.0},{"not_picked":["Burst","Acrobatics"],"picked":"Accuracy","floor":12.0},{"not_picked":["Underhanded Strike","Dagger Throw"],"picked":"Accuracy","floor":14.0}],"player_experience":568075,"relics_obtained":[{"floor":6.0,"key":"Pen Nib"},{"floor":9.0,"key":"MealTicket"}],"event_choices":[{"damage_healed":0.0,"max_hp_gain":0.0,"max_hp_loss":0.0,"gold_gain":0.0,"event_name":"Golden Idol","player_choice":"Take Damage","floor":2.0,"gold_loss":0.0,"damage_taken":21.0,"relics_obtained":["Golden Idol"]},{"damage_healed":0.0,"max_hp_gain":0.0,"max_hp_loss":0.0,"gold_gain":0.0,"event_name":"Match and Keep!","player_choice":"1 cards matched","floor":4.0,"gold_loss":0.0,"damage_taken":0.0,"cards_obtained":["Concentrate"]},{"damage_healed":0.0,"max_hp_gain":0.0,"max_hp_loss":0.0,"gold_gain":0.0,"event_name":"Match and Keep!","player_choice":"1 cards matched","floor":4.0,"gold_loss":0.0,"damage_taken":0.0,"cards_obtained":["Concentrate"]}],"is_beta":false,"boss_relics":[],"items_purged_floors":[],"is_endless":false,"potions_floor_spawned":[3,8,11,14],"killed_by":"Slime Boss","ascension_level":20}}