{"host":"i70yit5z0kpl303k","time":1612674223,"event":{"mods":["2.2 Compatiblity","Act Like it!","BaseMod","BetterRewards","Infinite Spire","Ironclad Rager","Koishi","Marked Mod","Minty Spire (QoL Compilation)","Relic Stats","Replay The Spire","StSLib","The Marked"],"gold_per_floor":[13,24,24,43,43,43,58,87,87,112,129,145,157,196,196,292,292,308,0,0,20,30,30,56,71,71,99,99,99,113,53,53,149,149,159,159,266,122,122,122,137,171,195,216,216,251,280,302,302,415,415,434,457,479,494,518,518,549,403,403,533,533,520,520,480,480,533,533,547,562,576,576,577,599,599,633,704,722,734,772,779,785,794,879,879,935,953,1023,1075,1152,1237,1237,1334,1370,1466,1587,1590,1590],"floor_reached":97,"language":"ENG","playtime":5250,"items_purged":[],"score":2161,"play_id":"21c3532a-ffc9-42c5-ac11-237020422b47","local_time":"20210206210343","is_ascension_mode":true,"campfire_choices":[{"floor":6,"key":"REST"},{"floor":15,"key":"REST"},{"data":"Zap","floor":23,"key":"SMITH"},{"floor":29,"key":"REST"},{"data":"ICR:Cyclone","floor":29,"key":"SMITH"},{"data":"Aggregate","floor":32,"key":"SMITH"},{"floor":40,"key":"REST"},{"data":"infinitespire:Oblivion","floor":40,"key":"SMITH"},{"floor":45,"key":"REST"},{"data":"Capacitor","floor":45,"key":"SMITH"},{"floor":49,"key":"REST"},{"data":"Double Energy","floor":49,"key":"SMITH"},{"data":"Tempest","floor":57,"key":"SMITH"},{"floor":62,"key":"REST"},{"data":"ICR:Cyclone","floor":62,"key":"SMITH"},{"floor":64,"key":"REST"},{"data":"Thunder Strike","floor":64,"key":"SMITH"},{"data":"Redo","floor":66,"key":"SMITH"},{"floor":75,"key":"REST"},{"floor":75,"key":"RECALL"},{"floor":83,"key":"REST"},{"floor":92,"key":"REST"}],"circlet_count":0,"master_deck":["Zap+1","Dualcast","Ball Lightning","Cold Snap","Ball Lightning","Cold Snap","Leap","Leap","Leap","Leap","Gash+1","Conserve Battery","Barrage","Skim","Beam Cell","Electrodynamics","Go for the Eyes","Go for the Eyes","Sweeping Beam","BasicCrystalCard","All For One+1","Leap+1","Thunder Strike+1","Compile Driver","Rebound","Double Energy+1","BasicCrystalCard+1","ICR:Cyclone+1","Sunder+1","Aggregate+1","Electrodynamics","Go for the Eyes+1","infinitespire:Oblivion+1","ReplaySolidLightProjector+1","Beam Cell+1","Glacier+1","Capacitor+1","Steam Power+1","Turbo","Conserve Battery+1","Multi-Cast","Gash","Fusion","Gash","Tempest+1","BootSequence","Barrage","Redo+1","ICR:Cyclone+1","Ball Lightning","Gash","Thunder Strike","Steam Power","Aggregate","ReplayGash","Gash+1","Cold Snap","Aggregate+1","infinitespire:Punishment","Defragment+1","Gash","White Noise","Compile Driver","Thunder Strike","ReplayTheSpireMod:??????????????????????","Sweeping Beam+1","infinitespire:Gouge","infinitespire:FinalStrike","Beam Cell+1","Consume+1","Barrage+1","ICR:ChainLightning+1","Rebound+1","Chaos+1","Conserve Battery"],"relics":["Cracked Core","Divine Protection","Lizard Tail","Meat on the Bone","Nuclear Battery","Mango","Replay:PocketPolymizer","infinitespire:Magic Flask","Vajra","Replay:Lucky Slots","Painkiller Herb","Pocketwatch","PreservedInsect","infinitespire:Lucky Rock","Replay:Wax Seal","CeramicFish","Torii","SacredBark","Bird Faced Urn","DataDisk","infinitespire:BottledMercury","Pondfish Scales","Fusion Hammer","Potion Belt","Replay:Bottled Flurry","Whetstone","Pear","Nunchaku","Gremlin Food","Oddly Smooth Stone","infinitespire:EvilPickle","SlaversCollar","infinitespire:Beetle Shell","Ring of Chaos","StrikeDummy","MawBank","Strawberry"],"acts_visited":["Exordium","TheCity","TheBeyond","Exordium","TheCity","TheBeyond"],"potions_floor_usage":[14,16,50,50,67,82,82,84,91,95,96],"damage_taken":[{"damage":0,"enemies":"Cultist","floor":1,"turns":2},{"damage":6,"enemies":"2 Louse","floor":2,"turns":2},{"damage":0,"enemies":"Jaw Worm","floor":4,"turns":3},{"damage":7,"enemies":"Gremlin Gang","floor":7,"turns":4},{"damage":0,"enemies":"3 Sentries","floor":8,"turns":6},{"damage":0,"enemies":"Gremlin Nob","floor":10,"turns":3},{"damage":0,"enemies":"3 Louse","floor":11,"turns":2},{"damage":4,"enemies":"2 Fungi Beasts","floor":12,"turns":2},{"damage":0,"enemies":"Blue Slaver","floor":13,"turns":2},{"damage":3,"enemies":"Exordium Thugs","floor":14,"turns":4},{"damage":3,"enemies":"Slime Boss","floor":16,"turns":6},{"damage":7,"enemies":"Chosen","floor":18,"turns":4},{"damage":0,"enemies":"Shell Parasite","floor":21,"turns":3},{"damage":9,"enemies":"Centurion and Healer","floor":22,"turns":6},{"damage":26,"enemies":"Book of Stabbing","floor":24,"turns":4},{"damage":11,"enemies":"Snecko","floor":25,"turns":5},{"damage":0,"enemies":"Gremlin Leader","floor":27,"turns":5},{"damage":0,"enemies":"Chosen and Byrds","floor":30,"turns":3},{"damage":28,"enemies":"Collector","floor":33,"turns":6},{"damage":0,"enemies":"3 Shapes","floor":35,"turns":2},{"damage":17,"enemies":"infinitespire:Three Voidlings","floor":37,"turns":4},{"damage":81,"enemies":"Nightmare_Alpha","floor":37,"turns":10},{"damage":0,"enemies":"Orb Walker","floor":41,"turns":2},{"damage":29,"enemies":"Nemesis","floor":42,"turns":7},{"damage":8,"enemies":"3 Darklings","floor":44,"turns":5},{"damage":11,"enemies":"Giant Head","floor":46,"turns":6},{"damage":18,"enemies":"Maw","floor":47,"turns":7},{"damage":0,"enemies":"Transient","floor":48,"turns":5},{"damage":51,"enemies":"Replay:Hell Engine","floor":50,"turns":11},{"damage":1,"enemies":"Jaw Worm","floor":52,"turns":2},{"damage":16,"enemies":"Small Slimes","floor":53,"turns":2},{"damage":0,"enemies":"Cultist","floor":54,"turns":2},{"damage":1,"enemies":"3 Louse","floor":55,"turns":2},{"damage":0,"enemies":"Lots of Slimes","floor":56,"turns":1},{"damage":0,"enemies":"3 Sentries","floor":58,"turns":2},{"damage":96,"enemies":"Nightmare","floor":63,"turns":8},{"damage":28,"enemies":"Fading Forest","floor":67,"turns":10},{"damage":49,"enemies":"3 Byrds","floor":69,"turns":4},{"damage":15,"enemies":"2 Thieves","floor":70,"turns":2},{"damage":0,"enemies":"Cultist and Chosen","floor":71,"turns":4},{"damage":12,"enemies":"Centurion and Healer","floor":73,"turns":4},{"damage":1,"enemies":"Book of Stabbing","floor":74,"turns":3},{"damage":8,"enemies":"Gremlin Leader","floor":76,"turns":3},{"damage":1,"enemies":"3 Cultists","floor":79,"turns":3},{"damage":0,"enemies":"Nightmare_Alpha","floor":80,"turns":1},{"damage":0,"enemies":"Sentry and Sphere","floor":81,"turns":3},{"damage":0,"enemies":"Gremlin Leader","floor":82,"turns":3},{"damage":20,"enemies":"Pondfish","floor":84,"turns":8},{"damage":32,"enemies":"3 Shapes","floor":86,"turns":3},{"damage":0,"enemies":"Orb Walker","floor":88,"turns":2},{"damage":0,"enemies":"Maw","floor":89,"turns":4},{"damage":1,"enemies":"Spire Growth","floor":90,"turns":3},{"damage":38,"enemies":"Nightmare","floor":91,"turns":5},{"damage":11,"enemies":"R_Hoarder","floor":93,"turns":4},{"damage":82,"enemies":"Transient","floor":95,"turns":5},{"damage":17,"enemies":"Jaw Worm Horde","floor":96,"turns":2},{"damage":78,"enemies":"Nemesis","floor":97,"turns":2}],"seed_played":"7678209069525788200","potions_obtained":[{"floor":1,"key":"SteroidPotion"},{"floor":7,"key":"ColorlessPotion"},{"floor":8,"key":"FairyPotion"},{"floor":14,"key":"Elixir"},{"floor":16,"key":"BlessingOfTheForge"},{"floor":42,"key":"SneckoOil"},{"floor":44,"key":"Elixir"},{"floor":58,"key":"Elixir"},{"floor":63,"key":"Strength Potion"},{"floor":73,"key":"SkillPotion"},{"floor":74,"key":"BlessingOfTheForge"},{"floor":76,"key":"Reflective Coating"},{"floor":81,"key":"AttackPotion"},{"floor":84,"key":"LiquidBronze"},{"floor":88,"key":"Energy Potion"},{"floor":91,"key":"Fire Potion"},{"floor":95,"key":"SpeedPotion"}],"is_trial":false,"path_per_floor":["M","M","?","M","?","R","M","E","T","E","M","M","M","M","R","B",null,"M","$","?","M","M","R","E","M","T","E","AVR","R","M","?","R","B",null,"?","?","?","T","?","T","?","E","T","?","T","E","?","?","T","B",null,"?","?","?","?","?","T","E","T","T","?","T","NM","T","?","T","B",null,"?","?","?","?","?","E","T","E","T","AVR","?","NM","?","E","T","B",null,"?","AVR","?","?","?","NM","T","E","T","?","?","E"],"character_chosen":"DEFECT","items_purchased":["Mango","PreservedInsect","DataDisk"],"campfire_rested":11,"item_purchase_floors":[19,38,59],"current_hp_per_floor":[50,44,37,37,37,57,50,50,50,50,50,46,46,43,63,60,68,61,75,75,75,66,66,52,53,53,53,53,77,77,77,77,49,82,82,82,51,51,51,75,75,46,46,50,74,63,45,45,69,30,82,81,65,65,64,64,64,64,64,64,64,82,42,66,66,66,62,82,46,45,49,49,53,56,80,74,84,84,87,87,91,92,92,86,92,60,60,62,68,71,53,80,73,80,18,15,0,0],"gold":1590,"neow_bonus":"DEFECT_STORMLORD","is_daily":false,"chose_seed":false,"campfire_upgraded":10,"win_rate":0.0,"timestamp":1612674223,"path_taken":["M","M","?","M","?","R","M","E","T","E","M","M","M","M","R","BOSS","M","?","?","?","M","R","E","M","T","E","AVR","R","M","?","R","BOSS","?","?","?","T","?","T","?","E","T","?","T","E","?","?","T","BOSS","?","?","?","?","?","T","E","T","T","?","T","NM","T","?","T","BOSS","?","?","?","?","?","E","T","E","T","AVR","?","NM","?","E","T","BOSS","?","AVR","?","?","?","NM","T","E","T","?","?","E"],"items_purchased_type":["Relic","Relic","Relic"],"build_version":"2020-12-22","purchased_purges":0,"victory":false,"max_hp_per_floor":[68,68,68,68,68,68,68,68,68,68,68,68,68,68,68,68,68,68,82,82,82,82,82,82,82,82,82,82,82,82,82,82,82,82,82,82,82,82,82,82,82,82,82,82,82,82,82,82,82,82,82,82,82,82,82,82,82,82,82,82,82,82,82,82,82,82,82,82,82,82,82,82,82,82,82,82,92,92,92,92,92,92,92,92,92,92,92,92,92,92,92,92,92,99,99,99,99,99],"relic_stats":{"Lizard Tail":41,"Nunchaku":[15],"Torii":17,"counters":[57,223],"CeramicFish":369,"Bird Faced Urn":[98],"PreservedInsect":1049,"Whetstone":["All For One","Gash"],"MawBank":48,"obtain_stats":[{"Divine Protection":5,"infinitespire:BottledMercury":60,"Replay:PocketPolymizer":24,"Torii":46,"CeramicFish":43,"SacredBark":51,"Vajra":27,"Mango":19,"Painkiller Herb":34,"Whetstone":76,"Lizard Tail":8,"Nunchaku":78,"Strawberry":94,"Replay:Lucky Slots":28,"Fusion Hammer":68,"Replay:Bottled Flurry":74,"Replay:Wax Seal":42,"Cracked Core":0,"Potion Belt":72,"Gremlin Food":80,"Pear":77,"Oddly Smooth Stone":82,"PreservedInsect":38,"infinitespire:Beetle Shell":87,"Ring of Chaos":87,"infinitespire:Magic Flask":26,"infinitespire:Lucky Rock":39,"MawBank":93,"Nuclear Battery":17,"infinitespire:EvilPickle":84,"SlaversCollar":85,"DataDisk":59,"Pondfish Scales":63,"Bird Faced Urn":58,"StrikeDummy":91,"Meat on the Bone":10,"Pocketwatch":37},{"Divine Protection":3,"infinitespire:BottledMercury":35,"Replay:PocketPolymizer":15,"Torii":26,"CeramicFish":24,"SacredBark":29,"Vajra":17,"Mango":12,"Painkiller Herb":19,"Whetstone":43,"Lizard Tail":5,"Nunchaku":43,"Strawberry":54,"Replay:Lucky Slots":17,"Fusion Hammer":37,"Replay:Bottled Flurry":42,"Replay:Wax Seal":24,"Cracked Core":0,"Potion Belt":40,"Gremlin Food":45,"Pear":43,"Oddly Smooth Stone":47,"PreservedInsect":22,"infinitespire:Beetle Shell":49,"Ring of Chaos":49,"infinitespire:Magic Flask":16,"infinitespire:Lucky Rock":22,"MawBank":54,"Nuclear Battery":11,"infinitespire:EvilPickle":48,"SlaversCollar":48,"DataDisk":35,"Pondfish Scales":36,"Bird Faced Urn":35,"StrikeDummy":53,"Meat on the Bone":6,"Pocketwatch":22},{"Divine Protection":7,"infinitespire:BottledMercury":139,"Replay:PocketPolymizer":53,"Torii":106,"CeramicFish":96,"SacredBark":128,"Vajra":63,"Mango":40,"Painkiller Herb":72,"Whetstone":176,"Lizard Tail":17,"Nunchaku":176,"Strawberry":214,"Replay:Lucky Slots":63,"Fusion Hammer":157,"Replay:Bottled Flurry":173,"Replay:Wax Seal":96,"Cracked Core":0,"Potion Belt":166,"Gremlin Food":180,"Pear":176,"Oddly Smooth Stone":186,"PreservedInsect":88,"infinitespire:Beetle Shell":196,"Ring of Chaos":196,"infinitespire:Magic Flask":58,"infinitespire:Lucky Rock":88,"MawBank":214,"Nuclear Battery":36,"infinitespire:EvilPickle":193,"SlaversCollar":193,"DataDisk":139,"Pondfish Scales":147,"Bird Faced Urn":139,"StrikeDummy":210,"Meat on the Bone":20,"Pocketwatch":88}],"Meat on the Bone":132,"Pocketwatch":[35]},"card_choices":[{"not_picked":["Hologram","Compile Driver"],"picked":"Gash","floor":1},{"not_picked":["Chill","Force Field"],"picked":"Conserve Battery","floor":2},{"not_picked":["Compile Driver","ReplaySort"],"picked":"Barrage","floor":4},{"not_picked":["Steam","ReplayTheSpireMod:Reroute Power"],"picked":"Skim","floor":7},{"not_picked":["Chill","Chaos"],"picked":"Beam Cell","floor":8},{"not_picked":["Loop","Turbo"],"picked":"Electrodynamics","floor":10},{"not_picked":["Steam","Heatsinks"],"picked":"Go for the Eyes","floor":11},{"not_picked":["BasicCrystalCard","Conserve Battery"],"picked":"Go for the Eyes","floor":12},{"not_picked":["Leap","ReplayTheSpireMod:System Scan"],"picked":"Sweeping Beam","floor":13},{"not_picked":["Aggregate","ReplaySort"],"picked":"BasicCrystalCard","floor":14},{"not_picked":["ReplayRNGCard","ReplayTheSpireMod:Fabricate Wheel"],"picked":"All For One","floor":16},{"not_picked":["BootSequence","Go for the Eyes"],"picked":"Leap+1","floor":18},{"not_picked":["BasicCrystalCard","Steam Power+1"],"picked":"Rebound","floor":21},{"not_picked":["ReplayTheSpireMod:GoodbyeWorld","Barrage"],"picked":"Double Energy","floor":22},{"not_picked":["Chaos","Hologram"],"picked":"BasicCrystalCard+1","floor":24},{"not_picked":["Defragment","Ball Lightning"],"picked":"ICR:Cyclone","floor":25},{"not_picked":["Scrape","Reinforced Body"],"picked":"Sunder+1","floor":27},{"not_picked":["Streamline+1","Coolheaded"],"picked":"Aggregate","floor":30},{"not_picked":["ReplayTheSpireMod:Omega Cannon","Multi-Cast"],"picked":"Electrodynamics","floor":33},{"not_picked":["Beam Cell","Turbo"],"picked":"Go for the Eyes+1","floor":35},{"not_picked":["infinitespire:Menacing","infinitespire:NeuralNetwork"],"picked":"infinitespire:Oblivion","floor":37},{"not_picked":["Darkness","ReplayTheSpireMod:Reroute Power+1"],"picked":"ReplaySolidLightProjector+1","floor":37},{"not_picked":["Rebound","Rip and Tear+1"],"picked":"Beam Cell+1","floor":41},{"not_picked":["BasicCrystalCard","Storm"],"picked":"Glacier+1","floor":42},{"not_picked":["Barrage+1","Force Field+1"],"picked":"Capacitor","floor":44},{"not_picked":["Steam+1","ReplayTheSpireMod:Fabricate Wheel"],"picked":"Steam Power+1","floor":46},{"not_picked":["BootSequence+1","Cold Snap+1"],"picked":"Turbo","floor":47},{"not_picked":["Hologram","Beam Cell"],"picked":"Conserve Battery+1","floor":48},{"not_picked":["Hyperbeam","Biased Cognition"],"picked":"Multi-Cast","floor":50},{"not_picked":["Coolheaded","Sweeping Beam"],"picked":"Gash","floor":52},{"not_picked":["Time Bomb","BasicCrystalCard"],"picked":"Fusion","floor":53},{"not_picked":["ReplayTheSpireMod:Calculation Training","Biased Cognition"],"picked":"Gash","floor":54},{"not_picked":["Double Energy","Redo"],"picked":"Tempest","floor":55},{"not_picked":["Steam","Sweeping Beam"],"picked":"BootSequence","floor":56},{"not_picked":["Aggregate","Compile Driver"],"picked":"Barrage","floor":58},{"not_picked":["Beam Cell","BasicCrystalCard"],"picked":"Redo","floor":61},{"not_picked":["Streamline","ReplayTheSpireMod:Reroute Power"],"picked":"ICR:Cyclone","floor":61},{"not_picked":["Blizzard","Cold Snap"],"picked":"Ball Lightning","floor":61},{"not_picked":["Hello World","Fusion"],"picked":"Gash","floor":63},{"not_picked":["Electrodynamics","Mirror Shield"],"picked":"Thunder Strike","floor":67},{"not_picked":["Steam","Stack"],"picked":"Steam Power","floor":69},{"not_picked":["Scrape","Turbo"],"picked":"Aggregate","floor":70},{"not_picked":["Rebound","Static Discharge"],"picked":"ReplayGash","floor":71},{"not_picked":["Compile Driver","ReplayGash"],"picked":"Gash+1","floor":73},{"not_picked":["Static Discharge","Barrage"],"picked":"Cold Snap","floor":74},{"not_picked":["Beam Cell","Compile Driver+1"],"picked":"Aggregate+1","floor":76},{"not_picked":["Panic Button","Redo"],"picked":"Force Field","floor":79},{"not_picked":["Cold Snap+1","Sweeping Beam"],"picked":"Defragment+1","floor":80},{"not_picked":["Rebound","ReplaySolidLightProjector"],"picked":"Gash","floor":81},{"not_picked":["Hello World","Sweeping Beam+1"],"picked":"White Noise","floor":82},{"not_picked":["ReplayTheSpireMod:Omega Cannon","Hyperbeam"],"picked":"Thunder Strike","floor":84},{"not_picked":["infinitespire:NeuralNetwork","Replay:Fractal Strike"],"picked":"ReplayTheSpireMod:??????????????????????","floor":84},{"not_picked":["Streamline","Coolheaded"],"picked":"Sweeping Beam+1","floor":86},{"not_picked":["Seek","Capacitor+1"],"picked":"Beam Cell+1","floor":88},{"not_picked":["Beam Cell+1","Auto Shields+1"],"picked":"Consume+1","floor":89},{"not_picked":["ReplayTheSpireMod:GoodbyeWorld+1","ReplayTheSpireMod:Repulse+1"],"picked":"Barrage+1","floor":90},{"not_picked":["Cold Snap+1","Streamline"],"picked":"ICR:ChainLightning+1","floor":91},{"not_picked":["Beam Cell","BasicCrystalCard+1"],"picked":"Rebound+1","floor":93},{"not_picked":["Glacier","Streamline"],"picked":"Chaos+1","floor":95},{"not_picked":["Compile Driver+1","Barrage+1"],"picked":"Conserve Battery","floor":96}],"player_experience":239496,"relics_obtained":[{"floor":5,"key":"Divine Protection"},{"floor":8,"key":"Lizard Tail"},{"floor":10,"key":"Meat on the Bone"},{"floor":24,"key":"Replay:PocketPolymizer"},{"floor":26,"key":"infinitespire:Magic Flask"},{"floor":27,"key":"Vajra"},{"floor":37,"key":"Pocketwatch"},{"floor":42,"key":"Replay:Wax Seal"},{"floor":43,"key":"CeramicFish"},{"floor":46,"key":"Torii"},{"floor":58,"key":"Bird Faced Urn"},{"floor":60,"key":"infinitespire:BottledMercury"},{"floor":63,"key":"Pondfish Scales"},{"floor":74,"key":"Replay:Bottled Flurry"},{"floor":76,"key":"Whetstone"},{"floor":77,"key":"Pear"},{"floor":80,"key":"Gremlin Food"},{"floor":82,"key":"Oddly Smooth Stone"},{"floor":91,"key":"StrikeDummy"},{"floor":93,"key":"MawBank"},{"floor":94,"key":"Strawberry"}],"event_choices":[{"cards_removed":["Replay:Hysterical Blindness"],"damage_healed":0,"gold_gain":0,"player_choice":"Card Removal","damage_taken":7,"max_hp_gain":0,"max_hp_loss":0,"event_name":"Golden Wing","floor":3,"gold_loss":0},{"damage_healed":0,"gold_gain":0,"player_choice":"Relic","damage_taken":0,"max_hp_gain":0,"max_hp_loss":0,"event_name":"Wheel of Change","floor":5,"gold_loss":0},{"damage_healed":0,"gold_gain":0,"player_choice":"2 cards matched","damage_taken":0,"max_hp_gain":0,"max_hp_loss":0,"event_name":"Match and Keep!","floor":20,"gold_loss":0,"cards_obtained":["Thunder Strike","Compile Driver"]},{"damage_healed":0,"gold_gain":0,"player_choice":"2 cards matched","damage_taken":0,"max_hp_gain":0,"max_hp_loss":0,"event_name":"Match and Keep!","floor":20,"gold_loss":0,"cards_obtained":["Thunder Strike","Compile Driver"]},{"damage_healed":0,"gold_gain":0,"player_choice":"Gave Potion","damage_taken":0,"relics_obtained":["infinitespire:Lucky Rock"],"max_hp_gain":0,"max_hp_loss":0,"event_name":"WeMeetAgain","floor":39,"gold_loss":0},{"damage_healed":0,"gold_gain":0,"player_choice":"Left Gold","damage_taken":0,"max_hp_gain":0,"max_hp_loss":0,"event_name":"World of Goop","floor":65,"gold_loss":40},{"damage_healed":0,"gold_gain":0,"player_choice":"Gave Potion","damage_taken":0,"relics_obtained":["Potion Belt"],"max_hp_gain":0,"max_hp_loss":0,"event_name":"WeMeetAgain","floor":72,"gold_loss":0}],"is_beta":false,"boss_relics":[{"not_picked":["Sozu","Runic Pyramid"],"picked":"Nuclear Battery"},{"not_picked":["Snecko Eye","Honey Jar"],"picked":"Painkiller Herb"},{"not_picked":["Fusion Hammer","FrozenCore"],"picked":"SacredBark"},{"not_picked":["Replay:Drink Me","Sozu"],"picked":"Fusion Hammer"},{"not_picked":["Replay:Ancient Bell","Honey Jar"],"picked":"SlaversCollar"}],"items_purged_floors":[],"is_endless":true,"potions_floor_spawned":[1,7,8,11,13,14,16,21,33,35,42,44,48,58,63,73,74,76,81,84,88,91,95],"killed_by":"Nemesis","ascension_level":2}}