{"host":"w8xisjf5mgmfjvmt","time":1612672027,"event":{"mods":["BaseMod","BetterRewards","Challenge The Spire","Conspire","Energized Spire","Filter the Spire","Minty Spire (QoL Compilation)","Quarter Circle Forward PUNCH!","Quick Restart","Relic Filter Mod","Relic Stats","Reliquary","Replay The Spire","Shop Mod","Spicy Shops","StSLib","Thieving Mod","¡¾ÒÅÎï¿¨ÅÆ¡¿REMEMod","óô»ðÖ¸ÄÏ"],"gold_per_floor":[117,136,152,102,149,180,180,227,227,241,241,260,260,260,260],"floor_reached":14,"language":"ZHS","playtime":579,"items_purged":[],"score":200,"play_id":"40f9252e-53cc-4537-a693-a5db276a1caa","local_time":"20210207122707","is_ascension_mode":true,"campfire_choices":[{"data":"Bullet Time","floor":7,"key":"SMITH"},{"data":"Master of Strategy","floor":13,"key":"SMITH"}],"circlet_count":0,"master_deck":["AscendersBane","Strike_G","Strike_G","Strike_G","Strike_G","Defend_G","Defend_G","Defend_G","Defend_G","Defend_G","Survivor","Neutralize","Master of Strategy+1","Cloak And Dagger","Poisoned Stab","Bullet Time+1","conspire:SpireCoStock","Acrobatics","Finisher","Hidden Blade","Dagger Spray","Masterful Stab"],"relics":["REME_ComplimentaryCards","Snecko Scales","Bag of Preparation","qcfpunch:Wild_Herbs_Ointment","Replay:Baseball","qcfpunch:Wrestler\u0027s_Cloak"],"acts_visited":["Exordium"],"potions_floor_usage":[12],"damage_taken":[{"damage":0,"enemies":"Cultist","floor":1,"turns":4},{"damage":0,"enemies":"2 Louse","floor":2,"turns":2},{"damage":0,"enemies":"Jaw Worm","floor":3,"turns":3},{"damage":16,"enemies":"Lagavulin","floor":6,"turns":7},{"damage":10,"enemies":"3 Sentries","floor":8,"turns":9},{"damage":0,"enemies":"Blue Slaver","floor":10,"turns":5},{"damage":0,"enemies":"Lots of Slimes","floor":12,"turns":4},{"damage":1,"enemies":"Gremlin Nob","floor":14,"turns":3}],"seed_played":"-5357362935360098907","potions_obtained":[{"floor":1,"key":"Block Potion"},{"floor":3,"key":"Dexterity Potion"}],"is_trial":false,"path_per_floor":["M","M","M","?","T","E","R","E","T","M","?","M","R","E"],"character_chosen":"THE_SILENT","items_purchased":[],"campfire_rested":0,"item_purchase_floors":[],"current_hp_per_floor":[59,59,59,59,59,43,43,33,33,33,33,33,33,32,32],"gold":260,"neow_bonus":"BOSS_RELIC","is_daily":false,"chose_seed":false,"campfire_upgraded":2,"win_rate":0.0,"timestamp":1612672027,"path_taken":["M","?","M","?","?","E","R","E","T","M","?","M","R","E"],"items_purchased_type":[],"build_version":"2020-12-22","purchased_purges":0,"victory":false,"max_hp_per_floor":[66,66,66,66,66,66,66,66,66,66,66,66,66,66,66],"relic_stats":{"counters":[8,37],"Bag of Preparation":[10],"obtain_stats":[{"Replay:Baseball":8,"Snecko Scales":0,"qcfpunch:Wrestler\u0027s_Cloak":9,"Bag of Preparation":5,"Ring of the Snake":0,"REME_ComplimentaryCards":0,"qcfpunch:Wild_Herbs_Ointment":6},{"Replay:Baseball":5,"Snecko Scales":0,"qcfpunch:Wrestler\u0027s_Cloak":5,"Bag of Preparation":3,"Ring of the Snake":0,"REME_ComplimentaryCards":0,"qcfpunch:Wild_Herbs_Ointment":4},{"Replay:Baseball":25,"Snecko Scales":0,"qcfpunch:Wrestler\u0027s_Cloak":25,"Bag of Preparation":9,"Ring of the Snake":0,"REME_ComplimentaryCards":0,"qcfpunch:Wild_Herbs_Ointment":16}]},"card_choices":[{"not_picked":["ReplayTheSpireMod:Tripwire","PiercingWail"],"picked":"Cloak And Dagger","floor":1},{"not_picked":["Sucker Punch","Concentrate"],"picked":"Poisoned Stab","floor":2},{"not_picked":["Sneak Up","Catalyst"],"picked":"Bullet Time","floor":3},{"not_picked":["Slice","Accuracy"],"picked":"Acrobatics","floor":6},{"not_picked":["Prepared","Sucker Punch"],"picked":"Finisher","floor":8},{"not_picked":["Deadly Poison","Slice"],"picked":"Hidden Blade","floor":10},{"not_picked":["Dodge and Roll","Leg Sweep"],"picked":"Masterful Stab","floor":12}],"player_experience":1295027,"relics_obtained":[{"floor":5,"key":"Bag of Preparation"},{"floor":6,"key":"qcfpunch:Wild_Herbs_Ointment"},{"floor":8,"key":"Replay:Baseball"},{"floor":9,"key":"qcfpunch:Wrestler\u0027s_Cloak"}],"event_choices":[{"damage_healed":0,"gold_gain":0,"player_choice":"Invest 1","damage_taken":0,"max_hp_gain":0,"max_hp_loss":0,"event_name":"conspire:Investor","floor":4,"gold_loss":0},{"damage_healed":0,"gold_gain":0,"cards_transformed":["Strike_G"],"player_choice":"Transformed","damage_taken":0,"max_hp_gain":0,"max_hp_loss":0,"event_name":"Transmorgrifier","floor":11,"gold_loss":0,"cards_obtained":["Dagger Spray"]}],"is_beta":false,"boss_relics":[],"items_purged_floors":[],"is_endless":false,"potions_floor_spawned":[1,3,8,10],"killed_by":"Gremlin Nob","ascension_level":20}}