{"host":"2qyxu97h6u4ukicb","time":1612663028,"event":{"mods":["AchievementEnabler","BaseMod","BetterRewards","Colored Map","Colored Powertips","Minty Spire (QoL Compilation)","Replay The Spire","Shop Mod","StSLib"],"gold_per_floor":[116,136,136,152,152,180,180,197,250,250,425,425,425,445,445,469,469,600,663,663,663],"floor_reached":20,"language":"ENG","playtime":1120,"items_purged":[],"score":172,"play_id":"1a81fdb2-9d6b-4055-8555-3c01c782a346","local_time":"20210206195708","is_ascension_mode":false,"campfire_choices":[{"data":"Distraction","floor":7,"key":"SMITH"},{"data":"Blade Dance","floor":15,"key":"SMITH"},{"data":"Cloak And Dagger","floor":17,"key":"SMITH"}],"circlet_count":0,"master_deck":["Strike_G","Strike_G+1","Strike_G","Strike_G","Strike_G","Defend_G","Defend_G","Defend_G","Defend_G","Defend_G","Survivor","Neutralize","Slice","Cloak And Dagger","Blade Dance+1","Distraction+1","Slice","Doubt","Flying Knee","Cloak And Dagger+1","Grand Finale","Cloak And Dagger"],"relics":["Ring of the Snake","NeowsBlessing","Meat on the Bone","Happy Flower","Golden Idol","Tiny House"],"acts_visited":["Exordium","TheCity"],"potions_floor_usage":[6,14,16,18],"damage_taken":[{"damage":0,"enemies":"Small Slimes","floor":1,"turns":1},{"damage":0,"enemies":"Cultist","floor":2,"turns":1},{"damage":0,"enemies":"2 Louse","floor":4,"turns":1},{"damage":32,"enemies":"Gremlin Nob","floor":6,"turns":4},{"damage":0,"enemies":"2 Fungi Beasts","floor":8,"turns":4},{"damage":0,"enemies":"3 Louse","floor":14,"turns":3},{"damage":7,"enemies":"Exordium Thugs","floor":16,"turns":2},{"damage":18,"enemies":"Fading Forest","floor":18,"turns":11},{"damage":28,"enemies":"Chosen","floor":20,"turns":6}],"seed_played":"-8912617381832062418","potions_obtained":[{"floor":1,"key":"Reflective Coating"},{"floor":4,"key":"Strength Potion"},{"floor":8,"key":"Poison Potion"},{"floor":14,"key":"Fire Potion"},{"floor":19,"key":"Cursed Concoction"}],"is_trial":false,"path_per_floor":["M","M","?","M","$","E","R","M","T","?","?","PTL","PTL","M","R","M","R","B",null,"M"],"character_chosen":"THE_SILENT","items_purchased":[],"campfire_rested":0,"item_purchase_floors":[],"current_hp_per_floor":[70,70,70,70,70,38,38,38,38,38,38,38,38,38,38,43,43,37,70,42,42],"gold":663,"neow_bonus":"THREE_ENEMY_KILL","is_daily":false,"chose_seed":false,"campfire_upgraded":3,"win_rate":0.0,"timestamp":1612663028,"path_taken":["M","M","?","?","$","E","R","M","T","?","?","PTL","PTL","M","R","M","R","BOSS","M"],"items_purchased_type":[],"build_version":"2020-12-22","purchased_purges":0,"victory":false,"max_hp_per_floor":[70,70,70,70,70,70,70,70,70,65,65,65,65,65,65,65,65,65,70,70,70],"card_choices":[{"not_picked":["Flying Knee","Masterful Stab"],"picked":"Slice","floor":1},{"not_picked":["Flying Knee","Outmaneuver"],"picked":"Cloak And Dagger","floor":2},{"not_picked":["Underhanded Strike","Tools of the Trade"],"picked":"Blade Dance","floor":4},{"not_picked":["PiercingWail","All Out Attack"],"picked":"Distraction","floor":6},{"not_picked":["ReplayTheSpireMod:Exploit Weakness","Backflip"],"picked":"Slice","floor":8},{"not_picked":["Finisher","Calculated Gamble"],"picked":"Flying Knee","floor":14},{"not_picked":["Outmaneuver","Hidden Blade"],"picked":"Cloak And Dagger","floor":16},{"not_picked":["Unload","Phantasmal Killer"],"picked":"Grand Finale","floor":18},{"not_picked":["Setup","ReplayTheSpireMod:Tripwire"],"picked":"Cloak And Dagger","floor":19}],"player_experience":794372,"relics_obtained":[{"floor":6,"key":"Meat on the Bone"},{"floor":9,"key":"Happy Flower"}],"event_choices":[{"damage_healed":0,"gold_gain":0,"player_choice":"Ignored","damage_taken":0,"max_hp_gain":0,"max_hp_loss":0,"event_name":"NoteForYourself","floor":3,"gold_loss":0},{"damage_healed":0,"gold_gain":0,"player_choice":"Lose Max HP","damage_taken":0,"relics_obtained":["Golden Idol"],"max_hp_gain":0,"max_hp_loss":5,"event_name":"Golden Idol","floor":10,"gold_loss":0},{"damage_healed":0,"gold_gain":175,"player_choice":"AGREE","damage_taken":0,"max_hp_gain":0,"max_hp_loss":0,"event_name":"Liars Game","floor":11,"gold_loss":0,"cards_obtained":["Doubt"]}],"is_beta":false,"boss_relics":[{"not_picked":["HoveringKite","Pandora\u0027s Box"],"picked":"Tiny House"}],"items_purged_floors":[],"is_endless":false,"potions_floor_spawned":[1,4,8,14],"killed_by":"Chosen","ascension_level":0}}