{"host":"dm3der2z84gf27js","time":1612684477,"event":{"mods":["AchievementEnabler","BaseMod","Bestiary","Better Note","Better Third Choice","Colored Map","Colored Powertips","Marisa????????","Minty Spire (QoL Compilation)","Onozuka Komachi Mod","StSLib","The Marked","The Servant 0.9.4"],"gold_per_floor":[112,112,126,143,154,154,181,193,216,216,235,9,19,19,19,149,149,183,183,199,44,143,176,176,233,233,233,233],"floor_reached":27,"language":"ENG","playtime":1413,"items_purged":["Regret"],"score":292,"play_id":"1a272ea1-82e2-459c-be17-3755323205e4","local_time":"20210207025437","is_ascension_mode":true,"campfire_choices":[{"floor":6.0,"key":"REST"},{"floor":10.0,"key":"RECALL"},{"floor":15,"key":"REST"},{"floor":24,"key":"REST"}],"circlet_count":0,"master_deck":["Strike_MRS","Strike_MRS","Strike_MRS","Strike_MRS","Defend_MRS","Defend_MRS","Defend_MRS","Defend_MRS","MasterSpark","UpSweep","WitchLeyline","StarDustReverie","AsteroidBelt","PropBag","MeteoricShower","WitchLeyline","SporeBomb","Parasite","Parasite","WitchOfGreed","TreasureHunter","Robbery+1","ShootingEcho","DarkMatter","NonDirectionalLaser","AsteroidBelt","DoubleSpark"],"relics":["BewitchedHakkero","Pen Nib","Boot","Oddly Smooth Stone","Membership Card","ShroomBag","Golden Idol","Tiny Chest","Strawberry","White Beast Statue","Bottled Tornado"],"acts_visited":["Exordium","TheCity"],"potions_floor_usage":[16,18,20,23,23,25],"damage_taken":[{"damage":1.0,"enemies":"Cultist","floor":1.0,"turns":3.0},{"damage":5.0,"enemies":"Small Slimes","floor":3.0,"turns":2.0},{"damage":8.0,"enemies":"Jaw Worm","floor":4.0,"turns":2.0},{"damage":18.0,"enemies":"Exordium Wildlife","floor":5.0,"turns":2.0},{"damage":0.0,"enemies":"Gremlin Nob","floor":7.0,"turns":2.0},{"damage":5.0,"enemies":"Looter","floor":8.0,"turns":3.0},{"damage":2.0,"enemies":"2 Fungi Beasts","floor":11.0,"turns":2.0},{"damage":6,"enemies":"Exordium Thugs","floor":13,"turns":2},{"damage":29,"enemies":"Slime Boss","floor":16,"turns":6},{"damage":22,"enemies":"3 Byrds","floor":18,"turns":6},{"damage":15,"enemies":"2 Thieves","floor":20,"turns":3},{"damage":29,"enemies":"Book of Stabbing","floor":23,"turns":5},{"damage":36,"enemies":"Gremlin Leader","floor":25,"turns":5},{"damage":32,"enemies":"Slavers","floor":27,"turns":1}],"seed_played":"4602312511211167743","potions_obtained":[{"floor":4.0,"key":"Energy Potion"},{"floor":5.0,"key":"Block Potion"},{"floor":11.0,"key":"CultistPotion"},{"floor":13,"key":"CultistPotion"},{"floor":18,"key":"Fire Potion"},{"floor":20,"key":"Fruit Juice"},{"floor":23,"key":"LiquidBronze"}],"is_trial":false,"path_per_floor":["M","?","M","M","M","R","E","M","T","R","M","$","M","?","R","B",null,"M","?","M","$","?","E","R","E","T","E"],"character_chosen":"MARISA","items_purchased":["Membership Card","ShroomBag","Tiny Chest","DarkMatter","NonDirectionalLaser"],"campfire_rested":3,"item_purchase_floors":[12,12,21,21,21],"current_hp_per_floor":[74,74,69,61,43,65,65,60,60,60,58,58,54,36,58,33,75,55,55,42,42,42,29,55,21,21,0,0],"gold":233,"neow_bonus":"RANDOM_COMMON_RELIC","is_daily":false,"chose_seed":false,"campfire_upgraded":0,"win_rate":0.0,"timestamp":1612684477,"path_taken":["M","?","M","M","M","R","E","M","T","R","M","$","M","?","R","BOSS","M","?","M","$","?","E","R","E","T","E"],"items_purchased_type":["Relic","Relic","Relic","Card","Card"],"build_version":"2020-12-22","purchased_purges":1,"victory":false,"max_hp_per_floor":[75,75,75,75,75,75,75,75,75,75,75,75,75,75,75,75,75,75,75,75,75,75,87,87,87,87,87,87],"card_choices":[{"not_picked":["OrrerysSun","IllusionStar"],"picked":"WitchLeyline","floor":1.0},{"not_picked":["6A","MysteriousBeam"],"picked":"StarDustReverie","floor":3.0},{"not_picked":["ChargingUp","LuminesStrike"],"picked":"AsteroidBelt","floor":4.0},{"not_picked":["OneTimeOff","EventHorizon"],"picked":"PropBag","floor":5.0},{"not_picked":["EnergyRecoil","LuminesStrike"],"picked":"MeteoricShower","floor":7.0},{"not_picked":["MysteriousBeam","EventHorizon"],"picked":"WitchLeyline","floor":8.0},{"not_picked":["RefractionSpark","OortCloud"],"picked":"SporeBomb","floor":11.0},{"not_picked":["Acceleration","Singularity"],"picked":"WitchOfGreed","floor":13},{"not_picked":["CollectingQuirk","SatelliteIllusion"],"picked":"TreasureHunter","floor":16},{"not_picked":["NonDirectionalLaser","Acceleration"],"picked":"Robbery+1","floor":18},{"not_picked":["SprinkleStarSeal","RefractionSpark"],"picked":"ShootingEcho","floor":20},{"not_picked":["ShootTheMoon","GrandCross"],"picked":"AsteroidBelt","floor":23},{"not_picked":["SuperPerseids","NonDirectionalLaser"],"picked":"DoubleSpark","floor":25}],"player_experience":194158,"relics_obtained":[{"floor":7.0,"key":"Oddly Smooth Stone"},{"floor":23,"key":"Strawberry"},{"floor":25,"key":"White Beast Statue"},{"floor":26,"key":"Bottled Tornado"}],"event_choices":[{"damage_healed":0.0,"max_hp_gain":0.0,"max_hp_loss":0.0,"gold_gain":0.0,"event_name":"Big Fish","player_choice":"Box","floor":2.0,"gold_loss":0.0,"damage_taken":0.0,"relics_obtained":["Boot"],"cards_obtained":["Regret"]},{"damage_healed":0,"gold_gain":0,"player_choice":"Take Damage","damage_taken":18,"relics_obtained":["Golden Idol"],"max_hp_gain":0,"max_hp_loss":0,"event_name":"Golden Idol","floor":14,"gold_loss":0},{"cards_removed":["Defend_MRS"],"damage_healed":0,"gold_gain":0,"player_choice":"Give","damage_taken":0,"max_hp_gain":0,"max_hp_loss":0,"event_name":"betterNote:BetterNote","floor":19,"gold_loss":0,"cards_obtained":["Defend_R"]},{"damage_healed":0,"gold_gain":99,"player_choice":"Steal","damage_taken":0,"max_hp_gain":0,"max_hp_loss":0,"event_name":"betterThird:BetterNest","floor":22,"gold_loss":0}],"is_beta":false,"boss_relics":[{"not_picked":["Astrolabe","SacredBark"],"picked":"BewitchedHakkero"}],"items_purged_floors":[21],"is_endless":false,"potions_floor_spawned":[4,5,11,13,20,23],"killed_by":"Slavers","ascension_level":1}}