{"host":"etcb6tchevl37gae","time":1612667862,"event":{"mods":["BaseMod","Duelist Mod","GifTheSpireLib","Hubris","Minty Spire (QoL Compilation)","Permanent Neow","Remove Card Discount Mod","StSLib"],"gold_per_floor":[140,157,4423,4423,4423,4454,4464,4464,4464,4490,4490,4519,2163,2182,2182,2277,2277,2288,1694,1704,1653,1064,1064,1078,1078,1078,679,693,725,725,754,754,858,858,875,421,441,0,0,30,45,76,99,99,112,146,146,173,173,173],"floor_reached":51,"language":"ENG","playtime":3816,"items_purged":["theDuelist:NeoMagic","theDuelist:Sparks","theDuelist:MysticalElf","theDuelist:CastleWalls","theDuelist:CastleWalls","theDuelist:StatueAnguishPattern","theDuelist:NeoMagic","theDuelist:SkilledDarkMagician","theDuelist:Mudballman","theDuelist:PsiCurse","hubris:Compulsion","theDuelist:MysticalElf"],"score":961,"play_id":"7d54e76b-c928-4542-90d4-5f66f0bca9b6","local_time":"20210207111742","is_ascension_mode":true,"campfire_choices":[{"data":"theDuelist:PurplePainOni","floor":8,"key":"SMITH"},{"floor":11,"key":"REST"},{"data":"hubris:EnhanceAbility","floor":15,"key":"SMITH"},{"data":"theDuelist:WitchBlackRose","floor":23,"key":"SMITH"},{"data":"theDuelist:Yami","floor":25,"key":"SMITH"},{"data":"theDuelist:MillenniumGolem","floor":30,"key":"SMITH"},{"data":"theDuelist:ThousandEyesIdol","floor":32,"key":"SMITH"},{"data":"theDuelist:CircleFireKings","floor":44,"key":"SMITH"},{"floor":47,"key":"REST"},{"data":"theDuelist:Terraforming","floor":49,"key":"SMITH"}],"circlet_count":0,"master_deck":["theDuelist:Nameless:Magic:AssaultArmor+1","theDuelist:VoidExpansion+1","theDuelist:Relinquished+1","theDuelist:RainbowMagician+1","theDuelist:DarkMagicianGirl+1","theDuelist:DarkMagician","theDuelist:DarkPaladin","theDuelist:SangaEarth","theDuelist:LordD","theDuelist:PurplePainOni+1","theDuelist:WingedKuriboh","theDuelist:WhiteMagicalHat","Panache","theDuelist:WingedKuribohLv10","theDuelist:PowerKaishin","theDuelist:SpiritHarp","theDuelist:DarkHorizon","hubris:EnhanceAbility+1","theDuelist:Yami+1","theDuelist:WitchBlackRose+1","theDuelist:SkilledDarkMagician+1","theDuelist:ThousandEyesIdol+1","theDuelist:ExodiaHead","theDuelist:GoblinSecret","theDuelist:IceQueen","theDuelist:ExodiaLA","theDuelist:AncientElf","Bandage Up","theDuelist:BookSecret","theDuelist:Terraforming+1","theDuelist:ExodiaRA","theDuelist:MillenniumGolem+1","theDuelist:SkilledDarkMagician+1","theDuelist:SangaWater+1","theDuelist:CircleFireKings+1","theDuelist:DeltaMagnet","theDuelist:WitchBlackRose+1","theDuelist:IceQueen+1","theDuelist:TimeWizard+1","theDuelist:RainbowKuriboh+1"],"relics":["theDuelist:MillenniumPuzzle","theDuelist:CardPoolRelic","theDuelist:CardPoolBasicRelic","theDuelist:BoosterPackPoolRelic","theDuelist:CardPoolAddRelic","theDuelist:CardPoolMinusRelic","theDuelist:CardPoolSaveRelic","theDuelist:CardPoolOptionsRelic","theDuelist:Spellheart","theDuelist:InversionEvokeRelic","theDuelist:MerchantNecklace","Tiny Chest","theDuelist:SummonAnchorRare","hubris:SphereOfDissonance","hubris:RGBLights","Medical Kit","Cables","Centennial Puzzle","Melange","Potion Belt","theDuelist:BoosterBetterBoostersRelic","Snake Skull","Strawberry","TwistedFunnel","hubris:TinFlute","Bronze Scales","Orrery","hubris:Stopwatch","hubris:TenFootPole","Meat on the Bone","theDuelist:NamelessPowerRelicA","OrangePellets","theDuelist:ZombieRelic","Ancient Tea Set","Singing Bowl","hubris:EmptyBottle","Juzu Bracelet","Toy Ornithopter","theDuelist:TributeEggRelic","Runic Cube","theDuelist:MillenniumRod","PreservedInsect","theDuelist:MillenniumStone","Red Mask","Du-Vu Doll","Dream Catcher","hubris:Metronome","Tough Bandages"],"acts_visited":["Exordium","TheCity","TheBeyond"],"potions_floor_usage":[16,24,31,31,33,50,50,50,50],"damage_taken":[{"damage":0,"enemies":"Jaw Worm","floor":1,"turns":3},{"damage":0,"enemies":"Small Slimes","floor":2,"turns":2},{"damage":17,"enemies":"Gremlin Nob","floor":6,"turns":5},{"damage":0,"enemies":"2 Louse","floor":7,"turns":2},{"damage":33,"enemies":"3 Sentries","floor":10,"turns":9},{"damage":16,"enemies":"Gremlin Nob","floor":12,"turns":3},{"damage":4,"enemies":"Exordium Thugs","floor":14,"turns":3},{"damage":6,"enemies":"Hexaghost","floor":16,"turns":5},{"damage":10,"enemies":"Chosen","floor":18,"turns":3},{"damage":10,"enemies":"Shell Parasite","floor":20,"turns":6},{"damage":10,"enemies":"Chosen and Byrds","floor":24,"turns":2},{"damage":13,"enemies":"Snake Plant","floor":28,"turns":3},{"damage":0,"enemies":"Book of Stabbing","floor":29,"turns":4},{"damage":48,"enemies":"Slavers","floor":31,"turns":4},{"damage":14,"enemies":"Automaton","floor":33,"turns":3},{"damage":6,"enemies":"Orb Walker","floor":35,"turns":3},{"damage":3,"enemies":"3 Shapes","floor":37,"turns":2},{"damage":19,"enemies":"Nemesis","floor":40,"turns":5},{"damage":20,"enemies":"3 Darklings","floor":41,"turns":3},{"damage":0,"enemies":"Giant Head","floor":42,"turns":2},{"damage":7,"enemies":"Jaw Worm Horde","floor":45,"turns":2},{"damage":43,"enemies":"Nemesis","floor":46,"turns":5},{"damage":5,"enemies":"Giant Head","floor":48,"turns":3},{"damage":28,"enemies":"Donu and Deca","floor":50,"turns":5}],"seed_played":"-4672552439807718079","potions_obtained":[{"floor":2,"key":"theDuelist:SolderPotionB"},{"floor":6,"key":"theDuelist:FlamingBottle"},{"floor":18,"key":"Swift Potion"},{"floor":20,"key":"DistilledChaos"},{"floor":24,"key":"SteroidPotion"},{"floor":35,"key":"theDuelist:VampireVial"},{"floor":42,"key":"theDuelist:TokenPotionB"}],"is_trial":false,"path_per_floor":["M","M","$","?","?","E","M","R","T","E","R","E","$","M","R","B",null,"M","$","M","?","$","R","M","R","T","$","M","E","R","E","R","B",null,"M","$","M","?","?","E","M","E","T","R","M","E","R","E","R","B",null],"character_chosen":"THE_DUELIST","items_purchased":["theDuelist:Spellheart","theDuelist:InversionEvokeRelic","theDuelist:WhiteBottle","Swift Potion","theDuelist:LordD","theDuelist:VoidExpansion","Medical Kit","Cables","Centennial Puzzle","theDuelist:StatueAnguishPattern","theDuelist:SkilledDarkMagician","Melange","Potion Belt","theDuelist:BoosterBetterBoostersRelic","Panache","theDuelist:WingedKuribohLv10","theDuelist:PowerKaishin","theDuelist:Relinquished","Snake Skull","Strawberry","TwistedFunnel","theDuelist:SpiritHarp","theDuelist:DarkHorizon","hubris:TinFlute","Bronze Scales","hubris:EnhanceAbility","Orrery","hubris:TenFootPole","Meat on the Bone","theDuelist:AncientElf","theDuelist:BurningPotionB","Strength Potion","OrangePellets","theDuelist:ZombieRelic","Ancient Tea Set","Bandage Up","theDuelist:DarkMagicianGirl","hubris:EmptyBottle","Juzu Bracelet","theDuelist:Terraforming","theDuelist:MillenniumRod","PreservedInsect","theDuelist:MillenniumStone"],"campfire_rested":2,"item_purchase_floors":[3,3,3,3,3,3,13,13,13,13,13,13,13,13,13,13,13,13,13,13,13,13,13,13,13,13,13,19,19,19,19,19,22,22,22,22,22,27,27,27,36,36,36],"current_hp_per_floor":[56,56,68,68,62,45,45,45,45,12,39,23,30,26,26,20,99,89,89,79,79,79,79,73,73,73,73,64,64,64,42,42,49,99,93,84,81,84,84,67,53,57,57,57,54,27,54,55,55,51],"gold":173,"neow_bonus":"THREE_RARE_CARDS","is_daily":false,"chose_seed":false,"campfire_upgraded":8,"win_rate":0.0,"timestamp":1612667862,"path_taken":["M","M","$","?","?","E","M","R","T","E","R","E","$","M","R","BOSS","M","$","M","?","$","R","M","R","T","$","M","E","R","E","R","BOSS","M","$","M","?","?","E","M","E","T","R","M","E","R","E","R","BOSS"],"items_purchased_type":["Relic","Relic","Potion","Potion","Card","Card","Relic","Relic","Relic","Card","Card","Relic","Relic","Relic","Card","Card","Card","Card","Relic","Relic","Relic","Card","Card","Relic","Relic","Card","Relic","Relic","Relic","Card","Potion","Potion","Relic","Relic","Relic","Card","Card","Relic","Relic","Card","Relic","Relic","Relic"],"build_version":"2020-12-22","purchased_purges":12,"victory":true,"max_hp_per_floor":[80,80,92,92,92,92,92,92,92,92,92,92,99,99,99,99,99,99,99,99,99,99,99,99,99,99,99,99,99,99,99,99,99,99,99,84,84,84,84,86,86,86,86,86,86,86,88,90,90,90],"card_choices":[{"not_picked":["theDuelist:QueenDragunDjinn","theDuelist:GateGuardian"],"picked":"theDuelist:DarkPaladin","floor":0},{"not_picked":["theDuelist:SangaThunder","theDuelist:InjectionFairy","theDuelist:FlyingSaucer","theDuelist:MysticalElf"],"picked":"theDuelist:MagiciansRod","floor":1},{"not_picked":["theDuelist:DarkPaladin","theDuelist:FogKing"],"picked":"theDuelist:SangaEarth","floor":2},{"not_picked":["theDuelist:SpellShatteringArrow","theDuelist:MysticalElf","theDuelist:BlizzardWarrior","theDuelist:MythicalBeast"],"picked":"theDuelist:Mudballman","floor":6},{"not_picked":["theDuelist:CrystalWingDragon","theDuelist:BlueBloodedOni","theDuelist:RainbowOverdragon","theDuelist:RedHeadedOni"],"picked":"theDuelist:PurplePainOni","floor":7},{"not_picked":["theDuelist:PurplePainOni","theDuelist:RainbowOverdragon","theDuelist:PotDichotomy","theDuelist:GolemSentry"],"picked":"theDuelist:WingedKuriboh","floor":10},{"not_picked":["theDuelist:SpellShatteringArrow","theDuelist:Mudballman","theDuelist:OnslaughtFireKings","theDuelist:BlizzardWarrior"],"picked":"theDuelist:WhiteMagicalHat","floor":12},{"not_picked":["theDuelist:SwordsBurning","theDuelist:CircleFireKings","theDuelist:SilentDoom","theDuelist:GrandSpellbookTower"],"picked":"theDuelist:Yami","floor":13},{"not_picked":["theDuelist:SpellShatteringArrow","theDuelist:SangaThunder","theDuelist:BlueDragonSummoner","theDuelist:AncientElf"],"picked":"theDuelist:WitchBlackRose","floor":13},{"not_picked":["theDuelist:Wildfire+1","theDuelist:GateGuardian+1"],"picked":"theDuelist:SkilledDarkMagician+1","floor":13},{"not_picked":["theDuelist:BlizzardWarrior","theDuelist:GeminiElf","theDuelist:SpellShatteringArrow","theDuelist:OnslaughtFireKings"],"picked":"theDuelist:ThousandEyesIdol","floor":13},{"not_picked":["theDuelist:LegendaryExodia","theDuelist:DarkHorizon","theDuelist:MythicalBeast","theDuelist:IrisEarthMother"],"picked":"theDuelist:ExodiaHead","floor":13},{"not_picked":["theDuelist:WhiteHowling","theDuelist:VoidExpansion","theDuelist:WonderWand"],"picked":"theDuelist:GoblinSecret","floor":14},{"not_picked":["theDuelist:RainbowMagician","theDuelist:VoidVanishment","theDuelist:ThousandEyesRestrict","theDuelist:SangaWater"],"picked":"theDuelist:IceQueen","floor":16},{"not_picked":["theDuelist:DarkMagician","theDuelist:OnslaughtFireKings","theDuelist:WitchBlackRose","theDuelist:Yami"],"picked":"theDuelist:ExodiaLA","floor":18},{"not_picked":["theDuelist:NeoMagic","theDuelist:DarkMagician","theDuelist:FlyingSaucer+1","theDuelist:WhiteMagicalHat","theDuelist:AlienTelepath"],"picked":"SKIP","floor":20},{"not_picked":["theDuelist:SilentDoom+1","theDuelist:InfernoFireBlast+1","theDuelist:GiantTrunade","theDuelist:SwordsBurning+1"],"picked":"theDuelist:BookSecret","floor":24},{"not_picked":["theDuelist:ContractExodia","theDuelist:LegendaryExodia","theDuelist:ExodiaRL","theDuelist:ExodiaLL"],"picked":"theDuelist:ExodiaRA","floor":28},{"not_picked":["theDuelist:PotAvarice+1","theDuelist:Kuriboh","theDuelist:BigFire","theDuelist:CatapultZone+1"],"picked":"theDuelist:MillenniumGolem","floor":29},{"not_picked":["theDuelist:SangaThunder","theDuelist:SangaEarth","theDuelist:CosmoBrain","theDuelist:FairyBox"],"picked":"theDuelist:SkilledDarkMagician+1","floor":31},{"not_picked":["theDuelist:ExodiaNecross","theDuelist:ExodiaHead","theDuelist:Wildfire","theDuelist:RainbowDarkDragon"],"picked":"theDuelist:RainbowMagician","floor":33},{"not_picked":["theDuelist:RainbowMagician+1","theDuelist:QueenDragunDjinn+1","theDuelist:GrandSpellbookTower+1","theDuelist:GateGuardian+1"],"picked":"theDuelist:SangaWater+1","floor":35},{"not_picked":["theDuelist:Wildfire+1","theDuelist:MagicalBlast","theDuelist:SwordsRevealing+1","theDuelist:GrandSpellbookTower"],"picked":"theDuelist:CircleFireKings","floor":37},{"not_picked":["theDuelist:BlizzardWarrior","theDuelist:NeoMagic+1","theDuelist:InjectionFairy","theDuelist:DarkMagician","theDuelist:SangaEarth"],"picked":"Singing Bowl","floor":40},{"not_picked":["theDuelist:NeoMagic","theDuelist:LordD","theDuelist:Mudballman+1","theDuelist:SangaThunder"],"picked":"theDuelist:WitchBlackRose+1","floor":41},{"not_picked":["theDuelist:Wildfire","theDuelist:IrisEarthMother","theDuelist:RainbowMagician","theDuelist:DarkPaladin+1"],"picked":"theDuelist:IceQueen+1","floor":42},{"not_picked":["theDuelist:MagiciansRobe+1","theDuelist:GoblinSecret+1","theDuelist:InariFire+1","theDuelist:MindAir+1"],"picked":"theDuelist:TimeWizard+1","floor":45},{"not_picked":["theDuelist:RainbowDarkDragon+1","theDuelist:IrisEarthMother+1","theDuelist:RainbowMagician","theDuelist:RainbowOverdragon+1"],"picked":"theDuelist:RainbowKuriboh+1","floor":46},{"not_picked":["theDuelist:MysticalElf","theDuelist:GuardianAngel+1","theDuelist:MagicalBlast+1"],"picked":"Singing Bowl","floor":47},{"not_picked":["theDuelist:SpellShatteringArrow","theDuelist:InjectionFairy","theDuelist:WhiteMagicalHat","theDuelist:SpiritHarp+1","theDuelist:MythicalBeast"],"picked":"Singing Bowl","floor":48}],"player_experience":118912,"relics_obtained":[{"floor":6,"key":"Tiny Chest"},{"floor":9,"key":"theDuelist:SummonAnchorRare"},{"floor":10,"key":"hubris:SphereOfDissonance"},{"floor":12,"key":"hubris:RGBLights"},{"floor":26,"key":"Singing Bowl"},{"floor":29,"key":"Toy Ornithopter"},{"floor":31,"key":"theDuelist:TributeEggRelic"},{"floor":40,"key":"Du-Vu Doll"},{"floor":42,"key":"Dream Catcher"},{"floor":46,"key":"hubris:Metronome"},{"floor":48,"key":"Tough Bandages"}],"event_choices":[{"damage_healed":0,"gold_gain":0,"player_choice":"Leave","duelist":true,"damage_taken":0,"max_hp_gain":0,"max_hp_loss":0,"event_name":"Relic Duplicator","floor":4,"gold_loss":0},{"damage_healed":0,"gold_gain":0,"player_choice":"Dig - random Duelist relic","duelist":true,"damage_taken":0,"max_hp_gain":0,"max_hp_loss":0,"event_name":"Aknamkanon\u0027s Tomb","floor":5,"gold_loss":0},{"power_reward":2,"total_magic_score":178,"gold_gain":0,"duelist":true,"damage_taken":0,"relics_obtained":["theDuelist:NamelessPowerRelicA"],"points":8,"max_hp_gain":0,"max_hp_loss":0,"spent_points":{"magic":2,"greed":1,"war":0,"power":2,"hunger":1},"event_name":"Nameless Tomb","floor":21,"gold_loss":51,"magic_reward":2,"cards_obtained":["theDuelist:Nameless:Magic:AssaultArmor","theDuelist:PsiCurse","hubris:Compulsion"]},{"damage_healed":0,"gold_gain":0,"player_choice":"Paid","damage_taken":0,"relics_obtained":["Red Mask"],"max_hp_gain":0,"max_hp_loss":0,"event_name":"Tomb of Lord Red Mask","floor":38,"gold_loss":441},{"damage_healed":0,"gold_gain":0,"player_choice":"Delta Electro","duelist":true,"damage_taken":0,"max_hp_gain":0,"max_hp_loss":0,"event_name":"Egyptian Village","floor":39,"gold_loss":0,"cards_obtained":["Delta Electromagnet Warrior"]}],"is_beta":false,"boss_relics":[{"not_picked":["Snecko Eye","Fusion Hammer"],"picked":"hubris:Stopwatch"},{"not_picked":["Calling Bell","Empty Cage"],"picked":"Runic Cube"}],"items_purged_floors":[3,3,13,19,19,19,19,19,19,22,22,27],"is_endless":false,"potions_floor_spawned":[2,6,18,20,24,35,37,42,45,46],"ascension_level":1}}