{"host":"u1ystlfkdtaqkn2r","time":1612703368,"event":{"mods":["ATMod(阿瑾Mod)","Act Like it!","Arknights","BaseMod","Colored Powertips","Downfall","Friendly Minions","Gensokyo","GifTheSpireLib","Jedi Mod","Luminous","Minty Spire (QoL Compilation)","Replay The Spire","RumiaBox-露米娅的神秘盒子","Spicy Shops","StSLib","SuperFastMode","UnlockEverythingMod","Waifu the Spire","WarShipGirlsR/战舰少女R mod","Warlord Emblem","Yakumo Yukari mod","【遗物卡牌】REMEMod"],"gold_per_floor":[368,70,80,0,0,0,17,43,43,43,60,77,77,91,91,189,189,107,107,120,120,40,79,26,26,26,26,26,26,26],"floor_reached":29,"language":"ZHS","playtime":1430,"items_purged":["downfall:Malfunctioning","Master of Strategy"],"score":268,"play_id":"552a776d-800f-463c-8ce2-edd281573856","local_time":"20210207210928","is_ascension_mode":false,"campfire_choices":[{"data":"REME_TwoStrings","floor":6.0,"key":"SMITH"},{"data":"rmod:ammunitionsupply","floor":13.0,"key":"SMITH"},{"floor":15.0,"key":"DIG"}],"circlet_count":0,"master_deck":["rmod:strick","rmod:strick","rmod:strick","rmod:strick","rmod:defend","rmod:defend","rmod:defend","rmod:defend","rmod:basicallowance","rmod:maingunfire","rmod:circuitoustactics","rmod:acesubmarine","REME_TwoStrings+1","rmod:supportaircraftcarrier","rmod:generalist","rmod:defend","rmod:ammunitionsupply+1","rmod:victimresponsibility+1","rmod:firesupport","rmod:openingtorpedo"],"relics":["rmod:firstchargereward","AT_ATBox","REME_ComplimentaryCards","Chameleon Ring","jedi:cryingmask","AT_BellowingDragoncrestRing","Replay:Bottled Flurry","Replay:Ancient Bell","ReplayTheSpireMod:TigerMarble","AT_GuinsooRageblade","FossilizedHelix","AT_BellDemon","Gensokyo:ChorusOfJoy","AT_EbonyIvory","CeramicFish","Happy Flower","rmod:extraamm","Bottled Lightning","Replay:Grab Bag"],"acts_visited":["Gensokyo:Gensokyo","Gensokyo:Gensokyoer"],"potions_floor_usage":[],"damage_taken":[{"damage":4.0,"enemies":"Gensokyo:Python","floor":1.0,"turns":3.0},{"damage":0.0,"enemies":"Gensokyo:2_Kodama","floor":3.0,"turns":3.0},{"damage":3.0,"enemies":"Gensokyo:Gryphon","floor":7.0,"turns":3.0},{"damage":11.0,"enemies":"Gensokyo:Aya","floor":8.0,"turns":5.0},{"damage":6.0,"enemies":"Gensokyo:Kitsune","floor":11.0,"turns":4.0},{"damage":5.0,"enemies":"Gensokyo:2_Rabbits","floor":12.0,"turns":3.0},{"damage":0.0,"enemies":"Gensokyo:LivingMonolith","floor":14.0,"turns":2.0},{"damage":34.0,"enemies":"Gensokyo:Kokoro","floor":16.0,"turns":12.0},{"damage":10.0,"enemies":"Gensokyo:AngelMirror","floor":18.0,"turns":5.0},{"damage":19.0,"enemies":"Gensokyo:3_Dogs","floor":20.0,"turns":3.0},{"damage":22.0,"enemies":"Gensokyo:Swordslinger","floor":22.0,"turns":4.0},{"damage":0.0,"enemies":"Gensokyo:Koishi","floor":23.0,"turns":4.0},{"damage":0,"enemies":"Gensokyo:Slime_Group","floor":29,"turns":1}],"seed_played":"3546925179072185404","potions_obtained":[{"floor":3.0,"key":"FearPotion"},{"floor":8.0,"key":"Elixir"},{"floor":12.0,"key":"Death Potion"},{"floor":14.0,"key":"champ:CounterPotion"},{"floor":22.0,"key":"PowerPotion"},{"floor":23.0,"key":"SmokeBomb"}],"is_trial":false,"path_per_floor":["M","$","M","$","?","R","M","E","T","T","M","M","R","M","R","B",null,"M","?","M","?","M","E","$","?","T","$","?","M"],"character_chosen":"PRAEFECT","items_purchased":["rmod:acesubmarine","REME_TwoStrings","rmod:extraamm"],"campfire_rested":0,"item_purchase_floors":[2,2,24],"current_hp_per_floor":[71,71,71,71,71,71,68,57,57,57,51,46,46,46,46,12,75,65,50,31,31,9,9,9,9,9,9,9,9,9],"gold":26,"neow_bonus":"TWO_FIFTY_GOLD","is_daily":false,"chose_seed":false,"campfire_upgraded":2,"win_rate":0.0,"timestamp":1612703368,"path_taken":["M","$","M","$","?","R","?","E","T","?","M","?","R","M","R","BOSS","M","?","?","?","?","E","$","?","T","?","?","?"],"items_purchased_type":["Card","Card","Relic"],"build_version":"2020-12-22","purchased_purges":2,"victory":false,"max_hp_per_floor":[75,75,75,75,75,75,75,75,75,75,75,75,75,75,75,75,75,75,75,75,75,75,75,75,75,75,75,57,57,57],"card_choices":[{"not_picked":["rmod:luckystar","rmod:aluminumsupply"],"picked":"rmod:circuitoustactics","floor":1.0},{"not_picked":["rmod:luckystar","rmod:fuelsupply"],"picked":"rmod:supportaircraftcarrier","floor":3.0},{"not_picked":["rmod:luckystar","rmod:sl"],"picked":"rmod:generalist","floor":7.0},{"not_picked":["rmod:chargemoney","rmod:seals"],"picked":"rmod:ammunitionsupply","floor":8.0},{"not_picked":["rmod:ammunitionsupply","rmod:supportescort","rmod:aggressivemary"],"picked":"SKIP","floor":11.0},{"not_picked":["rmod:luckystar","rmod:unsinkable","rmod:garrisonisland"],"picked":"SKIP","floor":12.0},{"not_picked":["rmod:aviationdawn","rmod:ring","rmod:aluminumsupply"],"picked":"SKIP","floor":14.0},{"not_picked":["AbeCurse","Decay"],"picked":"ReplayTheSpireMod:IOU","floor":17.0},{"not_picked":["Spreading Infection","Parasite"],"picked":"ReplayTheSpireMod:IOU","floor":17.0},{"not_picked":["Languid","ReplayTheSpireMod:Doomed"],"picked":"Gensokyo:AllTheWorldsEvil","floor":17.0},{"not_picked":["rmod:selfconfidence","rmod:fuelsupply","rmod:diamondstrike+1"],"picked":"SKIP","floor":18.0},{"not_picked":["rmod:fuelsupply","rmod:spoils"],"picked":"rmod:victimresponsibility+1","floor":20.0},{"not_picked":["rmod:diamondstrike+1","rmod:rockthrower"],"picked":"rmod:firesupport","floor":22.0},{"not_picked":["rmod:wolves","rmod:aviationdawn+1"],"picked":"rmod:openingtorpedo","floor":23.0}],"player_experience":99036,"relics_obtained":[{"floor":8.0,"key":"Chameleon Ring"},{"floor":9.0,"key":"jedi:cryingmask"},{"floor":10.0,"key":"AT_BellowingDragoncrestRing"},{"floor":15.0,"key":"Replay:Bottled Flurry"},{"floor":20.0,"key":"Iron Hammer"},{"floor":22.0,"key":"AT_EbonyIvory"},{"floor":23.0,"key":"CeramicFish"},{"floor":23.0,"key":"Happy Flower"},{"floor":26.0,"key":"Bottled Lightning"}],"event_choices":[],"is_beta":false,"boss_relics":[{"not_picked":["Replay:Drink Me","Abe\u0027s Treasure"],"picked":"Replay:Ancient Bell"},{"not_picked":["Nunchaku","ZombieArmy"],"picked":"ReplayTheSpireMod:TigerMarble"},{"not_picked":["Kunai","jedi:Pinwheel"],"picked":"AT_GuinsooRageblade"},{"not_picked":["Incense Burner","Pocketwatch"],"picked":"FossilizedHelix"}],"items_purged_floors":[2,4],"is_endless":false,"potions_floor_spawned":[3,8,12,14,22,23],"killed_by":"Gensokyo:Slime_Group","ascension_level":0}}