{"host":"qxeepl7ydvsgmfdb","time":1612712659,"event":{"mods":["AchievementEnabler","BaseMod","Colored Powertips","Minty Spire (QoL Compilation)","Quick Restart","slay the spire mod where everything is the same but ironclad has a cowboy hat"],"gold_per_floor":[116,135,310,310,160,160,181,181,205,205,228,228,253,271,271,391,391,411,510,510,260,260,300,300,343,367,380,31,31,57,57,57,183,183,198,198,45,45,61,61,102,116,141,176,176,176],"floor_reached":45,"language":"ENG","playtime":1586,"items_purged":["Doubt","Strike_G","Strike_G"],"score":795,"play_id":"bb37ef73-7f8f-44cd-8a51-15b1f78979a6","local_time":"20210207104419","is_ascension_mode":true,"campfire_choices":[{"data":"Noxious Fumes","floor":6.0,"key":"SMITH"},{"data":"Backstab","floor":8.0,"key":"SMITH"},{"data":"Blade Dance","floor":10.0,"key":"SMITH"},{"floor":15.0,"key":"REST"},{"floor":24.0,"key":"REST"},{"floor":29.0,"key":"REST"},{"floor":32.0,"key":"REST"},{"data":"Distraction","floor":40.0,"key":"SMITH"}],"circlet_count":0,"master_deck":["AscendersBane","Strike_G","Strike_G","Defend_G","Defend_G","Defend_G","Defend_G","Defend_G","Survivor","Neutralize","Backstab+1","Blade Dance","Noxious Fumes+1","Blade Dance+1","Deflect","Distraction+1","Finisher","Cloak And Dagger","Slice+1","Backflip+1","Dagger Spray","Corpse Explosion","Blade Dance","Deadly Poison","Slice+1"],"relics":["Ring of the Snake","NeowsBlessing","Golden Idol","Boot","Oddly Smooth Stone","Empty Cage","Bronze Scales","The Specimen","Bottled Lightning","PreservedInsect","Smiling Mask","Kunai","MealTicket","Anchor","Ancient Tea Set","Omamori","Bottled Tornado"],"acts_visited":["Exordium","TheCity","TheBeyond"],"potions_floor_usage":[45],"damage_taken":[{"damage":0.0,"enemies":"Small Slimes","floor":1.0,"turns":1.0},{"damage":0.0,"enemies":"2 Louse","floor":2.0,"turns":1.0},{"damage":0.0,"enemies":"Jaw Worm","floor":7.0,"turns":1.0},{"damage":6.0,"enemies":"Looter","floor":11.0,"turns":3.0},{"damage":7.0,"enemies":"Large Slime","floor":13.0,"turns":5.0},{"damage":1.0,"enemies":"Exordium Wildlife","floor":14.0,"turns":3.0},{"damage":34.0,"enemies":"Hexaghost","floor":16.0,"turns":8.0},{"damage":10.0,"enemies":"2 Thieves","floor":18.0,"turns":4.0},{"damage":60.0,"enemies":"Slavers","floor":23.0,"turns":6.0},{"damage":7.0,"enemies":"Gremlin Leader","floor":25.0,"turns":7.0},{"damage":3.0,"enemies":"Chosen","floor":27.0,"turns":4.0},{"damage":36.0,"enemies":"Automaton","floor":33.0,"turns":14.0},{"damage":10.0,"enemies":"3 Darklings","floor":35.0,"turns":2.0},{"damage":7.0,"enemies":"Orb Walker","floor":39.0,"turns":4.0},{"damage":18.0,"enemies":"Nemesis","floor":41.0,"turns":3.0},{"damage":15.0,"enemies":"Maw","floor":42.0,"turns":8.0},{"damage":42.0,"enemies":"Giant Head","floor":44.0,"turns":8.0},{"damage":4,"enemies":"Jaw Worm Horde","floor":45,"turns":1}],"seed_played":"-392432455266593667","potions_obtained":[{"floor":1.0,"key":"SneckoOil"},{"floor":11.0,"key":"SteroidPotion"},{"floor":13.0,"key":"ColorlessPotion"},{"floor":14.0,"key":"Regen Potion"},{"floor":25.0,"key":"AttackPotion"},{"floor":33.0,"key":"Regen Potion"},{"floor":35.0,"key":"Energy Potion"},{"floor":44.0,"key":"DuplicationPotion"}],"is_trial":false,"path_per_floor":["M","M","?","?","$","R","M","R","T","R","M","?","M","M","R","B",null,"M","?","?","$","T","E","R","E","T","M","$","R","T","?","R","B",null,"M","?","$","$","M","R","E","M","T","E","M"],"character_chosen":"THE_SILENT","items_purchased":["Noxious Fumes","Bronze Scales","Kunai","Dagger Spray","Anchor"],"campfire_rested":4,"item_purchase_floors":[5,21,28,28,37],"current_hp_per_floor":[63,63,63,46,46,46,46,46,46,46,40,40,33,32,53,19,57,47,47,70,70,70,20,41,34,34,31,31,52,52,52,70,34,61,51,51,66,70,63,63,45,45,45,3,0,0],"gold":176,"neow_bonus":"THREE_ENEMY_KILL","is_daily":false,"chose_seed":false,"campfire_upgraded":4,"win_rate":0.0,"timestamp":1612712659,"path_taken":["M","M","?","?","$","R","M","R","T","R","M","?","M","M","R","BOSS","M","?","?","$","?","E","R","E","T","M","$","R","?","?","R","BOSS","M","?","?","$","M","R","E","M","T","E","M"],"items_purchased_type":["Card","Relic","Relic","Card","Relic"],"build_version":"2020-12-22","purchased_purges":3,"victory":false,"max_hp_per_floor":[70,70,70,70,70,70,70,70,70,70,70,70,70,70,70,70,70,70,70,70,70,70,70,70,70,70,70,70,70,70,70,70,70,70,70,70,70,70,70,70,70,70,70,70,70,70],"card_choices":[{"not_picked":["Reflex","Outmaneuver"],"picked":"Backstab","floor":1.0},{"not_picked":["PiercingWail","Skewer"],"picked":"Blade Dance","floor":2.0},{"not_picked":["Distraction","Choke"],"picked":"Blade Dance","floor":7.0},{"not_picked":["Dash","Eviscerate"],"picked":"Deflect","floor":11.0},{"not_picked":["Slice","Deflect"],"picked":"Distraction","floor":13.0},{"not_picked":["Accuracy","Dash"],"picked":"Finisher","floor":14.0},{"not_picked":["Flying Knee","Distraction"],"picked":"Cloak And Dagger","floor":18.0},{"not_picked":["Leg Sweep","Burst"],"picked":"Slice+1","floor":23.0},{"not_picked":["Blur","Infinite Blades+1"],"picked":"Backflip+1","floor":25.0},{"not_picked":["Riddle With Holes","Prepared","Acrobatics+1"],"picked":"SKIP","floor":27.0},{"not_picked":["Wraith Form v2","Envenom"],"picked":"Corpse Explosion","floor":33.0},{"not_picked":["Outmaneuver","Slice"],"picked":"Blade Dance","floor":35.0},{"not_picked":["Underhanded Strike","Outmaneuver","Blade Dance"],"picked":"SKIP","floor":39.0},{"not_picked":["Flechettes","Sucker Punch"],"picked":"Slice+1","floor":41.0},{"not_picked":["Flying Knee","PiercingWail+1","Predator"],"picked":"SKIP","floor":42.0},{"not_picked":["Calculated Gamble","Poisoned Stab","Dash+1"],"picked":"SKIP","floor":44.0}],"player_experience":181883,"relics_obtained":[{"floor":9.0,"key":"Boot"},{"floor":22.0,"key":"The Specimen"},{"floor":23.0,"key":"Bottled Lightning"},{"floor":25.0,"key":"PreservedInsect"},{"floor":26.0,"key":"Smiling Mask"},{"floor":30.0,"key":"MealTicket"},{"floor":41.0,"key":"Ancient Tea Set"},{"floor":43.0,"key":"Omamori"},{"floor":44.0,"key":"Bottled Tornado"}],"event_choices":[{"damage_healed":0.0,"max_hp_gain":0.0,"max_hp_loss":0.0,"gold_gain":175.0,"event_name":"Liars Game","player_choice":"AGREE","floor":3.0,"gold_loss":0.0,"damage_taken":0.0,"cards_obtained":["Doubt"]},{"damage_healed":0.0,"max_hp_gain":0.0,"max_hp_loss":0.0,"gold_gain":0.0,"event_name":"Golden Idol","player_choice":"Take Damage","floor":4.0,"gold_loss":0.0,"damage_taken":17.0,"relics_obtained":["Golden Idol"]},{"damage_healed":0.0,"max_hp_gain":0.0,"max_hp_loss":0.0,"gold_gain":0.0,"event_name":"Big Fish","player_choice":"Box","floor":12.0,"gold_loss":0.0,"damage_taken":0.0,"relics_obtained":["Oddly Smooth Stone"],"cards_obtained":["Regret"]},{"damage_healed":0.0,"max_hp_gain":0.0,"max_hp_loss":0.0,"gold_gain":99.0,"event_name":"Nest","player_choice":"Stole From Cult","floor":19.0,"gold_loss":0.0,"damage_taken":0.0},{"damage_healed":23.0,"max_hp_gain":0.0,"max_hp_loss":0.0,"gold_gain":0.0,"event_name":"The Library","player_choice":"Heal","floor":20.0,"gold_loss":0.0,"damage_taken":0.0},{"damage_healed":0.0,"max_hp_gain":0.0,"max_hp_loss":0.0,"gold_gain":0.0,"event_name":"Ghosts","player_choice":"Ignored","floor":31.0,"gold_loss":0.0,"damage_taken":0.0},{"damage_healed":0.0,"max_hp_gain":0.0,"max_hp_loss":0.0,"gold_gain":0.0,"event_name":"Match and Keep!","player_choice":"1 cards matched","floor":36.0,"gold_loss":0.0,"damage_taken":0.0,"cards_obtained":["Deadly Poison"]}],"is_beta":false,"boss_relics":[{"not_picked":["Pandora\u0027s Box","HoveringKite"],"picked":"Empty Cage"},{"not_picked":["Snecko Eye","Sozu","Ring of the Serpent"]}],"items_purged_floors":[5,21,28],"is_endless":false,"potions_floor_spawned":[1,11,13,14,25,33,35,44],"killed_by":"Jaw Worm Horde","ascension_level":11}}