{"host":"08yfhu6uhosdn245","time":1612659768,"event":{"mods":["2.2 Compatiblity","BaseMod","Bestiary","Colored Map","Colored Powertips","Curses Come First","Highlight Path","Minty Spire (QoL Compilation)","Quick Restart","Relic Stats","StSLib"],"gold_per_floor":[111,125,140,60,60,91,91,111,111,111,147,26,26,42,42,162,162,182,206,27,27,47,47,81,104,173,173,217,241,250,250,250,382,382,396,83,113,113,140,140,154,178,178,216,234,272,281,326,326,326,326,326,26,71,71,71],"floor_reached":55,"language":"ENG","playtime":4247,"items_purged":["Injury","Shame"],"score":1229,"play_id":"6a278b0b-db2f-4993-a205-0e0feab769cc","local_time":"20210206200248","is_ascension_mode":true,"campfire_choices":[{"data":"SignatureMove","floor":7.0,"key":"SMITH"},{"data":"FearNoEvil","floor":10.0,"key":"SMITH"},{"data":"Blasphemy","floor":13.0,"key":"SMITH"},{"data":"CutThroughFate","floor":15.0,"key":"SMITH"},{"floor":23.0,"key":"RECALL"},{"floor":32.0,"key":"REST"},{"floor":40.0,"key":"REST"},{"floor":49.0,"key":"REST"},{"floor":52,"key":"REST"}],"circlet_count":0,"master_deck":["Strike_P","Strike_P+1","Strike_P","Defend_P","Defend_P","Defend_P+1","Defend_P+1","Eruption+1","Vigilance","FlurryOfBlows+1","FearNoEvil+1","SignatureMove+1","Protect+1","FlurryOfBlows","Protect+1","CutThroughFate+1","Blasphemy+1","FlurryOfBlows","FearNoEvil+1","Scrawl","JustLucky+1","FlurryOfBlows+1","LessonLearned+1","EmptyFist","TalkToTheHand+1","ClearTheMind","Evaluate","RitualDagger","Establishment","BattleHymn","Master of Strategy","Wallop","Study+1","Purity","EmptyMind","CutThroughFate"],"relics":["PureWater","Golden Idol","Lantern","Darkstone Periapt","Ornamental Fan","Fusion Hammer","StrikeDummy","TeardropLocket","Bottled Flame","MutagenicStrength","CeramicFish","Busted Crown","Blue Candle","Whetstone","Bird Faced Urn","Shuriken","Blood Vial"],"acts_visited":["Exordium","TheCity","TheBeyond","TheEnding"],"potions_floor_usage":[50,50,55],"damage_taken":[{"damage":0.0,"enemies":"Jaw Worm","floor":1.0,"turns":2.0},{"damage":0.0,"enemies":"Small Slimes","floor":2.0,"turns":3.0},{"damage":0.0,"enemies":"Cultist","floor":3.0,"turns":2.0},{"damage":8.0,"enemies":"Gremlin Nob","floor":6.0,"turns":3.0},{"damage":0.0,"enemies":"Looter","floor":8.0,"turns":1.0},{"damage":10.0,"enemies":"Lagavulin","floor":11.0,"turns":3.0},{"damage":0.0,"enemies":"3 Louse","floor":14.0,"turns":2.0},{"damage":0.0,"enemies":"Slime Boss","floor":16.0,"turns":3.0},{"damage":0.0,"enemies":"3 Byrds","floor":18.0,"turns":4.0},{"damage":0.0,"enemies":"Spheric Guardian","floor":19.0,"turns":1.0},{"damage":3.0,"enemies":"3 Cultists","floor":22.0,"turns":4.0},{"damage":21.0,"enemies":"Book of Stabbing","floor":24.0,"turns":4.0},{"damage":0.0,"enemies":"Centurion and Healer","floor":25.0,"turns":8.0},{"damage":13.0,"enemies":"Slavers","floor":28.0,"turns":9.0},{"damage":3.0,"enemies":"Sentry and Sphere","floor":29.0,"turns":3.0},{"damage":35.0,"enemies":"Champ","floor":33.0,"turns":12.0},{"damage":12.0,"enemies":"3 Darklings","floor":35.0,"turns":6.0},{"damage":1.0,"enemies":"Orb Walker","floor":37.0,"turns":3.0},{"damage":0.0,"enemies":"Spire Growth","floor":39.0,"turns":2.0},{"damage":0.0,"enemies":"Jaw Worm Horde","floor":41.0,"turns":3.0},{"damage":0.0,"enemies":"Maw","floor":42.0,"turns":5.0},{"damage":0.0,"enemies":"Nemesis","floor":44.0,"turns":1.0},{"damage":0.0,"enemies":"3 Darklings","floor":45.0,"turns":5.0},{"damage":0.0,"enemies":"Reptomancer","floor":46.0,"turns":7.0},{"damage":2.0,"enemies":"Giant Head","floor":48.0,"turns":6.0},{"damage":32,"enemies":"Time Eater","floor":50,"turns":10},{"damage":75,"enemies":"Shield and Spear","floor":54,"turns":4},{"damage":60,"enemies":"The Heart","floor":55,"turns":2}],"seed_played":"-241777959663881865","potions_obtained":[{"floor":1.0,"key":"Ancient Potion"},{"floor":2.0,"key":"Regen Potion"},{"floor":6.0,"key":"DuplicationPotion"},{"floor":16.0,"key":"AttackPotion"},{"floor":24.0,"key":"Dexterity Potion"},{"floor":25.0,"key":"Weak Potion"},{"floor":29.0,"key":"EssenceOfSteel"},{"floor":33.0,"key":"StancePotion"},{"floor":35.0,"key":"Block Potion"},{"floor":44.0,"key":"LiquidBronze"},{"floor":48.0,"key":"Energy Potion"}],"is_trial":false,"path_per_floor":["M","M","M","$","?","E","R","M","T","R","E","$","R","M","R","B",null,"M","M","$","?","M","R","E","M","T","?","E","M","?","?","R","B",null,"M","$","M","?","M","R","M","M","T","E","M","E","?","E","R","B",null,"R","$","E","B"],"character_chosen":"WATCHER","items_purchased":["Protect","FlurryOfBlows","FlurryOfBlows","LessonLearned","JustLucky","BattleHymn","Master of Strategy","Shuriken","BottledMiracle"],"campfire_rested":4,"item_purchase_floors":[4,4,12,20,20,36,36,53,53],"current_hp_per_floor":[65,65,65,65,65,57,57,57,57,57,56,56,56,56,56,56,68,68,68,68,74,71,71,50,50,50,50,37,34,28,33,56,21,64,52,52,51,51,51,74,74,74,74,74,74,74,74,72,78,50,71,78,78,9,0,0],"gold":71,"neow_bonus":"THREE_CARDS","is_daily":false,"chose_seed":false,"campfire_upgraded":4,"win_rate":0.0,"timestamp":1612659768,"path_taken":["M","M","M","$","?","E","R","M","T","R","E","$","R","M","R","BOSS","M","M","$","?","M","R","E","M","T","?","E","M","?","?","R","BOSS","M","$","?","?","M","R","M","M","T","E","M","E","?","E","R","BOSS","R","$","E","BOSS"],"items_purchased_type":["Card","Card","Card","Card","Card","Card","Card","Relic","Potion"],"build_version":"2020-12-22","purchased_purges":2,"victory":false,"max_hp_per_floor":[72,72,72,72,72,72,72,72,72,72,72,72,72,72,72,72,72,72,72,72,78,78,78,78,78,78,78,78,78,78,78,78,78,78,78,78,78,78,78,78,78,78,78,78,78,78,78,78,78,78,78,78,78,78,78,78],"relic_stats":{"Darkstone Periapt":6,"Blood Vial":2,"Busted Crown":22,"counters":[28,118],"Golden Idol":184,"Ornamental Fan":[504],"Shuriken":[7],"CeramicFish":90,"Blue Candle":[0],"Bird Faced Urn":[14],"Whetstone":["FlurryOfBlows","Eruption"],"obtain_stats":[{"Darkstone Periapt":9,"Lantern":6,"Golden Idol":5,"CeramicFish":28,"Blue Candle":44,"TeardropLocket":24,"Whetstone":46,"Blood Vial":54,"Bottled Flame":26,"Busted Crown":34,"Ornamental Fan":11,"Shuriken":53,"MutagenicStrength":27,"Bird Faced Urn":48,"Fusion Hammer":17,"PureWater":0,"StrikeDummy":21},{"Darkstone Periapt":5,"Lantern":4,"Golden Idol":3,"CeramicFish":14,"Blue Candle":22,"TeardropLocket":12,"Whetstone":24,"Blood Vial":27,"Bottled Flame":13,"Busted Crown":16,"Ornamental Fan":6,"Shuriken":26,"MutagenicStrength":13,"Bird Faced Urn":25,"Fusion Hammer":8,"PureWater":0,"StrikeDummy":10},{"Darkstone Periapt":11,"Lantern":10,"Golden Idol":7,"CeramicFish":49,"Blue Candle":84,"TeardropLocket":32,"Whetstone":96,"Blood Vial":116,"Bottled Flame":40,"Busted Crown":64,"Ornamental Fan":14,"Shuriken":112,"MutagenicStrength":40,"Bird Faced Urn":102,"Fusion Hammer":19,"PureWater":0,"StrikeDummy":24}]},"card_choices":[{"not_picked":["Fasting2","BowlingBash"],"picked":"FlurryOfBlows","floor":0.0},{"not_picked":["ThirdEye","FollowUp"],"picked":"FearNoEvil","floor":1.0},{"not_picked":["Pray","DeceiveReality"],"picked":"SignatureMove","floor":2.0},{"not_picked":["Pray","Fasting2","WindmillStrike"],"picked":"SKIP","floor":3.0},{"not_picked":["ThirdEye","Perseverance"],"picked":"Protect","floor":6.0},{"not_picked":["ClearTheMind","JustLucky"],"picked":"CutThroughFate","floor":8.0},{"not_picked":["MasterReality","ThirdEye"],"picked":"Blasphemy","floor":11.0},{"not_picked":["SashWhip","ClearTheMind"],"picked":"FearNoEvil","floor":14.0},{"not_picked":["SpiritShield","Devotion"],"picked":"Scrawl","floor":16.0},{"not_picked":["Study+1","WindmillStrike"],"picked":"JustLucky","floor":18.0},{"not_picked":["FlyingSleeves","Halt"],"picked":"FlurryOfBlows+1","floor":19.0},{"not_picked":["CarveReality","Nirvana"],"picked":"EmptyFist","floor":22.0},{"not_picked":["Evaluate","ThirdEye"],"picked":"TalkToTheHand","floor":24.0},{"not_picked":["Pray+1","Wish"],"picked":"ClearTheMind","floor":25.0},{"not_picked":["MasterReality","EmptyFist","WreathOfFlame"],"picked":"SKIP","floor":28.0},{"not_picked":["BowlingBash+1","FlurryOfBlows+1"],"picked":"Evaluate","floor":29.0},{"not_picked":["Omniscience","Scrawl"],"picked":"Establishment","floor":33.0},{"not_picked":["ThirdEye+1"],"picked":"SKIP","floor":35.0},{"not_picked":[],"picked":"Wallop","floor":37.0},{"not_picked":[],"picked":"Study+1","floor":39.0},{"not_picked":["Prostrate"],"picked":"SKIP","floor":41.0},{"not_picked":["Swivel"],"picked":"SKIP","floor":42.0},{"not_picked":["Wireheading"],"picked":"SKIP","floor":44.0},{"not_picked":["FollowUp"],"picked":"SKIP","floor":45.0},{"not_picked":["ThirdEye+1"],"picked":"SKIP","floor":46.0},{"not_picked":[],"picked":"Purity","floor":47.0},{"not_picked":[],"picked":"EmptyMind","floor":48.0},{"not_picked":[],"picked":"CutThroughFate","floor":54}],"player_experience":371379,"relics_obtained":[{"floor":6.0,"key":"Lantern"},{"floor":9.0,"key":"Darkstone Periapt"},{"floor":11.0,"key":"Ornamental Fan"},{"floor":24.0,"key":"TeardropLocket"},{"floor":26.0,"key":"Bottled Flame"},{"floor":28.0,"key":"CeramicFish"},{"floor":44.0,"key":"Blue Candle"},{"floor":46.0,"key":"Whetstone"},{"floor":48.0,"key":"Bird Faced Urn"},{"floor":54,"key":"Blood Vial"}],"event_choices":[{"damage_healed":0.0,"max_hp_gain":0.0,"max_hp_loss":0.0,"gold_gain":0.0,"event_name":"Golden Idol","player_choice":"Take Wound","floor":5.0,"gold_loss":0.0,"damage_taken":0.0,"relics_obtained":["Golden Idol"],"cards_obtained":["Injury"]},{"damage_healed":0.0,"max_hp_gain":0.0,"max_hp_loss":0.0,"gold_gain":0.0,"event_name":"Addict","player_choice":"Stole Relic","floor":21.0,"gold_loss":0.0,"damage_taken":0.0,"relics_obtained":["StrikeDummy"],"cards_obtained":["Shame"]},{"damage_healed":0.0,"max_hp_gain":0.0,"max_hp_loss":0.0,"gold_gain":0.0,"event_name":"Drug Dealer","player_choice":"Inject Mutagens","floor":27.0,"gold_loss":0.0,"damage_taken":0.0,"relics_obtained":["MutagenicStrength"]},{"damage_healed":0.0,"max_hp_gain":0.0,"max_hp_loss":0.0,"gold_gain":0.0,"event_name":"Nest","player_choice":"Joined the Cult","floor":30.0,"gold_loss":0.0,"damage_taken":6.0,"cards_obtained":["RitualDagger"]},{"cards_removed":["JustLucky"],"damage_healed":5.0,"max_hp_gain":0.0,"max_hp_loss":0.0,"gold_gain":0.0,"event_name":"Bonfire Elementals","player_choice":"Offered Common","floor":31.0,"gold_loss":0.0,"damage_taken":0.0},{"cards_removed":["JustLucky"],"damage_healed":5.0,"max_hp_gain":0.0,"max_hp_loss":0.0,"gold_gain":0.0,"event_name":"Bonfire Elementals","player_choice":"Offered Special","floor":31.0,"gold_loss":0.0,"damage_taken":0.0},{"cards_removed":["Strike_P"],"damage_healed":0.0,"max_hp_gain":0.0,"max_hp_loss":0.0,"gold_gain":0.0,"event_name":"Falling","player_choice":"Removed Attack","floor":38.0,"gold_loss":0.0,"damage_taken":0.0},{"damage_healed":0.0,"max_hp_gain":0.0,"max_hp_loss":0.0,"gold_gain":0.0,"event_name":"SensoryStone","player_choice":"Memory 1","floor":47.0,"gold_loss":0.0,"damage_taken":0.0}],"is_beta":false,"boss_relics":[{"not_picked":["Ectoplasm","SacredBark"],"picked":"Fusion Hammer"},{"not_picked":["Runic Pyramid","SlaversCollar"],"picked":"Busted Crown"}],"items_purged_floors":[12,36],"is_endless":false,"potions_floor_spawned":[1,2,6,16,24,25,29,33,35,44,45,48],"killed_by":"The Heart","ascension_level":6}}