{"host":"ga4s3hj9m6nkn6gp","time":1612725599,"event":{"mods":["AchievementEnabler","BaseMod","Bestiary","Colored Powertips","Highlight Path","Minty Spire (QoL Compilation)","Relic Stats","everything is the same but u backflip on backflip"],"gold_per_floor":[364,377,17,31,31,31,50,80,80,80,92,92,157,22,22,100,100,119,119,119,137,154,154,154,154,154,154,154],"floor_reached":27,"language":"ENG","playtime":1007,"items_purged":[],"score":422,"play_id":"2c4409ab-f679-4f3a-9d83-aecb36620cd9","local_time":"20210207201959","is_ascension_mode":true,"campfire_choices":[{"data":"Noxious Fumes","floor":6,"key":"SMITH"},{"floor":10,"key":"REST"},{"data":"Sadistic Nature","floor":12,"key":"SMITH"},{"floor":15,"key":"REST"},{"data":"Crippling Poison","floor":23,"key":"SMITH"},{"data":"Leg Sweep","floor":25,"key":"SMITH"}],"circlet_count":0,"master_deck":["AscendersBane","Strike_G","Strike_G","Strike_G","Strike_G","Defend_G","Defend_G","Defend_G","Defend_G","Defend_G","Survivor","Neutralize","Blade Dance","Noxious Fumes+1","Sadistic Nature+1","Backstab","Crippling Poison+1","Noxious Fumes","PiercingWail","Die Die Die","After Image","Leg Sweep+1"],"relics":["Ring of the Snake","ClockworkSouvenir","Juzu Bracelet","The Courier","Incense Burner","Bag of Marbles","Runic Pyramid","Frozen Egg 2"],"acts_visited":["Exordium","TheCity"],"potions_floor_usage":[8,13,13],"damage_taken":[{"damage":29,"enemies":"Jaw Worm","floor":1,"turns":10},{"damage":7,"enemies":"Small Slimes","floor":2,"turns":3},{"damage":0,"enemies":"Cultist","floor":4,"turns":3},{"damage":7,"enemies":"Gremlin Gang","floor":7,"turns":4},{"damage":12,"enemies":"Gremlin Nob","floor":8,"turns":4},{"damage":12,"enemies":"Blue Slaver","floor":11,"turns":3},{"damage":7,"enemies":"Lagavulin Event","floor":13,"turns":5},{"damage":12,"enemies":"The Guardian","floor":16,"turns":9},{"damage":12,"enemies":"Shell Parasite","floor":18,"turns":5},{"damage":0,"enemies":"Spheric Guardian","floor":21,"turns":6},{"damage":16,"enemies":"3 Cultists","floor":22,"turns":5},{"damage":21,"enemies":"Book of Stabbing","floor":27,"turns":6}],"seed_played":"6290663658411030248","potions_obtained":[{"floor":2,"key":"GamblersBrew"},{"floor":4,"key":"GamblersBrew"},{"floor":7,"key":"Strength Potion"},{"floor":11,"key":"Block Potion"},{"floor":20,"key":"Regen Potion"},{"floor":20,"key":"BlessingOfTheForge"}],"is_trial":false,"path_per_floor":["M","M","$","M","?","R","M","E","T","R","M","R","?","$","R","B",null,"M","?","?","M","M","R","?","R","T","E"],"character_chosen":"THE_SILENT","items_purchased":["Sadistic Nature","ClockworkSouvenir","Bag of Marbles"],"campfire_rested":2,"item_purchase_floors":[3,3,14],"current_hp_per_floor":[30,23,23,23,23,23,16,4,4,22,10,10,3,3,21,9,47,35,35,35,35,19,19,19,19,19,0,0],"gold":154,"neow_bonus":"TWO_FIFTY_GOLD","is_daily":false,"chose_seed":false,"campfire_upgraded":4,"win_rate":0.0,"timestamp":1612725599,"path_taken":["M","M","$","M","?","R","M","E","T","R","M","R","?","?","R","BOSS","M","?","?","M","M","R","?","R","T","E"],"items_purchased_type":["Card","Relic","Relic"],"build_version":"2020-12-22","purchased_purges":0,"victory":false,"max_hp_per_floor":[60,60,60,60,60,60,60,60,60,60,60,60,60,60,60,60,60,60,60,60,60,60,60,60,60,60,60,60],"relic_stats":{"counters":[12,63],"Juzu Bracelet":2,"obtain_stats":[{"The Courier":9,"Juzu Bracelet":8,"Incense Burner":13,"Bag of Marbles":14,"Frozen Egg 2":26,"Ring of the Snake":0,"ClockworkSouvenir":3,"Runic Pyramid":17},{"The Courier":5,"Juzu Bracelet":5,"Incense Burner":7,"Bag of Marbles":7,"Frozen Egg 2":11,"Ring of the Snake":0,"ClockworkSouvenir":2,"Runic Pyramid":8},{"The Courier":24,"Juzu Bracelet":24,"Incense Burner":32,"Bag of Marbles":32,"Frozen Egg 2":57,"Ring of the Snake":0,"ClockworkSouvenir":13,"Runic Pyramid":41}],"Ring of the Snake":[24]},"card_choices":[{"not_picked":["Prepared","Bane"],"picked":"Blade Dance","floor":1},{"not_picked":["Underhanded Strike","Concentrate"],"picked":"Noxious Fumes","floor":2},{"not_picked":["Dodge and Roll","Underhanded Strike"],"picked":"Backstab","floor":4},{"not_picked":["Expertise","PiercingWail"],"picked":"Crippling Poison","floor":7},{"not_picked":["Dodge and Roll","Cloak And Dagger"],"picked":"Noxious Fumes","floor":8},{"not_picked":["Cloak And Dagger","Flying Knee"],"picked":"PiercingWail","floor":11},{"not_picked":["Prepared","Quick Slash"],"picked":"Die Die Die","floor":13},{"not_picked":["Adrenaline","Storm of Steel"],"picked":"After Image","floor":16},{"not_picked":["Sucker Punch","Quick Slash","Prepared"],"picked":"SKIP","floor":18},{"not_picked":["Dagger Throw","Skewer","Poisoned Stab"],"picked":"SKIP","floor":21},{"not_picked":["Quick Slash","Poisoned Stab+1"],"picked":"Leg Sweep","floor":22}],"player_experience":749177,"relics_obtained":[{"floor":8,"key":"Juzu Bracelet"},{"floor":9,"key":"The Courier"},{"floor":13,"key":"Incense Burner"},{"floor":26,"key":"Frozen Egg 2"}],"event_choices":[{"damage_healed":0,"gold_gain":0,"player_choice":"Ignored","damage_taken":0,"max_hp_gain":0,"max_hp_loss":0,"event_name":"Liars Game","floor":5,"gold_loss":0},{"damage_healed":0,"gold_gain":0,"player_choice":"Searched \u00272\u0027 times","damage_taken":0,"max_hp_gain":0,"max_hp_loss":0,"event_name":"Dead Adventurer","floor":13,"gold_loss":0},{"cards_removed":["Strike_G"],"damage_healed":0,"gold_gain":0,"player_choice":"Purged","damage_taken":0,"max_hp_gain":0,"max_hp_loss":0,"event_name":"Purifier","floor":19,"gold_loss":0},{"damage_healed":0,"gold_gain":0,"player_choice":"Got Potions","damage_taken":0,"max_hp_gain":0,"max_hp_loss":0,"event_name":"Lab","floor":20,"gold_loss":0},{"damage_healed":0,"gold_gain":0,"player_choice":"Ignored","damage_taken":0,"max_hp_gain":0,"max_hp_loss":0,"event_name":"The Mausoleum","floor":24,"gold_loss":0}],"is_beta":false,"boss_relics":[{"not_picked":["Busted Crown","HoveringKite"],"picked":"Runic Pyramid"}],"items_purged_floors":[],"is_endless":false,"potions_floor_spawned":[2,4,7,11,22],"killed_by":"Book of Stabbing","ascension_level":20}}