{"host":"kn32u0f2pym5bozc","time":1612691247,"event":{"mods":["2.2 Compatiblity","BaseMod","Better Third Choice","Minty Spire (QoL Compilation)","Permanent Neow","Relic Stats","StSLib","The Animator"],"gold_per_floor":[111,127,13,13,48,82,82,82,109,109,123,137,137,137],"floor_reached":13,"language":"ENG","playtime":787,"items_purged":["animator:Strike"],"score":158,"play_id":"539ecbc6-7654-48e0-aecd-d8640cc25b9a","local_time":"20210207044727","is_ascension_mode":true,"campfire_choices":[{"floor":7.0,"key":"REST"},{"data":"animator:MumenRider","floor":10.0,"key":"SMITH"}],"circlet_count":0,"master_deck":["AscendersBane","animator:Defend_OnePunchMan","animator:Strike","animator:Strike","animator:Defend","animator:Defend","animator:Defend","animator:Genos","animator:MumenRider+1","animator:LizardPriest","animator:YuiTsuruno","animator:FielNirvalen","animator:DolaRiku","animator:SuzuneAmano","animator:Priestess","animator:Mikaela","animator:Benimaru"],"relics":["animator:LivingPicture","animator:TheMissingPiece","animator:PurgingStone","FossilizedHelix","Golden Idol","Prayer Wheel","Boot"],"acts_visited":["Exordium"],"potions_floor_usage":[],"damage_taken":[{"damage":0.0,"enemies":"2 Louse","floor":1.0,"turns":3.0},{"damage":0.0,"enemies":"Small Slimes","floor":2.0,"turns":3.0},{"damage":27.0,"enemies":"3 Sentries","floor":6.0,"turns":12.0},{"damage":0.0,"enemies":"Jaw Worm","floor":11.0,"turns":4.0},{"damage":5.0,"enemies":"Exordium Thugs","floor":12.0,"turns":7.0},{"damage":33,"enemies":"Gremlin Nob","floor":13,"turns":3}],"seed_played":"-5319321281449629419","potions_obtained":[{"floor":1.0,"key":"BlessingOfTheForge"},{"floor":2.0,"key":"BlessingOfTheForge"}],"is_trial":false,"path_per_floor":["M","M","$","?","?","E","R","?","T","R","M","M","E"],"character_chosen":"THE_ANIMATOR","items_purchased":["animator:FielNirvalen"],"campfire_rested":1,"item_purchase_floors":[3],"current_hp_per_floor":[39,39,39,39,39,12,28,28,28,28,28,23,0,0],"gold":137,"neow_bonus":"ONE_RARE_RELIC","is_daily":false,"chose_seed":false,"campfire_upgraded":1,"win_rate":0.0,"timestamp":1612691247,"path_taken":["M","M","$","?","?","E","R","?","T","R","M","?","E"],"items_purchased_type":["Card"],"build_version":"2020-12-22","purchased_purges":1,"victory":false,"max_hp_per_floor":[60,60,60,54,54,54,54,54,54,54,54,54,54,54],"relic_stats":{"counters":[6,32],"Golden Idol":13,"Prayer Wheel":2,"Boot":[10],"obtain_stats":[{"animator:PurgingStone":0,"Golden Idol":4,"animator:TheMissingPiece":0,"Prayer Wheel":6,"animator:LivingPicture":0,"Boot":9,"FossilizedHelix":0},{"animator:PurgingStone":0,"Golden Idol":2,"animator:TheMissingPiece":0,"Prayer Wheel":3,"animator:LivingPicture":0,"Boot":3,"FossilizedHelix":0},{"animator:PurgingStone":0,"Golden Idol":6,"animator:TheMissingPiece":0,"Prayer Wheel":18,"animator:LivingPicture":0,"Boot":18,"FossilizedHelix":0}]},"card_choices":[{"not_picked":["animator:RoryMercury","animator:Add"],"picked":"animator:LizardPriest","floor":1.0},{"not_picked":["animator:Spearman","animator:LizardPriest"],"picked":"animator:YuiTsuruno","floor":2.0},{"not_picked":["animator:DwarfShaman","animator:Rena"],"picked":"animator:DolaRiku","floor":6.0},{"not_picked":["animator:YachiyoNanami","animator:OrikoMikuni"],"picked":"animator:SuzuneAmano","floor":11.0},{"not_picked":["animator:Mitsuba","animator:Mitsurugi"],"picked":"animator:Priestess","floor":11.0},{"not_picked":["animator:RinTohsaka","animator:Chung"],"picked":"animator:Mikaela","floor":12.0},{"not_picked":["animator:YuiTsuruno","animator:Berserker"],"picked":"animator:Benimaru","floor":12.0}],"player_experience":908622,"relics_obtained":[{"floor":6.0,"key":"Prayer Wheel"},{"floor":9.0,"key":"Boot"}],"event_choices":[{"damage_healed":0.0,"max_hp_gain":0.0,"max_hp_loss":6.0,"gold_gain":0.0,"event_name":"Golden Idol","player_choice":"Lose Max HP","floor":4.0,"gold_loss":0.0,"damage_taken":0.0,"relics_obtained":["Golden Idol"]},{"damage_healed":0.0,"max_hp_gain":0.0,"max_hp_loss":0.0,"gold_gain":0.0,"event_name":"betterThird:BetterScrap","player_choice":"LEAVE","floor":8.0,"gold_loss":0.0,"damage_taken":0.0,"cards_obtained":["Envenom"]}],"is_beta":false,"boss_relics":[],"items_purged_floors":[3],"is_endless":false,"potions_floor_spawned":[1,2],"killed_by":"Gremlin Nob","ascension_level":18}}