{"host":"o4p7qgaf1xspajzr","time":1612662061,"event":{"mods":["BaseMod","Block Reminder","Colored Map","Infinite Spire","Minty Spire (QoL Compilation)","Replay The Spire","StSLib","The Jungle"],"gold_per_floor":[118,68,82,7,25,54,54,72,126,126,226,240,259,259,259,364,364,382,382,15,15,15,45,45,45,45,45,45,79,93,126,126,126,126],"floor_reached":33,"language":"ENG","playtime":1061,"items_purged":["Defend_R"],"score":371,"play_id":"841dbfc1-faed-474e-a853-d30566544a96","local_time":"20210207014101","is_ascension_mode":true,"campfire_choices":[{"data":"infinitespire:OneForAll","floor":7,"key":"SMITH"},{"data":"Rage","floor":10,"key":"SMITH"},{"data":"Sever Soul","floor":15,"key":"SMITH"},{"data":"Defend_R","floor":24,"key":"PURGE"}],"circlet_count":0,"master_deck":["Defend_R","Bash+1","Rage+1","Shrug It Off+1","Iron Wave","infinitespire:OneForAll+1","Thunderclap","Sever Soul+1","Feed","Bloodletting","Inflame","Bite","Bite","Bite","Bite","Bite","Anger","Bandage Up","Swift Strike","Anger+1","Exhume"],"relics":["Burning Blood","infinitespire:ShieldingShard","Vajra","SlaversCollar","Replay:Multitool","Blue Doll","Strange Spoon","Replay:Rubber Ducky","Happy Flower","WingedGreaves"],"acts_visited":["Exordium","TheCity"],"potions_floor_usage":[6,16,18,23,29,29,31],"damage_taken":[{"damage":5,"enemies":"Small Slimes","floor":1,"turns":3},{"damage":1,"enemies":"Cultist","floor":3,"turns":3},{"damage":7,"enemies":"2 Louse","floor":5,"turns":4},{"damage":28,"enemies":"3 Sentries","floor":6,"turns":9},{"damage":15,"enemies":"Exordium Wildlife","floor":8,"turns":4},{"damage":0,"enemies":"3 Louse","floor":12,"turns":3},{"damage":2,"enemies":"2 Fungi Beasts","floor":13,"turns":3},{"damage":22,"enemies":"Hexaghost","floor":16,"turns":10},{"damage":9,"enemies":"3 Byrds","floor":18,"turns":3},{"damage":41,"enemies":"Slavers","floor":23,"turns":6},{"damage":2,"enemies":"Gremlin Leader","floor":29,"turns":6},{"damage":15,"enemies":"Shell Parasite","floor":30,"turns":3},{"damage":39,"enemies":"Slavers","floor":31,"turns":6},{"damage":69,"enemies":"Pondfish","floor":33,"turns":7}],"seed_played":"-8584024955578524381","potions_obtained":[{"floor":5,"key":"Fire Potion"},{"floor":12,"key":"LiquidBronze"},{"floor":13,"key":"SkillPotion"},{"floor":16,"key":"Ancient Potion"},{"floor":23,"key":"LifebloodPotion"},{"floor":27,"key":"Explosive Potion"},{"floor":27,"key":"Languid Potion"},{"floor":30,"key":"Elixir"}],"is_trial":false,"path_per_floor":["M","?","M","$","M","E","R","M","T","R","?","M","M","?","R","B",null,"M","?","$","?","$","E","R","AVR","T","?","R","E","M","E","R_BF","B"],"character_chosen":"IRONCLAD","items_purchased":["Inflame","Replay:Multitool"],"campfire_rested":0,"item_purchase_floors":[20,20],"current_hp_per_floor":[80,80,80,80,79,57,57,48,48,48,48,54,58,51,51,35,80,80,80,80,58,58,33,33,33,33,33,14,36,35,22,39,0,0],"gold":126,"neow_bonus":"UPGRADE_CARD","is_daily":false,"chose_seed":false,"campfire_upgraded":3,"win_rate":0.0,"timestamp":1612662061,"path_taken":["M","?","M","$","M","E","R","M","T","R","?","M","?","?","R","BOSS","M","?","$","?","?","E","R","AVR","T","?","R","E","?","E","R_BF","BOSS"],"items_purchased_type":["Card","Relic"],"build_version":"2020-12-22","purchased_purges":1,"victory":false,"max_hp_per_floor":[80,80,80,80,80,80,80,80,80,80,80,80,80,80,80,80,80,83,83,83,58,58,58,58,58,58,58,58,58,58,58,58,58,58],"card_choices":[{"not_picked":["Twin Strike","Armaments"],"picked":"Rage","floor":1},{"not_picked":["Iron Wave","Run Through"],"picked":"Shrug It Off","floor":3},{"not_picked":["Twin Strike","Perfected Strike"],"picked":"Iron Wave","floor":5},{"not_picked":["Reckless Charge","Armaments"],"picked":"infinitespire:OneForAll","floor":6},{"not_picked":["Power Through","Iron Wave"],"picked":"Thunderclap","floor":8},{"not_picked":["Massacre","Metallicize","Rupture"],"picked":"SKIP","floor":12},{"not_picked":["Run Through","Headbutt"],"picked":"Sever Soul","floor":13},{"not_picked":["Eclipse","Impervious"],"picked":"Feed","floor":16},{"not_picked":["Body Slam","Heavy Blade"],"picked":"Bloodletting","floor":18},{"not_picked":["Havoc","Dropkick"],"picked":"Anger","floor":23},{"not_picked":["Warcry","Body Slam"],"picked":"Anger+1","floor":29},{"not_picked":["Combust","Whirlwind"],"picked":"Exhume","floor":30},{"not_picked":["Ghostly Armor","Thunderclap","ReplayTheSpireMod:Strike From Hell"],"picked":"SKIP","floor":31}],"player_experience":222924,"relics_obtained":[{"floor":6,"key":"infinitespire:ShieldingShard"},{"floor":9,"key":"Vajra"},{"floor":23,"key":"Blue Doll"},{"floor":26,"key":"Replay:Rubber Ducky"},{"floor":29,"key":"Happy Flower"},{"floor":31,"key":"WingedGreaves"}],"event_choices":[{"cards_removed":["Strike_R"],"damage_healed":0,"gold_gain":0,"player_choice":"Card Removal","damage_taken":0,"max_hp_gain":0,"max_hp_loss":0,"event_name":"The Cleric","floor":2,"gold_loss":50},{"damage_healed":0,"gold_gain":100,"player_choice":"Pray","damage_taken":0,"max_hp_gain":0,"max_hp_loss":0,"event_name":"Golden Shrine","floor":11,"gold_loss":0},{"cards_removed":["Defend_R"],"damage_healed":0,"gold_gain":0,"player_choice":"Card Removal","damage_taken":7,"max_hp_gain":0,"max_hp_loss":0,"event_name":"Golden Wing","floor":14,"gold_loss":0},{"damage_healed":0,"gold_gain":0,"player_choice":"Ignored","damage_taken":0,"max_hp_gain":0,"max_hp_loss":0,"event_name":"Ghosts","floor":19,"gold_loss":0},{"damage_healed":0,"gold_gain":0,"player_choice":"Became a vampire","damage_taken":0,"max_hp_gain":0,"max_hp_loss":25,"event_name":"Vampires","floor":21,"gold_loss":0,"cards_obtained":["Bite","Bite","Bite","Bite","Bite"]},{"damage_healed":0,"gold_gain":0,"player_choice":"Got Potions","damage_taken":0,"max_hp_gain":0,"max_hp_loss":0,"event_name":"Lab","floor":27,"gold_loss":0},{"damage_healed":0,"gold_gain":0,"player_choice":"CARD CARD ","damage_taken":19,"max_hp_gain":0,"max_hp_loss":0,"event_name":"Knowing Skull","floor":28,"potions_obtained":[],"gold_loss":0,"cards_obtained":["Bandage Up","Swift Strike"]}],"is_beta":false,"boss_relics":[{"not_picked":["Kintsugi","Replay:Wanted Poster"],"picked":"SlaversCollar"}],"items_purged_floors":[4],"is_endless":false,"potions_floor_spawned":[5,12,13,16,23,30],"killed_by":"Pondfish","ascension_level":3}}