{"host":"d42v9a78iaxjks5w","time":1612689201,"event":{"mods":["BaseMod","BetterRewards","Colored Map","Colored Powertips","Downfall","Infinite Spire","Minty Spire (QoL Compilation)","Replay The Spire","StSLib"],"gold_per_floor":[112,128,28,47,122,122,122,153,227,227,95,107,107,107,127,142,142,240,290,304,258,173,173,198,198,209,226,302,322,322,194,208,208,208,305,305,323,323,371,421,374,374,374,374,374,130,130,150,150,182,182,182],"floor_reached":53,"language":"ENG","playtime":2303,"items_purged":["Defend_R"],"score":788,"play_id":"688e6ab1-4d55-44b6-a096-983782571d12","local_time":"20210207031321","is_ascension_mode":true,"campfire_choices":[{"data":"Ghostly Armor","floor":6,"key":"SMITH"},{"data":"Replay:BasicMightCard","floor":17,"key":"SMITH"},{"data":"Replay:Undeath\u0027s Touch","floor":25,"key":"SMITH"},{"data":"Shrug It Off","floor":30,"key":"SMITH"},{"data":"Whirlwind","floor":34,"key":"SMITH"},{"data":"Perfected Strike","floor":42,"key":"SMITH"},{"data":"Chrysalis","floor":42,"key":"SMITH"},{"data":"Body Slam","floor":49,"key":"SMITH"},{"data":"infinitespire:Fortify","floor":49,"key":"SMITH"},{"data":"Clothesline","floor":51,"key":"SMITH"},{"data":"Sadistic Nature","floor":51,"key":"SMITH"}],"circlet_count":0,"master_deck":["Strike_R","Strike_R","Strike_R","Strike_R","Strike_R","Defend_R","Defend_R","Bash","Ghostly Armor+1","Immolate","Immolate","Replay:Undeath\u0027s Touch+1","Inflame+1","Whirlwind+1","Replay:BasicMightCard+1","Clothesline+1","Shrug It Off","Immolate","Shrug It Off","Shrug It Off+1","Shrug It Off+1","Replay:Dark Deal","Chrysalis+1","Sadistic Nature","Thunderclap","Feed","Perfected Strike+1","Clothesline+1","Sadistic Nature+1","infinitespire:Fortify+1","infinitespire:FinalStrike","Body Slam+1"],"relics":["Burning Blood","Counterbalance","infinitespire:WardingShard","HornCleat","Tiny House","Pantograph","Orichalcum","Mirror","ReplayTheSpireMod:ShopPack","Sozu","Replay:Arrowhead","Thread and Needle","Shuriken","Lee\u0027s Waffle","Blood Vial"],"acts_visited":["Exordium","TheCity","TheBeyond"],"potions_floor_usage":[8,18,20,26,32,35,35,35],"damage_taken":[{"damage":5,"enemies":"Jaw Worm","floor":1,"turns":5},{"damage":14,"enemies":"Small Slimes","floor":2,"turns":4},{"damage":0,"enemies":"2 Louse","floor":4,"turns":2},{"damage":13,"enemies":"Replay:BlueRogue","floor":8,"turns":10},{"damage":0,"enemies":"Blue Slaver","floor":12,"turns":3},{"damage":0,"enemies":"Lots of Slimes","floor":15,"turns":1},{"damage":0,"enemies":"3 Louse","floor":16,"turns":2},{"damage":38,"enemies":"Hexaghost","floor":18,"turns":10},{"damage":0,"enemies":"2 Thieves","floor":20,"turns":3},{"damage":4,"enemies":"Shell Parasite","floor":26,"turns":5},{"damage":3,"enemies":"Snecko","floor":27,"turns":5},{"damage":13,"enemies":"Snake Plant","floor":29,"turns":6},{"damage":15,"enemies":"Sentry and Sphere","floor":32,"turns":5},{"damage":47,"enemies":"Automaton","floor":35,"turns":8},{"damage":0,"enemies":"3 Shapes","floor":37,"turns":2},{"damage":31,"enemies":"2 Orb Walkers","floor":39,"turns":4},{"damage":3,"enemies":"Mind Bloom Boss Battle","floor":40,"turns":4},{"damage":0,"enemies":"Orb Walker","floor":48,"turns":4},{"damage":63,"enemies":"Giant Head","floor":50,"turns":9},{"damage":30,"enemies":"infinitespire:MassOfShapes","floor":52,"turns":10}],"seed_played":"950361037126536058","potions_obtained":[{"floor":4,"key":"SkillPotion"},{"floor":15,"key":"CultistPotion"},{"floor":18,"key":"Fire Potion"},{"floor":19,"key":"LifebloodPotion"},{"floor":20,"key":"SpeedPotion"},{"floor":26,"key":"LiquidMemories"},{"floor":29,"key":"bronze:BurnAndBuffPotion"},{"floor":32,"key":"DuplicationPotion"}],"is_trial":false,"path_per_floor":["M","M","$","M","?","R","?","E","T","?","$","M","PTL","PTL","M","M","R","B",null,"M","$","?","?","T","R","M","M","T","M","R","$","M","?","R","B",null,"M","$","?","?","$","R","$","?","T","$","AVR","M","R","E","R","B",null],"character_chosen":"IRONCLAD","items_purchased":["Immolate","Whirlwind","Replay:BasicMightCard","Shrug It Off","ReplayTheSpireMod:ShopPack","Perfected Strike","Clothesline","Sadistic Nature"],"campfire_rested":0,"item_purchase_floors":[3,11,11,21,31,41,46,46],"current_hp_per_floor":[80,72,72,78,67,67,49,42,42,42,42,48,48,48,54,60,60,28,85,85,85,85,85,85,85,85,85,85,78,78,78,69,69,69,44,85,85,85,60,85,85,85,85,85,85,85,92,92,92,38,38,41],"gold":182,"neow_bonus":"THREE_CARDS","is_daily":false,"chose_seed":false,"campfire_upgraded":11,"win_rate":0.0,"timestamp":1612689201,"path_taken":["M","M","$","M","?","R","?","E","T","?","?","M","PTL","PTL","M","M","R","BOSS","M","$","?","?","?","R","M","?","T","M","R","?","M","?","R","BOSS","M","$","?","?","?","R","?","?","T","?","AVR","?","R","E","R","BOSS"],"items_purchased_type":["Card","Card","Card","Card","Relic","Card","Card","Card"],"build_version":"2020-12-22","purchased_purges":1,"victory":true,"max_hp_per_floor":[80,80,80,80,80,80,80,80,80,80,80,80,80,80,80,80,80,80,85,85,85,85,85,85,85,85,85,85,85,85,85,85,85,85,85,85,85,85,85,85,85,85,85,85,85,85,92,92,92,95,95,95],"card_choices":[{"not_picked":["Feel No Pain","Armaments","Dual Wield"],"picked":"SKIP","floor":1},{"not_picked":["ReplayTheSpireMod:Muscle Training","True Grit"],"picked":"Ghostly Armor","floor":2},{"not_picked":["Feel No Pain","Abandon","Cleave"],"picked":"SKIP","floor":4},{"not_picked":["True Grit","Life Link"],"picked":"Replay:Undeath\u0027s Touch","floor":8},{"not_picked":["Anger","Fiend Fire"],"picked":"Clothesline","floor":12},{"not_picked":["Pommel Strike","Twin Strike","Havoc"],"picked":"SKIP","floor":15},{"not_picked":["Heavy Blade","Wild Strike"],"picked":"Shrug It Off","floor":16},{"not_picked":["Fiend Fire","Offering"],"picked":"Immolate","floor":18},{"not_picked":["Seeing Red","Searing Blow"],"picked":"Shrug It Off","floor":20},{"not_picked":["Cleave","ReplayTheSpireMod:Limb From Limb+1"],"picked":"Shrug It Off+1","floor":26},{"not_picked":["Anger","Twin Strike+1","Massacre"],"picked":"SKIP","floor":27},{"not_picked":["Shrug It Off","Intimidate+1","Clash+1"],"picked":"SKIP","floor":29},{"not_picked":["Violence","Thinking Ahead"],"picked":"Replay:Dark Deal","floor":31},{"not_picked":["ReplayTheSpireMod:Private Reserves","PanicButton"],"picked":"Chrysalis","floor":31},{"not_picked":["Enlightenment","Mind Blast"],"picked":"Sadistic Nature","floor":31},{"not_picked":["True Grit","Rage","Rupture"],"picked":"SKIP","floor":32},{"not_picked":["Demonic Infusion","Juggernaut"],"picked":"Feed","floor":35},{"not_picked":["Pommel Strike+1","Twin Strike","Anger+1"],"picked":"SKIP","floor":37},{"not_picked":["Hemogenesis","True Grit+1"],"picked":"Body Slam","floor":48},{"not_picked":["Wild Strike+1","ReplayTheSpireMod:Corrosion Curse","Cleave+1"],"picked":"SKIP","floor":50}],"player_experience":100281,"relics_obtained":[{"floor":8,"key":"infinitespire:WardingShard"},{"floor":9,"key":"HornCleat"},{"floor":24,"key":"Orichalcum"},{"floor":28,"key":"Mirror"},{"floor":39,"key":"Replay:Arrowhead"},{"floor":40,"key":"Thread and Needle"},{"floor":45,"key":"Shuriken"},{"floor":50,"key":"Blood Vial"}],"event_choices":[{"damage_healed":0,"gold_gain":75,"player_choice":"Gather Gold","damage_taken":11,"max_hp_gain":0,"max_hp_loss":0,"event_name":"World of Goop","floor":5,"gold_loss":0},{"damage_healed":0,"gold_gain":0,"player_choice":"Success","damage_taken":18,"relics_obtained":["Counterbalance"],"max_hp_gain":0,"max_hp_loss":0,"event_name":"Scrap Ooze","floor":7,"gold_loss":0},{"damage_healed":0,"gold_gain":0,"player_choice":"Obtained Relic","damage_taken":0,"relics_obtained":["Pantograph"],"max_hp_gain":0,"max_hp_loss":0,"event_name":"Addict","floor":22,"gold_loss":85},{"damage_healed":0,"gold_gain":0,"player_choice":"Read","damage_taken":0,"max_hp_gain":0,"max_hp_loss":0,"event_name":"The Library","floor":33,"gold_loss":0,"cards_obtained":["Thunderclap"]},{"damage_healed":0,"gold_gain":0,"player_choice":"Fight","damage_taken":0,"max_hp_gain":0,"max_hp_loss":0,"event_name":"Mysterious Sphere","floor":39,"gold_loss":0},{"damage_healed":0,"gold_gain":0,"player_choice":"Fight","damage_taken":0,"max_hp_gain":0,"max_hp_loss":0,"event_name":"MindBloom","floor":40,"gold_loss":0},{"damage_healed":0,"gold_gain":0,"player_choice":"Ignored","damage_taken":0,"max_hp_gain":0,"max_hp_loss":0,"event_name":"Tomb of Lord Red Mask","floor":44,"gold_loss":0}],"is_beta":false,"boss_relics":[{"not_picked":["Runic Pyramid","Kintsugi"],"picked":"Tiny House"},{"not_picked":["Calling Bell","Philosopher\u0027s Stone"],"picked":"Sozu"}],"items_purged_floors":[47],"is_endless":false,"potions_floor_spawned":[4,15,18,20,26,29,32,40,50],"ascension_level":1}}