{"host":"xo0glkmxta74xh34","time":1612668047,"event":{"mods":["BaseMod","Downfall","Minty Spire (QoL Compilation)","Replay The Spire","StSLib"],"gold_per_floor":[99,111,123,123,33,45,69,99,99,99,127,127,127,141,157,258,258,258,270,285,300,300,310,333,347,347,347,347],"floor_reached":27,"language":"ENG","playtime":1187,"items_purged":["Delirium"],"score":350,"play_id":"aabf7c50-5c66-45e0-9a87-5f5b3ae6c3d1","local_time":"20210206212047","is_ascension_mode":true,"campfire_choices":[{"data":"Strike_P","floor":1.0,"key":"PURGE"},{"floor":10.0,"key":"REST"},{"data":"LikeWater","floor":12.0,"key":"SMITH"},{"floor":26,"key":"REST"}],"circlet_count":0,"master_deck":["Strike_P","Defend_P","Defend_P","Eruption+1","Vigilance","WindmillStrike+1","LikeWater+1","FollowUp","Adaptation","Judgement","Replay:BluntJabs+1","FearNoEvil","ConjureBlade","Perseverance+1"],"relics":["Velvet Choker","Ring of Hypnosis","ReplayTheSpireMod:Ring of Addiction","SacredBark","Chameleon Ring","Replay:Baseball","Sundial","Du-Vu Doll","Empty Cage","Toy Ornithopter"],"acts_visited":["Exordium","TheCity"],"potions_floor_usage":[16,20,23,27,27,27],"damage_taken":[{"damage":10.0,"enemies":"Small Slimes","floor":2.0,"turns":6.0},{"damage":0.0,"enemies":"2 Louse","floor":3.0,"turns":4.0},{"damage":0.0,"enemies":"downfall:FleeingMerchant","floor":5.0,"turns":4.0},{"damage":0.0,"enemies":"Jaw Worm","floor":6.0,"turns":4.0},{"damage":24.0,"enemies":"Gremlin Nob","floor":8.0,"turns":4.0},{"damage":0.0,"enemies":"Lagavulin","floor":11.0,"turns":3.0},{"damage":9.0,"enemies":"Lots of Slimes","floor":14.0,"turns":4.0},{"damage":0,"enemies":"Exordium Wildlife","floor":15,"turns":3},{"damage":8,"enemies":"The Guardian","floor":16,"turns":11},{"damage":11,"enemies":"3 Byrds","floor":19,"turns":3},{"damage":0,"enemies":"Snecko","floor":20,"turns":3},{"damage":4,"enemies":"Centurion and Healer","floor":21,"turns":4},{"damage":0,"enemies":"Snake Plant","floor":23,"turns":2},{"damage":16,"enemies":"Snecko","floor":25,"turns":5},{"damage":73,"enemies":"Slavers","floor":27,"turns":5}],"seed_played":"9212080857597045601","potions_obtained":[{"floor":3.0,"key":"Block Potion"},{"floor":4.0,"key":"BlessingOfTheForge"},{"floor":4.0,"key":"SpeedPotion"},{"floor":4.0,"key":"SkillPotion"},{"floor":6.0,"key":"Elixir"},{"floor":8.0,"key":"hexamod:SoulburnPotion"},{"floor":14.0,"key":"Weak Potion"},{"floor":16,"key":"Doom Potion"},{"floor":19,"key":"GamblersBrew"},{"floor":21,"key":"Adrenaline Potion"},{"floor":23,"key":"Elixir"}],"is_trial":false,"path_per_floor":["R","M","M","?","$","M","T","E","?","R","E","R","?","M","M","B",null,"R","M","M","M","?","M","T","M","R","E"],"character_chosen":"WATCHER","items_purchased":[],"campfire_rested":2,"item_purchase_floors":[],"current_hp_per_floor":[65,55,55,55,55,55,55,31,55,72,72,72,65,56,56,48,66,72,61,61,57,49,49,49,33,54,0,0],"gold":347,"neow_bonus":"BOSS_RELIC","is_daily":false,"chose_seed":false,"campfire_upgraded":1,"win_rate":0.0,"timestamp":1612668047,"path_taken":["R","M","M","?","$","M","T","E","?","R","E","R","?","M","M","BOSS","R","M","M","M","?","M","T","M","R","E"],"items_purchased_type":[],"build_version":"2020-12-22","purchased_purges":1,"victory":false,"max_hp_per_floor":[72,72,72,72,72,72,72,72,72,72,72,72,72,72,72,72,72,72,72,70,70,70,70,70,70,70,68,68],"card_choices":[{"not_picked":["SashWhip","FlurryOfBlows","WaveOfTheHand"],"picked":"SKIP","floor":2.0},{"not_picked":["Replay:AtTheReady","Replay:ManipulateFuture"],"picked":"WindmillStrike","floor":3.0},{"not_picked":["Replay:Cycle","Sanctity"],"picked":"LikeWater","floor":5.0},{"not_picked":["Replay:Cycle","InnerPeace","BowlingBash"],"picked":"SKIP","floor":6.0},{"not_picked":["Fasting2","Nirvana"],"picked":"FollowUp","floor":8.0},{"not_picked":["Prostrate","Wireheading","Halt"],"picked":"SKIP","floor":11.0},{"not_picked":["MentalFortress","Vault","Protect"],"picked":"SKIP","floor":14.0},{"not_picked":["WreathOfFlame","Replay:AtTheReady"],"picked":"Adaptation","floor":15},{"not_picked":["DevaForm","Omniscience"],"picked":"Judgement","floor":16},{"not_picked":["Prostrate","Adaptation"],"picked":"Replay:BluntJabs+1","floor":19},{"not_picked":["ForeignInfluence","Evaluate"],"picked":"FearNoEvil","floor":20},{"not_picked":["JustLucky","Prostrate","Replay:ManipulateFuture"],"picked":"SKIP","floor":21},{"not_picked":["ClearTheMind+1","JustLucky+1"],"picked":"ConjureBlade","floor":23},{"not_picked":["Weave","Replay:BluntJabs"],"picked":"Perseverance+1","floor":25}],"player_experience":392453,"relics_obtained":[{"floor":4.0,"key":"Ring of Hypnosis"},{"floor":4.0,"key":"ReplayTheSpireMod:Ring of Addiction"},{"floor":4.0,"key":"SacredBark"},{"floor":4.0,"key":"Chameleon Ring"},{"floor":7.0,"key":"Replay:Baseball"},{"floor":8.0,"key":"Sundial"},{"floor":11.0,"key":"Du-Vu Doll"},{"floor":24,"key":"Toy Ornithopter"}],"event_choices":[{"damage_healed":24.0,"max_hp_gain":0.0,"max_hp_loss":0.0,"gold_gain":0.0,"event_name":"Big Fish","player_choice":"Banana","floor":9.0,"gold_loss":0.0,"damage_taken":0.0},{"cards_removed":["Defend_P"],"damage_healed":0.0,"max_hp_gain":0.0,"max_hp_loss":0.0,"gold_gain":0.0,"event_name":"Golden Wing","player_choice":"Card Removal","floor":13.0,"gold_loss":0.0,"damage_taken":7.0}],"is_beta":false,"boss_relics":[{"not_picked":["Snecko Eye","Painkiller Herb"],"picked":"Empty Cage"}],"items_purged_floors":[5],"is_endless":false,"potions_floor_spawned":[3,6,8,14,16,19,21,23],"killed_by":"Slavers","ascension_level":8}}