{"host":"ttx8tv95o5vka1nm","time":1612687197,"event":{"mods":["AchievementEnabler","BaseMod","Colored Map","Evolution","Infinite Spire","Minty Spire (QoL Compilation)","Relic Filter Mod","Reliquary","Robot Space Explorer","Shop Mod","Spicy Shops","StSLib","The Bug Knight","The Cursed","The Forsaken","The Hierophant","The Runesmith","TheBandit"],"gold_per_floor":[118,134,151,151,151,185,205,219,219,203,219,219,231,258,258,360,360,379,395,395,409,409,409,442,442,442,456,470,470,570,604,604,708,708,708,186,216,312],"floor_reached":39,"language":"ENG","playtime":4604,"items_purged":["theForsaken:TheForsaken_Strike","theForsaken:TheForsaken_Strike"],"score":931,"play_id":"2397d4dc-04d0-4fce-a7bc-b9f65a658734","local_time":"20210207183957","is_ascension_mode":false,"campfire_choices":[{"floor":12,"key":"REST"},{"data":"theForsaken:FuryStrikes","floor":15,"key":"SMITH"},{"floor":23,"key":"REST"},{"data":"theForsaken:Horror","floor":25,"key":"SMITH"},{"data":"theForsaken:Preservation","floor":29,"key":"SMITH"},{"floor":32,"key":"REST"},{"data":"theForsaken:Mantra","floor":35,"key":"SMITH"}],"circlet_count":0,"master_deck":["theForsaken:TheForsaken_Strike","theForsaken:TheForsaken_Strike","theForsaken:TheForsaken_Defend","theForsaken:TheForsaken_Defend","theForsaken:TheForsaken_Defend","theForsaken:Smite","theForsaken:Penitence","theForsaken:Bolster","theForsaken:FatRoll","theForsaken:RainingSunlight","theForsaken:ShieldBash","theForsaken:Backlash","theForsaken:SiphonStrike","theForsaken:NobleSacrifice","theForsaken:Horror+1","theForsaken:BlightOfFamine","theForsaken:FuryStrikes+1","theForsaken:Purification","theForsaken:DarkBargain+1","theForsaken:ShieldBash","theForsaken:PreciseStrike","theForsaken:DefensiveStance+1","theForsaken:Preservation+1","theForsaken:LightRoll+1","theForsaken:Mantra+1","theForsaken:AncientWords+1","theForsaken:ShieldBash+1","theForsaken:DivineGuidance+1","theForsaken:CorruptedWord+1","theForsaken:SpreadingPlague"],"relics":["theForsaken:JudgementScales","EVO:Axolotl","Tiny Chest","theForsaken:Kindling","Dead Branch","Philosopher\u0027s Stone","Runesmith:UraniumAnvil","Membership Card","infinitespire:CheckeredPen","HollowMod:StagPassRelic","Torii","reliquary:TridentHead","PreservedInsect","reliquary:KinkedSpring","MerchantsRug","HandDrill","Pear","Pen Nib","Shovel"],"acts_visited":["Exordium","TheCity","TheEnding"],"potions_floor_usage":[6,13,14,18,18,19,33,37],"damage_taken":[{"damage":1,"enemies":"Jaw Worm","floor":1,"turns":5},{"damage":2,"enemies":"Cultist","floor":2,"turns":6},{"damage":0,"enemies":"Small Slimes","floor":3,"turns":5},{"damage":20,"enemies":"3 Sentries","floor":6,"turns":9},{"damage":0,"enemies":"Blue Slaver","floor":7,"turns":7},{"damage":14,"enemies":"Red Slaver","floor":8,"turns":5},{"damage":28,"enemies":"Exordium Thugs","floor":10,"turns":4},{"damage":1,"enemies":"Looter","floor":11,"turns":4},{"damage":18,"enemies":"Exordium Wildlife","floor":13,"turns":7},{"damage":0,"enemies":"Lagavulin","floor":14,"turns":9},{"damage":15,"enemies":"The Guardian","floor":16,"turns":14},{"damage":21,"enemies":"2 Thieves","floor":18,"turns":4},{"damage":35,"enemies":"3 Byrds","floor":19,"turns":5},{"damage":5,"enemies":"Sentry and Sphere","floor":21,"turns":6},{"damage":2,"enemies":"Nightmare","floor":24,"turns":8},{"damage":0,"enemies":"Snecko","floor":27,"turns":3},{"damage":0,"enemies":"Snake Plant","floor":28,"turns":1},{"damage":12,"enemies":"Colosseum Slavers","floor":30,"turns":3},{"damage":24,"enemies":"Colosseum Nobs","floor":30,"turns":5},{"damage":0,"enemies":"Book of Stabbing","floor":31,"turns":5},{"damage":57,"enemies":"Collector","floor":33,"turns":13},{"damage":20,"enemies":"Shield and Spear","floor":37,"turns":6},{"damage":44,"enemies":"The Heart","floor":38,"turns":11}],"seed_played":"-3114371710740918027","potions_obtained":[{"floor":2,"key":"SkillPotion"},{"floor":3,"key":"LiquidBronze"},{"floor":10,"key":"Explosive Potion"},{"floor":11,"key":"PowerPotion"},{"floor":13,"key":"theForsaken:FearPotion"},{"floor":16,"key":"Block Potion"},{"floor":18,"key":"Fire Potion"},{"floor":21,"key":"Energy Potion"},{"floor":28,"key":"SteroidPotion"},{"floor":31,"key":"Swift Potion"},{"floor":38,"key":"CultistPotion"}],"is_trial":false,"path_per_floor":["M","M","M","?","?","E","M","M","T","M","M","R","M","E","R","B",null,"M","M","AVR","M","?","R","NM","R","T","M","M","R","?","E","R","B",null,"R","$","E","B",null],"character_chosen":"THE_FORSAKEN","items_purchased":["MerchantsRug","HandDrill","theForsaken:AncientWords","Pear","theForsaken:ShieldBash","theForsaken:DivineGuidance","Pen Nib"],"campfire_rested":3,"item_purchase_floors":[36,36,36,36,36,36,36],"current_hp_per_floor":[71,69,71,76,69,52,55,44,44,26,27,54,39,41,41,35,81,62,40,40,40,40,69,70,70,70,70,70,70,43,45,75,79,91,91,101,83,45],"gold":312,"neow_bonus":"TEN_PERCENT_HP_BONUS","is_daily":false,"chose_seed":false,"campfire_upgraded":4,"win_rate":0.0,"timestamp":1612687197,"path_taken":["M","M","M","?","?","E","M","M","T","M","M","R","M","E","R","BOSS","M","M","AVR","M","?","R","NM","R","T","M","?","R","?","E","R","BOSS","R","$","E","BOSS"],"items_purchased_type":["Relic","Relic","Card","Relic","Card","Card","Relic"],"build_version":"2020-12-22","purchased_purges":2,"victory":true,"max_hp_per_floor":[71,71,71,76,76,76,76,76,76,76,76,81,81,81,81,81,81,81,81,81,81,81,86,86,86,86,86,86,86,86,86,91,91,91,91,101,101,101],"card_choices":[{"not_picked":["theForsaken:PanicDive","theForsaken:BountifulSunlight"],"picked":"theForsaken:Bolster","floor":1},{"not_picked":["theForsaken:CreepingInfection","theForsaken:Devotion"],"picked":"theForsaken:FatRoll","floor":2},{"not_picked":["theForsaken:ShieldBash","theForsaken:Retribution"],"picked":"theForsaken:RainingSunlight","floor":3},{"not_picked":["theForsaken:BlightOfFamine","theForsaken:MagicWeapon"],"picked":"theForsaken:ShieldBash","floor":6},{"not_picked":["theForsaken:ScorchingSunlight","theForsaken:ShieldCharge"],"picked":"theForsaken:Backlash","floor":7},{"not_picked":["theForsaken:BattleHymn","theForsaken:PowerUp"],"picked":"theForsaken:SiphonStrike","floor":8},{"not_picked":["theForsaken:FatRoll","theForsaken:Thunderbolt"],"picked":"theForsaken:NobleSacrifice","floor":10},{"not_picked":["theForsaken:HymnOfPatience","theForsaken:BindingThorns"],"picked":"theForsaken:Horror","floor":11},{"not_picked":["theForsaken:RainingSunlight","theForsaken:QuickAttack"],"picked":"theForsaken:BlightOfFamine","floor":13},{"not_picked":["theForsaken:StoreUp","theForsaken:FatRoll"],"picked":"theForsaken:FuryStrikes","floor":14},{"not_picked":["theForsaken:Temperance","theForsaken:Retribution"],"picked":"theForsaken:Purification","floor":16},{"not_picked":["theForsaken:PanicDive","theForsaken:Parry"],"picked":"theForsaken:DarkBargain+1","floor":18},{"not_picked":["theForsaken:ChargeAttack","theForsaken:DarkBargain"],"picked":"theForsaken:ShieldBash","floor":19},{"not_picked":["theForsaken:QuickAttack","theForsaken:BottledPlague"],"picked":"theForsaken:PreciseStrike","floor":21},{"not_picked":["theForsaken:PanicDive","theForsaken:ShieldCharge+1"],"picked":"theForsaken:DefensiveStance+1","floor":24},{"not_picked":["theForsaken:NobleSacrifice+1","theForsaken:RainingSunlight+1","theForsaken:SolarFlare"],"picked":"SKIP","floor":27},{"not_picked":["theForsaken:RainingSunlight","theForsaken:BindingThorns+1"],"picked":"theForsaken:Preservation","floor":28},{"not_picked":["theForsaken:ShieldBash","theForsaken:Backlash+1"],"picked":"theForsaken:LightRoll+1","floor":30},{"not_picked":["theForsaken:HymnOfPatience","theForsaken:Parry","theForsaken:FuryStrikes"],"picked":"SKIP","floor":31},{"not_picked":["theForsaken:DivineGuidance","theForsaken:CorruptedForm"],"picked":"theForsaken:Mantra","floor":33},{"not_picked":["theForsaken:ShieldCharge","theForsaken:HealingLight"],"picked":"theForsaken:CorruptedWord+1","floor":37},{"not_picked":["theForsaken:Confusion","theForsaken:SacrificeSoul"],"picked":"theForsaken:SpreadingPlague","floor":38}],"player_experience":810162,"relics_obtained":[{"floor":6,"key":"Tiny Chest"},{"floor":9,"key":"theForsaken:Kindling"},{"floor":14,"key":"Dead Branch"},{"floor":24,"key":"infinitespire:CheckeredPen"},{"floor":26,"key":"HollowMod:StagPassRelic"},{"floor":30,"key":"Torii"},{"floor":30,"key":"reliquary:TridentHead"},{"floor":31,"key":"PreservedInsect"},{"floor":37,"key":"Shovel"}],"event_choices":[{"damage_healed":0,"gold_gain":0,"player_choice":"Donut","damage_taken":0,"max_hp_gain":5,"max_hp_loss":0,"event_name":"Big Fish","floor":4,"gold_loss":0},{"cards_removed":["theForsaken:TheForsaken_Defend"],"damage_healed":0,"gold_gain":0,"player_choice":"Card Removal","damage_taken":7,"max_hp_gain":0,"max_hp_loss":0,"event_name":"Golden Wing","floor":5,"gold_loss":0},{"damage_healed":0,"gold_gain":0,"player_choice":"Ignored","damage_taken":0,"max_hp_gain":0,"max_hp_loss":0,"event_name":"NoteForYourself","floor":22,"gold_loss":0},{"damage_healed":0,"gold_gain":0,"player_choice":"Fight","damage_taken":0,"max_hp_gain":0,"max_hp_loss":0,"event_name":"Colosseum","floor":30,"gold_loss":0},{"damage_healed":0,"gold_gain":0,"player_choice":"Fought Nobs","damage_taken":0,"max_hp_gain":0,"max_hp_loss":0,"event_name":"Colosseum","floor":30,"gold_loss":0}],"is_beta":false,"boss_relics":[{"not_picked":["reliquary:Craggleroot","Cursed Key"],"picked":"Philosopher\u0027s Stone"},{"not_picked":["Fusion Hammer","Busted Crown"],"picked":"reliquary:KinkedSpring"}],"items_purged_floors":[36,36],"is_endless":true,"potions_floor_spawned":[2,3,10,11,13,16,18,21,28,30,31,38],"ascension_level":0}}