{"host":"og21o26alpnbwmz8","time":1612720055,"event":{"mods":["Act Like it!","Aspiration","BaseMod","Conspire","Downfall","Halation","Hallownest","Hubris","Jedi Mod","Mimic Mod","Minty Spire (QoL Compilation)","Pale of the Ancients","Reliquary","Replay The Spire","Shop Mod","Spikes Relics","StSLib","The Alterego","The Blackbeard","The Blue Laboratory","The Death Knight","The Runesmith","Waifu the Spire"],"gold_per_floor":[99,99,99,99,99,99,122,32,42,42,67,52,52,37,57,57,57,57],"floor_reached":16,"language":"ENG","playtime":466,"items_purged":["champ:Strike"],"score":84,"play_id":"5a1fb997-d658-4db7-ada2-ea6647ec5315","local_time":"20210207124735","is_ascension_mode":false,"campfire_choices":[{"data":"champ:Taunt","floor":1,"key":"SMITH"},{"data":"champ:ShieldSigil","floor":6,"key":"SMITH"},{"data":"champ:DefensiveShout","floor":10,"key":"SMITH"},{"floor":13,"key":"REST"}],"circlet_count":0,"master_deck":["champ:Strike+1","champ:Strike+1","champ:Strike","champ:Defend","champ:Defend","champ:Defend","champ:Defend","champ:Execute","champ:Taunt+1","champ:ShieldSigil","champ:ShieldSigil","Pride","champ:ShieldSigil+1","champ:DefensiveShout+1","champ:TornadoPunch","champ:EnGarde"],"relics":["champ:ChampionCrown","downfall:HeartsMalice","Whetstone","reliquary:SilkGlove"],"acts_visited":["Exordium"],"potions_floor_usage":[],"damage_taken":[{"damage":0,"enemies":"2 Louse","floor":2,"turns":1},{"damage":0,"enemies":"Cultist","floor":3,"turns":1},{"damage":0,"enemies":"Jaw Worm","floor":5,"turns":1},{"damage":45,"enemies":"downfall:FleeingMerchant","floor":8,"turns":4},{"damage":25,"enemies":"Large Slime","floor":9,"turns":5},{"damage":29,"enemies":"conspire:MimicChest","floor":11,"turns":5},{"damage":5,"enemies":"downfall:FleeingMerchant","floor":12,"turns":4},{"damage":25,"enemies":"downfall:FleeingMerchant","floor":14,"turns":4},{"damage":8,"enemies":"Blue Slaver","floor":15,"turns":4},{"damage":15,"enemies":"IC_STATUS_ARCHETYPE","floor":16,"turns":2}],"seed_played":"-6398368443086051829","potions_obtained":[{"floor":9,"key":"blueLaboratory:PolymorphPotion"},{"floor":15,"key":"Reflective Coating"}],"is_trial":false,"path_per_floor":["R","M","M","?","M","R","T","$","M","R","?","$","R","$","M","B"],"character_chosen":"THE_CHAMP","items_purchased":[],"campfire_rested":1,"item_purchase_floors":[],"current_hp_per_floor":[90,90,90,55,55,55,55,55,30,30,6,1,28,13,5,0,0,0],"gold":57,"neow_bonus":"THREE_ENEMY_KILL","is_daily":false,"chose_seed":false,"campfire_upgraded":3,"win_rate":0.0,"timestamp":1612720055,"path_taken":["R","M","M","?","?","R","T","?","M","R","?","$","R","$","M","BOSS"],"items_purchased_type":[],"build_version":"2020-12-22","purchased_purges":1,"victory":false,"max_hp_per_floor":[90,90,90,90,90,90,90,90,90,90,90,90,90,90,90,90,90,90],"card_choices":[{"not_picked":["champ:EnGarde","champ:StanceDance"],"picked":"champ:ShieldSigil","floor":2},{"not_picked":["champ:Haymaker","champ:SwordThrow"],"picked":"champ:ShieldSigil","floor":3},{"not_picked":["champ:ShieldWall","champ:EnGarde"],"picked":"champ:ShieldSigil","floor":5},{"not_picked":["champ:TornadoPunch","champ:ShieldThrow"],"picked":"champ:DefensiveShout","floor":8},{"not_picked":["champ:GutPunch","champ:Duel","champ:BringItOn"],"picked":"SKIP","floor":9},{"not_picked":["champ:ShieldSlam","champ:Haymaker","champ:StanceDance"],"picked":"SKIP","floor":12},{"not_picked":["champ:DefensiveShout","champ:IronFortress"],"picked":"champ:TornadoPunch","floor":14},{"not_picked":["champ:StanceDance","champ:FanOfKnives"],"picked":"champ:EnGarde","floor":15}],"player_experience":247638,"relics_obtained":[{"floor":7,"key":"Whetstone"},{"floor":11,"key":"reliquary:SilkGlove"}],"event_choices":[],"is_beta":false,"boss_relics":[],"items_purged_floors":[8],"is_endless":false,"potions_floor_spawned":[9,15],"killed_by":"IC_STATUS_ARCHETYPE","ascension_level":0}}