{"host":"za9ilm1uiwmpmin1","time":1612712635,"event":{"mods":["AchievementEnabler","Act Like it!","BaseMod","Dota2Spire","Downfall","Friendly Minions","KomeijiMod","Lobotomy","LobotomyExtend","Minty Spire (QoL Compilation)","MostiFishMod","Reorder Act Four","RumiaBox-露米娅的神秘盒子","StSLib","TestMod","Waifu the Spire","[IsaacMod]以撒尖塔","【功能Mod】混沌之环修复补丁"],"gold_per_floor":[119,181,181,192,208,208,243,168,168,201,218,235,265,277,277,377,377,377,390,409,426,445,475,132,149,149,149,177,177,190,290,290,408,408,436,462,485,331,331,331,358,382,407,434,434,70,108,122,122,160,160,160,10,10,46,53],"floor_reached":57,"language":"ZHS","playtime":4429,"items_purged":["sneckomod:Strike","sneckomod:Strike","sneckomod:Defend","sneckomod:Defend","sneckomod:Defend","sneckomod:SnekBite"],"score":2565,"play_id":"2b96157e-8d4c-43bd-8542-3179264badf1","local_time":"20210207234355","is_ascension_mode":true,"campfire_choices":[{"data":"Twilight","floor":6.0,"key":"SMITH"},{"data":"GoldRush","floor":15.0,"key":"SMITH"},{"data":"Logging","floor":32,"key":"SMITH"},{"floor":40,"key":"RECALL"},{"data":"sneckomod:Rotation","floor":49,"key":"SMITH"},{"data":"sneckomod:Restock","floor":54,"key":"SMITH"}],"circlet_count":0,"master_deck":["AscendersBane","sneckomod:Unknown","sneckomod:UnknownClassAngela+1","sneckomod:UnknownClassAngela","sneckomod:UnknownClassAngela","sneckomod:UnknownClassAngela","WristCuter","sneckomod:UnknownDraw","Ecstasy","Twilight+1","GoldRush+1","ControlCode","DisciplinaryCode","Regret_ego+1","sneckomod:Rotation+1","ScreamingWedge","sneckomod:SoulDraw","WelfareCode","sneckomod:Restock+1","sneckomod:Rotation+1","BearPaw","sneckomod:UnknownDraw","sneckomod:SerpentMind+1","GrinderMk4","Logging+1","sneckomod:SnakeSap","Christmas+1","Diffraction","TT2Protocol","sneckomod:SoulExchange","GreenStem+1"],"relics":["DaveBox","HushsDoor","testmod-TestBox","testmod-ArcanaOfDestiny","BookofShadows","GuanYuAspect","sneckomod:SneckoBoss","SynthV:TestCard","LetterFromLob","Anchor","DeadEye","Frozen Egg 2","GodSword5","Transparent","Diplopia","ImprovedEquipment","testmod-RainbowHikingShoes","HonorFeather","MostiFishMod:Haymaker","testmod-TheFather","Pantograph","Dota2Spire:RefresherOrb","Bag of Marbles","StoneCalendar","Toy Ornithopter","Ancient Tea Set","SatanicBible","PreservedInsect","MaYiHuaBei"],"acts_visited":["Exordium","TheCity","TheBeyond","TheEnding"],"potions_floor_usage":[45,45,56,56],"damage_taken":[{"damage":5.0,"enemies":"Small Slimes","floor":1.0,"turns":2.0},{"damage":0.0,"enemies":"Cultist","floor":4.0,"turns":3.0},{"damage":0.0,"enemies":"2 Louse","floor":5.0,"turns":2.0},{"damage":8.0,"enemies":"Lagavulin","floor":7.0,"turns":6.0},{"damage":0.0,"enemies":"3 Sentries","floor":10.0,"turns":3.0},{"damage":0.0,"enemies":"2 Fungi Beasts","floor":11.0,"turns":1.0},{"damage":0.0,"enemies":"Large Slime","floor":12.0,"turns":2.0},{"damage":0.0,"enemies":"Lagavulin","floor":13.0,"turns":2.0},{"damage":6.0,"enemies":"Exordium Wildlife","floor":14.0,"turns":2.0},{"damage":0.0,"enemies":"The Guardian","floor":16.0,"turns":4.0},{"damage":8.0,"enemies":"3 Byrds","floor":19.0,"turns":3.0},{"damage":8.0,"enemies":"Spheric Guardian","floor":20.0,"turns":1.0},{"damage":16.0,"enemies":"Cultist and Chosen","floor":21.0,"turns":2.0},{"damage":0.0,"enemies":"Snake Plant","floor":22.0,"turns":2.0},{"damage":16.0,"enemies":"Gremlin Leader","floor":23.0,"turns":2.0},{"damage":24,"enemies":"Centurion and Healer","floor":25,"turns":3},{"damage":8,"enemies":"Centurion and Healer","floor":27,"turns":2},{"damage":8,"enemies":"Book of Stabbing","floor":28,"turns":2},{"damage":16,"enemies":"3 Cultists","floor":30,"turns":2},{"damage":0,"enemies":"Colosseum Slavers","floor":31,"turns":1},{"damage":16,"enemies":"Colosseum Nobs","floor":31,"turns":2},{"damage":16,"enemies":"Collector","floor":33,"turns":2},{"damage":10,"enemies":"3 Darklings","floor":35,"turns":2},{"damage":7,"enemies":"3 Shapes","floor":36,"turns":1},{"damage":5,"enemies":"Jaw Worm Horde","floor":37,"turns":1},{"damage":0,"enemies":"Nemesis","floor":41,"turns":3},{"damage":5,"enemies":"Spire Growth","floor":42,"turns":1},{"damage":10,"enemies":"Giant Head","floor":44,"turns":2},{"damage":21,"enemies":"Nemesis","floor":47,"turns":3},{"damage":14,"enemies":"Writhing Mass","floor":48,"turns":2},{"damage":21,"enemies":"Awakened One","floor":50,"turns":3},{"damage":0,"enemies":"Shield and Spear","floor":55,"turns":1},{"damage":14,"enemies":"The Heart","floor":56,"turns":2}],"seed_played":"-7959674500242809515","potions_obtained":[{"floor":4.0,"key":"Block Potion"},{"floor":7.0,"key":"Strength Potion"},{"floor":45,"key":"Fruit Juice"},{"floor":45,"key":"Fruit Juice"},{"floor":45,"key":"ColorlessPotion"}],"is_trial":false,"path_per_floor":["M","?","?","M","M","R","E","$","T","E","M","M","E","M","R","B",null,"M","M","M","M","M","E","$","M","T","?","E","?","M","?","R","B",null,"M","M","M","$","?","R","E","M","T","E","?","$","E","M","R","B",null,null,"$","R","E","B",null],"character_chosen":"THE_SNECKO","items_purchased":["ImprovedEquipment","sneckomod:SoulExchange","Bag of Marbles","SatanicBible"],"campfire_rested":0,"item_purchase_floors":[24,34,38,46],"current_hp_per_floor":[41,26,26,35,39,39,38,38,38,45,45,45,45,45,45,45,40,40,40,40,40,40,40,40,40,40,40,40,40,40,40,40,40,29,29,29,29,29,28,28,28,28,28,28,38,38,38,38,38,38,38,38,38,38,38,38],"gold":53,"neow_bonus":"BOSS_RELIC","is_daily":false,"chose_seed":false,"campfire_upgraded":5,"win_rate":0.0,"timestamp":1612712635,"path_taken":["M","?","?","M","M","R","E","$","T","E","M","M","E","M","R","BOSS","M","M","M","M","M","E","$","M","T","?","E","?","M","?","R","BOSS","M","M","?","$","?","R","E","M","T","E","?","?","E","M","R","BOSS","$","R","E","BOSS"],"items_purchased_type":["Relic","Card","Relic","Relic"],"build_version":"2020-12-22","purchased_purges":6,"victory":true,"max_hp_per_floor":[45,45,45,45,45,45,45,45,45,45,45,45,45,45,45,45,40,40,40,40,40,40,40,40,40,40,40,40,40,40,40,40,40,29,29,29,29,29,28,28,28,28,28,28,38,38,38,38,38,38,38,38,38,38,38,38],"card_choices":[{"not_picked":["Pleasure","ShedSkin"],"picked":"WristCuter","floor":1.0},{"not_picked":["sneckomod:MasterEye","sneckomod:UnknownBlock"],"picked":"sneckomod:UnknownDraw","floor":1.0},{"not_picked":["LifeForTheDareDevil","RecordCode"],"picked":"Ecstasy","floor":4.0},{"not_picked":["sneckomod:Unknown0Cost","sneckomod:UnknownCommonAttack","sneckomod:PureSnecko","sneckomod:QuickMove","sneckomod:SlitherStrike"],"picked":"SKIP","floor":4.0},{"not_picked":["sneckomod:Unknown0Cost","sneckomod:UnknownCommonAttack","sneckomod:PureSnecko","sneckomod:QuickMove","sneckomod:SlitherStrike"],"picked":"SKIP","floor":4.0},{"not_picked":["TheSmile","BearPaw"],"picked":"Twilight","floor":5.0},{"not_picked":["sneckomod:DiceBlock","sneckomod:UnknownX","sneckomod:QuickBite","sneckomod:UnknownCommonSkill","sneckomod:WideSting"],"picked":"SKIP","floor":5.0},{"not_picked":["SwordSharpenedByTears","WristCuter"],"picked":"GoldRush","floor":7.0},{"not_picked":["sneckomod:WideSting","sneckomod:Cheat","sneckomod:Nope","sneckomod:UnknownStrike","sneckomod:Unknown2Cost"],"picked":"SKIP","floor":7.0},{"not_picked":["sneckomod:WideSting","sneckomod:Cheat","sneckomod:Nope","sneckomod:UnknownStrike","sneckomod:Unknown2Cost"],"picked":"SKIP","floor":7.0},{"not_picked":["sneckomod:UnknownVulnerable","sneckomod:IronFang","sneckomod:UnknownCommonAttack","sneckomod:UnknownStrength","sneckomod:UnknownClassTHE_BRONZE_AUTOMATON"],"picked":"SKIP","floor":10.0},{"not_picked":["WhiteAim","Pleasure"],"picked":"ControlCode","floor":11.0},{"not_picked":["sneckomod:SoulExchange","sneckomod:UnknownColorless","sneckomod:UnknownClassTHE_BRONZE_AUTOMATON","sneckomod:CheapStock+1","sneckomod:ImprovisedAttack"],"picked":"SKIP","floor":11.0},{"not_picked":["Mimicry","WhiteAim"],"picked":"DisciplinaryCode","floor":12.0},{"not_picked":["sneckomod:SoulRoll","sneckomod:UnknownBlock","sneckomod:MixItUp","sneckomod:RainOfDice","sneckomod:WideSting"],"picked":"SKIP","floor":12.0},{"not_picked":["sneckomod:SoulRoll","sneckomod:UnknownBlock","sneckomod:MixItUp","sneckomod:RainOfDice","sneckomod:WideSting"],"picked":"SKIP","floor":12.0},{"not_picked":["Amita","BearPaw"],"picked":"Regret_ego","floor":13.0},{"not_picked":["sneckomod:MixItUp","sneckomod:UnknownVulnerable","sneckomod:ImprovisedAttack","sneckomod:RainOfDice"],"picked":"sneckomod:Rotation","floor":13.0},{"not_picked":["CUTE","BlackAim"],"picked":"ScreamingWedge","floor":14.0},{"not_picked":["sneckomod:TrashToTreasure","sneckomod:QuickMove","sneckomod:DiceCrush","sneckomod:Unknown0Cost"],"picked":"sneckomod:SoulDraw","floor":14.0},{"not_picked":["RapturousDream","Regret_ego"],"picked":"WelfareCode","floor":16.0},{"not_picked":["sneckomod:DangerNoodle","sneckomod:Mudshield+1","sneckomod:UnknownRareAttack","sneckomod:MorePower+1"],"picked":"sneckomod:Restock","floor":16.0},{"not_picked":["sneckomod:DiceBlock","sneckomod:Rotation+1","sneckomod:DiceCrush","sneckomod:UnlimitedRolls+1","sneckomod:UnknownClassTHE_BRONZE_AUTOMATON+1"],"picked":"SKIP","floor":19.0},{"not_picked":["sneckomod:DiceBlock","sneckomod:DiceCrush","sneckomod:UnlimitedRolls+1","sneckomod:UnknownClassTHE_BRONZE_AUTOMATON+1"],"picked":"sneckomod:Rotation+1","floor":19.0},{"not_picked":["RedEyes","Lamp"],"picked":"BearPaw","floor":20.0},{"not_picked":["sneckomod:SerpentMind+1","sneckomod:UnknownWeak+1","sneckomod:SoulCleanse","sneckomod:UnknownClassAngela+1","sneckomod:Unknown2Cost"],"picked":"SKIP","floor":20.0},{"not_picked":["sneckomod:WideSting+1","sneckomod:DefensiveFlair","sneckomod:QuickMove","sneckomod:DiceCrush","sneckomod:PureSnecko"],"picked":"SKIP","floor":21.0},{"not_picked":["sneckomod:SlitherStrike","sneckomod:UnknownRareSkill","sneckomod:QuickBite+1","sneckomod:Nope"],"picked":"sneckomod:UnknownDraw","floor":22.0},{"not_picked":["sneckomod:SoulRoll","sneckomod:UnknownBlock","sneckomod:Memorize","sneckomod:RainOfDice+1"],"picked":"sneckomod:SerpentMind+1","floor":23},{"not_picked":["Reverberation","Noise"],"picked":"GrinderMk4","floor":25},{"not_picked":["sneckomod:UnknownClassAngela","sneckomod:QuickBite+1","sneckomod:UnknownClassTHE_BRONZE_AUTOMATON","sneckomod:UnknownUncommonSkill","sneckomod:SoulDraw"],"picked":"SKIP","floor":25},{"not_picked":["Wingbeat","Ecstasy"],"picked":"Logging","floor":28},{"not_picked":["sneckomod:SoulRoll","sneckomod:DefensiveFlair+1","sneckomod:RainOfDice","sneckomod:QuickMove"],"picked":"sneckomod:SnakeSap","floor":28},{"not_picked":["Diffraction","Tough"],"picked":"Christmas","floor":30},{"not_picked":["sneckomod:DiceBoulder","sneckomod:MasterEye+1","sneckomod:IronFang","sneckomod:Unknown1Cost","sneckomod:UnknownClass古明地觉+1"],"picked":"SKIP","floor":30},{"not_picked":["WelfareCode","Discord"],"picked":"TT2Protocol","floor":31},{"not_picked":["sneckomod:UnknownX","sneckomod:DiceBlock","sneckomod:Unknown2Cost","sneckomod:DiceCrush","sneckomod:UnknownClass古明地觉+1"],"picked":"SKIP","floor":35},{"not_picked":["sneckomod:SlitherStrike+1","sneckomod:UnknownCommonAttack+1","sneckomod:UnknownColorless","sneckomod:SnakeSap","sneckomod:Unknown1Cost+1"],"picked":"SKIP","floor":36},{"not_picked":["sneckomod:UnknownCommonAttack+1","sneckomod:UnknownBlock","sneckomod:UnknownVulnerable+1","sneckomod:MixItUp+1","sneckomod:Unknown3Cost"],"picked":"SKIP","floor":37},{"not_picked":["sneckomod:UnknownDexterity","sneckomod:UnknownDraw","sneckomod:UnknownBlock+1","sneckomod:UnknownUncommonPower+1","sneckomod:Unknown0Cost"],"picked":"SKIP","floor":41},{"not_picked":["CUTE","Wingbeat"],"picked":"GreenStem","floor":42},{"not_picked":["sneckomod:Unknown1Cost+1","sneckomod:DiceBlock","sneckomod:Mudshield+1","sneckomod:UnknownUncommonAttack","sneckomod:UnknownUncommonSkill"],"picked":"SKIP","floor":42},{"not_picked":["sneckomod:UnknownClass古明地觉+1","sneckomod:ImprovisedAttack+1","sneckomod:RainOfDice","sneckomod:UnknownExhaust+1","sneckomod:UnknownDraw"],"picked":"SKIP","floor":44},{"not_picked":["sneckomod:Unknown1Cost+1","sneckomod:MasterEye+1","sneckomod:GlitteringGambit","sneckomod:Memorize+1","sneckomod:DiceCrush"],"picked":"SKIP","floor":47},{"not_picked":["sneckomod:Unknown1Cost+1","sneckomod:MasterEye+1","sneckomod:GlitteringGambit","sneckomod:Memorize+1","sneckomod:DiceCrush"],"picked":"SKIP","floor":47},{"not_picked":["sneckomod:Unknown1Cost","sneckomod:UnknownColorless+1","sneckomod:UnknownBlock","sneckomod:QuickMove","sneckomod:UnknownUncommonSkill+1"],"picked":"SKIP","floor":48},{"not_picked":["sneckomod:UnknownStrength","sneckomod:DiceCrush+1","sneckomod:GlitteringGambit","sneckomod:WideSting","sneckomod:UnknownWeak+1"],"picked":"SKIP","floor":55}],"player_experience":1110557,"relics_obtained":[{"floor":1.0,"key":"SynthV:TestCard"},{"floor":1.0,"key":"LetterFromLob"},{"floor":7.0,"key":"DeadEye"},{"floor":10.0,"key":"Frozen Egg 2"},{"floor":13.0,"key":"GodSword5"},{"floor":23,"key":"Diplopia"},{"floor":26,"key":"testmod-RainbowHikingShoes"},{"floor":28,"key":"MostiFishMod:Haymaker"},{"floor":31,"key":"testmod-TheFather"},{"floor":31,"key":"Pantograph"},{"floor":41,"key":"StoneCalendar"},{"floor":43,"key":"Toy Ornithopter"},{"floor":44,"key":"Ancient Tea Set"},{"floor":47,"key":"PreservedInsect"},{"floor":55,"key":"MaYiHuaBei"}],"event_choices":[{"cards_removed":["sneckomod:UnknownClassAngela"],"damage_healed":0.0,"max_hp_gain":0.0,"max_hp_loss":0.0,"gold_gain":0.0,"event_name":"WeMeetAgain","player_choice":"Gave Card","floor":3.0,"gold_loss":0.0,"damage_taken":0.0,"relics_obtained":["Anchor"]},{"damage_healed":0,"gold_gain":0,"player_choice":"Ignored","damage_taken":0,"max_hp_gain":0,"max_hp_loss":0,"event_name":"Ghosts","floor":29,"gold_loss":0},{"damage_healed":0,"gold_gain":0,"player_choice":"Fight","damage_taken":0,"max_hp_gain":0,"max_hp_loss":0,"event_name":"Colosseum","floor":31,"gold_loss":0},{"damage_healed":0,"gold_gain":0,"player_choice":"Fought Nobs","damage_taken":0,"max_hp_gain":0,"max_hp_loss":0,"event_name":"Colosseum","floor":31,"gold_loss":0},{"damage_healed":0,"gold_gain":0,"player_choice":"Max HP","damage_taken":0,"max_hp_gain":0,"max_hp_loss":1,"event_name":"Winding Halls","floor":39,"gold_loss":0},{"damage_healed":0,"gold_gain":0,"player_choice":"Got Potions","damage_taken":0,"max_hp_gain":0,"max_hp_loss":0,"event_name":"Lab","floor":45,"gold_loss":0}],"is_beta":false,"boss_relics":[{"not_picked":["AddBug","testmod-Recursion"],"picked":"Transparent"},{"not_picked":[]},{"not_picked":["Black Star","expansioncontent:StudyCardRelic"],"picked":"Dota2Spire:RefresherOrb"},{"not_picked":[]}],"items_purged_floors":[8,17,24,34,46,53],"is_endless":false,"potions_floor_spawned":[4,7,13,16,19,28,30,31,31,33,36,44,47,55],"ascension_level":11}}