{"host":"bg8va46pgqgvtzim","time":1612665708,"event":{"mods":["BaseMod","Minty Spire (QoL Compilation)","Quick Restart","StSLib","SuperFastMode"],"gold_per_floor":[109,59,71,91,91,106,124,187,187,204,216,243,267,267,267,278,290,318,318,243,243,258,294,294,294,422,422,443,468,295,320,245,100,100,100,135,153,177,177,177,231,231,246,255,307,332,365,401,401,425,425,425,556,556,579,607,630,639,657,672,697,731,731,794,669,710,710,710,726,273,273,291,322,335,335,335,366,366,366,366,366,366,37,72,72],"floor_reached":86,"language":"ZHS","playtime":3988,"items_purged":["Strike_B","Strike_B","Strike_G","Hyperbeam+1","Defend_B"],"score":1791,"play_id":"e699e792-3d03-4f1e-ab9f-091e8b7227a5","local_time":"20210207104148","is_ascension_mode":true,"campfire_choices":[{"data":"Hyperbeam","floor":9,"key":"SMITH"},{"data":"Dualcast","floor":15,"key":"SMITH"},{"data":"Aggregate","floor":19,"key":"SMITH"},{"data":"Creative AI","floor":24,"key":"SMITH"},{"data":"Zap","floor":25,"key":"SMITH"},{"data":"Heatsinks","floor":35,"key":"SMITH"},{"data":"Coolheaded","floor":39,"key":"SMITH"},{"data":"Coolheaded","floor":42,"key":"SMITH"},{"data":"Fission","floor":51,"key":"SMITH"},{"data":"Defragment","floor":52,"key":"SMITH"},{"data":"White Noise","floor":63,"key":"SMITH"},{"data":"Heatsinks","floor":71,"key":"SMITH"},{"data":"Biased Cognition","floor":75,"key":"SMITH"},{"floor":78,"key":"RECALL"},{"data":"Heatsinks","floor":79,"key":"SMITH"},{"data":"Glacier","floor":82,"key":"SMITH"}],"circlet_count":0,"master_deck":["Defend_B+1","Defend_B+1","Zap+1","Dualcast+1","Aggregate+1","Coolheaded+1","White Noise+1","Glacier+1","Genetic Algorithm+1","Creative AI+1","Electrodynamics","Core Surge","Barrage+1","Heatsinks+1","Biased Cognition+1","Chaos+1","Coolheaded+1","Fission+1","Skim+1","Defragment+1","Heatsinks+1","Heatsinks+1","Consume+1","Turbo+1"],"relics":["Cracked Core","Blood Vial","WingedGreaves","Omamori","Regal Pillow","Golden Idol","Akabeko","Inserter","War Paint","CeramicFish","Ancient Tea Set","Mercury Hourglass","Nunchaku","Eternal Feather","Coffee Dripper","Du-Vu Doll","Thread and Needle","Sundial","Bag of Preparation","InkBottle","Bird Faced Urn","HornCleat","Pantograph","OrangePellets","Boot"],"acts_visited":["Exordium","TheCity","TheBeyond","TheEnding"],"potions_floor_usage":[12,18,73,73,85,85,85],"damage_taken":[{"damage":0.0,"enemies":"2 Louse","floor":1.0,"turns":2.0},{"damage":1,"enemies":"Jaw Worm","floor":3,"turns":3},{"damage":10,"enemies":"Small Slimes","floor":4,"turns":3},{"damage":0,"enemies":"Blue Slaver","floor":6,"turns":3},{"damage":5,"enemies":"3 Louse","floor":7,"turns":3},{"damage":10,"enemies":"Lagavulin Event","floor":8,"turns":9},{"damage":0,"enemies":"Looter","floor":10,"turns":3},{"damage":1,"enemies":"Red Slaver","floor":11,"turns":6},{"damage":7,"enemies":"Lagavulin","floor":12,"turns":11},{"damage":0,"enemies":"Exordium Wildlife","floor":16,"turns":2},{"damage":0,"enemies":"Blue Slaver","floor":17,"turns":2},{"damage":9,"enemies":"Gremlin Nob","floor":18,"turns":3},{"damage":0,"enemies":"Large Slime","floor":22,"turns":7},{"damage":6,"enemies":"3 Sentries","floor":23,"turns":6},{"damage":12,"enemies":"The Guardian","floor":26,"turns":10},{"damage":0,"enemies":"Shell Parasite","floor":28,"turns":8},{"damage":3,"enemies":"Spheric Guardian","floor":29,"turns":5},{"damage":3,"enemies":"Centurion and Healer","floor":31,"turns":6},{"damage":6,"enemies":"Book of Stabbing","floor":36,"turns":5},{"damage":13,"enemies":"Snake Plant","floor":37,"turns":4},{"damage":2,"enemies":"Cultist and Chosen","floor":38,"turns":5},{"damage":0,"enemies":"Centurion and Healer","floor":43,"turns":6},{"damage":19,"enemies":"Gremlin Leader","floor":45,"turns":4},{"damage":0,"enemies":"Shelled Parasite and Fungi","floor":46,"turns":2},{"damage":8,"enemies":"Cultist and Chosen","floor":47,"turns":3},{"damage":4,"enemies":"Book of Stabbing","floor":48,"turns":6},{"damage":0,"enemies":"Snecko","floor":50,"turns":5},{"damage":3,"enemies":"Champ","floor":53,"turns":8},{"damage":0,"enemies":"Orb Walker","floor":55,"turns":3},{"damage":0,"enemies":"3 Shapes","floor":56,"turns":1},{"damage":2,"enemies":"3 Darklings","floor":57,"turns":3},{"damage":5,"enemies":"Sphere and 2 Shapes","floor":59,"turns":3},{"damage":12,"enemies":"Spire Growth","floor":60,"turns":5},{"damage":0,"enemies":"3 Darklings","floor":61,"turns":2},{"damage":0,"enemies":"Reptomancer","floor":62,"turns":4},{"damage":0,"enemies":"Mind Bloom Boss Battle","floor":64,"turns":2},{"damage":0,"enemies":"Nemesis","floor":66,"turns":5},{"damage":0,"enemies":"Transient","floor":69,"turns":5},{"damage":0,"enemies":"Writhing Mass","floor":72,"turns":2},{"damage":0,"enemies":"Reptomancer","floor":73,"turns":4},{"damage":0,"enemies":"4 Shapes","floor":74,"turns":1},{"damage":0,"enemies":"Nemesis","floor":77,"turns":1},{"damage":0,"enemies":"Time Eater","floor":80,"turns":14},{"damage":0,"enemies":"Shield and Spear","floor":84,"turns":3},{"damage":26,"enemies":"The Heart","floor":85,"turns":7}],"seed_played":"7032750389819193468","potions_obtained":[{"floor":3,"key":"Regen Potion"},{"floor":4,"key":"PotionOfCapacity"},{"floor":8,"key":"BlessingOfTheForge"},{"floor":12,"key":"EssenceOfDarkness"},{"floor":18,"key":"Weak Potion"},{"floor":31,"key":"ColorlessPotion"},{"floor":62,"key":"FocusPotion"},{"floor":72,"key":"GamblersBrew"},{"floor":74,"key":"LiquidBronze"},{"floor":77,"key":"ColorlessPotion"}],"is_trial":false,"path_per_floor":["M","?","M","M","?","M","M","?","R","M","M","E","T","T","R","M","M","E","R","$","?","M","E","R","R","B",null,"M","M","$","M","?","$","?","R","E","M","M","R","T","T","R","M","?","E","M","M","E","T","M","R","R","B",null,"M","M","M","?","M","M","M","E","R","?","$","E","T","T","M","$","R","M","E","M","R","?","E","R","R","B",null,"R","$","E","B",null],"character_chosen":"DEFECT","items_purchased":["Heatsinks","Biased Cognition","Bird Faced Urn","OrangePellets"],"campfire_rested":0,"item_purchase_floors":[30,33,70,83],"current_hp_per_floor":[54,54,53,43,28,28,23,15,15,17,18,28,28,28,28,30,32,25,25,25,25,27,23,23,23,13,69,69,66,66,65,65,65,65,65,61,50,50,50,50,50,50,52,52,35,37,31,29,29,31,43,55,54,69,69,69,67,67,64,54,56,58,69,69,69,69,69,69,69,69,69,69,69,69,69,66,66,66,66,66,66,66,66,66,50],"gold":72,"neow_bonus":"THREE_RARE_CARDS","is_daily":false,"chose_seed":false,"campfire_upgraded":15,"win_rate":0.0,"timestamp":1612665708,"path_taken":["M","?","M","M","?","M","M","?","R","M","M","E","T","T","R","M","M","E","R","?","?","M","E","R","R","BOSS","M","M","$","M","?","$","?","R","E","M","M","R","T","T","R","?","?","E","M","M","E","?","M","R","R","BOSS","M","M","M","?","M","?","M","E","R","?","$","E","T","T","M","$","R","M","E","M","R","?","E","R","R","BOSS","R","$","E","BOSS"],"items_purchased_type":["Card","Card","Relic","Relic"],"build_version":"2020-12-22","purchased_purges":5,"victory":true,"max_hp_per_floor":[75,75,75,75,75,75,75,75,75,75,75,75,75,75,75,75,75,75,75,75,69,69,69,69,69,69,69,69,69,69,69,69,69,69,69,69,69,69,69,69,69,69,69,69,69,69,69,69,69,69,69,69,69,69,69,69,69,69,69,69,69,69,69,69,69,69,69,69,69,69,69,69,69,69,69,66,66,66,66,66,66,66,66,66,66],"card_choices":[{"not_picked":["Thunder Strike","Machine Learning"],"picked":"Hyperbeam","floor":0.0},{"not_picked":["Sweeping Beam","Coolheaded"],"picked":"Aggregate","floor":1},{"not_picked":["Darkness","Sweeping Beam"],"picked":"Coolheaded","floor":3},{"not_picked":["Barrage","Steam"],"picked":"White Noise","floor":4},{"not_picked":["Cold Snap","Coolheaded"],"picked":"Glacier","floor":6},{"not_picked":["Redo","Conserve Battery","Meteor Strike"],"picked":"SKIP","floor":7},{"not_picked":["Storm","Reprogram"],"picked":"Genetic Algorithm","floor":10},{"not_picked":["Leap","Stack","Gash"],"picked":"SKIP","floor":11},{"not_picked":["Steam","Capacitor"],"picked":"Creative AI","floor":12},{"not_picked":["Rebound","Reinforced Body","Barrage"],"picked":"SKIP","floor":16},{"not_picked":["Redo","Conserve Battery","Streamline"],"picked":"SKIP","floor":17},{"not_picked":["Sunder","Beam Cell","Double Energy"],"picked":"SKIP","floor":18},{"not_picked":["Hello World","Rip and Tear","Sunder"],"picked":"SKIP","floor":22},{"not_picked":["Turbo","Sweeping Beam"],"picked":"Electrodynamics","floor":23},{"not_picked":["All For One","Buffer"],"picked":"Core Surge","floor":26},{"not_picked":["Redo","Beam Cell+1"],"picked":"Barrage+1","floor":28},{"not_picked":["Aggregate","Steam+1","Beam Cell"],"picked":"SKIP","floor":29},{"not_picked":["Barrage","Doom and Gloom","Hello World+1"],"picked":"SKIP","floor":31},{"not_picked":["Beam Cell","White Noise"],"picked":"Chaos+1","floor":36},{"not_picked":["Rebound","Sunder"],"picked":"Coolheaded","floor":37},{"not_picked":["Tempest","Streamline+1","Steam+1"],"picked":"SKIP","floor":38},{"not_picked":["Cold Snap","Go for the Eyes","Sweeping Beam"],"picked":"SKIP","floor":43},{"not_picked":["Steam","Consume"],"picked":"Skim+1","floor":45},{"not_picked":["Reinforced Body","Stack","Glacier"],"picked":"SKIP","floor":46},{"not_picked":["Cold Snap","Redo+1"],"picked":"Defragment","floor":47},{"not_picked":["FTL","Leap","Streamline"],"picked":"SKIP","floor":48},{"not_picked":["Creative AI","Gash","Cold Snap"],"picked":"SKIP","floor":50},{"not_picked":["Consume+1","Darkness+1"],"picked":"Heatsinks","floor":55},{"not_picked":["Steam+1","Leap+1"],"picked":"Heatsinks","floor":56},{"not_picked":["Rebound","Ball Lightning"],"picked":"Consume+1","floor":57},{"not_picked":["Streamline","Stack+1","Ball Lightning+1"],"picked":"SKIP","floor":59},{"not_picked":["Conserve Battery","Leap","Aggregate"],"picked":"SKIP","floor":60},{"not_picked":["Barrage+1","Go for the Eyes"],"picked":"Turbo+1","floor":61},{"not_picked":["Electrodynamics","Redo+1","Compile Driver+1"],"picked":"SKIP","floor":62},{"not_picked":["Coolheaded","Cold Snap+1","Conserve Battery+1"],"picked":"SKIP","floor":66},{"not_picked":["Beam Cell","Scrape+1","Conserve Battery+1"],"picked":"SKIP","floor":69},{"not_picked":["Force Field","Tempest","Skim+1"],"picked":"SKIP","floor":72},{"not_picked":["Gash","Ball Lightning","Beam Cell+1"],"picked":"SKIP","floor":73},{"not_picked":["Cold Snap+1","Conserve Battery","Hyperbeam"],"picked":"SKIP","floor":74},{"not_picked":["Steam+1","Sweeping Beam+1","White Noise"],"picked":"SKIP","floor":77},{"not_picked":["Beam Cell","Leap","Conserve Battery+1"],"picked":"SKIP","floor":84}],"player_experience":2409511,"relics_obtained":[{"floor":12,"key":"WingedGreaves"},{"floor":13,"key":"Omamori"},{"floor":18,"key":"Regal Pillow"},{"floor":23,"key":"Akabeko"},{"floor":36,"key":"War Paint"},{"floor":40,"key":"CeramicFish"},{"floor":41,"key":"Ancient Tea Set"},{"floor":45,"key":"Mercury Hourglass"},{"floor":48,"key":"Nunchaku"},{"floor":49,"key":"Eternal Feather"},{"floor":62,"key":"Du-Vu Doll"},{"floor":64,"key":"Thread and Needle"},{"floor":66,"key":"Sundial"},{"floor":67,"key":"Bag of Preparation"},{"floor":68,"key":"InkBottle"},{"floor":73,"key":"HornCleat"},{"floor":77,"key":"Pantograph"},{"floor":84,"key":"Boot"}],"event_choices":[{"cards_removed":["Strike_B"],"damage_healed":0,"gold_gain":0,"player_choice":"Card Removal","damage_taken":0,"max_hp_gain":0,"max_hp_loss":0,"event_name":"The Cleric","floor":2,"gold_loss":50},{"damage_healed":0,"gold_gain":0,"player_choice":"Entered Light","damage_taken":15,"max_hp_gain":0,"max_hp_loss":0,"event_name":"Shining Light","floor":5,"gold_loss":0,"cards_upgraded":["Defend_B","Defend_B"]},{"damage_healed":0,"gold_gain":0,"player_choice":"Searched \u00273\u0027 times","damage_taken":0,"relics_obtained":["Blood Vial"],"max_hp_gain":0,"max_hp_loss":0,"event_name":"Dead Adventurer","floor":8,"gold_loss":0},{"damage_healed":0,"gold_gain":0,"player_choice":"Lose Max HP","damage_taken":0,"relics_obtained":["Golden Idol"],"max_hp_gain":0,"max_hp_loss":6,"event_name":"Golden Idol","floor":21,"gold_loss":0},{"cards_removed":["Strike_B"],"damage_healed":0,"gold_gain":0,"player_choice":"Gave Gold","damage_taken":0,"max_hp_gain":0,"max_hp_loss":0,"event_name":"Beggar","floor":32,"gold_loss":75},{"damage_healed":0,"gold_gain":0,"cards_transformed":["Defend_B"],"player_choice":"Transformed","damage_taken":0,"max_hp_gain":0,"max_hp_loss":0,"event_name":"Transmorgrifier","floor":34,"gold_loss":0,"cards_obtained":["Aggregate"]},{"damage_healed":0,"gold_gain":0,"player_choice":"Read","damage_taken":0,"max_hp_gain":0,"max_hp_loss":0,"event_name":"The Library","floor":44,"gold_loss":0,"cards_obtained":["Fission"]},{"cards_removed":["Aggregate"],"damage_healed":0,"gold_gain":0,"player_choice":"Took Card","damage_taken":0,"max_hp_gain":0,"max_hp_loss":0,"event_name":"NoteForYourself","floor":58,"gold_loss":0,"cards_obtained":["Strike_G"]},{"damage_healed":0,"gold_gain":0,"player_choice":"Fight","damage_taken":0,"max_hp_gain":0,"max_hp_loss":0,"event_name":"MindBloom","floor":64,"gold_loss":0},{"damage_healed":0,"gold_gain":0,"player_choice":"Max HP","damage_taken":0,"max_hp_gain":0,"max_hp_loss":3,"event_name":"Winding Halls","floor":76,"gold_loss":0}],"is_beta":false,"boss_relics":[{"not_picked":["Cursed Key","Snecko Eye"],"picked":"Inserter"},{"not_picked":["Empty Cage","Fusion Hammer"],"picked":"Coffee Dripper"}],"items_purged_floors":[20,30,65,70,83],"is_endless":false,"potions_floor_spawned":[3,4,8,12,18,22,31,37,38,43,47,50,56,57,62,72,74,77],"ascension_level":1}}