{"host":"1q02rw1wpi0nrsss","time":1612659279,"event":{"mods":["AchievementEnabler","BaseMod","Better Note","Better Third Choice","Bossed Relics","Custom Start","Dark Map","DeckTracker","Disable Question Mark Monsters","Minty Spire (QoL Compilation)","Permanent Neow","Quick Restart","Rare Cards Sparkle","Relic Stats","StSLib","??????REMEMod"],"gold_per_floor":[118,129,129,147,72,104,104,104,104,130,130,141,152,184,184,184,184],"floor_reached":16,"language":"ENG","playtime":577,"items_purged":["Strike_R"],"score":175,"play_id":"33af7e3f-e2ba-44a5-a848-bb49a30ace42","local_time":"20210206165439","is_ascension_mode":true,"campfire_choices":[{"data":"Ragnarok","floor":7,"key":"SMITH"},{"data":"Intimidate","floor":11,"key":"SMITH"},{"data":"Limit Break","floor":15,"key":"SMITH"}],"circlet_count":0,"master_deck":["Strike_R","Strike_R","Strike_R","Strike_R","Defend_R","Defend_R","Defend_R","Defend_R","Bash","Ragnarok+1","Shrug It Off","Intimidate+1","Ghostly Armor","Limit Break+1","Flex","Bloodletting"],"relics":["Burning Blood","REME_ComplimentaryCards","Incense Burner","InkBottle","Boot","Mercury Hourglass"],"acts_visited":["Exordium"],"potions_floor_usage":[4,6,16],"damage_taken":[{"damage":4,"enemies":"Small Slimes","floor":1,"turns":2},{"damage":1,"enemies":"Cultist","floor":2,"turns":3},{"damage":0,"enemies":"2 Louse","floor":4,"turns":2},{"damage":44,"enemies":"3 Sentries","floor":6,"turns":11},{"damage":32,"enemies":"Gremlin Nob","floor":10,"turns":4},{"damage":14,"enemies":"Gremlin Gang","floor":12,"turns":4},{"damage":10,"enemies":"Blue Slaver","floor":13,"turns":3},{"damage":20,"enemies":"3 Sentries","floor":14,"turns":8},{"damage":22,"enemies":"Hexaghost","floor":16,"turns":9}],"seed_played":"4211542218974246263","potions_obtained":[{"floor":1,"key":"BloodPotion"},{"floor":4,"key":"Fruit Juice"},{"floor":12,"key":"Swift Potion"}],"is_trial":false,"path_per_floor":["M","M","?","M","$","E","R","?","T","E","R","M","M","E","R","B"],"character_chosen":"IRONCLAD","items_purchased":[],"campfire_rested":0,"item_purchase_floors":[],"current_hp_per_floor":[80,80,85,90,90,70,70,100,100,74,74,66,62,48,48,26,26],"gold":184,"neow_bonus":"ONE_RANDOM_RARE_CARD","is_daily":false,"chose_seed":false,"campfire_upgraded":3,"win_rate":0.0,"timestamp":1612659279,"path_taken":["M","M","?","M","$","E","R","?","T","E","R","M","?","E","R","BOSS"],"items_purchased_type":[],"build_version":"2020-12-22","purchased_purges":1,"victory":false,"max_hp_per_floor":[80,80,85,90,90,90,90,100,100,100,100,100,100,100,100,100,100],"relic_stats":{"counters":[9,46],"Boot":[9],"obtain_stats":[{"Incense Burner":6,"Boot":10,"Burning Blood":0,"InkBottle":9,"REME_ComplimentaryCards":0,"Mercury Hourglass":14},{"Incense Burner":4,"Boot":5,"Burning Blood":0,"InkBottle":4,"REME_ComplimentaryCards":0,"Mercury Hourglass":8},{"Incense Burner":18,"Boot":22,"Burning Blood":0,"InkBottle":18,"REME_ComplimentaryCards":0,"Mercury Hourglass":37}],"Burning Blood":35,"InkBottle":[6],"Mercury Hourglass":[24]},"card_choices":[{"not_picked":["Perfected Strike","Twin Strike","Armaments"],"picked":"SKIP","floor":1},{"not_picked":["True Grit","Rupture"],"picked":"Shrug It Off","floor":2},{"not_picked":["Perfected Strike","Dropkick"],"picked":"Intimidate","floor":4},{"not_picked":["Clash","Immolate"],"picked":"Ghostly Armor","floor":6},{"not_picked":["Clash","Body Slam"],"picked":"Limit Break","floor":10},{"not_picked":["Entrench","Armaments"],"picked":"Flex","floor":12},{"not_picked":["Pummel","Clothesline","Flex"],"picked":"SKIP","floor":13},{"not_picked":["Twin Strike","Warcry"],"picked":"Bloodletting","floor":14}],"player_experience":103371,"relics_obtained":[{"floor":6,"key":"Incense Burner"},{"floor":9,"key":"InkBottle"},{"floor":10,"key":"Boot"},{"floor":14,"key":"Mercury Hourglass"}],"event_choices":[{"damage_healed":0,"gold_gain":0,"player_choice":"Donut","damage_taken":0,"max_hp_gain":5,"max_hp_loss":0,"event_name":"Big Fish","floor":3,"gold_loss":0},{"cards_removed":["Juggernaut"],"damage_healed":20,"gold_gain":0,"player_choice":"Offered Rare","damage_taken":0,"max_hp_gain":10,"max_hp_loss":0,"event_name":"Bonfire Elementals","floor":8,"gold_loss":0}],"is_beta":false,"boss_relics":[],"items_purged_floors":[5],"is_endless":false,"potions_floor_spawned":[1,4,12],"killed_by":"Hexaghost","ascension_level":5}}