{"host":"9r21pjsoidsmrzpr","time":1612717996,"event":{"mods":["AchievementEnabler","BaseMod","Hermit","Minty Spire (QoL Compilation)","Reliquary","Replay The Spire","StSLib","The Disciple","The Hierophant","The Runesmith"],"gold_per_floor":[115,126,45,57,57,90,110,110,134,59,73,88,98,112,112,112,112],"floor_reached":16,"language":"ENG","playtime":1292,"items_purged":["Strike_Br"],"score":106,"play_id":"f8034571-3b84-4c20-8a3a-2c1f7b07fc6b","local_time":"20210207201316","is_ascension_mode":false,"campfire_choices":[],"circlet_count":0,"master_deck":["Accelerando","Allegro","Strike_Br+1","Strike_Br","Strike_Br","Defend_Br","Defend_Br","Defend_Br","SecondHand","PatternShift","Adagio+1","BeatsPerMinute","Dramatic Entrance","Parity","WindUp","Keepsakes","CrunchTime","LockedAnchor","LockedBlood","Goo","Tempo"],"relics":["Chronometer"],"acts_visited":["Exordium"],"potions_floor_usage":[],"damage_taken":[{"damage":2,"enemies":"Cultist","floor":1,"turns":5},{"damage":0,"enemies":"Jaw Worm","floor":2,"turns":9},{"damage":0,"enemies":"2 Louse","floor":4,"turns":2},{"damage":48,"enemies":"Gremlin Nob","floor":6,"turns":5},{"damage":10,"enemies":"Large Slime","floor":7,"turns":4},{"damage":18,"enemies":"Exordium Thugs","floor":11,"turns":4},{"damage":0,"enemies":"Gremlin Gang","floor":12,"turns":4},{"damage":3,"enemies":"Red Slaver","floor":13,"turns":4},{"damage":1,"enemies":"Exordium Thugs","floor":14,"turns":4},{"damage":33,"enemies":"Fading Forest","floor":16,"turns":7}],"seed_played":"150698794143574712","potions_obtained":[{"floor":2,"key":"SteroidPotion"},{"floor":4,"key":"Regen Potion"},{"floor":11,"key":"EntropicBrew"}],"is_trial":false,"path_per_floor":["M","M","$","M","?","E","M","?","T","$","M","M","M","M","R","B"],"character_chosen":"CHRONO_CLASS","items_purchased":["Dramatic Entrance"],"campfire_rested":0,"item_purchase_floors":[3],"current_hp_per_floor":[69,69,69,69,74,76,66,51,51,51,33,33,30,31,31,2,2],"gold":112,"neow_bonus":"TEN_PERCENT_HP_BONUS","is_daily":false,"chose_seed":false,"campfire_upgraded":0,"win_rate":0.0,"timestamp":1612717996,"path_taken":["M","?","$","M","?","E","M","?","T","$","M","M","M","M","R","BOSS"],"items_purchased_type":["Card"],"build_version":"2020-12-22","purchased_purges":1,"victory":false,"max_hp_per_floor":[71,71,71,71,76,76,76,76,76,76,76,76,76,76,76,76,76],"card_choices":[{"not_picked":["WatchCommand","Parity"],"picked":"Tempo","floor":1},{"not_picked":["Cuckoo","EscortCommand"],"picked":"BeatsPerMinute","floor":2},{"not_picked":["BiteCommand","HandsUpC"],"picked":"Parity","floor":4},{"not_picked":["BiteCommand","LockedLightning"],"picked":"WindUp","floor":6},{"not_picked":["LockedAnchor","Parity"],"picked":"Keepsakes","floor":7},{"not_picked":["LockedMedicine","Echoward"],"picked":"CrunchTime","floor":11},{"not_picked":["Backlash","WindUp"],"picked":"LockedAnchor","floor":12},{"not_picked":["HandsUpB","TiringSlam"],"picked":"LockedBlood","floor":13},{"not_picked":["ReapSow","Recurrance"],"picked":"Goo","floor":14}],"player_experience":711493,"relics_obtained":[],"event_choices":[{"damage_healed":0,"gold_gain":0,"player_choice":"Donut","damage_taken":0,"max_hp_gain":5,"max_hp_loss":0,"event_name":"Big Fish","floor":5,"gold_loss":0},{"damage_healed":0,"gold_gain":0,"player_choice":"Entered Light","damage_taken":15,"max_hp_gain":0,"max_hp_loss":0,"event_name":"Shining Light","floor":8,"gold_loss":0,"cards_upgraded":["Adagio","Strike_Br"]}],"is_beta":false,"boss_relics":[],"items_purged_floors":[10],"is_endless":false,"potions_floor_spawned":[2,4,11,13],"killed_by":"Fading Forest","ascension_level":0}}