{"host":"x3688v8yj57o2b0e","time":1612661158,"event":{"mods":["BaseMod","Minty Spire (QoL Compilation)"],"gold_per_floor":[111,125,138,154,167,167,185,185,210,236,248,248,265,31,31,31,31],"floor_reached":16,"language":"ENG","playtime":692,"items_purged":[],"score":111,"play_id":"1850c1ca-a5b0-40f4-8bf9-c8b27bb804f4","local_time":"20210206202558","is_ascension_mode":true,"campfire_choices":[{"data":"Eruption","floor":6,"key":"SMITH"},{"data":"Vault","floor":8,"key":"SMITH"},{"data":"WheelKick","floor":12,"key":"SMITH"},{"data":"SashWhip","floor":15,"key":"SMITH"}],"circlet_count":0,"master_deck":["Strike_P","Strike_P","Strike_P","Strike_P","Defend_P","Defend_P+1","Defend_P","Defend_P","Eruption+1","Vigilance+1","Prostrate","Consecrate","JustLucky","WaveOfTheHand","WheelKick+1","Vault+1","SashWhip+1","EmptyFist","Halt","LikeWater"],"relics":["PureWater","NeowsBlessing","PreservedInsect","Regal Pillow","War Paint"],"acts_visited":["Exordium"],"potions_floor_usage":[16,16,16],"damage_taken":[{"damage":0,"enemies":"Cultist","floor":1,"turns":1},{"damage":0,"enemies":"2 Louse","floor":2,"turns":2},{"damage":0,"enemies":"Small Slimes","floor":3,"turns":1},{"damage":8,"enemies":"Blue Slaver","floor":4,"turns":4},{"damage":6,"enemies":"2 Fungi Beasts","floor":5,"turns":3},{"damage":4,"enemies":"Looter","floor":7,"turns":3},{"damage":9,"enemies":"Lagavulin","floor":10,"turns":8},{"damage":0,"enemies":"3 Louse","floor":11,"turns":3},{"damage":0,"enemies":"Red Slaver","floor":13,"turns":1},{"damage":45,"enemies":"Slime Boss","floor":16,"turns":10}],"seed_played":"7018109573612175523","potions_obtained":[{"floor":2,"key":"PowerPotion"},{"floor":4,"key":"AttackPotion"},{"floor":5,"key":"StancePotion"},{"floor":7,"key":"EssenceOfSteel"}],"is_trial":false,"path_per_floor":["M","M","M","M","M","R","M","R","T","E","M","R","M","$","R","B"],"character_chosen":"WATCHER","items_purchased":["War Paint","LikeWater"],"campfire_rested":0,"item_purchase_floors":[14,14],"current_hp_per_floor":[72,72,72,64,58,58,54,54,54,45,45,45,45,45,45,0,0],"gold":31,"neow_bonus":"THREE_ENEMY_KILL","is_daily":false,"chose_seed":false,"campfire_upgraded":4,"win_rate":0.0,"timestamp":1612661158,"path_taken":["M","M","M","M","M","R","M","R","T","E","M","R","M","$","R","BOSS"],"items_purchased_type":["Relic","Card"],"build_version":"2020-12-22","purchased_purges":0,"victory":false,"max_hp_per_floor":[72,72,72,72,72,72,72,72,72,72,72,72,72,72,72,72,72],"card_choices":[{"not_picked":["Evaluate","WindmillStrike"],"picked":"Prostrate","floor":1},{"not_picked":["Prostrate","WindmillStrike"],"picked":"Consecrate","floor":2},{"not_picked":["LikeWater","Study"],"picked":"JustLucky","floor":3},{"not_picked":["JustLucky","FollowUp"],"picked":"WaveOfTheHand","floor":4},{"not_picked":["EmptyBody","Wireheading"],"picked":"WheelKick","floor":5},{"not_picked":["CutThroughFate","FollowUp"],"picked":"Vault","floor":7},{"not_picked":["SpiritShield","Nirvana"],"picked":"SashWhip","floor":10},{"not_picked":["JustLucky","SashWhip"],"picked":"EmptyFist","floor":11},{"not_picked":["BowlingBash","Study"],"picked":"Halt","floor":13}],"player_experience":202672,"relics_obtained":[{"floor":9,"key":"PreservedInsect"},{"floor":10,"key":"Regal Pillow"}],"event_choices":[],"is_beta":false,"boss_relics":[],"items_purged_floors":[],"is_endless":false,"potions_floor_spawned":[2,4,5,7,11,13],"killed_by":"Slime Boss","ascension_level":1}}