{"host":"hrn9sk6g3e0vcjdq","time":1612735946,"event":{"mods":["AchievementEnabler","BaseMod","BetterRewards","Colored Map","Colored Powertips","Hubris","Minty Spire (QoL Compilation)","Quick Restart","StSLib"],"gold_per_floor":[115,115,126,8,28,57,57,89,116,127,146,175,238,273,285,393,405,378,119,129,129,157,186,186,204,228,153,163,163,198,217,217,315,315,331,331,331,343,360,360,388,406,406,416,638,638,638,654,654,654,654],"floor_reached":50,"language":"ENG","playtime":2633,"items_purged":["Strike_G","Strike_G"],"score":1112,"play_id":"e62914a3-7f2f-4e84-985c-e15ab2bd107d","local_time":"20210207221226","is_ascension_mode":true,"campfire_choices":[{"floor":7,"key":"REST"},{"floor":15,"key":"REST"},{"data":"Terror","floor":29,"key":"SMITH"},{"floor":32,"key":"REST"},{"data":"Footwork","floor":40,"key":"SMITH"},{"data":"Dash","floor":46,"key":"SMITH"},{"floor":49,"key":"REST"}],"circlet_count":0,"master_deck":["Strike_G","Strike_G","Defend_G","Defend_G","Defend_G","Defend_G","Defend_G","Survivor","Neutralize","Backstab","Caltrops","Sucker Punch","Deadly Poison","PiercingWail","Terror+1","Well Laid Plans","Blind","Cloak And Dagger","Glass Knife","Setup","Dash+1","Poisoned Stab","Infinite Blades","Adrenaline","CurseOfTheBell","Footwork+1","Slice+1","Dodge and Roll+1","Bane+1","Noxious Fumes+1","Heel Hook+1","Poisoned Stab+1","After Image","Discovery","Leg Sweep+1","Prepared+1","Bane+1","Writhe"],"relics":["Ring of the Serpent","Anchor","hubris:Icosahedron","PreservedInsect","Tingsha","Potion Belt","hubris:FunFungus","Juzu Bracelet","MawBank","Calling Bell","Snake Skull","Molten Egg 2","Thread and Needle","Lee\u0027s Waffle","Red Mask","Orichalcum","Pocketwatch","Dream Catcher","Prayer Wheel","Lantern","hubris:PeanutButter"],"acts_visited":["Exordium","TheCity","TheBeyond"],"potions_floor_usage":[6,8,8,13,16,22,23,30,30,33,39,41],"damage_taken":[{"damage":0,"enemies":"Small Slimes","floor":1,"turns":2},{"damage":0,"enemies":"2 Louse","floor":3,"turns":3},{"damage":0,"enemies":"Jaw Worm","floor":5,"turns":2},{"damage":41,"enemies":"Gremlin Nob","floor":6,"turns":5},{"damage":10,"enemies":"Lagavulin","floor":8,"turns":4},{"damage":0,"enemies":"Blue Slaver","floor":10,"turns":3},{"damage":5,"enemies":"Large Slime","floor":11,"turns":5},{"damage":4,"enemies":"3 Sentries","floor":12,"turns":6},{"damage":4,"enemies":"Gremlin Nob","floor":13,"turns":3},{"damage":6,"enemies":"Gremlin Nob","floor":14,"turns":3},{"damage":0,"enemies":"Hexaghost","floor":16,"turns":9},{"damage":8,"enemies":"3 Byrds","floor":18,"turns":5},{"damage":0,"enemies":"Chosen","floor":20,"turns":5},{"damage":2,"enemies":"Masked Bandits","floor":22,"turns":3},{"damage":7,"enemies":"Slavers","floor":23,"turns":5},{"damage":0,"enemies":"Snecko","floor":25,"turns":5},{"damage":18,"enemies":"Snake Plant","floor":28,"turns":4},{"damage":14,"enemies":"Gremlin Leader","floor":30,"turns":5},{"damage":0,"enemies":"3 Cultists","floor":31,"turns":6},{"damage":10,"enemies":"hubris:MusketHawk","floor":33,"turns":6},{"damage":0,"enemies":"3 Shapes","floor":35,"turns":5},{"damage":0,"enemies":"Orb Walker","floor":38,"turns":3},{"damage":12,"enemies":"Writhing Mass","floor":39,"turns":7},{"damage":0,"enemies":"Giant Head","floor":41,"turns":7},{"damage":0,"enemies":"Jaw Worm Horde","floor":42,"turns":5},{"damage":8,"enemies":"Maw","floor":44,"turns":8},{"damage":19,"enemies":"Writhing Mass","floor":48,"turns":4},{"damage":108,"enemies":"Awakened One","floor":50,"turns":9}],"seed_played":"6829877238107212198","potions_obtained":[{"floor":6,"key":"Fire Potion"},{"floor":10,"key":"FairyPotion"},{"floor":12,"key":"SteroidPotion"},{"floor":14,"key":"Explosive Potion"},{"floor":22,"key":"PowerPotion"},{"floor":23,"key":"GhostInAJar"},{"floor":25,"key":"SteroidPotion"},{"floor":31,"key":"SkillPotion"},{"floor":35,"key":"SkillPotion"},{"floor":39,"key":"Strength Potion"}],"is_trial":false,"path_per_floor":["M","?","M","$","M","E","R","E","T","M","M","E","?","E","R","B",null,"M","$","M","?","?","E","T","M","T","?","M","R","E","M","R","B",null,"M","?","?","M","M","R","E","M","T","M","?","R","?","M","R","B"],"character_chosen":"THE_SILENT","items_purchased":["Backstab","Caltrops","Sucker Punch","Deadly Poison","Anchor","Well Laid Plans","Blind","Slice+1","Lee\u0027s Waffle"],"campfire_rested":4,"item_purchase_floors":[0,0,0,0,0,4,4,19,19],"current_hp_per_floor":[63,63,63,63,63,22,43,33,33,33,28,24,20,14,35,35,61,54,77,77,77,75,69,69,71,71,71,54,54,41,45,68,61,73,75,75,75,76,65,65,66,67,67,59,59,59,77,58,77,0,0],"gold":654,"neow_bonus":"","is_daily":false,"chose_seed":false,"campfire_upgraded":3,"win_rate":0.0,"timestamp":1612735946,"path_taken":["M","?","M","$","M","E","R","E","T","M","M","E","?","E","R","BOSS","M","$","M","?","?","E","?","M","T","?","M","R","E","M","R","BOSS","M","?","?","M","M","R","E","M","T","M","?","R","?","M","R","BOSS"],"items_purchased_type":["Card","Card","Card","Card","Relic","Card","Card","Card","Relic"],"build_version":"2020-12-22","purchased_purges":2,"victory":false,"max_hp_per_floor":[70,70,70,70,70,70,70,70,70,70,70,70,70,70,70,70,70,70,77,77,77,77,77,77,77,77,77,77,77,77,77,77,77,77,77,77,77,77,77,77,77,77,77,77,77,77,77,77,77,77,77],"card_choices":[{"not_picked":["Acrobatics","Underhanded Strike"],"picked":"PiercingWail","floor":1},{"not_picked":["Dodge and Roll","Slice"],"picked":"Terror","floor":3},{"not_picked":["Acrobatics","Slice"],"picked":"Cloak And Dagger","floor":5},{"not_picked":["Deadly Poison","Backflip"],"picked":"Glass Knife","floor":6},{"not_picked":["Flying Knee","Prepared"],"picked":"Setup","floor":8},{"not_picked":["Quick Slash","Blur","hubris:Sniper"],"picked":"SKIP","floor":10},{"not_picked":["Quick Slash","Dagger Throw"],"picked":"Dash","floor":11},{"not_picked":["PiercingWail","Escape Plan"],"picked":"Poisoned Stab","floor":12},{"not_picked":["Underhanded Strike","Deadly Poison"],"picked":"Infinite Blades","floor":13},{"not_picked":["Reflex","Distraction","Endless Agony"],"picked":"SKIP","floor":14},{"not_picked":["Wraith Form v2","Night Terror"],"picked":"Adrenaline","floor":16},{"not_picked":["Caltrops","Backflip"],"picked":"Footwork","floor":18},{"not_picked":["Bouncing Flask","Flechettes+1"],"picked":"Dodge and Roll+1","floor":20},{"not_picked":["Blade Dance","Blur"],"picked":"Bane+1","floor":22},{"not_picked":["PiercingWail+1","A Thousand Cuts"],"picked":"Noxious Fumes","floor":23},{"not_picked":["Blade Dance","Expertise"],"picked":"Heel Hook+1","floor":25},{"not_picked":["Setup+1","Poisoned Stab+1","Riddle With Holes+1"],"picked":"SKIP","floor":28},{"not_picked":["Slice+1","Calculated Gamble","Accuracy"],"picked":"SKIP","floor":30},{"not_picked":["Dagger Throw+1","Acrobatics"],"picked":"Poisoned Stab+1","floor":31},{"not_picked":["Blur+1","hubris:SlightOfHand","Crippling Poison+1"],"picked":"SKIP","floor":31},{"not_picked":["Venomology","Die Die Die+1"],"picked":"After Image","floor":33},{"not_picked":["Finisher+1","Dagger Throw+1","Quick Slash+1"],"picked":"SKIP","floor":35},{"not_picked":["Flying Knee+1","hubris:SlightOfHand+1","Escape Plan"],"picked":"SKIP","floor":35},{"not_picked":["Finesse","Blind"],"picked":"Discovery","floor":36},{"not_picked":["Blade Dance+1","Infinite Blades+1"],"picked":"Leg Sweep+1","floor":38},{"not_picked":["Cloak And Dagger","Leg Sweep+1"],"picked":"Prepared+1","floor":38},{"not_picked":["Dodge and Roll","Slice+1","Flying Knee+1"],"picked":"SKIP","floor":39},{"not_picked":["Leg Sweep","Masterful Stab+1","Underhanded Strike+1"],"picked":"SKIP","floor":39},{"not_picked":["Deadly Poison+1","Unload+1"],"picked":"Bane+1","floor":41},{"not_picked":["Poisoned Stab+1","Blade Dance","Prepared+1"],"picked":"SKIP","floor":42},{"not_picked":["Outmaneuver+1","Reflex","Deadly Poison+1"],"picked":"SKIP","floor":42},{"not_picked":["Riddle With Holes+1","Dagger Spray+1","hubris:SlightOfHand+1"],"picked":"SKIP","floor":44},{"not_picked":["Outmaneuver+1","Slice+1","All Out Attack+1"],"picked":"SKIP","floor":44},{"not_picked":["Blade Dance","Deflect+1","Escape Plan+1"],"picked":"SKIP","floor":48},{"not_picked":["Bane+1","Blade Dance+1","Quick Slash+1"],"picked":"SKIP","floor":48}],"player_experience":631038,"relics_obtained":[{"floor":6,"key":"PreservedInsect"},{"floor":8,"key":"Tingsha"},{"floor":9,"key":"Potion Belt"},{"floor":12,"key":"hubris:FunFungus"},{"floor":13,"key":"Juzu Bracelet"},{"floor":14,"key":"MawBank"},{"floor":17,"key":"Snake Skull"},{"floor":17,"key":"Molten Egg 2"},{"floor":17,"key":"Thread and Needle"},{"floor":22,"key":"Red Mask"},{"floor":23,"key":"Orichalcum"},{"floor":24,"key":"Pocketwatch"},{"floor":26,"key":"Dream Catcher"},{"floor":30,"key":"Prayer Wheel"},{"floor":41,"key":"Lantern"},{"floor":43,"key":"hubris:PeanutButter"}],"event_choices":[{"damage_healed":0,"gold_gain":0,"player_choice":"Searched \u00272\u0027 times","damage_taken":0,"max_hp_gain":0,"max_hp_loss":0,"event_name":"Dead Adventurer","floor":13,"gold_loss":0},{"damage_healed":0,"gold_gain":0,"player_choice":"Ignored","damage_taken":0,"max_hp_gain":0,"max_hp_loss":0,"event_name":"Ghosts","floor":21,"gold_loss":0},{"damage_healed":0,"gold_gain":0,"player_choice":"Fought Bandits","damage_taken":0,"max_hp_gain":0,"max_hp_loss":0,"event_name":"Masked Bandits","floor":22,"gold_loss":0},{"cards_removed":["Strike_G"],"damage_healed":0,"gold_gain":0,"player_choice":"Gave Gold","damage_taken":0,"max_hp_gain":0,"max_hp_loss":0,"event_name":"Beggar","floor":27,"gold_loss":75},{"damage_healed":0,"gold_gain":0,"player_choice":"Memory 1","damage_taken":0,"max_hp_gain":0,"max_hp_loss":0,"event_name":"SensoryStone","floor":36,"gold_loss":0},{"damage_healed":0,"gold_gain":222,"player_choice":"Wore Mask","damage_taken":0,"max_hp_gain":0,"max_hp_loss":0,"event_name":"Tomb of Lord Red Mask","floor":45,"gold_loss":0},{"damage_healed":19,"gold_gain":0,"player_choice":"Writhe","damage_taken":0,"max_hp_gain":0,"max_hp_loss":0,"event_name":"Winding Halls","floor":47,"gold_loss":0,"cards_obtained":["Writhe"]}],"is_beta":false,"boss_relics":[{"not_picked":["Coffee Dripper","hubris:ScarierMask"],"picked":"Calling Bell"},{"not_picked":["Black Star","Philosopher\u0027s Stone"],"picked":"Ring of the Serpent"}],"items_purged_floors":[0,19],"is_endless":false,"potions_floor_spawned":[6,10,12,14,22,23,25,31,35,39],"killed_by":"Awakened One","ascension_level":6}}