{"host":"3y2rtlgteqp2nuo3","time":1612683981,"event":{"mods":["2.2 Compatiblity","AchievementEnabler","BaseMod","Colored Map","DeckTracker","Highlight Path","Keyboard Shortcuts","Minty Spire (QoL Compilation)","Permanent Neow","Quick Restart","StSLib","SuperFastMode","everything is the same but u backflip on backflip"],"gold_per_floor":[119,40,55,73,89,121,121,149,149,184,18,34,34,60,60,134,134,145,159,84,9,39,39,39,69,69,89,89,102,2,2,2],"floor_reached":31,"language":"KOR","playtime":954,"items_purged":["Strike_P","Strike_P+1"],"score":616,"play_id":"2bf7e07b-a5a5-4551-9c5b-24282e8cfbdb","local_time":"20210207164621","is_ascension_mode":true,"campfire_choices":[{"data":"Eruption","floor":7.0,"key":"SMITH"},{"data":"Adaptation","floor":13.0,"key":"SMITH"},{"floor":15.0,"key":"REST"},{"floor":23.0,"key":"REST"},{"floor":28.0,"key":"REST"}],"circlet_count":0,"master_deck":["AscendersBane","Defend_P","Defend_P","Defend_P","Defend_P","Eruption+1","Vigilance","EmptyMind","Adaptation+1","CutThroughFate","WheelKick+1","MentalFortress","Blasphemy","Adaptation"],"relics":["PureWater","Whetstone","Dream Catcher","Anchor","Gremlin Horn","DollysMirror","White Beast Statue","Fusion Hammer","Red Mask","Boot","Eternal Feather"],"acts_visited":["Exordium","TheCity"],"potions_floor_usage":[],"damage_taken":[{"damage":1.0,"enemies":"Small Slimes","floor":1.0,"turns":3.0},{"damage":0.0,"enemies":"Jaw Worm","floor":3.0,"turns":4.0},{"damage":5.0,"enemies":"Cultist","floor":4.0,"turns":5.0},{"damage":0.0,"enemies":"Exordium Wildlife","floor":5.0,"turns":2.0},{"damage":19.0,"enemies":"3 Sentries","floor":6.0,"turns":6.0},{"damage":12.0,"enemies":"Lagavulin","floor":8.0,"turns":5.0},{"damage":2.0,"enemies":"Gremlin Nob","floor":10.0,"turns":3.0},{"damage":0.0,"enemies":"Looter","floor":12.0,"turns":1.0},{"damage":13.0,"enemies":"3 Sentries","floor":14.0,"turns":6.0},{"damage":22.0,"enemies":"The Guardian","floor":16.0,"turns":8.0},{"damage":8.0,"enemies":"Shell Parasite","floor":18.0,"turns":5.0},{"damage":0.0,"enemies":"2 Thieves","floor":19.0,"turns":3.0},{"damage":7.0,"enemies":"Masked Bandits","floor":22.0,"turns":3.0},{"damage":0.0,"enemies":"Gremlin Leader","floor":25.0,"turns":5.0},{"damage":0.0,"enemies":"Sentry and Sphere","floor":27.0,"turns":3.0},{"damage":1.0,"enemies":"Centurion and Healer","floor":29.0,"turns":5.0},{"damage":100054,"enemies":"Cultist and Chosen","floor":31,"turns":5}],"seed_played":"-5779977938628383838","potions_obtained":[{"floor":4.0,"key":"AttackPotion"},{"floor":5.0,"key":"EntropicBrew"},{"floor":10.0,"key":"Dexterity Potion"},{"floor":16.0,"key":"Strength Potion"},{"floor":22.0,"key":"Dexterity Potion"}],"is_trial":false,"path_per_floor":["M","$","M","M","M","E","R","E","T","E","$","M","R","E","R","B",null,"M","M","$","?","?","R","$","E","T","M","R","M","$","M"],"character_chosen":"WATCHER","items_purchased":["Adaptation","DollysMirror"],"campfire_rested":3,"item_purchase_floors":[2,11],"current_hp_per_floor":[60,60,60,55,55,36,36,24,24,22,22,22,22,9,29,7,53,45,45,45,45,38,58,58,58,58,58,68,67,67,0,0],"gold":2,"neow_bonus":"TRANSFORM_CARD","is_daily":false,"chose_seed":false,"campfire_upgraded":2,"win_rate":0.0,"timestamp":1612683981,"path_taken":["M","$","M","M","M","E","R","E","T","E","$","M","R","E","R","BOSS","M","M","$","?","?","R","?","E","T","M","R","M","$","M"],"items_purchased_type":["Card","Relic"],"build_version":"2020-12-22","purchased_purges":2,"victory":false,"max_hp_per_floor":[68,68,68,68,68,68,68,68,68,68,68,68,68,68,68,68,68,68,68,68,68,68,68,68,68,68,68,68,68,68,68,68],"card_choices":[{"not_picked":["Evaluate","BowlingBash"],"picked":"ThirdEye","floor":1.0},{"not_picked":["CutThroughFate","Crescendo","FollowUp"],"picked":"SKIP","floor":3.0},{"not_picked":["Crescendo","FollowUp"],"picked":"CutThroughFate","floor":3.0},{"not_picked":["ForeignInfluence","SashWhip"],"picked":"WheelKick","floor":4.0},{"not_picked":["ForeignInfluence","Indignation"],"picked":"MentalFortress","floor":5.0},{"not_picked":["Perseverance","CutThroughFate","ThirdEye"],"picked":"SKIP","floor":6.0},{"not_picked":["ForeignInfluence","Nirvana"],"picked":"Blasphemy","floor":8.0},{"not_picked":["ClearTheMind","EmptyBody","PathToVictory"],"picked":"SKIP","floor":10.0},{"not_picked":["Prostrate","Halt","EmptyFist"],"picked":"SKIP","floor":12.0},{"not_picked":["JustLucky","Consecrate","Protect"],"picked":"SKIP","floor":14.0},{"not_picked":["PathToVictory","Evaluate","WaveOfTheHand"],"picked":"SKIP","floor":18.0},{"not_picked":["Protect","TalkToTheHand+1","EmptyFist+1"],"picked":"SKIP","floor":19.0},{"not_picked":["CutThroughFate","EmptyBody+1","Crescendo"],"picked":"SKIP","floor":25.0},{"not_picked":["ConjureBlade","BowlingBash","PathToVictory+1"],"picked":"SKIP","floor":27.0},{"not_picked":["Worship","EmptyMind","SashWhip"],"picked":"SKIP","floor":29.0}],"player_experience":768068,"relics_obtained":[{"floor":6.0,"key":"Whetstone"},{"floor":8.0,"key":"Dream Catcher"},{"floor":9.0,"key":"Anchor"},{"floor":10.0,"key":"Gremlin Horn"},{"floor":14.0,"key":"White Beast Statue"},{"floor":22.0,"key":"Red Mask"},{"floor":25.0,"key":"Boot"},{"floor":26.0,"key":"Eternal Feather"}],"event_choices":[{"cards_removed":["Strike_P"],"damage_healed":0.0,"max_hp_gain":0.0,"max_hp_loss":0.0,"gold_gain":0.0,"event_name":"Beggar","player_choice":"Gave Gold","floor":21.0,"gold_loss":75.0,"damage_taken":0.0},{"damage_healed":0.0,"max_hp_gain":0.0,"max_hp_loss":0.0,"gold_gain":0.0,"event_name":"Masked Bandits","player_choice":"Fought Bandits","floor":22.0,"gold_loss":0.0,"damage_taken":0.0}],"is_beta":false,"boss_relics":[{"not_picked":["Cursed Key","Coffee Dripper"],"picked":"Fusion Hammer"}],"items_purged_floors":[20,30],"is_endless":false,"potions_floor_spawned":[4,5,8,10,16,18,19,22,25,27,29],"killed_by":"Cultist and Chosen","ascension_level":20}}