{"host":"oigynbtg272c19pw","time":1612713100,"event":{"mods":["BaseMod","Colored Map","Minty Spire (QoL Compilation)","Relic Stats","Slay the Relics Exporter","StSLib"],"gold_per_floor":[118,118,118,43,43,75,46,81,107,127,127,142,142,156,156,156,156],"floor_reached":16,"playtime":417,"items_purged":["Strike_P"],"score":316,"play_id":"1879bf60-360a-42c8-8045-27bab81866d0","local_time":"20210207165140","is_ascension_mode":true,"campfire_choices":[{"data":"WheelKick","floor":13,"key":"SMITH"},{"data":"WaveOfTheHand","floor":15,"key":"SMITH"}],"circlet_count":0,"master_deck":["AscendersBane","Strike_P","Strike_P","Strike_P","Defend_P","Defend_P","Defend_P","Defend_P","Eruption","Vigilance","BowlingBash","Perseverance","Evaluate","ReachHeaven","WaveOfTheHand+1","WheelKick+1","FlurryOfBlows"],"relics":["PureWater","NeowsBlessing","Regal Pillow","CultistMask","Yang","The Courier","Blood Vial","Golden Idol"],"acts_visited":["Exordium"],"potions_floor_usage":[12],"damage_taken":[{"damage":0.0,"enemies":"2 Louse","floor":1.0,"turns":1.0},{"damage":0.0,"enemies":"3 Sentries","floor":6.0,"turns":1.0},{"damage":0.0,"enemies":"Lagavulin","floor":8.0,"turns":1.0},{"damage":0.0,"enemies":"Jaw Worm","floor":10.0,"turns":4.0},{"damage":0,"enemies":"Small Slimes","floor":12,"turns":5},{"damage":1,"enemies":"Red Slaver","floor":14,"turns":4},{"damage":22,"enemies":"Hexaghost","floor":16,"turns":9}],"seed_played":"-6889117232818443442","potions_obtained":[{"floor":6.0,"key":"Swift Potion"},{"floor":10.0,"key":"Fire Potion"}],"is_trial":false,"path_per_floor":["M","?","?","$","?","E","$","E","T","M","?","M","R","M","R","B"],"character_chosen":"WATCHER","items_purchased":["Evaluate"],"campfire_rested":0,"item_purchase_floors":[7],"current_hp_per_floor":[61,61,54,54,54,54,54,54,54,56,33,35,35,36,36,16,16],"gold":156,"neow_bonus":"THREE_ENEMY_KILL","is_daily":false,"chose_seed":false,"campfire_upgraded":2,"win_rate":0.0,"timestamp":1612713100,"path_taken":["M","?","?","$","?","E","$","E","T","?","?","M","R","M","R","BOSS"],"items_purchased_type":["Card"],"build_version":"2020-12-13","purchased_purges":1,"victory":false,"max_hp_per_floor":[68,68,68,68,68,68,68,68,68,68,68,68,68,68,68,68,68],"relic_stats":{"Blood Vial":8,"Regal Pillow":0,"counters":[7,25],"Golden Idol":6,"Yang":[30],"obtain_stats":[{"Blood Vial":9,"Regal Pillow":2,"NeowsBlessing":0,"Golden Idol":11,"Yang":6,"CultistMask":5,"The Courier":8,"PureWater":0},{"Blood Vial":3,"Regal Pillow":1,"NeowsBlessing":0,"Golden Idol":4,"Yang":2,"CultistMask":1,"The Courier":3,"PureWater":0},{"Blood Vial":3,"Regal Pillow":1,"NeowsBlessing":0,"Golden Idol":7,"Yang":2,"CultistMask":1,"The Courier":3,"PureWater":0}]},"card_choices":[{"not_picked":["FollowUp","SashWhip"],"picked":"BowlingBash","floor":1.0},{"not_picked":["Crescendo","FlyingSleeves"],"picked":"Perseverance","floor":6.0},{"not_picked":["Crescendo","CrushJoints"],"picked":"ReachHeaven","floor":8.0},{"not_picked":["Prostrate","Conclude"],"picked":"WaveOfTheHand","floor":10.0},{"not_picked":["FlyingSleeves","Ragnarok"],"picked":"WheelKick","floor":12},{"not_picked":["EmptyBody","Weave"],"picked":"FlurryOfBlows","floor":14}],"player_experience":1560478,"relics_obtained":[{"floor":6.0,"key":"Yang"},{"floor":8.0,"key":"The Courier"},{"floor":9.0,"key":"Blood Vial"}],"event_choices":[{"damage_healed":0.0,"max_hp_gain":0.0,"max_hp_loss":0.0,"gold_gain":0.0,"event_name":"Big Fish","player_choice":"Box","floor":2.0,"gold_loss":0.0,"damage_taken":0.0,"relics_obtained":["Regal Pillow"],"cards_obtained":["Regret"]},{"cards_removed":["Regret"],"damage_healed":0.0,"max_hp_gain":0.0,"max_hp_loss":0.0,"gold_gain":0.0,"event_name":"Golden Wing","player_choice":"Card Removal","floor":3.0,"gold_loss":0.0,"damage_taken":7.0},{"damage_healed":0.0,"max_hp_gain":0.0,"max_hp_loss":0.0,"gold_gain":0.0,"event_name":"FaceTrader","player_choice":"Trade","floor":5.0,"gold_loss":0.0,"damage_taken":0.0,"relics_obtained":["CultistMask"]},{"damage_healed":0.0,"max_hp_gain":0.0,"max_hp_loss":0.0,"gold_gain":0.0,"event_name":"Golden Idol","player_choice":"Take Damage","floor":11.0,"gold_loss":0.0,"damage_taken":23.0,"relics_obtained":["Golden Idol"]}],"is_beta":false,"boss_relics":[],"items_purged_floors":[4],"is_endless":false,"potions_floor_spawned":[6,10],"killed_by":"Hexaghost","ascension_level":20}}