{"host":"hpdezpg731xgox4e","time":1612721867,"event":{"mods":["2.2 Compatiblity","Aspiration","BaseMod","Downfall","GifTheSpireLib","Minty Spire (QoL Compilation)","Shop Mod","StSLib"],"gold_per_floor":[0,10,460,476,476,476,547,559,559,559,83,83,83,117,129,129,129,129],"floor_reached":16,"language":"ENG","playtime":875,"items_purged":["downfall:Icky"],"score":98,"play_id":"b89841fa-7602-4cb8-a493-97928dae3a07","local_time":"20210207131746","is_ascension_mode":false,"campfire_choices":[{"data":"bronze:Replicate","floor":1,"key":"SMITH"},{"data":"bronze:Separator","floor":6,"key":"SMITH"},{"data":"bronze:Terminator","floor":9,"key":"SMITH"},{"data":"bronze:ClassDefault","floor":12,"key":"SMITH"}],"circlet_count":0,"master_deck":["bronze:Strike","bronze:Strike","bronze:Strike","bronze:Strike","bronze:Defend","bronze:Defend","bronze:Defend","bronze:Defend","bronze:Replicate+1","bronze:Goto","bronze:Separator+1","downfall:Icky","downfall:Icky","bronze:Terminator+1","bronze:Terminator","Injury","bronze:ChosenStrike","bronze:BronzeOrb","bronze:WhirlingStrike","bronze:Frontload+1","bronze:ClassDefault+1","bronze:Shield+1","bronze:FineTuning+1"],"relics":["bronze:BronzeCore","Unceasing Top","bronze:CableSpool","Toxic Egg 2","Pen Nib","aspiration:FetidBarrel"],"acts_visited":["Exordium"],"potions_floor_usage":[14,16,16,16],"damage_taken":[{"damage":1,"enemies":"Cultist","floor":2,"turns":3},{"damage":6,"enemies":"Jaw Worm","floor":4,"turns":4},{"damage":12,"enemies":"Small Slimes","floor":8,"turns":3},{"damage":0,"enemies":"downfall:FleeingMerchant","floor":11,"turns":4},{"damage":22,"enemies":"Gremlin Nob","floor":14,"turns":4},{"damage":20,"enemies":"Exordium Thugs","floor":15,"turns":4},{"damage":37,"enemies":"WA_ARCHETYPE_RETAIN","floor":16,"turns":4}],"seed_played":"-7660461599270883568","potions_obtained":[{"floor":4,"key":"LiquidBronze"},{"floor":8,"key":"sneckomod:MuddlingPotion"},{"floor":14,"key":"hexamod:SoulburnPotion"},{"floor":15,"key":"GamblersBrew"}],"is_trial":false,"path_per_floor":["R","M","?","M","?","R","T","M","R","?","$","R","?","E","M","B"],"character_chosen":"THE_AUTOMATON","items_purchased":["bronze:BronzeOrb","bronze:WhirlingStrike","bronze:Frontload+1","bronze:ClassDefault","Pen Nib"],"campfire_rested":0,"item_purchase_floors":[11,11,11,11,11],"current_hp_per_floor":[70,69,69,63,63,63,63,51,51,51,51,51,58,36,16,0,0,0],"gold":129,"neow_bonus":"ONE_RARE_RELIC","is_daily":false,"chose_seed":false,"campfire_upgraded":4,"win_rate":0.0,"timestamp":1612721866,"path_taken":["R","M","?","M","?","R","T","M","R","?","$","R","?","E","M","BOSS"],"items_purchased_type":["Card","Card","Card","Card","Relic"],"build_version":"2020-12-22","purchased_purges":1,"victory":false,"max_hp_per_floor":[70,70,70,70,70,70,70,70,70,70,70,70,70,70,70,70,70,70],"card_choices":[{"not_picked":["bronze:WildBeam","bronze:Branch"],"picked":"bronze:Separator","floor":2},{"not_picked":["bronze:WhirlingStrike","bronze:Constructor"],"picked":"bronze:Terminator","floor":4},{"not_picked":["bronze:Iterate","bronze:Branch"],"picked":"bronze:Terminator","floor":8},{"not_picked":["bronze:BugBarrage","bronze:Frontload+1"],"picked":"bronze:ChosenStrike","floor":11},{"not_picked":["bronze:ShipIt","bronze:CutThrough"],"picked":"bronze:Shield+1","floor":14},{"not_picked":["bronze:CutThrough","bronze:Frontload+1"],"picked":"bronze:FineTuning+1","floor":15}],"player_experience":60184,"relics_obtained":[{"floor":7,"key":"bronze:CableSpool"},{"floor":14,"key":"aspiration:FetidBarrel"}],"event_choices":[],"is_beta":false,"boss_relics":[],"items_purged_floors":[11],"is_endless":false,"potions_floor_spawned":[4,8,14,15],"killed_by":"WA_ARCHETYPE_RETAIN","ascension_level":0}}