{"host":"684z1xpuwaoqmmh1","time":1612722404,"event":{"mods":["A Magickal Journey","Astrologer","BaseMod","Downfall","Hermit","Jorbs\u0027s Wanderer Trilogy","Marisa????????","Minty Spire (QoL Compilation)","Robot Space Explorer","Shade Mod","StSLib","The Bug Knight","The Dragon Tamer","The Elementalist","The Hayseed","The Hierophant","The Marked","The Mystic","The Runesmith","The Saiyan","The Senshi","The Spell Scribe","The Vixen","TheBandit","TheFirefly"],"gold_per_floor":[111,186,204,218,218,218,246,246,246,246,261,295,315,265,265,366,366,385,403,418,428,428,428,428],"floor_reached":23,"language":"ENG","playtime":908,"items_purged":[],"score":445,"play_id":"7c27e180-52b4-4b1e-8b52-5386ab6c1d56","local_time":"20210207202644","is_ascension_mode":true,"campfire_choices":[{"data":"theSenshi:MoonKick","floor":6,"key":"SMITH"},{"data":"theSenshi:RoseThrow","floor":10,"key":"SMITH"},{"data":"theSenshi:MoonCosmicPowerMakeUp","floor":15,"key":"SMITH"}],"circlet_count":0,"master_deck":["AscendersBane","theSenshi:SailorKick","theSenshi:SailorKick","theSenshi:SailorBlock","theSenshi:SailorBlock","theSenshi:RoseThrow+1","theSenshi:MoonPrismPowerMakeUp","theSenshi:LunasBite","theSenshi:MoonKick+1","theSenshi:MercurysCunning","theSenshi:KlutzyLuck+1","theSenshi:SailorSaturnAssists","theSenshi:MoonPrincessHalation","theSenshi:MoonCosmicPowerMakeUp+1","theSenshi:GlimpseOfThePast","theSenshi:SailorPlanetAttack+1","theSenshi:MoonPunch"],"relics":["theSenshi:TransformationBroochRelic","bronze:DecasWashers","theSenshi:EternalTiareRelic","CaptainsWheel","Empty Cage"],"acts_visited":["Exordium","TheCity"],"potions_floor_usage":[19,19,20,23],"damage_taken":[{"damage":4,"enemies":"Cultist","floor":1,"turns":3},{"damage":0,"enemies":"Jaw Worm","floor":3,"turns":4},{"damage":0,"enemies":"2 Louse","floor":4,"turns":3},{"damage":13,"enemies":"Lagavulin","floor":7,"turns":7},{"damage":0,"enemies":"2 Fungi Beasts","floor":11,"turns":4},{"damage":0,"enemies":"Gremlin Nob","floor":12,"turns":3},{"damage":0,"enemies":"Exordium Wildlife","floor":13,"turns":5},{"damage":0,"enemies":"The Guardian","floor":16,"turns":9},{"damage":2,"enemies":"Shell Parasite","floor":18,"turns":5},{"damage":20,"enemies":"2 Thieves","floor":19,"turns":3},{"damage":2,"enemies":"Cultist and Chosen","floor":20,"turns":7},{"damage":55,"enemies":"Sentry and Sphere","floor":21,"turns":8},{"damage":22,"enemies":"Book of Stabbing","floor":23,"turns":4}],"seed_played":"4187077911255004797","potions_obtained":[{"floor":1,"key":"Explosive Potion"},{"floor":12,"key":"bronze:BurnAndBuffPotion"},{"floor":13,"key":"hexamod:SoulburnPotion"},{"floor":19,"key":"Explosive Potion"},{"floor":21,"key":"Swift Potion"}],"is_trial":false,"path_per_floor":["M","?","M","M","?","R","E","?","T","R","M","E","M","?","R","B",null,"M","M","M","M","?","E"],"character_chosen":"THE_SENSHI","items_purchased":[],"campfire_rested":0,"item_purchase_floors":[],"current_hp_per_floor":[71,60,60,60,53,53,40,40,40,40,40,40,45,45,45,55,75,78,62,70,20,20,0,0],"gold":428,"neow_bonus":"TEN_PERCENT_HP_BONUS","is_daily":false,"chose_seed":false,"campfire_upgraded":3,"win_rate":0.0,"timestamp":1612722404,"path_taken":["M","?","M","M","?","R","E","?","T","R","M","E","M","?","R","BOSS","M","M","M","M","?","E"],"items_purchased_type":[],"build_version":"2020-12-22","purchased_purges":0,"victory":false,"max_hp_per_floor":[82,82,82,82,82,82,82,82,82,82,82,82,82,82,82,82,82,82,82,82,82,82,82,82],"card_choices":[{"not_picked":["theSenshi:OdangoHead","theSenshi:SchoolBag"],"picked":"theSenshi:LunasBite","floor":1},{"not_picked":["theSenshi:SailorStarMakerAssists","theSenshi:SailorPlanetPower"],"picked":"theSenshi:MoonKick","floor":3},{"not_picked":["theSenshi:SupersonicWaves","theSenshi:RainbowMoonHeartAche"],"picked":"theSenshi:MercurysCunning","floor":4},{"not_picked":["theSenshi:SailorStarFighterAssists","theSenshi:TallSilhouette"],"picked":"theSenshi:KlutzyLuck","floor":7},{"not_picked":["theSenshi:TallSilhouette","theSenshi:SailorMarsAssists"],"picked":"theSenshi:SailorSaturnAssists","floor":11},{"not_picked":["theSenshi:NeptunesGrace","theSenshi:SailorPlanetPower"],"picked":"theSenshi:MoonPrincessHalation","floor":12},{"not_picked":["theSenshi:MoonPunch","theSenshi:UranusStrength"],"picked":"theSenshi:MoonCosmicPowerMakeUp","floor":13},{"not_picked":["theSenshi:JupitersPower","theSenshi:SilverCrystal"],"picked":"theSenshi:GlimpseOfThePast","floor":16},{"not_picked":["theSenshi:GatheringStrength","theSenshi:MoonPrincessHalation","theSenshi:NeptunesGrace"],"picked":"SKIP","floor":18},{"not_picked":["theSenshi:SailorMarsAssists","theSenshi:SchoolBag"],"picked":"theSenshi:SailorPlanetAttack+1","floor":19},{"not_picked":["theSenshi:SailorJupiterAssists","theSenshi:MoonsReflection","theSenshi:HesSoDreamy"],"picked":"SKIP","floor":20},{"not_picked":["theSenshi:OdangoHead+1","theSenshi:RainbowMoonHeartAche"],"picked":"theSenshi:MoonPunch","floor":21}],"player_experience":3228847,"relics_obtained":[{"floor":7,"key":"bronze:DecasWashers"},{"floor":9,"key":"theSenshi:EternalTiareRelic"},{"floor":12,"key":"CaptainsWheel"}],"event_choices":[{"damage_healed":0,"gold_gain":75,"player_choice":"Gather Gold","damage_taken":11,"max_hp_gain":0,"max_hp_loss":0,"event_name":"World of Goop","floor":2,"gold_loss":0},{"cards_removed":["theSenshi:SailorKick"],"damage_healed":0,"gold_gain":0,"player_choice":"Card Removal","damage_taken":7,"max_hp_gain":0,"max_hp_loss":0,"event_name":"Golden Wing","floor":5,"gold_loss":0},{"damage_healed":0,"gold_gain":0,"player_choice":"Grow","damage_taken":0,"max_hp_gain":0,"max_hp_loss":0,"event_name":"Living Wall","floor":8,"gold_loss":0,"cards_upgraded":["theSenshi:KlutzyLuck"]},{"cards_removed":["theSenshi:SailorBlock"],"damage_healed":0,"gold_gain":0,"player_choice":"Card Removal","damage_taken":0,"max_hp_gain":0,"max_hp_loss":0,"event_name":"The Cleric","floor":14,"gold_loss":50},{"damage_healed":0,"gold_gain":0,"player_choice":"Ignored","damage_taken":0,"max_hp_gain":0,"max_hp_loss":0,"event_name":"Vampires","floor":22,"gold_loss":0}],"is_beta":false,"boss_relics":[{"not_picked":["Velvet Choker","Snecko Eye"],"picked":"Empty Cage"}],"items_purged_floors":[],"is_endless":false,"potions_floor_spawned":[1,12,13,19,21],"killed_by":"Book of Stabbing","ascension_level":12}}