{"host":"liwj66r6jjqhm4vi","time":1612658375,"event":{"mods":["BaseMod","Colored Map","Downfall","Minty Spire (QoL Compilation)","Replay The Spire","StSLib"],"gold_per_floor":[0,11,37,57,57,57,57,74,107,124,134,160,199,31,41,41,41,41],"floor_reached":16,"language":"ENG","playtime":1906,"items_purged":[],"score":137,"play_id":"5612c523-e99f-41f4-9fec-3623069d3afd","local_time":"20210206193935","is_ascension_mode":false,"campfire_choices":[{"data":"sneckomod:SerpentMind","floor":1.0,"key":"SMITH"}],"circlet_count":0,"master_deck":["sneckomod:Strike","sneckomod:Strike","sneckomod:Defend","sneckomod:Defend","sneckomod:TailWhip","sneckomod:SnekBite","sneckomod:Unknown","sneckomod:Unknown","sneckomod:SoulDraw","sneckomod:SerpentMind+1","sneckomod:SnakeSap","sneckomod:UnknownCommonAttack","sneckomod:QuickMove","sneckomod:UnknownDraw","sneckomod:UnknownDraw","sneckomod:Unknown2Cost","sneckomod:Unknown1Cost","sneckomod:Memorize","sneckomod:SoulExchange","sneckomod:Unknown3Cost","sneckomod:Unknown1Cost"],"relics":["sneckomod:SneckoSoul","Vajra","downfall:BrokenWingStatue","Replay:Ringing Soul","ReplayTheSpireMod:TigerMarble","Du-Vu Doll"],"acts_visited":["Exordium"],"potions_floor_usage":[14],"damage_taken":[{"damage":0.0,"enemies":"Cultist","floor":2.0,"turns":4.0},{"damage":0.0,"enemies":"Small Slimes","floor":4.0,"turns":3.0},{"damage":13.0,"enemies":"2 Louse","floor":8.0,"turns":2.0},{"damage":19.0,"enemies":"Replay:BlueRogue","floor":9.0,"turns":6.0},{"damage":0.0,"enemies":"Exordium Wildlife","floor":10.0,"turns":3.0},{"damage":8.0,"enemies":"Exordium Thugs","floor":11.0,"turns":5.0},{"damage":18.0,"enemies":"3 Sentries","floor":12.0,"turns":9.0},{"damage":3,"enemies":"downfall:FleeingMerchant","floor":14,"turns":4},{"damage":10,"enemies":"2 Fungi Beasts","floor":15,"turns":3},{"damage":33,"enemies":"WA_ARCHETYPE_RETAIN","floor":16,"turns":4}],"seed_played":"-7129890364516299491","potions_obtained":[{"floor":2.0,"key":"Fire Potion"},{"floor":9.0,"key":"bronze:BurnAndBuffPotion"},{"floor":11.0,"key":"SteroidPotion"},{"floor":13.0,"key":"LifebloodPotion"}],"is_trial":false,"path_per_floor":["R","M","T","M","?","?","T","M","E","M","M","E","?","$","M","B"],"character_chosen":"THE_SNECKO","items_purchased":["sneckomod:Unknown3Cost"],"campfire_rested":0,"item_purchase_floors":[14],"current_hp_per_floor":[90,90,90,90,90,90,90,80,64,67,62,47,24,24,17,0,0,0],"gold":41,"neow_bonus":"TRANSFORM_TWO_CARDS","is_daily":false,"chose_seed":false,"campfire_upgraded":1,"win_rate":0.0,"timestamp":1612658375,"path_taken":["R","M","?","M","?","?","T","M","E","M","M","E","?","$","M","BOSS"],"items_purchased_type":["Card"],"build_version":"2020-12-22","purchased_purges":0,"victory":false,"max_hp_per_floor":[90,90,90,90,90,90,90,93,96,99,102,105,108,111,114,114,114,114],"card_choices":[{"not_picked":["sneckomod:SoulRoll","sneckomod:UnknownCommonSkill"],"picked":"sneckomod:SnakeSap","floor":2.0},{"not_picked":["sneckomod:TrashToTreasure","sneckomod:UnknownCommonSkill"],"picked":"sneckomod:UnknownCommonAttack","floor":4.0},{"not_picked":["sneckomod:Nope","sneckomod:RainOfDice"],"picked":"sneckomod:QuickMove","floor":8.0},{"not_picked":["sneckomod:SnakeSap","sneckomod:DefensiveFlair"],"picked":"sneckomod:UnknownDraw","floor":9.0},{"not_picked":["sneckomod:Rotation","sneckomod:IronFang"],"picked":"sneckomod:UnknownDraw","floor":10.0},{"not_picked":["sneckomod:DangerNoodle","sneckomod:UnknownVulnerable"],"picked":"sneckomod:Unknown2Cost","floor":11.0},{"not_picked":["sneckomod:QuickMove","sneckomod:UnknownDexterity"],"picked":"sneckomod:Unknown1Cost","floor":12.0},{"not_picked":["sneckomod:SoulRoll","sneckomod:DefensiveFlair"],"picked":"sneckomod:Memorize","floor":13.0},{"not_picked":["sneckomod:ImprovisedGuard","sneckomod:SoulDraw"],"picked":"sneckomod:SoulExchange","floor":14},{"not_picked":["sneckomod:SoulDraw","sneckomod:UnknownDexterity"],"picked":"sneckomod:Unknown1Cost","floor":15}],"player_experience":181688,"relics_obtained":[{"floor":3.0,"key":"Vajra"},{"floor":7.0,"key":"Replay:Ringing Soul"},{"floor":9.0,"key":"ReplayTheSpireMod:TigerMarble"},{"floor":12.0,"key":"Du-Vu Doll"}],"event_choices":[],"is_beta":false,"boss_relics":[],"items_purged_floors":[],"is_endless":false,"potions_floor_spawned":[2,9,11],"killed_by":"WA_ARCHETYPE_RETAIN","ascension_level":0}}