{"host":"j4nfyhit1dl35m08","time":1612681136,"event":{"mods":["BaseMod","Downfall","Highlight Path","Minty Spire (QoL Compilation)","StSLib"],"gold_per_floor":[99,110,121,121,138,157,182,210,210,110,135,135,153,153,167,246,246,246,265,284,284,304,304,304,304],"floor_reached":23,"language":"ENG","playtime":1770,"items_purged":[],"score":335,"play_id":"d8b3dfe7-9b18-4e46-8e52-855e6e3d3e17","local_time":"20210207005856","is_ascension_mode":true,"campfire_choices":[{"floor":1,"key":"RECALL"},{"floor":10,"key":"REST"},{"floor":12,"key":"REST"},{"floor":18,"key":"REST"}],"circlet_count":0,"master_deck":["AscendersBane","bronze:Strike","bronze:Strike","bronze:Strike","bronze:Strike","bronze:Defend","bronze:Defend","bronze:Defend","bronze:Defend","bronze:Replicate","bronze:Goto+1","bronze:DarkDash","bronze:DigitalCarnage+1","downfall:Aged","bronze:MaxOutput","bronze:DelayedGuard","bronze:SpaghettiCode","Parasite","bronze:Invalidate","bronze:ChosenStrike+1","bronze:Frontload","bronze:Iterate+1","bronze:Library","bronze:ChosenStrike+1","bronze:BuggyMess","bronze:Repair"],"relics":["Black Star","Tiny Chest","PreservedInsect","Dream Catcher","downfall:HeartBlessingRed","Molten Egg 2","Orichalcum","Potion Belt","Sozu"],"acts_visited":["Exordium","TheCity"],"potions_floor_usage":[16,16],"damage_taken":[{"damage":8,"enemies":"Jaw Worm","floor":2,"turns":5},{"damage":0,"enemies":"Cultist","floor":3,"turns":3},{"damage":11,"enemies":"2 Louse","floor":5,"turns":3},{"damage":10,"enemies":"2 Fungi Beasts","floor":6,"turns":4},{"damage":30,"enemies":"Lagavulin","floor":8,"turns":6},{"damage":24,"enemies":"Gremlin Nob","floor":11,"turns":4},{"damage":0,"enemies":"3 Louse","floor":13,"turns":2},{"damage":8,"enemies":"Blue Slaver","floor":15,"turns":2},{"damage":14,"enemies":"SI_SHIV_ARCHETYPE","floor":16,"turns":12},{"damage":18,"enemies":"3 Byrds","floor":19,"turns":6},{"damage":0,"enemies":"Sentry and Sphere","floor":20,"turns":2},{"damage":32,"enemies":"Shelled Parasite and Fungi","floor":22,"turns":5},{"damage":30,"enemies":"Gremlin Leader","floor":23,"turns":4}],"seed_played":"7287566710991910283","potions_obtained":[{"floor":3,"key":"SpeedPotion"},{"floor":5,"key":"hexamod:SoulburnPotion"},{"floor":11,"key":"bronze:CleanCodePotion"}],"is_trial":false,"path_per_floor":["R","M","M","?","M","M","T","E","?","R","E","R","M","?","M","B",null,"R","M","M","?","M","E"],"character_chosen":"THE_AUTOMATON","items_purchased":[],"campfire_rested":3,"item_purchase_floors":[],"current_hp_per_floor":[63,55,55,55,44,34,34,4,21,42,18,39,39,36,28,14,56,70,52,52,52,20,0,0,0],"gold":304,"neow_bonus":"BOSS_RELIC","is_daily":false,"chose_seed":false,"campfire_upgraded":0,"win_rate":0.0,"timestamp":1612681136,"path_taken":["R","M","M","?","?","M","T","E","?","R","E","R","M","?","M","BOSS","R","M","M","?","M","E"],"items_purchased_type":[],"build_version":"2020-12-22","purchased_purges":0,"victory":false,"max_hp_per_floor":[70,70,70,70,70,70,70,70,70,70,70,70,70,70,70,70,70,70,70,70,70,70,70,70,70],"card_choices":[{"not_picked":["bronze:Deprecate","bronze:Philosophize"],"picked":"bronze:DarkDash","floor":2},{"not_picked":["bronze:CutThrough","bronze:Allocate"],"picked":"bronze:DigitalCarnage","floor":3},{"not_picked":["bronze:Safeguard","bronze:Backtrace"],"picked":"bronze:MaxOutput","floor":5},{"not_picked":["bronze:FollowUp","bronze:BugBarrage"],"picked":"bronze:DelayedGuard","floor":6},{"not_picked":["bronze:NullPointer","bronze:Philosophize"],"picked":"bronze:SpaghettiCode","floor":8},{"not_picked":["bronze:WhirlingStrike","bronze:OilSpill"],"picked":"bronze:Invalidate","floor":10},{"not_picked":["bronze:Overload","bronze:InfiniteBeams","bronze:DelayedSlice+1"],"picked":"SKIP","floor":11},{"not_picked":["bronze:Flail+1","bronze:InfiniteBeams"],"picked":"bronze:ChosenStrike+1","floor":12},{"not_picked":["bronze:ForceShield","bronze:MaxOutput"],"picked":"bronze:Frontload","floor":13},{"not_picked":["bronze:HyperBeam+1","bronze:Frontload"],"picked":"bronze:Iterate+1","floor":15},{"not_picked":["bronze:InfiniteLoop+1","bronze:CleanCode"],"picked":"bronze:Library","floor":16},{"not_picked":["bronze:FineTuning","bronze:Philosophize"],"picked":"bronze:ChosenStrike+1","floor":18},{"not_picked":["bronze:InfiniteBeams","bronze:BugBarrage+1"],"picked":"bronze:BuggyMess","floor":19},{"not_picked":["bronze:DelayedSlice+1","bronze:BitShift+1","bronze:GetLatest"],"picked":"SKIP","floor":20},{"not_picked":["bronze:CutThrough+1","bronze:Deprecate"],"picked":"bronze:Repair","floor":22}],"player_experience":476399,"relics_obtained":[{"floor":7,"key":"Tiny Chest"},{"floor":8,"key":"PreservedInsect"},{"floor":8,"key":"Dream Catcher"},{"floor":11,"key":"Molten Egg 2"},{"floor":11,"key":"Orichalcum"}],"event_choices":[{"damage_healed":17,"gold_gain":0,"player_choice":"Healed and dodged fight","damage_taken":0,"max_hp_gain":0,"max_hp_loss":0,"event_name":"Mushrooms","floor":9,"gold_loss":0,"cards_obtained":["Parasite"]},{"damage_healed":0,"gold_gain":0,"player_choice":"Success","damage_taken":3,"relics_obtained":["Potion Belt"],"max_hp_gain":0,"max_hp_loss":0,"event_name":"Scrap Ooze","floor":14,"gold_loss":0}],"is_beta":false,"boss_relics":[{"not_picked":["Astrolabe","SacredBark"],"picked":"Sozu"}],"items_purged_floors":[],"is_endless":false,"potions_floor_spawned":[3,5,8,11,13,19],"killed_by":"Gremlin Leader","ascension_level":13}}