{"host":"hjajo0rafoe1e6c4","time":1612672998,"event":{"mods":["AchievementEnabler","BaseMod","Bestiary","Colored Map","Colored Powertips","Downfall","Highlight Path","Minty Spire (QoL Compilation)","Relic Stats","StSLib"],"gold_per_floor":[112,112,112,72,93,93,93,93,147,147,163,11,11,35,35,164,164,164,164,164,164,164,164,164,164,164,18,18,18,18,18],"floor_reached":30,"language":"ENG","playtime":556,"items_purged":["Regret"],"score":245,"play_id":"467f4b04-9d2e-4f98-a324-06418b9a3e89","local_time":"20210206234318","is_ascension_mode":false,"campfire_choices":[{"floor":6,"key":"REST"},{"data":"Anger","floor":13,"key":"SMITH"},{"data":"Inflame","floor":15,"key":"SMITH"},{"floor":23,"key":"REST"}],"circlet_count":0,"master_deck":["Defend_R","Defend_R+1","Defend_R","Defend_R","Bash+1","Anger+1","Inflame+1","Twin Strike+1","Cleave","Dual Wield","Corruption","Rupture","Anger+1","Combust","Anger+1","J.A.X.","Evolve","Bite","Bite","Bite","Bite","Bite"],"relics":["Burning Blood","Unceasing Top","Golden Idol","Potion Belt","Pen Nib","Ectoplasm","Whetstone"],"acts_visited":["Exordium","TheCity"],"potions_floor_usage":[21,25,30],"damage_taken":[{"damage":0,"enemies":"Small Slimes","floor":1,"turns":3},{"damage":2,"enemies":"2 Louse","floor":5,"turns":3},{"damage":8,"enemies":"Cultist","floor":11,"turns":3},{"damage":27,"enemies":"Large Slime","floor":14,"turns":3},{"damage":16,"enemies":"Slime Boss","floor":16,"turns":6},{"damage":28,"enemies":"Shell Parasite","floor":18,"turns":3},{"damage":5,"enemies":"3 Byrds","floor":20,"turns":4},{"damage":9,"enemies":"Cultist and Chosen","floor":21,"turns":5},{"damage":33,"enemies":"Snecko","floor":22,"turns":4},{"damage":21,"enemies":"Centurion and Healer","floor":25,"turns":3},{"damage":28,"enemies":"3 Cultists","floor":28,"turns":4},{"damage":28,"enemies":"Snake Plant","floor":30,"turns":2}],"seed_played":"-9032419072065124034","potions_obtained":[{"floor":1,"key":"Ancient Potion"},{"floor":18,"key":"Weak Potion"},{"floor":20,"key":"Fire Potion"},{"floor":22,"key":"AttackPotion"}],"is_trial":false,"path_per_floor":["M","?","?","$","M","R","?","?","T","?","M","$","R","M","R","B",null,"M","?","M","M","M","R","?","M","T","$","M","?","M"],"character_chosen":"IRONCLAD","items_purchased":["Inflame","Dual Wield","Whetstone"],"campfire_rested":2,"item_purchase_floors":[4,12,27],"current_hp_per_floor":[62,42,42,42,46,70,54,54,54,80,78,78,78,57,57,47,80,58,58,59,56,29,53,53,38,38,38,16,16,0,0],"gold":18,"neow_bonus":"ONE_RARE_RELIC","is_daily":false,"chose_seed":false,"campfire_upgraded":2,"win_rate":0.0,"timestamp":1612672998,"path_taken":["M","?","?","$","M","R","?","?","T","?","?","$","R","M","R","BOSS","M","?","?","?","M","R","?","M","T","?","M","?","M"],"items_purchased_type":["Card","Card","Relic"],"build_version":"2020-12-22","purchased_purges":1,"victory":false,"max_hp_per_floor":[80,80,80,80,80,80,80,80,80,80,80,80,80,80,80,80,80,80,80,80,80,80,80,80,80,80,80,80,56,56,56],"relic_stats":{"counters":[12,43],"Golden Idol":60,"Pen Nib":[9],"Ectoplasm":107,"Whetstone":["Strike_R","Strike_R"],"obtain_stats":[{"Potion Belt":8,"Golden Idol":2,"Pen Nib":9,"Ectoplasm":17,"Whetstone":27,"Burning Blood":0,"Unceasing Top":0},{"Potion Belt":2,"Golden Idol":1,"Pen Nib":2,"Ectoplasm":5,"Whetstone":10,"Burning Blood":0,"Unceasing Top":0},{"Potion Belt":6,"Golden Idol":3,"Pen Nib":6,"Ectoplasm":18,"Whetstone":37,"Burning Blood":0,"Unceasing Top":0}],"Burning Blood":66,"Unceasing Top":[6]},"card_choices":[{"not_picked":["Rupture","Pommel Strike"],"picked":"Anger","floor":1},{"not_picked":["Searing Blow","Fire Breathing"],"picked":"Twin Strike","floor":5},{"not_picked":["Clash","True Grit"],"picked":"Cleave","floor":11},{"not_picked":["Shrug It Off","Wild Strike","Blood for Blood"],"picked":"SKIP","floor":14},{"not_picked":["Bludgeon","Reaper"],"picked":"Corruption","floor":16},{"not_picked":["Iron Wave","Pommel Strike"],"picked":"Rupture","floor":18},{"not_picked":["Shrug It Off","Wild Strike","Warcry"],"picked":"SKIP","floor":20},{"not_picked":["Armaments+1","Clash"],"picked":"Combust","floor":21},{"not_picked":["Power Through","Shockwave+1"],"picked":"Anger+1","floor":22},{"not_picked":["Second Wind+1","Shrug It Off"],"picked":"Evolve","floor":25},{"not_picked":["Perfected Strike","Power Through","Warcry"],"picked":"SKIP","floor":28}],"player_experience":251782,"relics_obtained":[{"floor":9,"key":"Pen Nib"}],"event_choices":[{"damage_healed":0,"gold_gain":0,"player_choice":"Take Damage","damage_taken":20,"relics_obtained":["Golden Idol"],"max_hp_gain":0,"max_hp_loss":0,"event_name":"Golden Idol","floor":2,"gold_loss":0},{"damage_healed":0,"gold_gain":0,"player_choice":"Grow","damage_taken":0,"max_hp_gain":0,"max_hp_loss":0,"event_name":"Living Wall","floor":3,"gold_loss":0,"cards_upgraded":["Bash"]},{"damage_healed":0,"gold_gain":0,"player_choice":"Entered Light","damage_taken":16,"max_hp_gain":0,"max_hp_loss":0,"event_name":"Shining Light","floor":7,"gold_loss":0,"cards_upgraded":["Defend_R","Twin Strike"]},{"damage_healed":0,"gold_gain":0,"player_choice":"Box","damage_taken":0,"relics_obtained":["Potion Belt"],"max_hp_gain":0,"max_hp_loss":0,"event_name":"Big Fish","floor":8,"gold_loss":0,"cards_obtained":["Regret"]},{"damage_healed":26,"gold_gain":0,"player_choice":"Full Heal","damage_taken":0,"max_hp_gain":0,"max_hp_loss":0,"event_name":"Wheel of Change","floor":10,"gold_loss":0},{"damage_healed":0,"gold_gain":0,"player_choice":"Copied","damage_taken":0,"max_hp_gain":0,"max_hp_loss":0,"event_name":"Duplicator","floor":19,"gold_loss":0,"cards_obtained":["Anger"]},{"damage_healed":0,"gold_gain":0,"player_choice":"Obtain J.A.X.","damage_taken":0,"max_hp_gain":0,"max_hp_loss":0,"event_name":"Drug Dealer","floor":24,"gold_loss":0,"cards_obtained":["J.A.X."]},{"damage_healed":0,"gold_gain":0,"player_choice":"Became a vampire","damage_taken":0,"max_hp_gain":0,"max_hp_loss":24,"event_name":"Vampires","floor":29,"gold_loss":0,"cards_obtained":["Bite","Bite","Bite","Bite","Bite"]}],"is_beta":false,"boss_relics":[{"not_picked":["Mark of Pain","Sozu"],"picked":"Ectoplasm"}],"items_purged_floors":[12],"is_endless":false,"potions_floor_spawned":[1,18,20,22],"killed_by":"Snake Plant","ascension_level":0}}