{"host":"osk2oboccoevp2u5","time":1612706506,"event":{"mods":["AchievementEnabler","Alarm Clock","BaseMod","Colored Powertips","Disable Question Mark Monsters","Displayed Cursed Tome","Key Reminder","Minty Spire (QoL Compilation)","Potion Indicator Mod","Quick Restart","Rare Cards Sparkle","Reorder Act Four","StSLib","The Cursed","Useless Jewels Mod"],"gold_per_floor":[115,1,1,1,76,120,120,134,134,157,6,6,86,86,86,206,206,222,43,43,53,53,93,93,93,93,93,108,133,133,166,166,166,166],"floor_reached":33,"language":"ENG","playtime":4143,"items_purged":["TheCursedMod:Strike_TheCursed","TheCursedMod:Strike_TheCursed","TheCursedMod:Strike_TheCursed"],"score":578,"play_id":"6acdefc1-5570-4d6c-912c-1dd30fa45dfc","local_time":"20210207100146","is_ascension_mode":true,"campfire_choices":[{"data":"TheCursedMod:Obscuration","floor":7.0,"key":"SMITH"},{"data":"TheCursedMod:SpitefulStrike","floor":12.0,"key":"SMITH"},{"data":"TheCursedMod:LuckyCharm","floor":15.0,"key":"SMITH"},{"data":"TheCursedMod:CursedAmulet","floor":24.0,"key":"SMITH"},{"floor":27.0,"key":"REST"},{"data":"TheCursedMod:TacticalStrike","floor":30.0,"key":"SMITH"},{"data":"TheCursedMod:CursedShiv","floor":32.0,"key":"SMITH"}],"circlet_count":0,"master_deck":["AscendersBane","TheCursedMod:Defend_TheCursed","TheCursedMod:Defend_TheCursed","TheCursedMod:Defend_TheCursed","TheCursedMod:Defend_TheCursed","TheCursedMod:CursedWand","TheCursedMod:CleanUpWorkshop","TheCursedMod:Dregs","TheCursedMod:RapidMovement","TheCursedMod:LuckyCharm+1","Injury","TheCursedMod:Obscuration+1","TheCursedMod:CursedAmulet+1","TheCursedMod:SpitefulStrike+1","Parasite","TheCursedMod:Neurasthenia","TheCursedMod:TacticalStrike+1","Bite","Bite","Bite+1","Bite","Bite+1","Shame","TheCursedMod:Wield+1","TheCursedMod:Wield+1","TheCursedMod:CursedShiv+1"],"relics":["TheCursedMod:BlackMagic101","NeowsBlessing","Golden Idol","TungstenRod","CaptainsWheel","Runic Pyramid","Matryoshka","TheCursedMod:Tack","Enchiridion","MealTicket","Lizard Tail","Bag of Preparation","Regal Pillow","Whetstone"],"acts_visited":["Exordium","TheCity"],"potions_floor_usage":[],"damage_taken":[{"damage":0.0,"enemies":"Cultist","floor":1.0,"turns":1.0},{"damage":0.0,"enemies":"Lagavulin","floor":6.0,"turns":1.0},{"damage":0.0,"enemies":"Jaw Worm","floor":8.0,"turns":1.0},{"damage":0.0,"enemies":"Small Slimes","floor":10.0,"turns":5.0},{"damage":9.0,"enemies":"3 Sentries","floor":13.0,"turns":11.0},{"damage":14.0,"enemies":"The Guardian","floor":16.0,"turns":24.0},{"damage":0.0,"enemies":"Spheric Guardian","floor":18.0,"turns":8.0},{"damage":1.0,"enemies":"2 Thieves","floor":21.0,"turns":5.0},{"damage":33.0,"enemies":"Book of Stabbing","floor":23.0,"turns":9.0},{"damage":0.0,"enemies":"Centurion and Healer","floor":28.0,"turns":7.0},{"damage":26.0,"enemies":"Slavers","floor":31.0,"turns":12.0},{"damage":115,"enemies":"Champ","floor":33,"turns":27}],"seed_played":"5471261511064397690","potions_obtained":[{"floor":6.0,"key":"PowerPotion"},{"floor":8.0,"key":"FearPotion"},{"floor":10.0,"key":"AttackPotion"},{"floor":18.0,"key":"SteroidPotion"}],"is_trial":false,"path_per_floor":["M","$","?","?","?","E","R","M","T","M","$","R","?","?","R","B",null,"M","$","?","M","?","E","R","?","T","R","M","T","R","E","R","B"],"character_chosen":"THE_CURSED","items_purchased":["TheCursedMod:LuckyCharm","TheCursedMod:SpitefulStrike","TheCursedMod:TacticalStrike"],"campfire_rested":1,"item_purchase_floors":[2,11,19],"current_hp_per_floor":[68,68,68,68,57,57,57,59,59,61,61,61,54,72,72,60,71,73,73,73,75,75,58,58,46,46,68,75,75,75,69,69,37,37],"gold":166,"neow_bonus":"THREE_ENEMY_KILL","is_daily":false,"chose_seed":false,"campfire_upgraded":6,"win_rate":0.0,"timestamp":1612706506,"path_taken":["M","$","?","?","?","E","R","M","T","M","$","R","?","?","R","BOSS","M","$","?","M","?","E","R","?","T","R","M","?","R","E","R","BOSS"],"items_purchased_type":["Card","Card","Card"],"build_version":"2020-12-22","purchased_purges":3,"victory":false,"max_hp_per_floor":[75,75,75,75,75,75,75,75,75,75,75,75,75,75,75,75,75,75,75,75,75,75,75,75,75,75,75,75,75,75,75,75,75,75],"card_choices":[{"not_picked":["TheCursedMod:Stretching","TheCursedMod:CursedAmulet"],"picked":"TheCursedMod:RapidMovement","floor":1.0},{"not_picked":["TheCursedMod:CircleOfCorruption","TheCursedMod:CursedStaff"],"picked":"TheCursedMod:Obscuration","floor":6.0},{"not_picked":["TheCursedMod:SpitefulPlan","TheCursedMod:Torture","TheCursedMod:HellfireBreathing"],"picked":"SKIP","floor":8.0},{"not_picked":["TheCursedMod:CursedBoomerang","TheCursedMod:FuryStrike"],"picked":"TheCursedMod:CursedAmulet","floor":10.0},{"not_picked":["TheCursedMod:ParallelWorld","TheCursedMod:OutForBlood"],"picked":"TheCursedMod:Neurasthenia","floor":16.0},{"not_picked":["TheCursedMod:SpitefulStrike","TheCursedMod:VitalStrike","TheCursedMod:SaltUponWound"],"picked":"SKIP","floor":18.0},{"not_picked":["TheCursedMod:SpreadPlague","TheCursedMod:SmokeScreen","TheCursedMod:CircleOfFlame"],"picked":"SKIP","floor":21.0},{"not_picked":["TheCursedMod:SpitefulPray","TheCursedMod:HellsGateOpen"],"picked":"TheCursedMod:Wield+1","floor":23.0},{"not_picked":["TheCursedMod:CursedSpellbook+1","TheCursedMod:Obscuration"],"picked":"TheCursedMod:Wield+1","floor":28.0},{"not_picked":["TheCursedMod:SoulReap+1","TheCursedMod:BloodBarrier"],"picked":"TheCursedMod:CursedShiv","floor":31.0}],"player_experience":1004474,"relics_obtained":[{"floor":6.0,"key":"Blood Vial"},{"floor":9.0,"key":"TungstenRod"},{"floor":13.0,"key":"CaptainsWheel"},{"floor":23.0,"key":"TheCursedMod:Tack"},{"floor":26.0,"key":"MealTicket"},{"floor":26.0,"key":"Lizard Tail"},{"floor":29.0,"key":"Bag of Preparation"},{"floor":29.0,"key":"Regal Pillow"},{"floor":31.0,"key":"Whetstone"}],"event_choices":[{"damage_healed":0.0,"max_hp_gain":0.0,"max_hp_loss":0.0,"gold_gain":0.0,"event_name":"Golden Idol","player_choice":"Take Wound","floor":3.0,"gold_loss":0.0,"damage_taken":0.0,"relics_obtained":["Golden Idol"],"cards_obtained":["Injury"]},{"cards_removed":["TheCursedMod:Strike_TheCursed"],"damage_healed":0.0,"max_hp_gain":0.0,"max_hp_loss":0.0,"gold_gain":0.0,"event_name":"Living Wall","player_choice":"Forget","floor":4.0,"gold_loss":0.0,"damage_taken":0.0},{"damage_healed":0.0,"max_hp_gain":0.0,"max_hp_loss":0.0,"gold_gain":75.0,"event_name":"World of Goop","player_choice":"Gather Gold","floor":5.0,"gold_loss":0.0,"damage_taken":11.0},{"damage_healed":0.0,"max_hp_gain":0.0,"max_hp_loss":0.0,"gold_gain":0.0,"event_name":"Dead Adventurer","player_choice":"Searched \u00271\u0027 times","floor":13.0,"gold_loss":0.0,"damage_taken":0.0},{"damage_healed":18.0,"max_hp_gain":0.0,"max_hp_loss":0.0,"gold_gain":0.0,"event_name":"Mushrooms","player_choice":"Healed and dodged fight","floor":14.0,"gold_loss":0.0,"damage_taken":0.0,"cards_obtained":["Parasite"]},{"damage_healed":0.0,"max_hp_gain":0.0,"max_hp_loss":0.0,"gold_gain":0.0,"event_name":"Vampires","player_choice":"Became a vampire (Vial)","floor":20.0,"relics_lost":["Blood Vial"],"gold_loss":0.0,"damage_taken":0.0,"cards_obtained":["Bite","Bite","Bite","Bite","Bite"]},{"damage_healed":0.0,"max_hp_gain":0.0,"max_hp_loss":0.0,"gold_gain":0.0,"event_name":"Addict","player_choice":"Stole Relic","floor":22.0,"gold_loss":0.0,"damage_taken":0.0,"relics_obtained":["Matryoshka"],"cards_obtained":["Shame"]},{"damage_healed":0.0,"max_hp_gain":0.0,"max_hp_loss":0.0,"gold_gain":0.0,"event_name":"Cursed Tome","player_choice":"Obtained Book","floor":25.0,"gold_loss":0.0,"damage_taken":16.0}],"is_beta":false,"boss_relics":[{"not_picked":["Pandora\u0027s Box","Calling Bell"],"picked":"Runic Pyramid"}],"items_purged_floors":[2,11,19],"is_endless":false,"potions_floor_spawned":[6,8,10,18],"killed_by":"Champ","ascension_level":10}}