{"host":"92wx9z21c4p52du4","time":1612667224,"event":{"mods":["Arknights","BaseMod","Infinite Spire","Lobotomy","Minty Spire (QoL Compilation)","Reliquary","Robot Space Explorer","StSLib","The Blue Laboratory","The Disciple","The Jungle","The Runesmith","TheSurvivalist"],"gold_per_floor":[118,118,118,128,139,139,139,139],"floor_reached":7,"language":"ENG","playtime":263,"items_purged":[],"score":41,"play_id":"184e2e48-3a29-41f8-a9d1-53d1eaaf8913","local_time":"20210206210704","is_ascension_mode":false,"campfire_choices":[{"data":"Study","floor":6,"key":"SMITH"}],"circlet_count":0,"master_deck":["Strike_P","Strike_P","Strike_P","Strike_P","Defend_P","Defend_P","Defend_P","Defend_P","Eruption","Vigilance","Laetitia","SandsOfTime","Judgement","Finesse","DespairKnight","ForeignInfluence","Murderer","Study+1"],"relics":["PureWater","CogitoBucket","infinitespire:BottledMercury"],"acts_visited":["Exordium"],"potions_floor_usage":[4],"damage_taken":[{"damage":0,"enemies":"2 Louse","floor":1,"turns":2},{"damage":0,"enemies":"Small Slimes","floor":4,"turns":3},{"damage":0,"enemies":"Cultist","floor":5,"turns":2},{"damage":74,"enemies":"Gremlin Nob","floor":7,"turns":3}],"seed_played":"-8422457119763953658","potions_obtained":[{"floor":1,"key":"blueLaboratory:SavagePotion"},{"floor":4,"key":"SteroidPotion"}],"is_trial":false,"path_per_floor":["M","?","?","M","M","R","E"],"character_chosen":"WATCHER","items_purchased":[],"campfire_rested":0,"item_purchase_floors":[],"current_hp_per_floor":[72,72,72,72,72,72,0,0],"gold":139,"neow_bonus":"","is_daily":false,"chose_seed":false,"campfire_upgraded":1,"win_rate":0.0,"timestamp":1612667224,"path_taken":["M","?","?","?","M","R","E"],"items_purchased_type":[],"build_version":"2020-12-22","purchased_purges":0,"victory":false,"max_hp_per_floor":[72,72,72,72,72,72,72,72],"card_choices":[{"not_picked":["FairyFestival","CrumblingArmor","OldLady"],"picked":"Singing Bowl","floor":1},{"not_picked":["CherryBlossoms","VoidDream"],"picked":"Laetitia","floor":1},{"not_picked":["Swivel","FlurryOfBlows"],"picked":"SandsOfTime","floor":1},{"not_picked":["Wellcheers","FieryBird","Murderer"],"picked":"Singing Bowl","floor":4},{"not_picked":["CrumblingArmor","FairyFestival"],"picked":"DespairKnight","floor":4},{"not_picked":["WaveOfTheHand","ThirdEye"],"picked":"ForeignInfluence","floor":4},{"not_picked":["Alriune","OldLady","WallGazer"],"picked":"Singing Bowl","floor":5},{"not_picked":["Bloodbath","BeautyBeast"],"picked":"Murderer","floor":5},{"not_picked":["CutThroughFate","Study","PathToVictory"],"picked":"SKIP","floor":5},{"not_picked":["CutThroughFate","PathToVictory"],"picked":"Study","floor":5}],"player_experience":200365,"relics_obtained":[{"floor":2,"key":"infinitespire:BottledMercury"}],"event_choices":[{"damage_healed":0,"gold_gain":0,"player_choice":"2 cards matched","damage_taken":0,"max_hp_gain":0,"max_hp_loss":0,"event_name":"Match and Keep!","floor":3,"gold_loss":0,"cards_obtained":["Judgement","Finesse"]}],"is_beta":false,"boss_relics":[],"items_purged_floors":[],"is_endless":false,"potions_floor_spawned":[1,4],"killed_by":"Gremlin Nob","ascension_level":0}}