{"host":"fmtvje4mks8zli8e","time":1612723753,"event":{"mods":["AchievementEnabler","AlwaysNeverKeys","BaseMod","BetterRewards","Challenge The Spire","Minty Spire (QoL Compilation)","READ ME - Guardian Mod","Remove Card Discount Mod","StSLib","The Cursed","The Druid","The Servant 0.9.4","The Wild Card"],"gold_per_floor":[109,109,184,200,200,200,233,245,319,332,358,358,389,389,389,488,488,506,506,537,554,570,570,601,601,601,617,617,617,646,660,660,764,764,779,779,236,286,286,314,336,369,369,369,397,425,425,425,425,425,425,425,22,56,56,56],"floor_reached":55,"language":"ENG","playtime":4243,"items_purged":[],"score":1199,"play_id":"e0ce262f-ed7b-4aa5-9a57-638d1550d000","local_time":"20210207124913","is_ascension_mode":true,"campfire_choices":[{"data":"theWildCard:Scathach","floor":6.0,"key":"SMITH"},{"data":"TheCursedMod:FleshFromBone","floor":12.0,"key":"SMITH"},{"data":"TheCursedMod:LuckyCharm","floor":15.0,"key":"SMITH"},{"data":"TheCursedMod:NeowsMight","floor":23.0,"key":"SMITH"},{"data":"TheCursedMod:FuryStrike","floor":25.0,"key":"SMITH"},{"data":"TheCursedMod:CleanUpWorkshop","floor":28.0,"key":"SMITH"},{"data":"TheCursedMod:HellfireBreathing","floor":32.0,"key":"SMITH"},{"data":"TheCursedMod:OutForBlood","floor":44.0,"key":"SMITH"},{"data":"TheCursedMod:TacticalStrike","floor":47.0,"key":"SMITH"},{"data":"TheCursedMod:SoulReap","floor":49.0,"key":"SMITH"},{"data":"TheCursedMod:CursedSpellbook","floor":52.0,"key":"SMITH"}],"circlet_count":0,"master_deck":["TheCursedMod:Strike_TheCursed","TheCursedMod:Strike_TheCursed","TheCursedMod:Strike_TheCursed","TheCursedMod:Strike_TheCursed","TheCursedMod:Defend_TheCursed","TheCursedMod:Defend_TheCursed","TheCursedMod:Defend_TheCursed","TheCursedMod:CursedWand+1","TheCursedMod:CleanUpWorkshop+1","TheCursedMod:Dregs","TheCursedMod:LuckyCharm+1","theWildCard:Scathach+1","TheCursedMod:FleshFromBone+1","TheCursedMod:CursedShiv","TheCursedMod:TacticalStrike+1","TheCursedMod:FuryStrike+1","TheCursedMod:SoulReap+1","Parasite","TheCursedMod:NeowsMight+1","TheCursedMod:Mangle","TheCursedMod:FleshFromBone+1","TheCursedMod:SurpriseAttack+1","TheCursedMod:CursedSpellbook+1","TheCursedMod:SurpriseAttack","Necronomicurse","TheCursedMod:CircleOfBlood","TheCursedMod:HellfireBreathing+1","TheCursedMod:OutForBlood+1","TheCursedMod:Mangle","TheCursedMod:HellfireBreathing+1","TheCursedMod:FleshFromBone+1","TheCursedMod:Hemoplague","TheCursedMod:SurpriseAttack","TheCursedMod:CursedAmulet+1"],"relics":["TheCursedMod:BlackMagic101","Question Card","Nunchaku","Letter Opener","TheCursedMod:MagicCandle","Boot","Black Star","Red Mask","InkBottle","Calipers","Blue Candle","Necronomicon","MealTicket","Eternal Feather","TheCursedMod:FourLeafCloverCharm","CeramicFish","Mercury Hourglass","DollysMirror","TheCursedMod:CrystalBall","Mango","Toxic Egg 2","Meat on the Bone","Juzu Bracelet","Sundial","Lantern","The Courier","Shuriken","Bronze Scales","FossilizedHelix","Bird Faced Urn"],"acts_visited":["TheCity","TheBeyond","TheEnding"],"potions_floor_usage":[55,55,55,55,55],"damage_taken":[{"damage":0.0,"enemies":"2 Louse","floor":1.0,"turns":2.0},{"damage":0.0,"enemies":"Small Slimes","floor":4.0,"turns":3.0},{"damage":30.0,"enemies":"Gremlin Nob","floor":7.0,"turns":7.0},{"damage":0.0,"enemies":"Jaw Worm","floor":8.0,"turns":5.0},{"damage":0.0,"enemies":"Gremlin Gang","floor":10.0,"turns":5.0},{"damage":0.0,"enemies":"3 Sentries","floor":11.0,"turns":10.0},{"damage":3.0,"enemies":"Gremlin Nob","floor":13.0,"turns":4.0},{"damage":22.0,"enemies":"Slime Boss","floor":16.0,"turns":22.0},{"damage":0.0,"enemies":"Chosen","floor":18.0,"turns":4.0},{"damage":0.0,"enemies":"Masked Bandits","floor":20.0,"turns":5.0},{"damage":3.0,"enemies":"2 Thieves","floor":21.0,"turns":5.0},{"damage":3.0,"enemies":"Snecko","floor":22.0,"turns":6.0},{"damage":19.0,"enemies":"Slavers","floor":24.0,"turns":7.0},{"damage":0.0,"enemies":"Centurion and Healer","floor":27.0,"turns":5.0},{"damage":0.0,"enemies":"Gremlin Leader","floor":30.0,"turns":5.0},{"damage":0.0,"enemies":"Shelled Parasite and Fungi","floor":31.0,"turns":2.0},{"damage":4.0,"enemies":"Automaton","floor":33.0,"turns":13.0},{"damage":0.0,"enemies":"3 Shapes","floor":35.0,"turns":3.0},{"damage":20.0,"enemies":"Mind Bloom Boss Battle","floor":38.0,"turns":6.0},{"damage":0.0,"enemies":"Giant Head","floor":40.0,"turns":8.0},{"damage":0.0,"enemies":"Orb Walker","floor":41.0,"turns":2.0},{"damage":0.0,"enemies":"Reptomancer","floor":42.0,"turns":5.0},{"damage":0.0,"enemies":"Maw","floor":45.0,"turns":6.0},{"damage":0.0,"enemies":"Giant Head","floor":46.0,"turns":8.0},{"damage":46.0,"enemies":"Time Eater","floor":50.0,"turns":11.0},{"damage":36.0,"enemies":"Shield and Spear","floor":54.0,"turns":5.0},{"damage":85,"enemies":"The Heart","floor":55,"turns":5}],"seed_played":"-7877676169215038758","potions_obtained":[{"floor":4.0,"key":"Block Potion"},{"floor":8.0,"key":"DuplicationPotion"},{"floor":13.0,"key":"EssenceOfSteel"},{"floor":18.0,"key":"SpeedPotion"},{"floor":22.0,"key":"AttackPotion"},{"floor":30.0,"key":"Ancient Potion"},{"floor":33.0,"key":"Swift Potion"},{"floor":38.0,"key":"Strength Potion"},{"floor":41.0,"key":"EntropicBrew"}],"is_trial":false,"path_per_floor":["M","?","?","M","T","R","E","M","T","M","E","R","E","?","R","B",null,"M","?","?","M","M","R","E","R","T","M","R","?","E","M","R","B",null,"M","?","$","?","?","E","M","E","T","R","M","E","R","?","R","B",null,"R","$","E","B"],"character_chosen":"THE_CURSED","items_purchased":["CeramicFish","Mercury Hourglass","DollysMirror","Shuriken","Bronze Scales","TheCursedMod:Hemoplague","TheCursedMod:SurpriseAttack"],"campfire_rested":0,"item_purchase_floors":[37,37,37,53,53,53,53],"current_hp_per_floor":[68,68,57,57,57,57,27,27,27,27,27,27,24,42,42,25,63,68,68,72,73,72,72,58,58,58,63,63,47,52,57,72,71,74,75,75,75,64,64,89,89,89,89,89,89,89,89,89,89,50,79,89,89,61,0,0],"gold":56,"neow_bonus":"UPGRADE_CARD","is_daily":false,"chose_seed":false,"campfire_upgraded":11,"win_rate":0.0,"timestamp":1612723753,"path_taken":["M","?","?","M","?","R","E","M","T","?","E","R","E","?","R","BOSS","M","?","?","M","M","R","E","R","T","M","R","?","E","M","R","BOSS","M","?","$","?","?","E","?","E","T","R","M","E","R","?","R","BOSS","R","$","E","BOSS"],"items_purchased_type":["Relic","Relic","Relic","Relic","Relic","Card","Card"],"build_version":"2020-12-22","purchased_purges":0,"victory":false,"max_hp_per_floor":[75,75,75,75,75,75,75,75,75,75,75,75,75,75,75,75,75,75,75,75,75,75,75,75,75,75,75,75,75,75,75,75,75,75,75,75,75,75,75,89,89,89,89,89,89,89,89,89,89,89,89,89,89,89,89,89],"card_choices":[{"not_picked":["TheCursedMod:CursedBlade","TheCursedMod:CursedAmulet"],"picked":"TheCursedMod:LuckyCharm","floor":1.0},{"not_picked":["TheCursedMod:Obscuration","TheCursedMod:SurpriseAttack"],"picked":"TheCursedMod:FleshFromBone","floor":4.0},{"not_picked":["TheCursedMod:CursedAmulet","TheCursedMod:SmokeScreen","TheCursedMod:TroublousMinions","TheCursedMod:Obscuration"],"picked":"SKIP","floor":7.0},{"not_picked":["TheCursedMod:TacticalStrike","TheCursedMod:Neurasthenia","TheCursedMod:Stretching"],"picked":"TheCursedMod:CursedShiv","floor":8.0},{"not_picked":["TheCursedMod:CursedAmulet","TheCursedMod:CircleOfAmplification","TheCursedMod:BloodBarrier"],"picked":"TheCursedMod:TacticalStrike","floor":10.0},{"not_picked":["TheCursedMod:Obscuration","TheCursedMod:CursedMace","TheCursedMod:CursedBlade"],"picked":"TheCursedMod:FuryStrike","floor":11.0},{"not_picked":["TheCursedMod:CursedAmulet","TheCursedMod:CursedBoomerang","TheCursedMod:CursedShiv"],"picked":"TheCursedMod:SoulReap","floor":13.0},{"not_picked":["TheCursedMod:DarkBarrier","TheCursedMod:OutForBlood","TheCursedMod:VoidForm"],"picked":"TheCursedMod:NeowsMight","floor":16.0},{"not_picked":["TheCursedMod:CursedAmulet","TheCursedMod:SoulCrush","TheCursedMod:Torture+1"],"picked":"TheCursedMod:Mangle","floor":18.0},{"not_picked":["TheCursedMod:CursedShiv+1","TheCursedMod:SmokeScreen","TheCursedMod:CursedArmor+1"],"picked":"TheCursedMod:FleshFromBone+1","floor":20.0},{"not_picked":["TheCursedMod:VitalStrike","TheCursedMod:LuckyCharm","TheCursedMod:CursedBoomerang"],"picked":"TheCursedMod:SurpriseAttack+1","floor":21.0},{"not_picked":["TheCursedMod:Wield","TheCursedMod:RavingStaff+1","TheCursedMod:Torture","TheCursedMod:Evocation"],"picked":"SKIP","floor":22.0},{"not_picked":["TheCursedMod:Stretching","TheCursedMod:StunningStrike","TheCursedMod:TroublousMinions"],"picked":"TheCursedMod:CursedSpellbook","floor":24.0},{"not_picked":["TheCursedMod:SpitefulStrike","TheCursedMod:WearCloak","TheCursedMod:Stretching+1"],"picked":"TheCursedMod:SurpriseAttack","floor":27.0},{"not_picked":["TheCursedMod:Torture","TheCursedMod:CursedShiv","TheCursedMod:LuckyCharm+1"],"picked":"TheCursedMod:CircleOfBlood","floor":30.0},{"not_picked":["TheCursedMod:RavingStaff","TheCursedMod:ReleasedKnowledge+1","TheCursedMod:DoubleShield"],"picked":"TheCursedMod:HellfireBreathing","floor":31.0},{"not_picked":["TheCursedMod:UltimatePain","TheCursedMod:ShockAndAwe","TheCursedMod:AntiAging"],"picked":"TheCursedMod:OutForBlood","floor":33.0},{"not_picked":["TheCursedMod:RapidMovement+1","TheCursedMod:AbyssShockwave+1","TheCursedMod:Torture+1","TheCursedMod:SmokeScreen+1"],"picked":"SKIP","floor":35.0},{"not_picked":["TheCursedMod:CursedMace","TheCursedMod:BlessingInDisguise+1","TheCursedMod:VitalStrike","TheCursedMod:ForbiddenAlchemy+1"],"picked":"SKIP","floor":40.0},{"not_picked":["TheCursedMod:StingEye","TheCursedMod:BlessingInDisguise+1","TheCursedMod:CursedArmor+1"],"picked":"TheCursedMod:HellfireBreathing+1","floor":41.0},{"not_picked":["TheCursedMod:SoulCrush","TheCursedMod:Wield+1","TheCursedMod:CircleOfWindfury+1","TheCursedMod:CircleOfAbyss+1"],"picked":"SKIP","floor":42.0},{"not_picked":["TheCursedMod:CursedShiv+1","TheCursedMod:Obscuration+1","TheCursedMod:Grudge+1"],"picked":"TheCursedMod:FleshFromBone+1","floor":45.0},{"not_picked":["TheCursedMod:Stretching+1","TheCursedMod:CursedBoomerang","TheCursedMod:SoulReap+1","TheCursedMod:CollectTribute"],"picked":"SKIP","floor":46.0},{"not_picked":["TheCursedMod:Hemoplague","TheCursedMod:StingEye","TheCursedMod:RavingStaff+1"],"picked":"TheCursedMod:CursedAmulet+1","floor":54.0}],"player_experience":3058674,"relics_obtained":[{"floor":5.0,"key":"Question Card"},{"floor":7.0,"key":"Nunchaku"},{"floor":9.0,"key":"Letter Opener"},{"floor":11.0,"key":"TheCursedMod:MagicCandle"},{"floor":13.0,"key":"Boot"},{"floor":20.0,"key":"Red Mask"},{"floor":24.0,"key":"InkBottle"},{"floor":24.0,"key":"Calipers"},{"floor":26.0,"key":"Blue Candle"},{"floor":29.0,"key":"Necronomicon"},{"floor":30.0,"key":"MealTicket"},{"floor":30.0,"key":"Eternal Feather"},{"floor":38.0,"key":"TheCursedMod:CrystalBall"},{"floor":40.0,"key":"Mango"},{"floor":40.0,"key":"Toxic Egg 2"},{"floor":42.0,"key":"Meat on the Bone"},{"floor":42.0,"key":"Juzu Bracelet"},{"floor":43.0,"key":"Sundial"},{"floor":46.0,"key":"Lantern"},{"floor":46.0,"key":"The Courier"},{"floor":54.0,"key":"FossilizedHelix"},{"floor":54.0,"key":"Bird Faced Urn"}],"event_choices":[{"damage_healed":0.0,"max_hp_gain":0.0,"max_hp_loss":0.0,"gold_gain":75.0,"event_name":"World of Goop","player_choice":"Gather Gold","floor":3.0,"gold_loss":0.0,"damage_taken":11.0},{"damage_healed":18.0,"max_hp_gain":0.0,"max_hp_loss":0.0,"gold_gain":0.0,"event_name":"Mushrooms","player_choice":"Healed and dodged fight","floor":14.0,"gold_loss":0.0,"damage_taken":0.0,"cards_obtained":["Parasite"]},{"damage_healed":0.0,"max_hp_gain":0.0,"max_hp_loss":0.0,"gold_gain":0.0,"event_name":"Beggar","player_choice":"Ignored","floor":19.0,"gold_loss":0.0,"damage_taken":0.0},{"damage_healed":0.0,"max_hp_gain":0.0,"max_hp_loss":0.0,"gold_gain":0.0,"event_name":"Masked Bandits","player_choice":"Fought Bandits","floor":20.0,"gold_loss":0.0,"damage_taken":0.0},{"damage_healed":0.0,"max_hp_gain":0.0,"max_hp_loss":0.0,"gold_gain":0.0,"event_name":"Cursed Tome","player_choice":"Obtained Book","floor":29.0,"gold_loss":0.0,"damage_taken":16.0},{"cards_removed":["TheCursedMod:Defend_TheCursed"],"damage_healed":0.0,"max_hp_gain":0.0,"max_hp_loss":0.0,"gold_gain":0.0,"event_name":"Falling","player_choice":"Removed Skill","floor":36.0,"gold_loss":0.0,"damage_taken":0.0},{"damage_healed":0.0,"max_hp_gain":0.0,"max_hp_loss":0.0,"gold_gain":0.0,"event_name":"MindBloom","player_choice":"Fight","floor":38.0,"gold_loss":0.0,"damage_taken":0.0},{"damage_healed":0.0,"max_hp_gain":0.0,"max_hp_loss":0.0,"gold_gain":0.0,"event_name":"Fountain of Cleansing","player_choice":"Ignored","floor":39.0,"gold_loss":0.0,"damage_taken":0.0},{"damage_healed":0.0,"max_hp_gain":0.0,"max_hp_loss":0.0,"gold_gain":0.0,"event_name":"Lab","player_choice":"Got Potions","floor":48.0,"gold_loss":0.0,"damage_taken":0.0}],"is_beta":false,"boss_relics":[{"not_picked":["Runic Dome","TheCursedMod:OminousMark"],"picked":"Black Star"},{"not_picked":["Busted Crown","Fusion Hammer"],"picked":"TheCursedMod:FourLeafCloverCharm"}],"items_purged_floors":[],"is_endless":false,"potions_floor_spawned":[4,8,13,18,22,30,33,38,41,42,54],"killed_by":"The Heart","ascension_level":6}}