{"host":"hpdezpg731xgox4e","time":1612666903,"event":{"mods":["2.2 Compatiblity","Aspiration","BaseMod","Downfall","GifTheSpireLib","Minty Spire (QoL Compilation)","Shop Mod","StSLib"],"gold_per_floor":[99,110,124,139,49,499,524,166,166,166,181,192,266,280,293,395,395,395,414,427,427,39,39,39,39,24,38,23,23,35,46,59,154,154,154,170,51,51,70,70,95,95,106,119,119,129,129,144,157,157],"floor_reached":51,"language":"ENG","playtime":6004,"items_purged":["bronze:Strike","bronze:Defend","downfall:Icky","downfall:Icky"],"score":670,"play_id":"40d04382-f2b2-4cfb-a5cd-4e57f31bd3de","local_time":"20210206220143","is_ascension_mode":false,"campfire_choices":[{"data":"bronze:Replicate","floor":1,"key":"SMITH"},{"data":"bronze:Separator","floor":18,"key":"SMITH"},{"data":"bronze:Terminator","floor":25,"key":"SMITH"},{"floor":29,"key":"REST"},{"data":"bronze:Assembly","floor":35,"key":"SMITH"},{"data":"bronze:Terminator","floor":42,"key":"SMITH"},{"data":"bronze:Constructor","floor":47,"key":"SMITH"}],"circlet_count":0,"master_deck":["bronze:Strike","bronze:Strike","bronze:Strike","bronze:Strike","bronze:Defend","bronze:Defend","bronze:Defend","bronze:Defend","bronze:Replicate+1","bronze:Goto","bronze:CutThrough","bronze:Flail","bronze:Safeguard","bronze:BitShift","bronze:SpaghettiCode+1","bronze:Optimize","bronze:Separator+1","bronze:GetLatest+1","Parasite","bronze:Constructor+1","bronze:Terminator+1","bronze:Iterate","bronze:Constructor","bronze:CleanCode","bronze:Terminator+1","bronze:Safeguard","bronze:GetLatest+1","bronze:Separator","bronze:Terminator+1","bronze:WhirlingStrike+1","bronze:Separator","bronze:MaxOutput+1","bronze:Assembly+1","CurseOfTheBell","expansioncontent:AwakenDeath","Clumsy","bronze:Separator+1","Parasite"],"relics":["bronze:BronzeCore","Anchor","MealTicket","Gremlin Horn","Runic Pyramid","aspiration:HummingbirdHeart","aspiration:SeaSaltIceCream","aspiration:Nostalgia","champ:ChampionCrown","Calling Bell","aspiration:Lifesprig","Sundial","Ice Cream","Membership Card","Bottled Flame","Eternal Feather","Toy Ornithopter"],"acts_visited":["Exordium","TheCity","TheBeyond"],"potions_floor_usage":[43,50,50,50],"damage_taken":[{"damage":6,"enemies":"Jaw Worm","floor":2,"turns":3},{"damage":5,"enemies":"2 Louse","floor":3,"turns":2},{"damage":0,"enemies":"Cultist","floor":4,"turns":3},{"damage":5,"enemies":"downfall:FleeingMerchant","floor":5,"turns":4},{"damage":15,"enemies":"downfall:FleeingMerchant","floor":8,"turns":4},{"damage":0,"enemies":"Blue Slaver","floor":11,"turns":2},{"damage":2,"enemies":"Gremlin Gang","floor":12,"turns":2},{"damage":0,"enemies":"Large Slime","floor":14,"turns":5},{"damage":0,"enemies":"Blue Slaver","floor":15,"turns":1},{"damage":42,"enemies":"IC_STATUS_ARCHETYPE","floor":16,"turns":9},{"damage":20,"enemies":"Spheric Guardian","floor":19,"turns":8},{"damage":0,"enemies":"3 Byrds","floor":20,"turns":4},{"damage":10,"enemies":"downfall:FleeingMerchant","floor":22,"turns":4},{"damage":0,"enemies":"downfall:FleeingMerchant","floor":26,"turns":4},{"damage":47,"enemies":"Sentry and Sphere","floor":27,"turns":8},{"damage":0,"enemies":"downfall:FleeingMerchant","floor":28,"turns":4},{"damage":20,"enemies":"Snake Plant","floor":30,"turns":7},{"damage":18,"enemies":"Snecko","floor":31,"turns":7},{"damage":16,"enemies":"Chosen and Byrds","floor":32,"turns":7},{"damage":49,"enemies":"WA_ARCHETYPE_CALM","floor":33,"turns":16},{"damage":5,"enemies":"Orb Walker","floor":36,"turns":3},{"damage":0,"enemies":"downfall:FleeingMerchant","floor":37,"turns":1},{"damage":24,"enemies":"3 Shapes","floor":39,"turns":3},{"damage":0,"enemies":"Jaw Worm Horde","floor":43,"turns":3},{"damage":31,"enemies":"Transient","floor":44,"turns":5},{"damage":0,"enemies":"3 Darklings","floor":46,"turns":4},{"damage":2,"enemies":"Sphere and 2 Shapes","floor":48,"turns":4},{"damage":17,"enemies":"Writhing Mass","floor":49,"turns":8},{"damage":95,"enemies":"SI_POISON_ARCHETYPE","floor":50,"turns":13}],"seed_played":"1893452802196182050","potions_obtained":[{"floor":2,"key":"Strength Potion"},{"floor":3,"key":"hexamod:SoulburnPotion"},{"floor":11,"key":"sneckomod:MuddlingPotion"},{"floor":12,"key":"FairyPotion"},{"floor":19,"key":"ColorlessPotion"},{"floor":30,"key":"FairyPotion"},{"floor":33,"key":"Explosive Potion"},{"floor":44,"key":"SteroidPotion"}],"is_trial":false,"path_per_floor":["R","M","M","M","$","?","T","$","?","?","M","M","T","M","M","B",null,"R","M","M","?","$","?","T","R","$","M","$","R","M","M","M","B",null,"R","M","$","?","M","?","T","R","M","M","?","M","R","M","M","B",null],"character_chosen":"THE_AUTOMATON","items_purchased":["bronze:Separator","bronze:GetLatest","MealTicket","bronze:Separator","aspiration:HummingbirdHeart","bronze:Terminator","Membership Card","Bottled Flame","Eternal Feather","GamblersBrew"],"campfire_rested":1,"item_purchase_floors":[8,8,8,22,22,22,37,37,37,37],"current_hp_per_floor":[70,64,59,59,54,54,54,39,39,56,56,54,54,54,54,12,70,70,50,50,50,55,55,55,55,70,23,38,59,39,21,5,21,70,70,65,70,70,46,46,46,67,70,39,39,39,60,58,41,14],"gold":157,"neow_bonus":"THREE_CARDS","is_daily":false,"chose_seed":false,"campfire_upgraded":6,"win_rate":0.0,"timestamp":1612666903,"path_taken":["R","M","M","M","$","?","T","$","?","?","M","M","?","?","M","BOSS","R","M","M","?","$","?","T","R","$","M","?","R","?","M","M","BOSS","R","M","$","?","M","?","T","R","M","M","?","?","R","M","M","BOSS"],"items_purchased_type":["Card","Card","Relic","Card","Relic","Card","Relic","Relic","Relic","Potion"],"build_version":"2020-12-22","purchased_purges":4,"victory":true,"max_hp_per_floor":[70,70,70,70,70,70,70,70,70,70,70,70,70,70,70,70,70,70,70,70,70,70,70,70,70,70,70,70,70,70,70,70,70,70,70,70,70,70,70,70,70,70,70,70,70,70,70,70,70,70],"card_choices":[{"not_picked":["bronze:WildBeam","bronze:Invalidate"],"picked":"bronze:CutThrough","floor":0},{"not_picked":["bronze:OilSpill","bronze:MaxOutput"],"picked":"bronze:Flail","floor":2},{"not_picked":["bronze:Invalidate","bronze:Repulsor"],"picked":"bronze:Safeguard","floor":3},{"not_picked":["bronze:BugBarrage","bronze:BuggyMess"],"picked":"bronze:BitShift","floor":4},{"not_picked":["bronze:Frontload","bronze:Invalidate"],"picked":"bronze:SpaghettiCode","floor":5},{"not_picked":["bronze:CutThrough","bronze:OilSpill"],"picked":"bronze:Optimize","floor":8},{"not_picked":["bronze:CutThrough","bronze:Turbo"],"picked":"bronze:Constructor","floor":11},{"not_picked":["bronze:Assembly","bronze:DelayedGuard"],"picked":"bronze:Terminator","floor":12},{"not_picked":["bronze:Constructor","bronze:BuggyMess"],"picked":"bronze:Iterate","floor":14},{"not_picked":["bronze:Philosophize","bronze:Separator"],"picked":"bronze:Constructor","floor":15},{"not_picked":["bronze:RecursiveStrike","bronze:Mutator"],"picked":"bronze:CleanCode","floor":16},{"not_picked":["bronze:OilSpill","bronze:FineTuning"],"picked":"bronze:Terminator+1","floor":19},{"not_picked":["bronze:Philosophize","bronze:Terminator"],"picked":"bronze:Safeguard","floor":20},{"not_picked":["bronze:FineTuning","bronze:RecursiveStrike"],"picked":"bronze:GetLatest","floor":22},{"not_picked":["bronze:DelayedGuard","bronze:FineTuning+1"],"picked":"bronze:WhirlingStrike+1","floor":26},{"not_picked":["bronze:Iterate","bronze:Branch"],"picked":"bronze:Separator","floor":27},{"not_picked":["bronze:DigitalCarnage","bronze:CutThrough+1","bronze:ChildClass"],"picked":"SKIP","floor":28},{"not_picked":["bronze:Return+1","bronze:Philosophize","bronze:Shell"],"picked":"SKIP","floor":30},{"not_picked":["bronze:DelayedGuard","bronze:Optimize","bronze:WhirlingStrike"],"picked":"SKIP","floor":31},{"not_picked":["bronze:WildBeam","bronze:Backtrace"],"picked":"bronze:MaxOutput+1","floor":32},{"not_picked":["bronze:Mutator","bronze:Verify"],"picked":"bronze:Assembly","floor":33},{"not_picked":["bronze:OilSpill","bronze:ForceShield+1","bronze:Fortify"],"picked":"SKIP","floor":36},{"not_picked":["bronze:BitShift","bronze:CutThrough","bronze:Invalidate+1"],"picked":"SKIP","floor":37},{"not_picked":["bronze:ChildClass","bronze:CloningBeam","bronze:BuggyMess+1"],"picked":"SKIP","floor":39},{"not_picked":["expansioncontent:Hexaburn","expansioncontent:GuardianWhirl"],"picked":"expansioncontent:AwakenDeath","floor":40},{"not_picked":["bronze:Frontload+1","bronze:OilSpill+1","bronze:Branch"],"picked":"SKIP","floor":43},{"not_picked":["bronze:Optimize","bronze:Mutator","bronze:Repair"],"picked":"SKIP","floor":44},{"not_picked":["bronze:Frontload+1","bronze:DelayedSlice"],"picked":"bronze:Separator+1","floor":46},{"not_picked":["bronze:WildBeam+1","bronze:DarkDash+1","bronze:DelayedSlice+1"],"picked":"SKIP","floor":48},{"not_picked":["bronze:Iterate","bronze:CloningBeam+1","bronze:Shield"],"picked":"SKIP","floor":49}],"player_experience":54180,"relics_obtained":[{"floor":7,"key":"Anchor"},{"floor":13,"key":"Gremlin Horn"},{"floor":24,"key":"aspiration:SeaSaltIceCream"},{"floor":34,"key":"aspiration:Lifesprig"},{"floor":34,"key":"Sundial"},{"floor":34,"key":"Ice Cream"},{"floor":41,"key":"Toy Ornithopter"}],"event_choices":[{"damage_healed":0,"gold_gain":0,"player_choice":"Grow","damage_taken":0,"max_hp_gain":0,"max_hp_loss":0,"event_name":"Living Wall","floor":9,"gold_loss":0,"cards_upgraded":["bronze:SpaghettiCode"]},{"damage_healed":17,"gold_gain":0,"player_choice":"Healed and dodged fight","damage_taken":0,"max_hp_gain":0,"max_hp_loss":0,"event_name":"Mushrooms","floor":10,"gold_loss":0,"cards_obtained":["Parasite"]},{"damage_healed":0,"gold_gain":0,"player_choice":"Ignored","damage_taken":0,"max_hp_gain":0,"max_hp_loss":0,"event_name":"Ghosts","floor":21,"gold_loss":0}],"is_beta":false,"boss_relics":[{"not_picked":["Astrolabe","Snecko Eye"],"picked":"Runic Pyramid"},{"not_picked":["Coffee Dripper","aspiration:FutureDiary"],"picked":"Calling Bell"}],"items_purged_floors":[5,5,8,37],"is_endless":false,"potions_floor_spawned":[2,3,11,12,14,16,19,27,30,32,33,39,44,46],"ascension_level":0}}