{"host":"ej72cplobca8grby","time":1612740440,"event":{"mods":["BaseMod","Downfall","Minty Spire (QoL Compilation)","StSLib"],"gold_per_floor":[99,117,136,52,68,85,85,22,36,67,67,83,83,109,126,229,229,229,240,4,4,0,0,0,0,18,32,59,70,103,118,132,227,227,27,39,95,110,124,124,124,24,39,57,91,103,136,155,172,172,172,203,6,6,6,6,6],"floor_reached":55,"language":"ENG","playtime":4892,"items_purged":["bronze:Strike","bronze:Strike","bronze:Strike"],"score":937,"play_id":"470b0664-9262-4987-b568-0ba6048bb719","local_time":"20210208012720","is_ascension_mode":false,"campfire_choices":[{"data":"bronze:Goto","floor":1.0,"key":"SMITH"},{"floor":11.0,"key":"RECALL"},{"data":"bronze:FineTuning","floor":13.0,"key":"SMITH"},{"data":"bronze:MaxOutput","floor":18.0,"key":"SMITH"},{"data":"bronze:Repulsor","floor":23.0,"key":"SMITH"},{"data":"bronze:Replicate","floor":25.0,"key":"SMITH"},{"floor":35.0,"key":"REST"},{"floor":40,"key":"REST"},{"floor":42,"key":"REST"},{"floor":54,"key":"REST"}],"circlet_count":0,"master_deck":["bronze:Strike","bronze:Defend","bronze:Defend","bronze:Defend","bronze:Defend","bronze:Replicate+1","bronze:Goto+1","bronze:Iterate","bronze:FineTuning+1","bronze:Repulsor+1","bronze:ChosenStrike","bronze:Shield","bronze:MaxOutput+1","bronze:FineTuning+1","bronze:BugBarrage+1","bronze:HardenedForm+1","bronze:DelayedGuard+1","bronze:Virus","bronze:BugBarrage+1","bronze:FineTuning","bronze:FineTuning","bronze:ChosenStrike","bronze:BugBarrage+1","bronze:Shield+1","bronze:Mutator+1"],"relics":["bronze:BronzeCore","StrikeDummy","Eternal Feather","Singing Bowl","Black Star","Medical Kit","Bottled Lightning","Frozen Egg 2","Omamori","Mummified Hand","Fusion Hammer","downfall:HeartBlessingRed","downfall:HeartBlessingGreen","DollysMirror","downfall:HeartBlessingBlue","Pen Nib","White Beast Statue","Ornamental Fan","MealTicket","Oddly Smooth Stone","Bag of Preparation"],"acts_visited":["Exordium","TheCity","TheBeyond","TheEnding"],"potions_floor_usage":[39,43,52,52,55],"damage_taken":[{"damage":0.0,"enemies":"Cultist","floor":2.0,"turns":4.0},{"damage":2.0,"enemies":"Small Slimes","floor":3.0,"turns":3.0},{"damage":5.0,"enemies":"downfall:FleeingMerchant","floor":4.0,"turns":4.0},{"damage":11.0,"enemies":"2 Louse","floor":5.0,"turns":4.0},{"damage":11.0,"enemies":"Lots of Slimes","floor":6.0,"turns":3.0},{"damage":5.0,"enemies":"downfall:FleeingMerchant","floor":8.0,"turns":4.0},{"damage":0.0,"enemies":"Large Slime","floor":9.0,"turns":6.0},{"damage":9.0,"enemies":"Lagavulin","floor":10.0,"turns":4.0},{"damage":9.0,"enemies":"Gremlin Gang","floor":12.0,"turns":4.0},{"damage":14.0,"enemies":"Gremlin Nob","floor":14.0,"turns":5.0},{"damage":1.0,"enemies":"Blue Slaver","floor":15.0,"turns":3.0},{"damage":1.0,"enemies":"SI_SHIV_ARCHETYPE","floor":16.0,"turns":10.0},{"damage":5.0,"enemies":"Chosen","floor":19.0,"turns":4.0},{"damage":10.0,"enemies":"downfall:FleeingMerchant","floor":20.0,"turns":4.0},{"damage":4.0,"enemies":"downfall:FleeingMerchant","floor":22.0,"turns":4.0},{"damage":14.0,"enemies":"Snake Plant","floor":26.0,"turns":5.0},{"damage":8.0,"enemies":"Shelled Parasite and Fungi","floor":27.0,"turns":2.0},{"damage":6.0,"enemies":"Gremlin Leader","floor":28.0,"turns":4.0},{"damage":0.0,"enemies":"Cultist and Chosen","floor":29.0,"turns":4.0},{"damage":27.0,"enemies":"Slavers","floor":30.0,"turns":3.0},{"damage":7.0,"enemies":"Centurion and Healer","floor":31.0,"turns":4.0},{"damage":3.0,"enemies":"Snake Plant","floor":32.0,"turns":2.0},{"damage":12.0,"enemies":"IC_MUSHROOM_ARCHETYPE","floor":33.0,"turns":4.0},{"damage":7.0,"enemies":"3 Shapes","floor":36.0,"turns":2.0},{"damage":6.0,"enemies":"downfall:FleeingMerchant","floor":37.0,"turns":3.0},{"damage":5,"enemies":"3 Darklings","floor":38,"turns":3},{"damage":15,"enemies":"Spire Growth","floor":39,"turns":3},{"damage":28,"enemies":"Jaw Worm Horde","floor":43,"turns":5},{"damage":12,"enemies":"Transient","floor":44,"turns":5},{"damage":0,"enemies":"Giant Head","floor":45,"turns":3},{"damage":0,"enemies":"3 Darklings","floor":46,"turns":3},{"damage":3,"enemies":"Reptomancer","floor":47,"turns":3},{"damage":0,"enemies":"Maw","floor":48,"turns":2},{"damage":8,"enemies":"4 Shapes","floor":49,"turns":7},{"damage":0,"enemies":"WA_ARCHETYPE_DIVINITY","floor":50,"turns":5},{"damage":106,"enemies":"downfall:CharBossMerchant","floor":52,"turns":7},{"damage":98,"enemies":"downfall:NeowBoss","floor":55,"turns":11}],"seed_played":"2801324767875637505","potions_obtained":[{"floor":3.0,"key":"Weak Potion"},{"floor":5.0,"key":"bronze:BuildAFunctionPotion"},{"floor":6.0,"key":"bronze:BuildAFunctionPotion"},{"floor":10.0,"key":"Weak Potion"},{"floor":15.0,"key":"PowerPotion"},{"floor":26.0,"key":"bronze:BuildAFunctionPotion"},{"floor":30.0,"key":"ColorlessPotion"},{"floor":31.0,"key":"Guardian:BlockOnCardUsePotion"},{"floor":33.0,"key":"SneckoOil"},{"floor":36.0,"key":"EssenceOfSteel"},{"floor":38,"key":"Swift Potion"},{"floor":46,"key":"EssenceOfSteel"},{"floor":47,"key":"Block Potion"},{"floor":48,"key":"bronze:FreeFunctionsPotion"},{"floor":52,"key":"Energy Potion"}],"is_trial":false,"path_per_floor":["R","M","M","$","M","M","T","$","M","E","R","M","R","E","M","B",null,"R","M","$","?","$","R","T","R","M","M","E","M","E","M","M","B",null,"R","M","$","M","M","R","T","R","M","M","E","M","E","M","M","B",null,"E","$","R","B"],"character_chosen":"THE_AUTOMATON","items_purchased":["bronze:ChosenStrike","bronze:FreeFunctionsPotion","Medical Kit","bronze:FineTuning","DollysMirror","DuplicationPotion"],"campfire_rested":4,"item_purchase_floors":[4,8,20,37,37,53],"current_hp_per_floor":[77,77,75,70,59,48,48,43,43,34,43,34,43,29,30,31,81,81,76,68,68,66,75,75,84,70,64,58,58,33,28,27,15,93,93,86,80,77,62,95,95,105,79,69,69,71,68,70,64,64,115,11,26,76,0,0,0],"gold":6,"neow_bonus":"TEN_PERCENT_HP_BONUS","is_daily":false,"chose_seed":false,"campfire_upgraded":5,"win_rate":0.0,"timestamp":1612740440,"path_taken":["R","M","M","$","M","?","T","$","M","E","R","M","R","E","M","BOSS","R","M","$","?","$","R","T","R","M","M","E","M","E","M","M","BOSS","R","M","$","M","M","R","T","R","M","M","E","M","E","M","M","BOSS","E","$","R","BOSS"],"items_purchased_type":["Card","Potion","Relic","Card","Relic","Potion"],"build_version":"2020-12-22","purchased_purges":3,"victory":false,"max_hp_per_floor":[77,77,77,77,77,77,77,77,77,77,77,77,77,77,79,81,81,81,81,83,83,85,85,85,85,85,87,87,87,89,91,93,93,93,93,93,93,95,95,95,95,105,107,109,109,111,111,113,115,115,115,117,117,117,117,117,117],"card_choices":[{"not_picked":["bronze:Shield","bronze:Frontload"],"picked":"bronze:Iterate","floor":2.0},{"not_picked":["bronze:Allocate","bronze:DelayedGuard"],"picked":"bronze:FineTuning","floor":3.0},{"not_picked":["bronze:Shield","bronze:Deprecate"],"picked":"bronze:Repulsor","floor":4.0},{"not_picked":["bronze:BronzeArmor","bronze:DelayedSlice","bronze:WildBeam"],"picked":"SKIP","floor":5.0},{"not_picked":["bronze:NullPointer","bronze:OilSpill","bronze:Branch"],"picked":"SKIP","floor":6.0},{"not_picked":["bronze:CutThrough","bronze:BugBarrage","bronze:Turbo"],"picked":"SKIP","floor":8.0},{"not_picked":["bronze:BronzeOrb","bronze:BuggyMess"],"picked":"bronze:Shield","floor":9.0},{"not_picked":["bronze:SpaghettiCode","bronze:Boost","bronze:WhirlingStrike"],"picked":"SKIP","floor":10.0},{"not_picked":["bronze:Fortify","bronze:ItsAFeature","bronze:WhirlingStrike"],"picked":"SKIP","floor":12.0},{"not_picked":["bronze:Iterate","bronze:BronzeOrb"],"picked":"bronze:MaxOutput","floor":14.0},{"not_picked":["bronze:BugBarrage","bronze:DelayedSlice","bronze:Frontload"],"picked":"Singing Bowl","floor":15.0},{"not_picked":["bronze:Format","bronze:BurnOut","bronze:AlphaBuild"],"picked":"Singing Bowl","floor":16.0},{"not_picked":["bronze:OilSpill","bronze:Branch+1"],"picked":"bronze:FineTuning+1","floor":19.0},{"not_picked":["bronze:Overload","bronze:Break","bronze:Invalidate"],"picked":"Singing Bowl","floor":20.0},{"not_picked":["bronze:WildBeam","bronze:GetLatest","bronze:Frontload"],"picked":"Singing Bowl","floor":22.0},{"not_picked":["bronze:DigitalCarnage","bronze:Overheat"],"picked":"bronze:BugBarrage+1","floor":26.0},{"not_picked":["bronze:FollowUp","bronze:WildBeam","bronze:BitShift"],"picked":"Singing Bowl","floor":27.0},{"not_picked":["bronze:BitShift","bronze:Backtrace"],"picked":"bronze:HardenedForm+1","floor":28.0},{"not_picked":["bronze:BronzeOrb","bronze:Shell"],"picked":"bronze:DelayedGuard+1","floor":29.0},{"not_picked":["bronze:ThunderWave","bronze:ClassDefault+1","bronze:Branch+1"],"picked":"Singing Bowl","floor":30.0},{"not_picked":["bronze:Deprecate","bronze:Philosophize","bronze:Invalidate+1"],"picked":"Singing Bowl","floor":31.0},{"not_picked":["bronze:BitShift","bronze:Frontload+1","bronze:BuggyMess"],"picked":"Singing Bowl","floor":32.0},{"not_picked":["bronze:RecursiveStrike","bronze:HyperBeam"],"picked":"bronze:Virus","floor":33.0},{"not_picked":["bronze:BuggyMess+1","bronze:Deprecate"],"picked":"bronze:BugBarrage+1","floor":36.0},{"not_picked":["bronze:Return+1","bronze:BugBarrage+1"],"picked":"bronze:FineTuning","floor":37.0},{"not_picked":["bronze:ForLoop+1","bronze:Deprecate+1","bronze:DelayedGuard+1"],"picked":"Singing Bowl","floor":38},{"not_picked":["bronze:WildBeam+1","bronze:ClassDefault+1"],"picked":"bronze:BugBarrage+1","floor":39},{"not_picked":["bronze:NullPointer+1","bronze:Allocate+1","bronze:Philosophize"],"picked":"Singing Bowl","floor":43},{"not_picked":["bronze:Invalidate","bronze:CleanCode+1","bronze:Overheat+1"],"picked":"Singing Bowl","floor":44},{"not_picked":["bronze:Deprecate","bronze:Overload+1"],"picked":"bronze:Shield+1","floor":45},{"not_picked":["bronze:Deprecate","bronze:Allocate+1","bronze:CutThrough"],"picked":"Singing Bowl","floor":46},{"not_picked":["bronze:RecursiveStrike","bronze:DelayedGuard+1"],"picked":"bronze:Mutator+1","floor":47},{"not_picked":["bronze:CutThrough+1","bronze:DelayedGuard","bronze:Frontload"],"picked":"Singing Bowl","floor":48},{"not_picked":["bronze:DelayedGuard","bronze:BuggyMess","bronze:Branch"],"picked":"Singing Bowl","floor":49},{"not_picked":["bronze:Overload","bronze:DelayedGuard","bronze:GetLatest+1"],"picked":"Singing Bowl","floor":52}],"player_experience":1191138,"relics_obtained":[{"floor":7.0,"key":"StrikeDummy"},{"floor":10.0,"key":"Eternal Feather"},{"floor":14.0,"key":"Singing Bowl"},{"floor":24.0,"key":"Bottled Lightning"},{"floor":28.0,"key":"Frozen Egg 2"},{"floor":30.0,"key":"Omamori"},{"floor":30.0,"key":"Mummified Hand"},{"floor":45,"key":"Pen Nib"},{"floor":45,"key":"White Beast Statue"},{"floor":47,"key":"Ornamental Fan"},{"floor":47,"key":"MealTicket"},{"floor":52,"key":"Oddly Smooth Stone"},{"floor":52,"key":"Bag of Preparation"}],"event_choices":[],"is_beta":false,"boss_relics":[{"not_picked":["bronze:PlatinumCore","SacredBark"],"picked":"Black Star"},{"not_picked":["Tiny House","Snecko Eye"],"picked":"Fusion Hammer"}],"items_purged_floors":[20,37,53],"is_endless":false,"potions_floor_spawned":[3,5,6,10,15,26,27,30,31,33,36,38,46,47,48,49,52],"killed_by":"downfall:NeowBoss","ascension_level":0}}