{"host":"7du22lxzqv5spo2i","time":1612656473,"event":{"mods":["AchievementEnabler","BaseMod","Minty Spire (QoL Compilation)","Quick Restart"],"gold_per_floor":[111,111,131,150,150,183,108,138,164,164,179,208,228,228,228,329,329,340,340,354,354,125,150,150,183,183,183,183,183,196,211,211,306,306,321,94,110,70,20,47,57,57,57,85,85,85,99,109,109,109,109,109,59,89,89,89],"floor_reached":55,"language":"ENG","playtime":3468,"items_purged":["Defend_G","Bouncing Flask"],"score":784,"play_id":"ebc22905-69b4-42cb-b3b9-a84f8961519c","local_time":"20210206180753","is_ascension_mode":true,"campfire_choices":[{"data":"Cloak And Dagger","floor":10.0,"key":"SMITH"},{"floor":15.0,"key":"REST"},{"data":"Infinite Blades","floor":24.0,"key":"SMITH"},{"data":"Blade Dance","floor":27.0,"key":"SMITH"},{"floor":29.0,"key":"REST"},{"data":"Envenom","floor":32.0,"key":"SMITH"},{"data":"Accuracy","floor":42.0,"key":"SMITH"},{"floor":45.0,"key":"RECALL"},{"data":"Cloak And Dagger","floor":49.0,"key":"SMITH"},{"data":"Accuracy","floor":52,"key":"SMITH"}],"circlet_count":0,"master_deck":["Survivor","Neutralize","Dagger Spray+1","Cloak And Dagger+1","Neutralize","Unload","Blade Dance+1","Glass Knife","Burst","Escape Plan","All Out Attack","Envenom+1","Crippling Poison","Sucker Punch","Sucker Punch","Infinite Blades+1","RitualDagger","Accuracy+1","Flash of Steel","Footwork","Accuracy+1","Dagger Throw+1","Accuracy+1","Cloak And Dagger+1","Noxious Fumes+1","Cloak And Dagger+1","Cloak And Dagger+1","Blade Dance"],"relics":["Ring of the Snake","NeowsBlessing","Strawberry","Pen Nib","Dream Catcher","Odd Mushroom","Pandora\u0027s Box","CaptainsWheel","Paper Crane","Bottled Lightning","SlaversCollar","Nunchaku","Eternal Feather","InkBottle","Ninja Scroll","Frozen Egg 2","Oddly Smooth Stone"],"acts_visited":["Exordium","TheCity","TheBeyond","TheEnding"],"potions_floor_usage":[55,55],"damage_taken":[{"damage":0.0,"enemies":"Small Slimes","floor":1.0,"turns":1.0},{"damage":0.0,"enemies":"Cultist","floor":3.0,"turns":1.0},{"damage":0.0,"enemies":"Jaw Worm","floor":4.0,"turns":1.0},{"damage":20.0,"enemies":"Lagavulin","floor":6.0,"turns":6.0},{"damage":24.0,"enemies":"Gremlin Nob","floor":8.0,"turns":5.0},{"damage":0.0,"enemies":"Lots of Slimes","floor":11.0,"turns":1.0},{"damage":2.0,"enemies":"The Mushroom Lair","floor":12.0,"turns":2.0},{"damage":0.0,"enemies":"Blue Slaver","floor":13.0,"turns":2.0},{"damage":12.0,"enemies":"Slime Boss","floor":16.0,"turns":8.0},{"damage":0.0,"enemies":"Spheric Guardian","floor":18.0,"turns":3.0},{"damage":7.0,"enemies":"2 Thieves","floor":20.0,"turns":3.0},{"damage":21.0,"enemies":"Slavers","floor":23.0,"turns":3.0},{"damage":23.0,"enemies":"Gremlin Leader","floor":25.0,"turns":6.0},{"damage":4.0,"enemies":"Snecko","floor":30.0,"turns":4.0},{"damage":6.0,"enemies":"Snake Plant","floor":31.0,"turns":5.0},{"damage":31.0,"enemies":"Automaton","floor":33.0,"turns":7.0},{"damage":27.0,"enemies":"3 Shapes","floor":35.0,"turns":5.0},{"damage":31.0,"enemies":"3 Darklings","floor":37.0,"turns":5.0},{"damage":11.0,"enemies":"Giant Head","floor":40.0,"turns":6.0},{"damage":2.0,"enemies":"Sphere and 2 Shapes","floor":41.0,"turns":4.0},{"damage":18.0,"enemies":"Reptomancer","floor":44.0,"turns":4.0},{"damage":6.0,"enemies":"Transient","floor":47.0,"turns":5.0},{"damage":21.0,"enemies":"4 Shapes","floor":48.0,"turns":4.0},{"damage":43,"enemies":"Awakened One","floor":50,"turns":7},{"damage":31,"enemies":"Shield and Spear","floor":54,"turns":5},{"damage":54,"enemies":"The Heart","floor":55,"turns":2}],"seed_played":"8501168332023867563","potions_obtained":[{"floor":1.0,"key":"Swift Potion"},{"floor":6.0,"key":"Energy Potion"},{"floor":11.0,"key":"Explosive Potion"},{"floor":30.0,"key":"FearPotion"},{"floor":31.0,"key":"BlessingOfTheForge"},{"floor":37.0,"key":"Dexterity Potion"},{"floor":38.0,"key":"Regen Potion"},{"floor":38.0,"key":"Regen Potion"},{"floor":40.0,"key":"Fruit Juice"},{"floor":48.0,"key":"Poison Potion"},{"floor":54,"key":"Poison Potion"}],"is_trial":false,"path_per_floor":["M","?","M","M","?","E","$","E","T","R","M","?","M","?","R","B",null,"M","?","M","?","$","E","R","E","T","R","T","R","M","M","R","B",null,"M","$","M","?","$","E","M","R","T","E","R","T","M","M","R","B",null,"R","$","E","B"],"character_chosen":"THE_SILENT","items_purchased":["Flash of Steel","Footwork","Accuracy","Nunchaku","Cloak And Dagger","BlessingOfTheForge"],"campfire_rested":2,"item_purchase_floors":[22,22,36,36,39,53],"current_hp_per_floor":[70,70,70,70,70,57,57,33,33,33,33,31,31,31,54,42,77,77,71,64,64,64,43,43,20,20,20,20,43,39,33,33,2,77,50,50,19,19,19,53,51,66,66,48,63,63,57,36,51,8,82,82,82,51,0,0],"gold":89,"neow_bonus":"THREE_ENEMY_KILL","is_daily":false,"chose_seed":false,"campfire_upgraded":7,"win_rate":0.0,"timestamp":1612656473,"path_taken":["M","?","?","M","?","E","$","E","T","R","?","?","M","?","R","BOSS","M","?","M","?","$","E","R","E","T","R","?","R","M","?","R","BOSS","M","$","?","?","?","E","M","R","T","E","R","?","M","M","R","BOSS","R","$","E","BOSS"],"items_purchased_type":["Card","Card","Card","Relic","Card","Potion"],"build_version":"2020-12-22","purchased_purges":2,"victory":false,"max_hp_per_floor":[70,70,70,70,70,77,77,77,77,77,77,77,77,77,77,77,77,77,77,77,77,77,77,77,77,77,77,77,77,77,77,77,77,77,77,77,77,77,77,82,82,82,82,82,82,82,82,82,82,82,82,82,82,82,82,82],"card_choices":[{"not_picked":["Eviscerate","Dagger Throw"],"picked":"Dagger Spray","floor":1.0},{"not_picked":["Dagger Spray","Dash"],"picked":"Cloak And Dagger","floor":3.0},{"not_picked":["Outmaneuver","Backflip","Slice"],"picked":"SKIP","floor":4.0},{"not_picked":["Sucker Punch","Deadly Poison","Eviscerate"],"picked":"SKIP","floor":6.0},{"not_picked":["Predator","Envenom","Leg Sweep"],"picked":"SKIP","floor":8.0},{"not_picked":["Dodge and Roll","Prepared"],"picked":"Blade Dance","floor":11.0},{"not_picked":["Prepared","PiercingWail","Deadly Poison"],"picked":"SKIP","floor":13.0},{"not_picked":["Phantasmal Killer","After Image"],"picked":"Burst","floor":16.0},{"not_picked":["Eviscerate","Bane","Outmaneuver"],"picked":"SKIP","floor":18.0},{"not_picked":["Cloak And Dagger","Poisoned Stab"],"picked":"Accuracy","floor":20.0},{"not_picked":["PiercingWail","Tools of the Trade","Terror"],"picked":"SKIP","floor":23.0},{"not_picked":["Acrobatics+1","Bane+1"],"picked":"Accuracy+1","floor":25.0},{"not_picked":["Acrobatics","Expertise","Slice"],"picked":"SKIP","floor":30.0},{"not_picked":["Outmaneuver+1","Bane+1","Choke+1"],"picked":"SKIP","floor":31.0},{"not_picked":["Prepared","Backflip"],"picked":"Dagger Throw+1","floor":35.0},{"not_picked":["Flechettes","Slice","Tactician+1"],"picked":"SKIP","floor":37.0},{"not_picked":["Slice+1","Storm of Steel","Underhanded Strike"],"picked":"SKIP","floor":40.0},{"not_picked":["Footwork+1","Leg Sweep"],"picked":"Noxious Fumes+1","floor":41.0},{"not_picked":["Backstab+1","Escape Plan+1","Leg Sweep"],"picked":"SKIP","floor":44.0},{"not_picked":["Underhanded Strike","Noxious Fumes+1"],"picked":"Cloak And Dagger+1","floor":47.0},{"not_picked":["Backstab","Caltrops+1"],"picked":"Cloak And Dagger+1","floor":48.0},{"not_picked":["Acrobatics","Backstab"],"picked":"Blade Dance","floor":54}],"player_experience":536443,"relics_obtained":[{"floor":6.0,"key":"Strawberry"},{"floor":8.0,"key":"Pen Nib"},{"floor":9.0,"key":"Dream Catcher"},{"floor":12.0,"key":"Odd Mushroom"},{"floor":23.0,"key":"CaptainsWheel"},{"floor":25.0,"key":"Paper Crane"},{"floor":26.0,"key":"Bottled Lightning"},{"floor":40.0,"key":"Eternal Feather"},{"floor":43.0,"key":"InkBottle"},{"floor":44.0,"key":"Ninja Scroll"},{"floor":46.0,"key":"Frozen Egg 2"},{"floor":54,"key":"Oddly Smooth Stone"}],"event_choices":[{"damage_healed":0.0,"max_hp_gain":0.0,"max_hp_loss":0.0,"gold_gain":0.0,"event_name":"Accursed Blacksmith","player_choice":"Forge","floor":2.0,"gold_loss":0.0,"damage_taken":0.0,"cards_upgraded":["Dagger Spray"]},{"damage_healed":0.0,"max_hp_gain":0.0,"max_hp_loss":0.0,"gold_gain":0.0,"event_name":"Match and Keep!","player_choice":"2 cards matched","floor":5.0,"gold_loss":0.0,"damage_taken":0.0,"cards_obtained":["Neutralize","Unload"]},{"damage_healed":0.0,"max_hp_gain":0.0,"max_hp_loss":0.0,"gold_gain":0.0,"event_name":"Mushrooms","player_choice":"Fought Mushrooms","floor":12.0,"gold_loss":0.0,"damage_taken":0.0},{"damage_healed":0.0,"max_hp_gain":0.0,"max_hp_loss":0.0,"gold_gain":0.0,"cards_transformed":["Strike_G"],"event_name":"Transmorgrifier","player_choice":"Transformed","floor":14.0,"gold_loss":0.0,"damage_taken":0.0,"cards_obtained":["Glass Knife"]},{"damage_healed":0.0,"max_hp_gain":0.0,"max_hp_loss":0.0,"gold_gain":0.0,"event_name":"Nest","player_choice":"Joined the Cult","floor":19.0,"gold_loss":0.0,"damage_taken":6.0,"cards_obtained":["RitualDagger"]},{"damage_healed":0.0,"max_hp_gain":0.0,"max_hp_loss":0.0,"gold_gain":0.0,"event_name":"Vampires","player_choice":"Ignored","floor":21.0,"gold_loss":0.0,"damage_taken":0.0},{"damage_healed":0.0,"max_hp_gain":0.0,"max_hp_loss":0.0,"gold_gain":0.0,"event_name":"The Woman in Blue","player_choice":"Bought 3 Potions","floor":38.0,"gold_loss":0.0,"damage_taken":0.0}],"is_beta":false,"boss_relics":[{"not_picked":["Runic Pyramid","Fusion Hammer"],"picked":"Pandora\u0027s Box"},{"not_picked":["Coffee Dripper","Astrolabe"],"picked":"SlaversCollar"}],"items_purged_floors":[7,22],"is_endless":false,"potions_floor_spawned":[1,6,11,30,31,37,40,48,54],"killed_by":"The Heart","ascension_level":1}}