{"host":"d744ndivyohnro60","time":1612725965,"event":{"mods":["BaseMod","Bestiary","Colored Powertips","Minty Spire (QoL Compilation)","Relic Stats"],"gold_per_floor":[116,291,291,309,309,309,335,335,359,138,154,154,16,32,32,132,132,146,162,261,78,91,91,109,109,109,109,109,109],"floor_reached":28,"language":"ENG","playtime":1245,"items_purged":["Doubt"],"score":270,"play_id":"e6933e36-2434-4085-a700-46772325c8c2","local_time":"20210207142605","is_ascension_mode":true,"campfire_choices":[{"floor":6,"key":"REST"},{"floor":8,"key":"REST"},{"data":"Skim","floor":15,"key":"SMITH"},{"data":"Fusion","floor":23,"key":"SMITH"},{"data":"Beam Cell","floor":25,"key":"SMITH"},{"data":"Scrape","floor":27,"key":"SMITH"}],"circlet_count":0,"master_deck":["Strike_B","Strike_B","Defend_B","Defend_B","Zap+1","Dualcast+1","Skim+1","Streamline","Self Repair","Force Field","Scrape+1","Self Repair","Conserve Battery","Amplify","FTL+1","Auto Shields+1","Rip and Tear+1","Beam Cell+1","Reprogram","Stack","Fusion+1","Beam Cell"],"relics":["Philosopher\u0027s Stone","MealTicket","Strawberry","Centennial Puzzle","Juzu Bracelet","Astrolabe","ClockworkSouvenir","Orichalcum"],"acts_visited":["Exordium","TheCity"],"potions_floor_usage":[7,14,16,22,28,28],"damage_taken":[{"damage":3,"enemies":"Jaw Worm","floor":1,"turns":2},{"damage":11,"enemies":"Small Slimes","floor":4,"turns":4},{"damage":27,"enemies":"Lagavulin","floor":7,"turns":5},{"damage":0,"enemies":"2 Louse","floor":11,"turns":3},{"damage":2,"enemies":"Exordium Thugs","floor":14,"turns":2},{"damage":77,"enemies":"The Guardian","floor":16,"turns":11},{"damage":6,"enemies":"Shell Parasite","floor":18,"turns":3},{"damage":0,"enemies":"Spheric Guardian","floor":19,"turns":3},{"damage":19,"enemies":"Centurion and Healer","floor":22,"turns":6},{"damage":26,"enemies":"3 Cultists","floor":24,"turns":6},{"damage":62,"enemies":"Book of Stabbing","floor":28,"turns":5}],"seed_played":"-3860931073051535359","potions_obtained":[{"floor":4,"key":"Fire Potion"},{"floor":7,"key":"Explosive Potion"},{"floor":11,"key":"Weak Potion"},{"floor":18,"key":"Swift Potion"},{"floor":19,"key":"Strength Potion"},{"floor":22,"key":"GamblersBrew"}],"is_trial":false,"path_per_floor":["M","?","?","M","?","R","E","R","T","$","M","?","$","M","R","B",null,"M","M","?","$","M","R","M","R","T","R","E"],"character_chosen":"DEFECT","items_purchased":["Juzu Bracelet","Scrape","Self Repair","Stack","ClockworkSouvenir"],"campfire_rested":2,"item_purchase_floors":[10,13,13,21,21],"current_hp_per_floor":[72,72,57,46,28,50,30,54,54,69,76,76,82,82,82,19,66,74,82,82,82,70,70,58,58,58,58,0,0],"gold":109,"neow_bonus":"BOSS_RELIC","is_daily":false,"chose_seed":false,"campfire_upgraded":4,"win_rate":0.0,"timestamp":1612725965,"path_taken":["M","?","?","M","?","R","E","R","T","?","M","?","$","M","R","BOSS","M","M","?","$","M","R","M","R","T","R","E"],"items_purchased_type":["Relic","Card","Card","Card","Relic"],"build_version":"2020-12-22","purchased_purges":1,"victory":false,"max_hp_per_floor":[75,75,75,75,75,75,82,82,82,82,82,82,82,82,82,82,82,82,82,82,82,82,82,82,82,82,82,82,82],"relic_stats":{"Centennial Puzzle":[18],"counters":[11,50],"Astrolabe":["FTL","Auto Shields","Rip and Tear"],"MealTicket":21,"Juzu Bracelet":0,"Orichalcum":[6],"obtain_stats":[{"Centennial Puzzle":9,"Strawberry":7,"Astrolabe":17,"Philosopher\u0027s Stone":0,"MealTicket":5,"Juzu Bracelet":10,"Orichalcum":26,"Cracked Core":0,"ClockworkSouvenir":21},{"Centennial Puzzle":3,"Strawberry":3,"Astrolabe":6,"Philosopher\u0027s Stone":0,"MealTicket":2,"Juzu Bracelet":3,"Orichalcum":10,"Cracked Core":0,"ClockworkSouvenir":8},{"Centennial Puzzle":11,"Strawberry":11,"Astrolabe":27,"Philosopher\u0027s Stone":0,"MealTicket":6,"Juzu Bracelet":11,"Orichalcum":45,"Cracked Core":0,"ClockworkSouvenir":33}]},"card_choices":[{"not_picked":["Barrage","Leap"],"picked":"Skim","floor":1},{"not_picked":["Reprogram","Redo"],"picked":"Streamline","floor":4},{"not_picked":["Genetic Algorithm","Beam Cell"],"picked":"Self Repair","floor":7},{"not_picked":["Blizzard","Chaos"],"picked":"Force Field","floor":11},{"not_picked":["Compile Driver","Storm"],"picked":"Conserve Battery","floor":14},{"not_picked":["Multi-Cast","Thunder Strike"],"picked":"Amplify","floor":16},{"not_picked":["Compile Driver","Hologram+1"],"picked":"Beam Cell","floor":18},{"not_picked":["Rip and Tear","Hello World"],"picked":"Reprogram","floor":19},{"not_picked":["Go for the Eyes","Undo"],"picked":"Fusion","floor":22},{"not_picked":["Barrage+1","Conserve Battery+1"],"picked":"Beam Cell","floor":24}],"player_experience":215637,"relics_obtained":[{"floor":7,"key":"Strawberry"},{"floor":9,"key":"Centennial Puzzle"},{"floor":26,"key":"Orichalcum"}],"event_choices":[{"damage_healed":0,"gold_gain":175,"player_choice":"AGREE","damage_taken":0,"max_hp_gain":0,"max_hp_loss":0,"event_name":"Liars Game","floor":2,"gold_loss":0,"cards_obtained":["Doubt"]},{"damage_healed":0,"gold_gain":0,"player_choice":"Entered Light","damage_taken":15,"max_hp_gain":0,"max_hp_loss":0,"event_name":"Shining Light","floor":3,"gold_loss":0,"cards_upgraded":["Zap","Dualcast"]},{"damage_healed":0,"gold_gain":0,"player_choice":"Success","damage_taken":18,"relics_obtained":["MealTicket"],"max_hp_gain":0,"max_hp_loss":0,"event_name":"Scrap Ooze","floor":5,"gold_loss":0},{"cards_removed":["Defend_B"],"damage_healed":0,"gold_gain":0,"player_choice":"Purged","damage_taken":0,"max_hp_gain":0,"max_hp_loss":0,"event_name":"Purifier","floor":12,"gold_loss":0},{"damage_healed":0,"gold_gain":99,"player_choice":"Stole From Cult","damage_taken":0,"max_hp_gain":0,"max_hp_loss":0,"event_name":"Nest","floor":20,"gold_loss":0}],"is_beta":false,"boss_relics":[{"not_picked":["Tiny House","Snecko Eye"],"picked":"Astrolabe"}],"items_purged_floors":[10],"is_endless":false,"potions_floor_spawned":[4,7,11,18,19,22],"killed_by":"Book of Stabbing","ascension_level":5}}