{"host":"6r762osam2bvfm66","time":1612676517,"event":{"mods":["BaseMod","Colored Map","Highlight Path","Minty Spire (QoL Compilation)"],"gold_per_floor":[110,129,140,140,159,190,190,233,284,62,62,96,96,109,109,232,232,255,255,286,305,149,149,193,193,193,193,193,214,233,252,252,381,381,402,416,234,248,271,271,285,285,335,557,572,76,76,94,94,94],"floor_reached":51,"language":"ENG","playtime":4095,"items_purged":["Strike_P","Defend_P","Normality"],"score":728,"play_id":"7de23b23-4683-4f61-ac7c-139ffbab4b43","local_time":"20210206234157","is_ascension_mode":true,"campfire_choices":[{"data":"Adaptation","floor":7,"key":"SMITH"},{"data":"TalkToTheHand","floor":13,"key":"SMITH"},{"data":"ForeignInfluence","floor":15,"key":"SMITH"},{"data":"Blasphemy","floor":23,"key":"SMITH"},{"data":"Eruption","floor":25,"key":"SMITH"},{"data":"CutThroughFate","floor":28,"key":"SMITH"},{"floor":32,"key":"REST"},{"floor":40,"key":"REST"},{"floor":42,"key":"REST"},{"data":"BattleHymn","floor":49,"key":"SMITH"}],"circlet_count":0,"master_deck":["Strike_P","Defend_P+1","Defend_P","Defend_P","Eruption+1","Vigilance","WaveOfTheHand","BowlingBash","EmptyFist","Adaptation+1","ClearTheMind","Establishment","TalkToTheHand+1","Indignation+1","Adaptation","ForeignInfluence+1","DeceiveReality","Blasphemy+1","Prostrate+1","Necronomicurse","MasterReality+1","CutThroughFate+1","SandsOfTime+1","Pray","LessonLearned","Meditate+1","BattleHymn+1","Parasite","JustLucky+1","SandsOfTime+1","WheelKick","InnerPeace","FollowUp+1"],"relics":["PureWater","NeowsBlessing","Golden Idol","Happy Flower","Meat on the Bone","Anchor","Damaru","Cursed Key","Necronomicon","Red Mask","Bronze Scales","Kunai","Empty Cage","MealTicket","Pantograph"],"acts_visited":["Exordium","TheCity","TheBeyond"],"potions_floor_usage":[6,8,16,24,30,33,33,38,41,41,45,50,50,50],"damage_taken":[{"damage":0,"enemies":"Cultist","floor":1,"turns":1},{"damage":0,"enemies":"2 Louse","floor":2,"turns":1},{"damage":0,"enemies":"Jaw Worm","floor":3,"turns":1},{"damage":12,"enemies":"3 Louse","floor":5,"turns":3},{"damage":13,"enemies":"3 Sentries","floor":6,"turns":8},{"damage":5,"enemies":"Lagavulin","floor":8,"turns":7},{"damage":8,"enemies":"Gremlin Nob","floor":12,"turns":4},{"damage":10,"enemies":"Large Slime","floor":14,"turns":3},{"damage":19,"enemies":"Hexaghost","floor":16,"turns":9},{"damage":2,"enemies":"Shell Parasite","floor":18,"turns":3},{"damage":1,"enemies":"Masked Bandits","floor":20,"turns":3},{"damage":0,"enemies":"Chosen","floor":21,"turns":3},{"damage":39,"enemies":"Slavers","floor":24,"turns":6},{"damage":16,"enemies":"Shelled Parasite and Fungi","floor":29,"turns":6},{"damage":0,"enemies":"Sentry and Sphere","floor":30,"turns":3},{"damage":8,"enemies":"Snake Plant","floor":31,"turns":3},{"damage":22,"enemies":"Collector","floor":33,"turns":6},{"damage":1,"enemies":"Orb Walker","floor":35,"turns":4},{"damage":1,"enemies":"3 Shapes","floor":36,"turns":5},{"damage":51,"enemies":"3 Darklings","floor":38,"turns":4},{"damage":16,"enemies":"Writhing Mass","floor":39,"turns":4},{"damage":39,"enemies":"Maw","floor":41,"turns":4},{"damage":33,"enemies":"Transient","floor":45,"turns":5},{"damage":0,"enemies":"Spire Growth","floor":48,"turns":2},{"damage":32,"enemies":"Donu and Deca","floor":50,"turns":5}],"seed_played":"-1666590880037496900","potions_obtained":[{"floor":3,"key":"FearPotion"},{"floor":5,"key":"SpeedPotion"},{"floor":8,"key":"Weak Potion"},{"floor":14,"key":"DuplicationPotion"},{"floor":18,"key":"PowerPotion"},{"floor":24,"key":"SkillPotion"},{"floor":29,"key":"FearPotion"},{"floor":31,"key":"GamblersBrew"},{"floor":33,"key":"Weak Potion"},{"floor":38,"key":"Fire Potion"},{"floor":39,"key":"SpeedPotion"},{"floor":45,"key":"BlessingOfTheForge"},{"floor":47,"key":"Swift Potion"},{"floor":47,"key":"DuplicationPotion"}],"is_trial":false,"path_per_floor":["M","M","M","?","M","E","R","E","T","$","?","E","R","M","R","B",null,"M","?","?","M","$","R","E","R","T","?","R","M","M","M","R","B",null,"M","M","$","M","M","R","M","R","T","?","M","$","?","M","R","B",null],"character_chosen":"WATCHER","items_purchased":["TalkToTheHand","Indignation","Adaptation","MasterReality","BattleHymn","Pantograph","WheelKick","InnerPeace"],"campfire_rested":3,"item_purchase_floors":[10,10,10,22,37,46,46,46],"current_hp_per_floor":[72,72,72,54,42,29,29,24,24,24,48,40,40,42,42,35,72,70,54,53,53,53,53,26,26,26,26,26,22,34,38,59,37,72,71,70,70,31,27,48,21,42,42,42,21,36,36,48,48,40],"gold":94,"neow_bonus":"THREE_ENEMY_KILL","is_daily":false,"chose_seed":false,"campfire_upgraded":7,"win_rate":0.0,"timestamp":1612676517,"path_taken":["M","?","?","?","M","E","R","E","T","$","?","E","R","M","R","BOSS","M","?","?","M","$","R","E","R","T","?","R","M","M","M","R","BOSS","M","M","$","M","M","R","M","R","T","?","M","$","?","M","R","BOSS"],"items_purchased_type":["Card","Card","Card","Card","Card","Relic","Card","Card"],"build_version":"2020-12-22","purchased_purges":3,"victory":true,"max_hp_per_floor":[72,72,72,72,72,72,72,72,72,72,72,72,72,72,72,72,72,72,72,72,72,72,72,72,72,72,72,72,72,72,72,72,72,72,72,72,72,72,72,72,72,72,72,72,72,72,72,72,72,72],"card_choices":[{"not_picked":["Evaluate","Halt"],"picked":"WaveOfTheHand","floor":1},{"not_picked":["Prostrate","Halt"],"picked":"BowlingBash","floor":2},{"not_picked":["WindmillStrike","Indignation"],"picked":"EmptyFist","floor":3},{"not_picked":["FlurryOfBlows","SashWhip"],"picked":"Adaptation","floor":5},{"not_picked":["FollowUp","Wallop"],"picked":"ClearTheMind","floor":6},{"not_picked":["Study","BattleHymn"],"picked":"Establishment","floor":8},{"not_picked":["EmptyBody","ReachHeaven"],"picked":"ForeignInfluence","floor":12},{"not_picked":["ClearTheMind","CrushJoints"],"picked":"DeceiveReality","floor":14},{"not_picked":["ConjureBlade","Alpha"],"picked":"Blasphemy","floor":16},{"not_picked":["EmptyMind","FlyingSleeves"],"picked":"Prostrate+1","floor":18},{"not_picked":["FlyingSleeves","Crescendo+1","DeceiveReality+1"],"picked":"SKIP","floor":21},{"not_picked":["Blasphemy","FollowUp+1"],"picked":"CutThroughFate","floor":24},{"not_picked":["Consecrate+1","FollowUp+1"],"picked":"SandsOfTime+1","floor":29},{"not_picked":["CrushJoints","Crescendo+1","PathToVictory"],"picked":"SKIP","floor":30},{"not_picked":["Scrawl","WreathOfFlame"],"picked":"Pray","floor":31},{"not_picked":["Brilliance","DevaForm"],"picked":"LessonLearned","floor":33},{"not_picked":["WaveOfTheHand+1","BowlingBash","EmptyBody+1"],"picked":"SKIP","floor":35},{"not_picked":["Tantrum","Consecrate"],"picked":"Meditate+1","floor":36},{"not_picked":["ReachHeaven","Nirvana","PathToVictory"],"picked":"SKIP","floor":38},{"not_picked":["CutThroughFate+1","ClearTheMind+1","PathToVictory+1"],"picked":"SKIP","floor":39},{"not_picked":["Protect","ThirdEye"],"picked":"JustLucky+1","floor":41},{"not_picked":["EmptyBody+1","Crescendo+1"],"picked":"SandsOfTime+1","floor":45},{"not_picked":["EmptyBody","Crescendo+1"],"picked":"FollowUp+1","floor":48}],"player_experience":69492,"relics_obtained":[{"floor":6,"key":"Happy Flower"},{"floor":8,"key":"Meat on the Bone"},{"floor":9,"key":"Anchor"},{"floor":12,"key":"Damaru"},{"floor":19,"key":"Necronomicon"},{"floor":20,"key":"Red Mask"},{"floor":24,"key":"Bronze Scales"},{"floor":26,"key":"Kunai"},{"floor":43,"key":"MealTicket"}],"event_choices":[{"damage_healed":0,"gold_gain":0,"player_choice":"Take Damage","damage_taken":18,"relics_obtained":["Golden Idol"],"max_hp_gain":0,"max_hp_loss":0,"event_name":"Golden Idol","floor":4,"gold_loss":0},{"damage_healed":24,"gold_gain":0,"player_choice":"Banana","damage_taken":0,"max_hp_gain":0,"max_hp_loss":0,"event_name":"Big Fish","floor":11,"gold_loss":0},{"damage_healed":0,"gold_gain":0,"player_choice":"Obtained Book","damage_taken":16,"max_hp_gain":0,"max_hp_loss":0,"event_name":"Cursed Tome","floor":19,"gold_loss":0},{"damage_healed":0,"gold_gain":0,"player_choice":"Fought Bandits","damage_taken":0,"max_hp_gain":0,"max_hp_loss":0,"event_name":"Masked Bandits","floor":20,"gold_loss":0},{"cards_removed":["Decay"],"damage_healed":0,"gold_gain":0,"player_choice":"Elegance","damage_taken":0,"max_hp_gain":0,"max_hp_loss":0,"event_name":"Back to Basics","floor":27,"gold_loss":0},{"damage_healed":0,"gold_gain":222,"player_choice":"Wore Mask","damage_taken":0,"max_hp_gain":0,"max_hp_loss":0,"event_name":"Tomb of Lord Red Mask","floor":44,"gold_loss":0},{"damage_healed":0,"gold_gain":0,"player_choice":"Got Potions","damage_taken":0,"max_hp_gain":0,"max_hp_loss":0,"event_name":"Lab","floor":47,"gold_loss":0}],"is_beta":false,"boss_relics":[{"not_picked":["Calling Bell","Busted Crown"],"picked":"Cursed Key"},{"not_picked":["Runic Dome","Snecko Eye"],"picked":"Empty Cage"}],"items_purged_floors":[22,37,46],"is_endless":false,"potions_floor_spawned":[3,5,8,14,18,24,29,31,33,38,39,45,48],"ascension_level":2}}