{"host":"dggqshehf2ar9kzd","time":1612675470,"event":{"mods":["BaseMod","Hermit","Highlight Path","Minty Spire (QoL Compilation)","Reliquary","StSLib"],"gold_per_floor":[116,135,146,146,146,176,176,189,239,254,281,281,300,20,20,141,441,459,473,473,473],"floor_reached":20,"language":"ENG","playtime":1178,"items_purged":["hermit:Strike_Hermit"],"score":186,"play_id":"5b8bace4-b857-42a4-a634-62f8a34bdaa4","local_time":"20210207002430","is_ascension_mode":false,"campfire_choices":[{"data":"hermit:TakeAim","floor":7,"key":"SMITH"},{"data":"Mayhem","floor":15,"key":"SMITH"}],"circlet_count":0,"master_deck":["hermit:Strike_Hermit","hermit:Strike_Hermit","hermit:Strike_Hermit","hermit:Defend_Hermit","hermit:Defend_Hermit","hermit:Defend_Hermit","hermit:Snapshot","hermit:Covet","hermit:Headshot","hermit:TakeAim+1","hermit:Coalescence","hermit:Brawl","hermit:Enervate","hermit:Determination","Injury","hermit:Grudge","Mayhem+1","hermit:HighNoon","CurseOfTheBell","hermit:Shortfuse+1"],"relics":["hermit:Momento","reliquary:PurpleTingedLeaf","reliquary:PorcupineQuills","reliquary:TatteredRug","Eternal Feather","Golden Idol","Membership Card","Calling Bell","reliquary:Boomerang","reliquary:QuartzCube","Old Coin"],"acts_visited":["Exordium","TheCity"],"potions_floor_usage":[11,16,18],"damage_taken":[{"damage":1,"enemies":"Cultist","floor":1,"turns":3},{"damage":2,"enemies":"2 Louse","floor":2,"turns":2},{"damage":1,"enemies":"Jaw Worm","floor":3,"turns":3},{"damage":15,"enemies":"Gremlin Nob","floor":6,"turns":4},{"damage":0,"enemies":"3 Louse","floor":8,"turns":4},{"damage":1,"enemies":"Exordium Wildlife","floor":10,"turns":3},{"damage":9,"enemies":"Lagavulin","floor":11,"turns":6},{"damage":9,"enemies":"Blue Slaver","floor":13,"turns":4},{"damage":51,"enemies":"The Guardian","floor":16,"turns":8},{"damage":25,"enemies":"Shell Parasite","floor":18,"turns":7},{"damage":41,"enemies":"2 Thieves","floor":19,"turns":5},{"damage":15,"enemies":"Centurion and Healer","floor":20,"turns":1}],"seed_played":"-8683042609060375153","potions_obtained":[{"floor":3,"key":"Dexterity Potion"},{"floor":6,"key":"Block Potion"},{"floor":8,"key":"Strength Potion"},{"floor":11,"key":"CultistPotion"}],"is_trial":false,"path_per_floor":["M","M","M","T","?","E","R","M","T","M","E","?","M","$","R","B",null,"M","M","M"],"character_chosen":"HERMIT","items_purchased":["Membership Card","Mayhem"],"campfire_rested":0,"item_purchase_floors":[14,14],"current_hp_per_floor":[74,72,71,71,75,61,61,63,63,64,57,57,50,50,59,12,75,53,14,0,0],"gold":473,"neow_bonus":"REMOVE_CARD","is_daily":false,"chose_seed":false,"campfire_upgraded":2,"win_rate":0.0,"timestamp":1612675470,"path_taken":["M","?","M","?","?","E","R","?","T","M","E","?","M","$","R","BOSS","M","M","M"],"items_purchased_type":["Relic","Card"],"build_version":"2020-12-22","purchased_purges":1,"victory":false,"max_hp_per_floor":[75,75,75,75,75,75,75,75,75,75,75,75,75,75,75,75,75,75,75,75,75],"card_choices":[{"not_picked":["hermit:ItchyTrigger","hermit:BodyArmor"],"picked":"hermit:Headshot","floor":1},{"not_picked":["hermit:Desperado","hermit:Glare"],"picked":"hermit:Misfire","floor":2},{"not_picked":["hermit:CalledShot","hermit:Manifest"],"picked":"hermit:TakeAim","floor":3},{"not_picked":["hermit:Quickdraw","hermit:Ricochet"],"picked":"hermit:Coalescence","floor":6},{"not_picked":["hermit:ItchyTrigger","hermit:SprayPray"],"picked":"hermit:Brawl","floor":8},{"not_picked":["hermit:Manifest","hermit:Scavenge"],"picked":"hermit:Enervate","floor":10},{"not_picked":["hermit:FlashPowder","hermit:Vantage"],"picked":"hermit:Determination","floor":11},{"not_picked":["hermit:Feint","hermit:TakeAim"],"picked":"hermit:Grudge","floor":13},{"not_picked":["hermit:RoundhouseKick","hermit:Purgatory"],"picked":"hermit:HighNoon","floor":16},{"not_picked":["hermit:TakeAim","hermit:Manifest"],"picked":"hermit:Shortfuse+1","floor":18},{"not_picked":["hermit:Coalescence","hermit:DeadMansHand","hermit:NoHoldsBarred"],"picked":"SKIP","floor":19}],"player_experience":346686,"relics_obtained":[{"floor":4,"key":"reliquary:PurpleTingedLeaf"},{"floor":6,"key":"reliquary:PorcupineQuills"},{"floor":9,"key":"reliquary:TatteredRug"},{"floor":11,"key":"Eternal Feather"},{"floor":17,"key":"reliquary:Boomerang"},{"floor":17,"key":"reliquary:QuartzCube"},{"floor":17,"key":"Old Coin"}],"event_choices":[{"cards_removed":["hermit:Misfire"],"damage_healed":5,"gold_gain":0,"player_choice":"Offered Common","damage_taken":0,"max_hp_gain":0,"max_hp_loss":0,"event_name":"Bonfire Elementals","floor":5,"gold_loss":0},{"cards_removed":["hermit:Misfire"],"damage_healed":5,"gold_gain":0,"player_choice":"Offered Special","damage_taken":0,"max_hp_gain":0,"max_hp_loss":0,"event_name":"Bonfire Elementals","floor":5,"gold_loss":0},{"damage_healed":0,"gold_gain":0,"player_choice":"Take Wound","damage_taken":0,"relics_obtained":["Golden Idol"],"max_hp_gain":0,"max_hp_loss":0,"event_name":"Golden Idol","floor":12,"gold_loss":0,"cards_obtained":["Injury"]}],"is_beta":false,"boss_relics":[{"not_picked":["Fusion Hammer","hermit:BartenderGlass"],"picked":"Calling Bell"}],"items_purged_floors":[14],"is_endless":false,"potions_floor_spawned":[3,6,8,11,13],"killed_by":"Centurion and Healer","ascension_level":0}}