{"host":"oqvxca5ikb3f9k1e","time":1612669166,"event":{"mods":["BaseMod","Better Third Choice","CapriCore","Colored Map","Downfall","Minty Spire (QoL Compilation)","Reliquary","Replay The Spire","Spire Arcade","StSLib"],"gold_per_floor":[99,113,563,574,574,574,574,587,6,6,25,125,125,139,158,260,360,360,378,401,415,415,442,442,442,454,454,729,729,747,764,774,879,879,879,879,892,1207,1222,1240,1240,1267,317,329,604,622,641,641,654,674,674],"floor_reached":52,"language":"ENG","playtime":3688,"items_purged":["Regret"],"score":845,"play_id":"f45ef081-1135-40f8-8043-5876d4850c67","local_time":"20210207000926","is_ascension_mode":false,"campfire_choices":[{"data":"bronze:Replicate","floor":1,"key":"SMITH"},{"data":"bronze:DelayedSlice","floor":6,"key":"SMITH"},{"data":"bronze:Format","floor":18,"key":"SMITH"},{"floor":27,"key":"REST"},{"data":"bronze:ForLoop","floor":29,"key":"SMITH"},{"floor":48,"key":"REST"}],"circlet_count":0,"master_deck":["bronze:Defend","bronze:Defend","bronze:Defend","bronze:Defend","bronze:Replicate+1","bronze:Goto","bronze:DelayedSlice+1","downfall:Icky","downfall:Icky","downfall:Icky","bronze:ForLoop+1","Regret","bronze:Boost","bronze:Format+1","bronze:ClassDefault","bronze:Return","bronze:GetLatest","downfall:Haunted","downfall:Haunted","ReplayTheSpireMod:Faulty Equipment","Decay","bronze:FindAndReplace+1","Writhe","bronze:FineTuning","bronze:HyperBeam+1","Pot Of Greed","Pot Of Greed","Pot Of Greed","Slimebound:Tackle+1","Slimebound:Tackle+1","Slimebound:Tackle+1","bronze:Iterate","bronze:Branch","bronze:Branch","Pot Of Greed","bronze:ChosenStrike","bronze:AlphaBuild+1","bronze:Iterate+1","bronze:ChildClass+1","bronze:Repulsor+1","bronze:CutThrough","Chrysalis+1","bronze:Optimize+1","Regret","bronze:HyperBeam+1","bronze:Branch+1","bronze:Frontload","Pot Of Greed"],"relics":["bronze:BronzeCore","reliquary:SharkskinSheath","Ornamental Fan","Golden Egg","reliquary:RoseTintedGlasses","Potion Belt","Du-Vu Doll","Pear","Replay:Wanted Poster","Grinning Jar","Chameleon Ring","Kunai","Philosopher\u0027s Stone","reliquary:WeakTea","reliquary:BrokenClock","Replay:WaspNest","HornCleat"],"acts_visited":["Exordium","TheCity","TheBeyond"],"potions_floor_usage":[9,23,23,26,33,33,33,38,38,44,47,51,51],"damage_taken":[{"damage":6,"enemies":"Jaw Worm","floor":2,"turns":4},{"damage":11,"enemies":"2 Louse","floor":4,"turns":3},{"damage":2,"enemies":"Small Slimes","floor":8,"turns":4},{"damage":16,"enemies":"downfall:FleeingMerchant","floor":9,"turns":4},{"damage":18,"enemies":"Red Slaver","floor":11,"turns":4},{"damage":17,"enemies":"Blue Slaver","floor":14,"turns":3},{"damage":3,"enemies":"Exordium Wildlife","floor":15,"turns":4},{"damage":13,"enemies":"DF_ARCHETYPE_STREAMLINE","floor":16,"turns":5},{"damage":15,"enemies":"3 Byrds","floor":19,"turns":2},{"damage":7,"enemies":"Centurion and Healer","floor":21,"turns":3},{"damage":11,"enemies":"Book of Stabbing","floor":23,"turns":4},{"damage":5,"enemies":"Snake Plant","floor":26,"turns":2},{"damage":32,"enemies":"Chosen and Byrds","floor":30,"turns":4},{"damage":20,"enemies":"3 Cultists","floor":31,"turns":3},{"damage":4,"enemies":"Centurion and Healer","floor":32,"turns":4},{"damage":26,"enemies":"WA_ARCHETYPE_CALM","floor":33,"turns":8},{"damage":5,"enemies":"3 Darklings","floor":37,"turns":3},{"damage":5,"enemies":"downfall:FleeingMerchant","floor":38,"turns":4},{"damage":14,"enemies":"Orb Walker","floor":39,"turns":2},{"damage":12,"enemies":"Spire Growth","floor":40,"turns":2},{"damage":14,"enemies":"Writhing Mass","floor":44,"turns":3},{"damage":0,"enemies":"4 Shapes","floor":46,"turns":2},{"damage":0,"enemies":"3 Darklings","floor":47,"turns":1},{"damage":0,"enemies":"Spire Growth","floor":49,"turns":3},{"damage":28,"enemies":"Maw","floor":50,"turns":6},{"damage":45,"enemies":"IC_BLOCK_ARCHETYPE","floor":51,"turns":8}],"seed_played":"2576958201776285693","potions_obtained":[{"floor":8,"key":"EntropicBrew"},{"floor":11,"key":"LiquidMemories"},{"floor":21,"key":"EssenceOfSteel"},{"floor":25,"key":"Dexterity Potion"},{"floor":25,"key":"DistilledChaos"},{"floor":30,"key":"Regen Potion"},{"floor":31,"key":"DistilledChaos"},{"floor":33,"key":"FearPotion"},{"floor":39,"key":"DistilledChaos"},{"floor":41,"key":"Fruit Juice"},{"floor":41,"key":"DistilledChaos"},{"floor":47,"key":"ColorlessPotion"},{"floor":50,"key":"Milkshake"}],"is_trial":false,"path_per_floor":["R","M","?","M","?","R","T","M","$","T","M","?","T","M","M","B",null,"R","M","T","M","?","E","T","R","M","R","?","R","M","M","M","B",null,"PTL","PTL","M","$","M","M","R","T","$","M","?","M","M","R","M","M","B",null],"character_chosen":"THE_AUTOMATON","items_purchased":["bronze:ClassDefault","bronze:Return","Golden Egg","reliquary:RoseTintedGlasses","reliquary:BrokenClock","Replay:WaspNest","HornCleat","Adrenaline Potion","Chrysalis"],"campfire_rested":2,"item_purchase_floors":[9,9,9,9,43,43,43,43,43],"current_hp_per_floor":[77,71,71,60,60,60,60,58,42,42,24,29,39,22,19,6,92,92,77,77,70,70,59,59,59,54,81,81,81,49,29,25,12,92,92,92,87,82,68,56,56,56,56,42,42,42,42,69,69,41,3],"gold":674,"neow_bonus":"TEN_PERCENT_HP_BONUS","is_daily":false,"chose_seed":false,"campfire_upgraded":4,"win_rate":0.0,"timestamp":1612669166,"path_taken":["R","M","?","M","?","R","T","M","$","?","M","?","?","M","M","BOSS","R","M","?","M","?","E","T","R","?","R","?","R","M","M","M","BOSS","PTL","PTL","M","$","M","?","R","T","$","M","?","?","M","R","M","M","BOSS"],"items_purchased_type":["Card","Card","Relic","Relic","Relic","Relic","Relic","Potion","Card"],"build_version":"2020-12-22","purchased_purges":1,"victory":true,"max_hp_per_floor":[77,77,77,77,77,77,77,77,77,77,77,82,92,92,92,92,92,92,92,92,92,92,92,92,92,92,92,92,92,92,92,92,92,92,92,92,92,92,92,92,92,92,92,92,92,92,92,92,92,92,99],"card_choices":[{"not_picked":["bronze:Branch","bronze:ItsAFeature"],"picked":"bronze:DelayedSlice","floor":2},{"not_picked":["bronze:BitShift","bronze:Safeguard"],"picked":"bronze:ForLoop","floor":4},{"not_picked":["bronze:WhirlingStrike","bronze:DelayedGuard"],"picked":"bronze:Boost","floor":8},{"not_picked":["bronze:Fortify","bronze:CloningBeam"],"picked":"bronze:Format","floor":9},{"not_picked":["bronze:OilSpill","bronze:DelayedGuard"],"picked":"bronze:GetLatest","floor":11},{"not_picked":["bronze:OilSpill","bronze:Safeguard","bronze:Invalidate"],"picked":"SKIP","floor":14},{"not_picked":["bronze:Deprecate","bronze:WhirlingStrike"],"picked":"bronze:FineTuning","floor":15},{"not_picked":["bronze:AlphaBuild","bronze:HardenedForm"],"picked":"bronze:HyperBeam","floor":16},{"not_picked":["bronze:BugBarrage+1","bronze:OilSpill","bronze:Allocate"],"picked":"SKIP","floor":19},{"not_picked":["bronze:Return","bronze:CutThrough","bronze:BugBarrage"],"picked":"SKIP","floor":21},{"not_picked":["bronze:DelayedSlice","bronze:ForceShield+1"],"picked":"bronze:Iterate","floor":23},{"not_picked":["bronze:Allocate+1","bronze:Shell","bronze:Deprecate"],"picked":"SKIP","floor":26},{"not_picked":["bronze:CleanCode","bronze:Invalidate"],"picked":"bronze:Branch","floor":30},{"not_picked":["bronze:OilSpill+1","bronze:Iterate"],"picked":"bronze:Branch","floor":31},{"not_picked":["bronze:Invalidate","bronze:DelayedSlice"],"picked":"bronze:ChosenStrike","floor":32},{"not_picked":["bronze:FindAndReplace","bronze:Break"],"picked":"bronze:AlphaBuild","floor":33},{"not_picked":["bronze:BitShift","bronze:FineTuning"],"picked":"bronze:Iterate+1","floor":37},{"not_picked":["bronze:Branch","bronze:Shield"],"picked":"bronze:ChildClass+1","floor":38},{"not_picked":["bronze:Deprecate","bronze:BugBarrage+1"],"picked":"bronze:Repulsor+1","floor":39},{"not_picked":["bronze:FineTuning","bronze:DelayedGuard"],"picked":"bronze:CutThrough","floor":40},{"not_picked":["bronze:Iterate+1","bronze:WhirlingStrike+1"],"picked":"bronze:Optimize+1","floor":44},{"not_picked":["bronze:Philosophize+1","bronze:WhirlingStrike+1"],"picked":"bronze:HyperBeam","floor":46},{"not_picked":["bronze:Turbo","bronze:Fortify"],"picked":"bronze:Branch+1","floor":47},{"not_picked":["bronze:WhirlingStrike","bronze:BuggyMess+1"],"picked":"bronze:Frontload","floor":49},{"not_picked":["bronze:Boost","bronze:ClassDefault","bronze:Shell"],"picked":"SKIP","floor":50}],"player_experience":964834,"relics_obtained":[{"floor":7,"key":"Ornamental Fan"},{"floor":10,"key":"Potion Belt"},{"floor":13,"key":"Pear"},{"floor":20,"key":"Grinning Jar"},{"floor":23,"key":"Chameleon Ring"},{"floor":24,"key":"Kunai"},{"floor":42,"key":"reliquary:WeakTea"}],"event_choices":[{"damage_healed":0,"gold_gain":0,"player_choice":"Box","damage_taken":0,"relics_obtained":["reliquary:SharkskinSheath"],"max_hp_gain":0,"max_hp_loss":0,"event_name":"Big Fish","floor":5,"gold_loss":0,"cards_obtained":["Regret"]}],"is_beta":false,"boss_relics":[{"not_picked":["Snecko Eye","Astrolabe"],"picked":"Replay:Wanted Poster"},{"not_picked":["Kintsugi","SlaversCollar"],"picked":"Philosopher\u0027s Stone"}],"items_purged_floors":[43],"is_endless":false,"potions_floor_spawned":[8,11,21,30,31,33,39,47,50],"ascension_level":0}}