{"host":"Sylvester","time":1612674955,"event":{"mods":["AchievementEnabler","BaseMod","Filter the Spire","Lobotomy","Minty Spire (QoL Compilation)","Replay The Spire","StSLib"],"gold_per_floor":[112,126,137,62,75,75,100,100,100,116,135,135,35,51,51,147,147,157,174,174,49,67,93,118,148,183,208,237,249,274,303,315,428,440,470,332,349,399,151,151,151,151],"floor_reached":41,"language":"ENG","playtime":1324,"items_purged":["Defend_R","Defend_R","Strike_R","Strike_R"],"score":421,"play_id":"8a397dcb-1b2f-423c-b5cd-47d550d35949","local_time":"20210206211554","is_ascension_mode":false,"campfire_choices":[{"data":"Bash","floor":6,"key":"SMITH"},{"data":"Clash","floor":8,"key":"SMITH"},{"floor":29,"key":"REST"},{"data":"Strike_R","floor":32,"key":"PURGE"},{"floor":40,"key":"REST"}],"circlet_count":0,"master_deck":["Strike_R","Bash+1","Shrug It Off+1","Clash+1","Twin Strike+1","Clash","Shrug It Off"],"relics":["Empty Cage","Pantograph","Incense Burner","Fusion Hammer","Counterbalance","MawBank","Toy Ornithopter","Runic Pyramid","Unceasing Top","Paper Frog"],"acts_visited":["Exordium","TheCity","TheBeyond"],"potions_floor_usage":[16,28,33],"damage_taken":[{"damage":2,"enemies":"Small Slimes","floor":1,"turns":4},{"damage":1,"enemies":"Cultist","floor":2,"turns":4},{"damage":0,"enemies":"2 Louse","floor":3,"turns":2},{"damage":7,"enemies":"Looter","floor":5,"turns":3},{"damage":14,"enemies":"Gremlin Nob","floor":7,"turns":4},{"damage":6,"enemies":"Lots of Slimes","floor":10,"turns":4},{"damage":1,"enemies":"2 Fungi Beasts","floor":11,"turns":3},{"damage":3,"enemies":"3 Louse","floor":14,"turns":3},{"damage":4,"enemies":"Fading Forest","floor":16,"turns":11},{"damage":10,"enemies":"Spheric Guardian","floor":18,"turns":3},{"damage":0,"enemies":"3 Byrds","floor":19,"turns":5},{"damage":0,"enemies":"Centurion and Healer","floor":22,"turns":4},{"damage":22,"enemies":"Book of Stabbing","floor":23,"turns":4},{"damage":0,"enemies":"Shelled Parasite and Fungi","floor":24,"turns":2},{"damage":10,"enemies":"Snake Plant","floor":25,"turns":2},{"damage":0,"enemies":"Centurion and Healer","floor":27,"turns":3},{"damage":6,"enemies":"Shelled Parasite and Fungi","floor":28,"turns":3},{"damage":21,"enemies":"Snake Plant","floor":30,"turns":3},{"damage":4,"enemies":"Centurion and Healer","floor":31,"turns":4},{"damage":3,"enemies":"Automaton","floor":33,"turns":7},{"damage":9,"enemies":"Orb Walker","floor":35,"turns":3},{"damage":69,"enemies":"3 Shapes","floor":37,"turns":4},{"damage":0,"enemies":"Mind Bloom Boss Battle","floor":38,"turns":7},{"damage":21,"enemies":"3 Darklings","floor":41,"turns":8}],"seed_played":"7183197263664365720","potions_obtained":[{"floor":2,"key":"FearPotion"},{"floor":3,"key":"CultistPotion"},{"floor":10,"key":"Dexterity Potion"},{"floor":14,"key":"PowerPotion"},{"floor":19,"key":"Milkshake"},{"floor":25,"key":"GamblersBrew"},{"floor":28,"key":"BloodPotion"},{"floor":31,"key":"Adrenaline Potion"},{"floor":37,"key":"LifebloodPotion"}],"is_trial":false,"path_per_floor":["M","M","M","$","M","R","E","R","T","M","M","?","$","M","R","B",null,"M","M","?","$","M","E","M","M","T","M","M","R","M","M","R","B",null,"M","$","M","?","$","R","M"],"character_chosen":"IRONCLAD","items_purchased":["Paper Frog"],"campfire_rested":2,"item_purchase_floors":[39],"current_hp_per_floor":[78,77,77,77,70,70,56,56,56,50,49,49,49,46,46,67,80,70,70,70,70,70,48,48,38,38,38,53,77,56,52,52,77,80,71,71,2,27,27,51,30,30],"gold":151,"neow_bonus":"BOSS_RELIC","is_daily":false,"chose_seed":false,"campfire_upgraded":2,"win_rate":0.0,"timestamp":1612674954,"path_taken":["M","M","M","$","M","R","E","R","T","M","M","?","$","M","R","BOSS","M","M","?","$","M","E","M","M","T","M","M","R","M","M","R","BOSS","M","?","M","?","$","R","M"],"items_purchased_type":["Relic"],"build_version":"2020-11-17","purchased_purges":4,"victory":false,"max_hp_per_floor":[80,80,80,80,80,80,80,80,80,80,80,80,80,80,80,80,80,80,80,80,80,80,80,80,80,80,80,80,80,80,80,80,80,80,80,80,80,80,80,80,80,80],"card_choices":[{"not_picked":["Replay:Undeath\u0027s Touch","Reckless Charge"],"picked":"Shrug It Off","floor":1},{"not_picked":["Searing Blow","Shrug It Off"],"picked":"Clash","floor":2},{"not_picked":["Shrug It Off","Carnage","Body Slam"],"picked":"SKIP","floor":3},{"not_picked":["Infernal Blade","Replay:Undeath\u0027s Touch","Perfected Strike"],"picked":"SKIP","floor":5},{"not_picked":["Reckless Charge","Berserk","Armaments"],"picked":"SKIP","floor":7},{"not_picked":["Clash","Bloodletting","Fire Breathing"],"picked":"SKIP","floor":10},{"not_picked":["Wild Strike","Thunderclap","Headbutt"],"picked":"SKIP","floor":11},{"not_picked":["Perfected Strike","Fire Breathing","Sword Boomerang"],"picked":"SKIP","floor":14},{"not_picked":["Armaments","Headbutt+1","Sword Boomerang"],"picked":"SKIP","floor":18},{"not_picked":["Twin Strike+1","Headbutt","Shrug It Off"],"picked":"SKIP","floor":19},{"not_picked":["Headbutt","Shrug It Off"],"picked":"Twin Strike+1","floor":19},{"not_picked":["Body Slam","Power Through+1","Whirlwind+1"],"picked":"SKIP","floor":22},{"not_picked":["Warcry","ReplayTheSpireMod:Muscle Training"],"picked":"Clash","floor":23},{"not_picked":["Anger+1","ReplayTheSpireMod:Muscle Training","Replay:Many Hands"],"picked":"SKIP","floor":24},{"not_picked":["Blood for Blood+1","Sever Soul"],"picked":"Shrug It Off","floor":25},{"not_picked":["Rupture","Heavy Blade","Sever Soul"],"picked":"SKIP","floor":27},{"not_picked":["Blood for Blood","Rampage+1","Cleave"],"picked":"SKIP","floor":28},{"not_picked":["Clash","Warcry+1","Twin Strike"],"picked":"SKIP","floor":30},{"not_picked":["ReplayReversal","Combust","Cleave"],"picked":"SKIP","floor":31},{"not_picked":["Twin Strike","ReplayTheSpireMod:LeadingStrike","Warcry"],"picked":"SKIP","floor":35},{"not_picked":["Clothesline","ReplayTheSpireMod:Limb From Limb","Uppercut+1"],"picked":"SKIP","floor":37}],"player_experience":220775,"relics_obtained":[{"floor":7,"key":"Pantograph"},{"floor":9,"key":"Incense Burner"},{"floor":23,"key":"MawBank"},{"floor":26,"key":"Toy Ornithopter"},{"floor":38,"key":"Unceasing Top"}],"event_choices":[{"cards_removed":["Defend_R"],"damage_healed":0,"gold_gain":0,"player_choice":"Card Removal","damage_taken":0,"max_hp_gain":0,"max_hp_loss":0,"event_name":"Wheel of Change","floor":12,"gold_loss":0},{"damage_healed":0,"gold_gain":0,"player_choice":"Forge","damage_taken":0,"max_hp_gain":0,"max_hp_loss":0,"event_name":"Accursed Blacksmith","floor":15,"gold_loss":0,"cards_upgraded":["Shrug It Off"]},{"damage_healed":0,"gold_gain":0,"player_choice":"Gave Potion","damage_taken":0,"relics_obtained":["Counterbalance"],"max_hp_gain":0,"max_hp_loss":0,"event_name":"WeMeetAgain","floor":20,"gold_loss":0},{"damage_healed":0,"gold_gain":0,"player_choice":"Fight","damage_taken":0,"max_hp_gain":0,"max_hp_loss":0,"event_name":"MindBloom","floor":38,"gold_loss":0}],"is_beta":true,"boss_relics":[{"not_picked":["Replay:Wanted Poster","SacredBark"],"picked":"Fusion Hammer"},{"not_picked":["Honey Jar","Busted Crown"],"picked":"Runic Pyramid"}],"items_purged_floors":[4,13,21,36],"is_endless":false,"potions_floor_spawned":[2,3,10,11,14,19,25,28,31,37],"killed_by":"3 Darklings","ascension_level":0}}