{"host":"AZZAM","time":1612730244,"event":{"mods":["BaseMod","Colored Map","Highlight Path","Minty Spire (QoL Compilation)","Relic Stats","Unceasing Turn Reminder"],"gold_per_floor":[109,127,77,13,25,59,59,86,132,152,24,55,70,91,91,188,188,200,200,8,22,39,39,70,520,588,45,65,85,85,114,114,217,217,228,243,243,261,311,340,340,370,370,397,397,412,422,439,439,439,439,439,23,57,57,57],"floor_reached":55,"language":"ENG","playtime":3290,"items_purged":["Strike_G","Strike_G","Strike_G"],"score":1085,"play_id":"d6634325-c463-4dcb-b12e-a85badf71d6b","local_time":"20210207233724","is_ascension_mode":true,"campfire_choices":[{"data":"Bouncing Flask","floor":7,"key":"SMITH"},{"floor":15,"key":"REST"},{"floor":23,"key":"RECALL"},{"floor":30,"key":"REST"},{"floor":32,"key":"REST"},{"floor":45,"key":"REST"},{"floor":49,"key":"REST"},{"floor":52,"key":"REST"}],"circlet_count":0,"master_deck":["Strike_G","Strike_G+1","Defend_G","Defend_G","Defend_G","Defend_G","Survivor","Neutralize+1","All Out Attack+1","Bouncing Flask+1","Predator","Deadly Poison","Blade Dance","Endless Agony","Adrenaline","Catalyst+1","PanicButton","Deadly Poison+1","Secret Technique","Blade Dance","Acrobatics+1","Adrenaline","Quick Slash+1","Jack Of All Trades","Corpse Explosion","PiercingWail","Dagger Spray+1","Prepared+1","Apotheosis","Catalyst"],"relics":["Ring of the Snake","Singing Bowl","Akabeko","Gremlin Horn","Whetstone","Dead Branch","Odd Mushroom","Fusion Hammer","Orichalcum","Eternal Feather","Ninja Scroll","Potion Belt","Busted Crown","Pocketwatch","Regal Pillow","Pear","Bronze Scales","Frozen Eye","Du-Vu Doll"],"acts_visited":["Exordium","TheCity","TheBeyond","TheEnding"],"potions_floor_usage":[6,12,28,33,42,50,50,50,50,50,50,50,55,55,55],"damage_taken":[{"damage":5,"enemies":"Jaw Worm","floor":1,"turns":5},{"damage":0,"enemies":"Cultist","floor":2,"turns":3},{"damage":0,"enemies":"Small Slimes","floor":5,"turns":3},{"damage":27,"enemies":"Lagavulin","floor":6,"turns":6},{"damage":8,"enemies":"Gremlin Nob","floor":8,"turns":4},{"damage":4,"enemies":"3 Louse","floor":10,"turns":2},{"damage":7,"enemies":"Lagavulin","floor":12,"turns":5},{"damage":9,"enemies":"Exordium Thugs","floor":13,"turns":4},{"damage":0,"enemies":"The Mushroom Lair","floor":14,"turns":2},{"damage":17,"enemies":"The Guardian","floor":16,"turns":8},{"damage":6,"enemies":"Spheric Guardian","floor":18,"turns":3},{"damage":0,"enemies":"Shell Parasite","floor":21,"turns":1},{"damage":2,"enemies":"Shelled Parasite and Fungi","floor":22,"turns":2},{"damage":3,"enemies":"Gremlin Leader","floor":24,"turns":2},{"damage":0,"enemies":"Snake Plant","floor":28,"turns":2},{"damage":0,"enemies":"Cultist and Chosen","floor":29,"turns":3},{"damage":3,"enemies":"Slavers","floor":31,"turns":5},{"damage":51,"enemies":"Champ","floor":33,"turns":7},{"damage":0,"enemies":"3 Shapes","floor":35,"turns":3},{"damage":0,"enemies":"3 Darklings","floor":36,"turns":2},{"damage":0,"enemies":"Spire Growth","floor":38,"turns":3},{"damage":31,"enemies":"Mind Bloom Boss Battle","floor":39,"turns":3},{"damage":10,"enemies":"Reptomancer","floor":40,"turns":4},{"damage":0,"enemies":"Nemesis","floor":42,"turns":3},{"damage":5,"enemies":"Giant Head","floor":44,"turns":5},{"damage":0,"enemies":"Jaw Worm Horde","floor":46,"turns":1},{"damage":17,"enemies":"Maw","floor":47,"turns":5},{"damage":0,"enemies":"3 Darklings","floor":48,"turns":1},{"damage":100,"enemies":"Awakened One","floor":50,"turns":11},{"damage":27,"enemies":"Shield and Spear","floor":54,"turns":4},{"damage":91,"enemies":"The Heart","floor":55,"turns":5}],"seed_played":"8460219012571012325","potions_obtained":[{"floor":2,"key":"SkillPotion"},{"floor":6,"key":"DuplicationPotion"},{"floor":10,"key":"EntropicBrew"},{"floor":13,"key":"DuplicationPotion"},{"floor":16,"key":"BlessingOfTheForge"},{"floor":28,"key":"SteroidPotion"},{"floor":33,"key":"GhostInAJar"},{"floor":36,"key":"DuplicationPotion"},{"floor":39,"key":"LiquidBronze"},{"floor":44,"key":"BlessingOfTheForge"},{"floor":54,"key":"Energy Potion"}],"is_trial":false,"path_per_floor":["M","M","?","?","M","E","R","E","T","M","$","E","M","?","R","B",null,"M","?","$","M","M","R","E","?","T","$","M","M","R","E","R","B",null,"M","M","?","M","?","E","?","E","T","E","R","M","M","M","R","B",null,"R","$","E","B"],"character_chosen":"THE_SILENT","items_purchased":["Deadly Poison","PanicButton","Ninja Scroll","Secret Technique","Frozen Eye","Apotheosis","Swift Potion","BlessingOfTheForge"],"campfire_rested":6,"item_purchase_floors":[11,20,27,27,53,53,53,53],"current_hp_per_floor":[65,65,65,65,67,42,42,34,34,32,32,25,18,18,41,24,78,72,72,72,72,72,72,71,25,25,25,27,27,64,61,84,33,84,86,86,86,88,57,47,47,59,59,56,98,100,85,85,102,2,102,102,102,75,0,0],"gold":57,"neow_bonus":"UPGRADE_CARD","is_daily":false,"chose_seed":false,"campfire_upgraded":1,"win_rate":0.0,"timestamp":1612730244,"path_taken":["M","M","?","?","?","E","R","E","T","M","$","E","M","?","R","BOSS","M","?","?","M","M","R","E","?","T","$","?","M","R","E","R","BOSS","M","M","?","?","?","E","?","E","T","E","R","M","M","M","R","BOSS","R","$","E","BOSS"],"items_purchased_type":["Card","Card","Relic","Card","Relic","Card","Potion","Potion"],"build_version":"2020-12-18","purchased_purges":3,"victory":false,"max_hp_per_floor":[70,70,70,70,72,74,74,74,74,76,76,76,78,78,78,78,78,78,78,78,78,80,80,82,82,82,82,84,84,84,84,84,84,84,86,86,86,88,88,88,84,96,96,98,98,100,102,102,102,102,102,102,102,102,102,102],"relic_stats":{"Regal Pillow":0,"Singing Bowl":26,"Gremlin Horn":[22,20],"counters":[31,117],"Dead Branch":[360],"Eternal Feather":54,"Whetstone":["Strike_G","All Out Attack"],"Orichalcum":[114],"Busted Crown":22,"Bronze Scales":[174],"obtain_stats":[{"Potion Belt":31,"Regal Pillow":40,"Pear":42,"Singing Bowl":4,"Gremlin Horn":8,"Dead Branch":12,"Eternal Feather":26,"Whetstone":9,"Odd Mushroom":14,"Orichalcum":24,"Akabeko":6,"Du-Vu Doll":54,"Frozen Eye":53,"Busted Crown":34,"Ninja Scroll":27,"Bronze Scales":44,"Fusion Hammer":17,"Ring of the Snake":0,"Pocketwatch":39},{"Potion Belt":17,"Regal Pillow":23,"Pear":24,"Singing Bowl":2,"Gremlin Horn":5,"Dead Branch":7,"Eternal Feather":14,"Whetstone":5,"Odd Mushroom":9,"Orichalcum":14,"Akabeko":4,"Du-Vu Doll":30,"Frozen Eye":29,"Busted Crown":18,"Ninja Scroll":14,"Bronze Scales":25,"Fusion Hammer":10,"Ring of the Snake":0,"Pocketwatch":22},{"Potion Belt":60,"Regal Pillow":82,"Pear":85,"Singing Bowl":8,"Gremlin Horn":21,"Dead Branch":28,"Eternal Feather":50,"Whetstone":21,"Odd Mushroom":34,"Orichalcum":50,"Akabeko":17,"Du-Vu Doll":112,"Frozen Eye":108,"Busted Crown":67,"Ninja Scroll":50,"Bronze Scales":90,"Fusion Hammer":42,"Ring of the Snake":0,"Pocketwatch":78}],"Ring of the Snake":[60],"Pocketwatch":[9]},"card_choices":[{"not_picked":["Dagger Spray","Deflect"],"picked":"All Out Attack","floor":1},{"not_picked":["Deadly Poison","Dagger Spray"],"picked":"Bouncing Flask","floor":2},{"not_picked":["Flechettes","Choke","Flying Knee"],"picked":"Singing Bowl","floor":5},{"not_picked":["Choke","Night Terror","Backflip"],"picked":"Singing Bowl","floor":6},{"not_picked":["Calculated Gamble","Cloak And Dagger"],"picked":"Predator","floor":8},{"not_picked":["Concentrate","Quick Slash","Dodge and Roll"],"picked":"Singing Bowl","floor":10},{"not_picked":["Poisoned Stab","Slice"],"picked":"Blade Dance","floor":12},{"not_picked":["Quick Slash","All Out Attack","Bane"],"picked":"Singing Bowl","floor":13},{"not_picked":["Quick Slash","Heel Hook"],"picked":"Endless Agony","floor":14},{"not_picked":["Die Die Die","Storm of Steel"],"picked":"Adrenaline","floor":16},{"not_picked":["Underhanded Strike","Riddle With Holes+1"],"picked":"Catalyst","floor":18},{"not_picked":["Skewer","Dagger Throw"],"picked":"Deadly Poison+1","floor":21},{"not_picked":["Backflip","Concentrate","Quick Slash"],"picked":"Singing Bowl","floor":22},{"not_picked":["Acrobatics","Outmaneuver","Poisoned Stab+1"],"picked":"Singing Bowl","floor":24},{"not_picked":["Dodge and Roll","Dagger Throw","Underhanded Strike"],"picked":"Singing Bowl","floor":28},{"not_picked":["Dodge and Roll","Setup+1"],"picked":"Blade Dance","floor":29},{"not_picked":["Tools of the Trade","Wraith Form v2"],"picked":"Acrobatics+1","floor":31},{"not_picked":["Grand Finale","Unload"],"picked":"Adrenaline","floor":33},{"not_picked":["Heel Hook"],"picked":"Singing Bowl","floor":35},{"not_picked":[],"picked":"Quick Slash+1","floor":36},{"not_picked":["Flying Knee"],"picked":"Singing Bowl","floor":38},{"not_picked":[],"picked":"PiercingWail","floor":39},{"not_picked":[],"picked":"Dagger Spray+1","floor":40},{"not_picked":["Heel Hook"],"picked":"Singing Bowl","floor":42},{"not_picked":["Acrobatics"],"picked":"Singing Bowl","floor":44},{"not_picked":["Poisoned Stab"],"picked":"Singing Bowl","floor":46},{"not_picked":["Bouncing Flask"],"picked":"Singing Bowl","floor":47},{"not_picked":[],"picked":"Prepared+1","floor":48},{"not_picked":[],"picked":"Catalyst","floor":54}],"player_experience":85219,"relics_obtained":[{"floor":6,"key":"Akabeko"},{"floor":8,"key":"Gremlin Horn"},{"floor":9,"key":"Whetstone"},{"floor":12,"key":"Dead Branch"},{"floor":14,"key":"Odd Mushroom"},{"floor":24,"key":"Orichalcum"},{"floor":26,"key":"Eternal Feather"},{"floor":31,"key":"Potion Belt"},{"floor":39,"key":"Pocketwatch"},{"floor":40,"key":"Regal Pillow"},{"floor":42,"key":"Pear"},{"floor":44,"key":"Bronze Scales"},{"floor":54,"key":"Du-Vu Doll"}],"event_choices":[{"cards_removed":["Defend_G"],"damage_healed":0,"gold_gain":0,"player_choice":"Card Removal","damage_taken":0,"max_hp_gain":0,"max_hp_loss":0,"event_name":"The Cleric","floor":3,"gold_loss":50},{"damage_healed":0,"gold_gain":0,"player_choice":"Paid Gold","damage_taken":0,"relics_obtained":["Singing Bowl"],"max_hp_gain":0,"max_hp_loss":0,"event_name":"WeMeetAgain","floor":4,"gold_loss":64},{"damage_healed":0,"gold_gain":0,"player_choice":"Fought Mushrooms","damage_taken":0,"max_hp_gain":0,"max_hp_loss":0,"event_name":"Mushrooms","floor":14,"gold_loss":0},{"damage_healed":0,"gold_gain":0,"player_choice":"Forge","damage_taken":0,"max_hp_gain":0,"max_hp_loss":0,"event_name":"Accursed Blacksmith","floor":19,"gold_loss":0,"cards_upgraded":["Catalyst"]},{"damage_healed":0,"gold_gain":450,"player_choice":"GOLD GOLD GOLD GOLD GOLD ","damage_taken":46,"max_hp_gain":0,"max_hp_loss":0,"event_name":"Knowing Skull","floor":25,"potions_obtained":[],"gold_loss":0,"cards_obtained":[]},{"damage_healed":0,"gold_gain":0,"player_choice":"2 cards matched","damage_taken":0,"max_hp_gain":0,"max_hp_loss":0,"event_name":"Match and Keep!","floor":37,"gold_loss":0,"cards_obtained":["Jack Of All Trades","Corpse Explosion"]},{"damage_healed":0,"gold_gain":0,"player_choice":"Fight","damage_taken":0,"max_hp_gain":0,"max_hp_loss":0,"event_name":"MindBloom","floor":39,"gold_loss":0},{"damage_healed":0,"gold_gain":0,"player_choice":"Max HP","damage_taken":0,"max_hp_gain":0,"max_hp_loss":4,"event_name":"Winding Halls","floor":41,"gold_loss":0}],"is_beta":true,"boss_relics":[{"not_picked":["SlaversCollar","Runic Pyramid"],"picked":"Fusion Hammer"},{"not_picked":["Snecko Eye","Ring of the Serpent"],"picked":"Busted Crown"}],"items_purged_floors":[11,20,27],"is_endless":false,"potions_floor_spawned":[2,6,10,13,16,22,28,33,36,39,40,44,47,54],"killed_by":"The Heart","ascension_level":4}}