{"host":"75zx7uhsgygk98v8","time":1612731810,"event":{"mods":["BaseMod","Colored Map","Colored Powertips","Downfall","Googly Eyes","Highlight Path","Minty Spire (QoL Compilation)","StSLib"],"gold_per_floor":[99,118,131,186,201,229,253,53,72,105,53,68,68,81,93,191,191,91,104,117,128,144,244,271,306,306,324,273,285,285,302,322,322,322,322],"floor_reached":33,"language":"ENG","playtime":3657,"items_purged":[],"score":360,"play_id":"72fe345b-c9c8-402a-b6aa-95a58d986b95","local_time":"20210207150330","is_ascension_mode":false,"campfire_choices":[{"floor":1.0,"key":"RECALL"},{"data":"champ:BringItOn","floor":8.0,"key":"SMITH"},{"data":"champ:Improvising","floor":13.0,"key":"SMITH"},{"data":"champ:StrikeOfGenius","floor":18.0,"key":"SMITH"},{"floor":30,"key":"REST"}],"circlet_count":0,"master_deck":["champ:Strike","champ:Strike","champ:Strike","champ:Strike","champ:Defend","champ:Defend","champ:Defend","champ:Defend","champ:Execute","champ:Taunt","champ:GutPunch","champ:CrownThrow","champ:BerserkersShout","champ:BringItOn+1","champ:SkillfulDodge","champ:Improvising+1","champ:Endure","champ:FocusedBerserking","champ:Duel","champ:PreciseThrust","champ:StrikeOfGenius+1","champ:FlashCut","champ:SetATrap","champ:Shatter","champ:SwordSigil+1","Writhe","champ:FanOfKnives","champ:VampiricStrike","champ:IronFortress","champ:FalseCounter+1","champ:Parry"],"relics":["champ:ChampionCrown","Blue Candle","Dream Catcher","downfall:HeartBlessingRed","downfall:HeartBlessingBlue","Torii","Philosopher\u0027s Stone","downfall:HeartBlessingGreen","Boot","Toy Ornithopter","Orichalcum"],"acts_visited":["Exordium","TheCity"],"potions_floor_usage":[32,33],"damage_taken":[{"damage":10.0,"enemies":"Cultist","floor":2.0,"turns":3.0},{"damage":13.0,"enemies":"2 Louse","floor":3.0,"turns":2.0},{"damage":15.0,"enemies":"Small Slimes","floor":5.0,"turns":4.0},{"damage":66.0,"enemies":"3 Sentries","floor":6.0,"turns":9.0},{"damage":15.0,"enemies":"2 Fungi Beasts","floor":9.0,"turns":2.0},{"damage":84.0,"enemies":"Lagavulin","floor":10.0,"turns":9.0},{"damage":15.0,"enemies":"downfall:FleeingMerchant","floor":11.0,"turns":4.0},{"damage":17.0,"enemies":"Blue Slaver","floor":12.0,"turns":3.0},{"damage":25.0,"enemies":"Large Slime","floor":14.0,"turns":5.0},{"damage":28.0,"enemies":"Exordium Wildlife","floor":15.0,"turns":5.0},{"damage":35.0,"enemies":"SI_SHIV_ARCHETYPE","floor":16.0,"turns":5.0},{"damage":28.0,"enemies":"3 Byrds","floor":19.0,"turns":5.0},{"damage":34.0,"enemies":"Chosen and Byrds","floor":20.0,"turns":5.0},{"damage":28.0,"enemies":"Snecko","floor":21.0,"turns":5.0},{"damage":20.0,"enemies":"Snake Plant","floor":22.0,"turns":3.0},{"damage":55.0,"enemies":"Gremlin Leader","floor":25.0,"turns":8.0},{"damage":45.0,"enemies":"Centurion and Healer","floor":27.0,"turns":6.0},{"damage":42,"enemies":"downfall:FleeingMerchant","floor":28,"turns":4},{"damage":25,"enemies":"Snecko","floor":29,"turns":4},{"damage":22,"enemies":"Cultist and Chosen","floor":31,"turns":6},{"damage":34,"enemies":"Sentry and Sphere","floor":32,"turns":4},{"damage":67,"enemies":"IC_MUSHROOM_ARCHETYPE","floor":33,"turns":6}],"seed_played":"6530669378543054074","potions_obtained":[{"floor":3.0,"key":"DuplicationPotion"},{"floor":6.0,"key":"Energy Potion"},{"floor":10.0,"key":"DistilledChaos"},{"floor":21.0,"key":"PowerPotion"},{"floor":27.0,"key":"BlessingOfTheForge"}],"is_trial":false,"path_per_floor":["R","M","M","T","M","E","T","R","M","E","$","M","R","M","M","B",null,"R","M","M","M","M","?","T","E","?","M","$","M","R","M","M","B"],"character_chosen":"THE_CHAMP","items_purchased":["champ:FocusedBerserking","champ:IronFortress"],"campfire_rested":1,"item_purchase_floors":[11,28],"current_hp_per_floor":[99,99,96,96,91,70,70,80,80,46,46,44,44,44,36,36,109,109,106,87,79,79,79,79,69,69,49,47,27,59,52,38,0,0,0],"gold":322,"neow_bonus":"TEN_PERCENT_HP_BONUS","is_daily":false,"chose_seed":false,"campfire_upgraded":3,"win_rate":0.0,"timestamp":1612731810,"path_taken":["R","M","M","?","M","E","T","R","M","E","$","M","R","M","M","BOSS","R","M","?","M","M","?","T","E","?","M","$","M","R","M","M","BOSS"],"items_purchased_type":["Card","Card"],"build_version":"2020-12-22","purchased_purges":0,"victory":false,"max_hp_per_floor":[99,99,99,99,99,99,99,109,109,109,109,109,109,109,109,109,109,109,109,109,109,109,109,109,109,109,109,109,109,109,109,109,109,109,109],"card_choices":[{"not_picked":["champ:BerserkersShout","champ:PreciseThrust"],"picked":"champ:GutPunch","floor":2.0},{"not_picked":["champ:GutPunch","champ:PreemptiveStrike"],"picked":"champ:CrownThrow","floor":3.0},{"not_picked":["champ:PerfectedStrike","champ:RecklessLeap"],"picked":"champ:BerserkersShout","floor":5.0},{"not_picked":["champ:FanOfKnives","champ:PreemptiveStrike"],"picked":"champ:BringItOn","floor":6.0},{"not_picked":["champ:AdrenalArmor","champ:PreemptiveStrike"],"picked":"champ:SkillfulDodge","floor":9.0},{"not_picked":["champ:Parry","champ:FanOfKnives"],"picked":"champ:Improvising","floor":10.0},{"not_picked":["champ:GladiatorStyle","champ:BerserkerStyle"],"picked":"champ:Endure","floor":11.0},{"not_picked":["champ:DefensiveShout","champ:BerserkersShout"],"picked":"champ:Duel","floor":12.0},{"not_picked":["champ:EnGarde","champ:EndlessRage"],"picked":"champ:PreciseThrust","floor":14.0},{"not_picked":["champ:PerfectedStrike","champ:AdrenalArmor","champ:DefensiveShout"],"picked":"SKIP","floor":15.0},{"not_picked":["champ:IgnorePain","champ:DancingMaster"],"picked":"champ:StrikeOfGenius","floor":16.0},{"not_picked":["champ:ShieldSigil","champ:BerserkersShout"],"picked":"champ:FlashCut","floor":19.0},{"not_picked":["champ:Haymaker","champ:DefensiveShout+1","champ:EnragedBash"],"picked":"SKIP","floor":20.0},{"not_picked":["champ:EnGarde+1","champ:BerserkersShout"],"picked":"champ:SetATrap","floor":21.0},{"not_picked":["champ:FancyFootwork","champ:Backstep"],"picked":"champ:Shatter","floor":22.0},{"not_picked":["champ:Encircle","champ:ShieldSigil"],"picked":"champ:SwordSigil+1","floor":25.0},{"not_picked":["champ:Circumvent","champ:BerserkersShout"],"picked":"champ:FanOfKnives","floor":27.0},{"not_picked":["champ:ArenaPreparation","champ:BerserkersShout"],"picked":"champ:VampiricStrike","floor":28},{"not_picked":["champ:EnGarde","champ:BladeFlurry"],"picked":"champ:FalseCounter+1","floor":29},{"not_picked":["champ:BringItOn","champ:GutPunch"],"picked":"champ:Parry","floor":31},{"not_picked":["champ:PerfectedStrike+1","champ:Backstep","champ:TornadoPunch"],"picked":"SKIP","floor":32}],"player_experience":1389651,"relics_obtained":[{"floor":6.0,"key":"Blue Candle"},{"floor":7.0,"key":"Dream Catcher"},{"floor":10.0,"key":"Torii"},{"floor":24.0,"key":"Boot"},{"floor":25.0,"key":"Toy Ornithopter"}],"event_choices":[],"is_beta":false,"boss_relics":[{"not_picked":["SlaversCollar","Astrolabe"],"picked":"Philosopher\u0027s Stone"}],"items_purged_floors":[],"is_endless":false,"potions_floor_spawned":[3,6,10,12,15,21,27,31],"killed_by":"IC_MUSHROOM_ARCHETYPE","ascension_level":0}}