{"host":"ga4s3hj9m6nkn6gp","time":1612703630,"event":{"mods":["AchievementEnabler","BaseMod","Bestiary","Colored Powertips","Highlight Path","Minty Spire (QoL Compilation)","Relic Stats","everything is the same but u backflip on backflip"],"gold_per_floor":[119,44,44,44,44,44,61,90,114,129,129,129,148,179,179,256,256,229,279,279,194,194,194,194],"floor_reached":23,"language":"ENG","playtime":858,"items_purged":[],"score":440,"play_id":"f960f3a0-1b86-4795-a6a3-cb4c73558534","local_time":"20210207141350","is_ascension_mode":true,"campfire_choices":[{"data":"Burst","floor":6,"key":"SMITH"},{"data":"All Out Attack","floor":12,"key":"SMITH"},{"data":"Blade Dance","floor":15,"key":"SMITH"}],"circlet_count":0,"master_deck":["AscendersBane","Strike_G+1","Strike_G+1","Strike_G+1","Defend_G+1","Defend_G+1","Defend_G+1","Defend_G+1","Survivor+1","Neutralize","Slice+1","Burst+1","Blade Dance+1","All Out Attack+1","Blade Dance","Leg Sweep","Bullet Time","Underhanded Strike"],"relics":["Ring of the Snake","NeowsBlessing","Mummified Hand","Tiny Chest","StrikeDummy","Snecko Eye","Matryoshka","Snake Skull"],"acts_visited":["Exordium","TheCity"],"potions_floor_usage":[14,16,23],"damage_taken":[{"damage":0,"enemies":"2 Louse","floor":1,"turns":1},{"damage":0,"enemies":"Small Slimes","floor":7,"turns":1},{"damage":0,"enemies":"3 Sentries","floor":8,"turns":1},{"damage":0,"enemies":"Jaw Worm","floor":10,"turns":2},{"damage":2,"enemies":"Exordium Thugs","floor":13,"turns":5},{"damage":4,"enemies":"Lagavulin","floor":14,"turns":6},{"damage":6,"enemies":"Slime Boss","floor":16,"turns":7},{"damage":3,"enemies":"2 Thieves","floor":18,"turns":4},{"damage":62,"enemies":"Slavers","floor":23,"turns":4}],"seed_played":"-5218159896505619861","potions_obtained":[{"floor":7,"key":"CultistPotion"},{"floor":8,"key":"SpeedPotion"},{"floor":13,"key":"Strength Potion"},{"floor":18,"key":"Weak Potion"}],"is_trial":false,"path_per_floor":["M","?","?","?","?","R","M","E","T","M","$","R","M","E","R","B",null,"M","?","T","?","?","E"],"character_chosen":"THE_SILENT","items_purchased":[],"campfire_rested":0,"item_purchase_floors":[],"current_hp_per_floor":[59,59,52,52,32,32,32,32,32,32,32,32,30,26,26,20,55,52,52,52,52,52,0,0],"gold":194,"neow_bonus":"THREE_ENEMY_KILL","is_daily":false,"chose_seed":false,"campfire_upgraded":3,"win_rate":0.0,"timestamp":1612703630,"path_taken":["M","?","?","?","?","R","?","E","T","M","?","R","?","E","R","BOSS","M","?","?","?","?","E"],"items_purchased_type":[],"build_version":"2020-12-22","purchased_purges":0,"victory":false,"max_hp_per_floor":[66,66,66,66,66,66,66,66,66,66,66,66,66,66,66,66,66,66,66,66,66,66,66,66],"relic_stats":{"counters":[9,31],"Mummified Hand":[0],"Snecko Eye":[9,16,14,14],"Tiny Chest":1,"Snake Skull":[0],"obtain_stats":[{"Matryoshka":20,"NeowsBlessing":0,"Mummified Hand":8,"Snecko Eye":17,"Tiny Chest":9,"Snake Skull":21,"StrikeDummy":14,"Ring of the Snake":0},{"Matryoshka":8,"NeowsBlessing":0,"Mummified Hand":3,"Snecko Eye":7,"Tiny Chest":3,"Snake Skull":8,"StrikeDummy":6,"Ring of the Snake":0},{"Matryoshka":27,"NeowsBlessing":0,"Mummified Hand":3,"Snecko Eye":23,"Tiny Chest":3,"Snake Skull":27,"StrikeDummy":16,"Ring of the Snake":0}],"Ring of the Snake":[18]},"card_choices":[{"not_picked":["Cloak And Dagger","Finisher"],"picked":"Slice","floor":1},{"not_picked":["Backflip","Slice"],"picked":"Blade Dance","floor":7},{"not_picked":["Setup","Underhanded Strike"],"picked":"All Out Attack","floor":8},{"not_picked":["Backflip","Outmaneuver","Riddle With Holes"],"picked":"SKIP","floor":10},{"not_picked":["PiercingWail","Quick Slash"],"picked":"Blade Dance","floor":13},{"not_picked":["Bane","Sucker Punch"],"picked":"Leg Sweep","floor":14},{"not_picked":["A Thousand Cuts","Burst"],"picked":"Bullet Time","floor":16},{"not_picked":["Underhanded Strike","Expertise+1","Cloak And Dagger"],"picked":"SKIP","floor":18},{"not_picked":["Expertise+1","Cloak And Dagger"],"picked":"Underhanded Strike","floor":18}],"player_experience":747532,"relics_obtained":[{"floor":8,"key":"Mummified Hand"},{"floor":9,"key":"Tiny Chest"},{"floor":14,"key":"StrikeDummy"},{"floor":20,"key":"Matryoshka"}],"event_choices":[{"cards_removed":["Strike_G"],"damage_healed":0,"gold_gain":0,"player_choice":"Card Removal","damage_taken":0,"max_hp_gain":0,"max_hp_loss":0,"event_name":"The Cleric","floor":2,"gold_loss":75},{"cards_removed":["Defend_G"],"damage_healed":0,"gold_gain":0,"player_choice":"Card Removal","damage_taken":7,"max_hp_gain":0,"max_hp_loss":0,"event_name":"Golden Wing","floor":3,"gold_loss":0},{"damage_healed":0,"gold_gain":0,"cards_transformed":["Strike_G"],"player_choice":"Change","damage_taken":0,"max_hp_gain":0,"max_hp_loss":0,"event_name":"Living Wall","floor":4,"gold_loss":0,"cards_obtained":["Burst"]},{"damage_healed":0,"gold_gain":0,"player_choice":"Entered Light","damage_taken":20,"max_hp_gain":0,"max_hp_loss":0,"event_name":"Shining Light","floor":5,"gold_loss":0,"cards_upgraded":["Survivor","Slice"]},{"damage_healed":0,"gold_gain":50,"player_choice":"Stole From Cult","damage_taken":0,"max_hp_gain":0,"max_hp_loss":0,"event_name":"Nest","floor":19,"gold_loss":0},{"damage_healed":0,"gold_gain":0,"player_choice":"Obtained Relic","damage_taken":0,"relics_obtained":["Snake Skull"],"max_hp_gain":0,"max_hp_loss":0,"event_name":"Addict","floor":21,"gold_loss":85},{"damage_healed":0,"gold_gain":0,"player_choice":"Simplicity","damage_taken":0,"max_hp_gain":0,"max_hp_loss":0,"event_name":"Back to Basics","floor":22,"gold_loss":0,"cards_upgraded":["Strike_G","Strike_G","Strike_G","Defend_G","Defend_G","Defend_G","Defend_G"]}],"is_beta":false,"boss_relics":[{"not_picked":["HoveringKite","Sozu"],"picked":"Snecko Eye"}],"items_purged_floors":[],"is_endless":false,"potions_floor_spawned":[7,8,13,18],"killed_by":"Slavers","ascension_level":20}}