{"host":"n1v11un6j7y72mz7","time":1612723237,"event":{"mods":["Act Like it!","BaseMod","Downfall","Gensokyo","Koishi","Minty Spire (QoL Compilation)","READ ME - Guardian Mod","Reliquary","Remilia£®¿Ÿ√◊¿Ú—«£©","StSLib","The Animator","The Bug Knight","Waifu the Spire"],"gold_per_floor":[119,119,51,70,70,103,117,138,164,164,197,297,309,309,309,409,409,424,50,60,60,60,60],"floor_reached":22,"language":"ZHS","playtime":1020,"items_purged":["HollowMod:NailStrikeStart"],"score":217,"play_id":"00853da9-dff5-49cc-8be1-7ba6a8081595","local_time":"20210208024037","is_ascension_mode":false,"campfire_choices":[{"data":"HollowMod:LifebloodCocoon","floor":10,"key":"SMITH"},{"floor":15,"key":"REST"}],"circlet_count":0,"master_deck":["HollowMod:NailStrikeStart","HollowMod:NailStrikeStart","HollowMod:NailStrikeStart","HollowMod:QuickDashStart","HollowMod:QuickDashStart","HollowMod:QuickDashStart","HollowMod:QuickDashStart","HollowMod:FocusHealStart+1","HollowMod:PogoStrike","HollowMod:FastStrike","HollowMod:ShapeofUnn","HollowMod:MantisMark","HollowMod:HornetsHelp","HollowMod:GreatSlash","HollowMod:LifebloodCocoon+1","HollowMod:DashSlash","HollowMod:MantisMark+1","HollowMod:theNailsmith+1","HollowMod:HuntersJournal+1","HollowMod:GrimmsGift+1","HollowMod:DoubleDash+1","HollowMod:HeavyBlow","HollowMod:GoodIntentions+1"],"relics":["HollowMod:VesselMask","NeowsBlessing","reliquary:ExpiredCoupon","Odd Mushroom","Lantern","Toxic Egg 2","reliquary:WritOfMandamus","reliquary:SilkGlove","Dream Catcher"],"acts_visited":["Exordium","TheCity"],"potions_floor_usage":[8,16,16],"damage_taken":[{"damage":0,"enemies":"Small Slimes","floor":1,"turns":1},{"damage":0,"enemies":"Cultist","floor":4,"turns":1},{"damage":0,"enemies":"3 Sentries","floor":6,"turns":1},{"damage":2,"enemies":"2 Louse","floor":7,"turns":4},{"damage":22,"enemies":"The Mushroom Lair","floor":8,"turns":3},{"damage":30,"enemies":"Lagavulin","floor":11,"turns":7},{"damage":0,"enemies":"2 Fungi Beasts","floor":13,"turns":3},{"damage":37,"enemies":"The Guardian","floor":16,"turns":10},{"damage":6,"enemies":"Chosen","floor":18,"turns":3},{"damage":1,"enemies":"Spheric Guardian","floor":20,"turns":4},{"damage":0,"enemies":"3 Cultists","floor":22,"turns":4}],"seed_played":"-8511201181649007081","potions_obtained":[{"floor":1,"key":"Swift Potion"},{"floor":6,"key":"DistilledChaos"},{"floor":13,"key":"Dexterity Potion"},{"floor":20,"key":"PowerPotion"}],"is_trial":false,"path_per_floor":["M","?","$","M","$","E","M","?","T","R","E","?","M","?","R","B",null,"M","$","M","?","M"],"character_chosen":"THE_BUGKNIGHT","items_purchased":["HollowMod:ShapeofUnn","HollowMod:GrimmsGift+1","HollowMod:DoubleDash+1","reliquary:SilkGlove","HollowMod:HeavyBlow"],"campfire_rested":1,"item_purchase_floors":[3,19,19,19,19],"current_hp_per_floor":[75,75,75,75,75,75,73,51,51,51,31,31,31,31,53,22,75,69,69,74,74,74,74],"gold":60,"neow_bonus":"THREE_ENEMY_KILL","is_daily":false,"chose_seed":false,"campfire_upgraded":1,"win_rate":0.0,"timestamp":1612723237,"path_taken":["M","?","$","M","$","E","?","?","T","R","E","?","?","?","R","BOSS","M","$","M","?","M"],"items_purchased_type":["Card","Card","Card","Relic","Card"],"build_version":"2020-12-22","purchased_purges":1,"victory":false,"max_hp_per_floor":[75,75,75,75,75,75,75,75,75,75,75,75,75,75,75,75,75,75,75,75,75,75,75],"card_choices":[{"not_picked":["HollowMod:NewLittleFool","HollowMod:WraithStrike"],"picked":"HollowMod:FastStrike","floor":1},{"not_picked":["HollowMod:MonarchWings","HollowMod:SoulStrike"],"picked":"HollowMod:MantisMark","floor":4},{"not_picked":["HollowMod:SharpenedShadows","HollowMod:InfectionAssault"],"picked":"HollowMod:HornetsHelp","floor":6},{"not_picked":["HollowMod:PerfectDash","HollowMod:SoulStrike"],"picked":"HollowMod:GreatSlash","floor":7},{"not_picked":["HollowMod:HowlingWraiths","HollowMod:BaldurShell"],"picked":"HollowMod:LifebloodCocoon","floor":8},{"not_picked":["HollowMod:PerfectDash+1","HollowMod:DesolateDive"],"picked":"HollowMod:DashSlash","floor":11},{"not_picked":["HollowMod:FallenFury","HollowMod:SiblingsShadow+1"],"picked":"HollowMod:MantisMark+1","floor":13},{"not_picked":["HollowMod:Weaversong","HollowMod:SoulMaster"],"picked":"HollowMod:theNailsmith+1","floor":16},{"not_picked":["HollowMod:VengefulSpirit","HollowMod:CornifersMapStart+1"],"picked":"HollowMod:HuntersJournal+1","floor":18},{"not_picked":["HollowMod:DescendingDark+1","HollowMod:ShadowDash+1"],"picked":"HollowMod:GoodIntentions+1","floor":20}],"player_experience":178090,"relics_obtained":[{"floor":6,"key":"reliquary:ExpiredCoupon"},{"floor":8,"key":"Odd Mushroom"},{"floor":9,"key":"Lantern"},{"floor":11,"key":"Toxic Egg 2"}],"event_choices":[{"damage_healed":0,"gold_gain":0,"player_choice":"Upgraded","damage_taken":0,"max_hp_gain":0,"max_hp_loss":0,"event_name":"Upgrade Shrine","floor":2,"gold_loss":0,"cards_upgraded":["HollowMod:FocusHealStart"]},{"damage_healed":0,"gold_gain":0,"player_choice":"Fought Mushrooms","damage_taken":0,"max_hp_gain":0,"max_hp_loss":0,"event_name":"Mushrooms","floor":8,"gold_loss":0},{"damage_healed":0,"gold_gain":100,"player_choice":"Pray","damage_taken":0,"max_hp_gain":0,"max_hp_loss":0,"event_name":"Golden Shrine","floor":12,"gold_loss":0},{"damage_healed":0,"gold_gain":0,"player_choice":"Ignored","damage_taken":0,"max_hp_gain":0,"max_hp_loss":0,"event_name":"Shining Light","floor":14,"gold_loss":0},{"damage_healed":0,"gold_gain":0,"player_choice":"Gave Potion","damage_taken":0,"relics_obtained":["Dream Catcher"],"max_hp_gain":0,"max_hp_loss":0,"event_name":"WeMeetAgain","floor":21,"gold_loss":0}],"is_beta":false,"boss_relics":[{"not_picked":["bronze:MakeshiftBattery","SlaversCollar"],"picked":"reliquary:WritOfMandamus"}],"items_purged_floors":[19],"is_endless":false,"potions_floor_spawned":[1,6,13,20],"killed_by":"3 Cultists","ascension_level":0}}