{"host":"fnndj664xgd3vavt","time":1612716990,"event":{"mods":["AchievementEnabler","BaseMod","Better Note","Colored Powertips","DeckTracker","Downfall","Highlight Path","Infinite Spire","Minty Spire (QoL Compilation)","Quick Restart","Random Character Button","Replay The Spire","StSLib"],"gold_per_floor":[199,215,93,93,93,123,176,189,205,224,324,337,347,374,386,386,386,386],"floor_reached":16,"language":"ENG","playtime":631,"items_purged":[],"score":114,"play_id":"3a5337e9-221a-4e5f-a6c4-c38db4d3c3f5","local_time":"20210207115630","is_ascension_mode":false,"campfire_choices":[{"floor":1,"key":"DIG"}],"circlet_count":0,"master_deck":["Slimebound:Strike_Slimebound","Slimebound:Strike_Slimebound+1","Slimebound:Strike_Slimebound","Slimebound:Tackle","Slimebound:Defend_Slimebound","Slimebound:Defend_Slimebound","Slimebound:Defend_Slimebound","Slimebound:Defend_Slimebound","Slimebound:Split","Slimebound:CorrosiveSpit","Slimebound:RainOfGoop","Slimebound:GoopSpray","Slimebound:LeadByExample","Slimebound:RejuvenatingLick","Slimebound:PressTheAttack","Slimebound:Gluttony","Slimebound:SelfFormingGoo","Slimebound:SplitBruiser","Slimebound:Dissolve","Slimebound:SplitMire"],"relics":["Oddly Smooth Stone","m_BurningSludge","Art of War","ReplayTheSpireMod:TigerMarble","Akabeko"],"acts_visited":["Exordium"],"potions_floor_usage":[13,14,15],"damage_taken":[{"damage":7,"enemies":"Small Slimes","floor":2,"turns":4},{"damage":16,"enemies":"downfall:FleeingMerchant","floor":3,"turns":4},{"damage":30,"enemies":"Lagavulin","floor":6,"turns":6},{"damage":0,"enemies":"Jaw Worm","floor":8,"turns":2},{"damage":0,"enemies":"Cultist","floor":9,"turns":2},{"damage":10,"enemies":"3 Louse","floor":10,"turns":2},{"damage":0,"enemies":"Blue Slaver","floor":12,"turns":3},{"damage":0,"enemies":"Gremlin Gang","floor":13,"turns":4},{"damage":21,"enemies":"3 Sentries","floor":14,"turns":4},{"damage":6,"enemies":"2 Fungi Beasts","floor":15,"turns":3},{"damage":12,"enemies":"DF_ARCHETYPE_STREAMLINE","floor":16,"turns":3}],"seed_played":"992557507342411306","potions_obtained":[{"floor":2,"key":"bronze:BurnAndBuffPotion"},{"floor":6,"key":"BlessingOfTheForge"},{"floor":12,"key":"PowerPotion"},{"floor":13,"key":"champ:CounterPotion"},{"floor":14,"key":"Languid Potion"},{"floor":15,"key":"bronze:BurnAndBuffPotion"}],"is_trial":false,"path_per_floor":["R","M","$","?","?","E","T","M","M","M","?","M","M","E","M","B"],"character_chosen":"SLIMEBOUND","items_purchased":["Slimebound:LeadByExample","Slimebound:RejuvenatingLick"],"campfire_rested":0,"item_purchase_floors":[3,3],"current_hp_per_floor":[65,60,48,48,48,20,20,22,24,20,20,22,26,9,7,0,0,0],"gold":386,"neow_bonus":"HUNDRED_GOLD","is_daily":false,"chose_seed":false,"campfire_upgraded":0,"win_rate":0.0,"timestamp":1612716990,"path_taken":["R","M","$","?","?","E","T","M","M","M","?","M","?","E","M","BOSS"],"items_purchased_type":["Card","Card"],"build_version":"2020-12-22","purchased_purges":0,"victory":false,"max_hp_per_floor":[65,65,65,65,65,65,65,65,65,65,65,65,65,65,65,65,65,65],"card_choices":[{"not_picked":["Slimebound:ItLooksTasty","Slimebound:FinishingTackle"],"picked":"Slimebound:RainOfGoop","floor":2},{"not_picked":["Slimebound:FormOfPuddle","Slimebound:Schlurp"],"picked":"Slimebound:GoopSpray","floor":3},{"not_picked":["Slimebound:HungryTackle","Slimebound:Replication"],"picked":"Slimebound:PressTheAttack","floor":6},{"not_picked":["Slimebound:LivingWall","Slimebound:Prepare"],"picked":"Slimebound:Gluttony","floor":8},{"not_picked":["Slimebound:Schlurp","Slimebound:RejuvenatingLick"],"picked":"Slimebound:SelfFormingGoo","floor":9},{"not_picked":["Slimebound:Prepare","Slimebound:PressTheAttack","Slimebound:SlimeTap"],"picked":"SKIP","floor":10},{"not_picked":["Slimebound:ComboTackle","Slimebound:FinishingTackle","Slimebound:PressTheAttack"],"picked":"SKIP","floor":12},{"not_picked":["Twin Strike","Slimebound:RollThrough"],"picked":"Slimebound:SplitBruiser","floor":13},{"not_picked":["Sword Boomerang","Slimebound:CheckThePlaybook"],"picked":"Slimebound:Dissolve","floor":14},{"not_picked":["Slimebound:SlimeBrawl","Slimebound:Prepare"],"picked":"Slimebound:SplitMire","floor":15}],"player_experience":267856,"relics_obtained":[{"floor":1,"key":"Oddly Smooth Stone"},{"floor":6,"key":"Art of War"},{"floor":7,"key":"ReplayTheSpireMod:TigerMarble"},{"floor":14,"key":"Akabeko"}],"event_choices":[],"is_beta":false,"boss_relics":[],"items_purged_floors":[],"is_endless":false,"potions_floor_spawned":[2,6,12,13,14,15],"killed_by":"DF_ARCHETYPE_STREAMLINE","ascension_level":0}}