{"host":"jvd5k9mqzerszifx","time":1612682628,"event":{"mods":["AchievementEnabler","Act Like it!","BaseMod","Bestiary","Better Note","Better Third Choice","Colored Map","Colored Powertips","Conspire","DeckTracker","Gensokyo","GungeonMod","Hallownest","Hermit","Hubris","Infinite Spire","Jorbs\u0027s Wanderer Trilogy","Koishi","Marisa（F雨　魔理沙）","Minty Spire (QoL Compilation)","MostiFishMod","Relic Stats","Replay The Spire","Reworked Bosses","Spicy Shops","StSLib","The Administrix","The Bug Knight","The Cursed","The Hierophant","The Jungle","The Servant 0.9.4","【功能Mod】聪明的最终Boss"],"gold_per_floor":[130,13,13,45,85,85,85,141,141,141,141],"floor_reached":10,"language":"ZHS","playtime":486,"items_purged":[],"score":140,"play_id":"a2f39126-4cf0-47e4-bbfb-57e72b33687a","local_time":"20210207152348","is_ascension_mode":true,"campfire_choices":[{"data":"TheCursedMod:Strike_TheCursed","floor":6,"key":"PURGE"},{"data":"TheCursedMod:Strike_TheCursed","floor":6,"key":"PURGE"},{"data":"TheCursedMod:Defend_TheCursed","floor":6,"key":"PURGE"},{"data":"TheCursedMod:Defend_TheCursed","floor":6,"key":"PURGE"},{"data":"TheCursedMod:Defend_TheCursed","floor":6,"key":"PURGE"},{"data":"TheCursedMod:Strike_TheCursed","floor":6,"key":"SMITH"},{"data":"TheCursedMod:Defend_TheCursed","floor":6,"key":"SMITH"},{"data":"TheCursedMod:CursedWand","floor":6,"key":"SMITH"},{"data":"TheCursedMod:CleanUpWorkshop","floor":6,"key":"SMITH"},{"data":"TheCursedMod:ShockAndAwe","floor":6,"key":"SMITH"},{"data":"TheCursedMod:HellfireBreathing","floor":6,"key":"SMITH"},{"data":"TheCursedMod:Mangle","floor":6,"key":"SMITH"},{"data":"TheCursedMod:SurpriseAttack","floor":6,"key":"SMITH"},{"floor":6,"key":"REST"},{"data":"TheCursedMod:ShockAndAwe+1","floor":6,"key":"PURGE"},{"floor":6,"key":"RECALL"},{"floor":6,"key":"RECALL"}],"circlet_count":0,"master_deck":["AscendersBane","TheCursedMod:Strike_TheCursed+1","TheCursedMod:Defend_TheCursed+1","TheCursedMod:CursedWand+1","TheCursedMod:CleanUpWorkshop+1","TheCursedMod:Dregs","TheCursedMod:Mangle+1","TheCursedMod:SurpriseAttack+1","TheCursedMod:HellfireBreathing+1","TheCursedMod:CursedShiv"],"relics":["TheCursedMod:BlackMagic101","Peace Pipe","Ginger","Turnip","Unceasing Top","Omamori","Ice Cream","The Courier","Medical Kit","WingedGreaves","HandDrill","Frozen Eye","Blue Candle","DemoMod:Metronome","DaveBox","FeatherPendant","Strange Spoon","Gensokyo:NagashiBinaDoll","DemoMod:GlassGuonStoneRelic","Simple Rune","infinitespire:ShieldingShard"],"acts_visited":["Gensokyo:Gensokyo"],"potions_floor_usage":[],"damage_taken":[{"damage":0,"enemies":"Gensokyo:2_Kodama","floor":1,"turns":2},{"damage":2,"enemies":"Gensokyo:Python","floor":4,"turns":3},{"damage":0,"enemies":"Gensokyo:Gryphon","floor":5,"turns":3},{"damage":0,"enemies":"Gensokyo:Mamizou","floor":8,"turns":3},{"damage":0,"enemies":"Gensokyo:Aya","floor":10,"turns":1}],"seed_played":"-881649708913317902","potions_obtained":[{"floor":4,"key":"Dexterity Potion"}],"is_trial":false,"path_per_floor":["M","$","?","M","M","R","?","E","T","E"],"character_chosen":"THE_CURSED","items_purchased":["Strange Spoon"],"campfire_rested":1,"item_purchase_floors":[2],"current_hp_per_floor":[68,68,68,66,66,75,75,75,75,75,75],"gold":141,"neow_bonus":"TRANSFORM_CARD","is_daily":false,"chose_seed":false,"campfire_upgraded":8,"win_rate":0.0,"timestamp":1612682628,"path_taken":["M","?","?","?","M","R","?","E","T","E"],"items_purchased_type":["Relic"],"build_version":"2020-12-22","purchased_purges":0,"victory":false,"max_hp_per_floor":[75,75,75,75,75,75,75,75,75,75,75],"relic_stats":{"Peace Pipe":8,"Strange Spoon":[2],"counters":[5,12],"Blue Candle":[0],"Turnip":[0],"HandDrill":[0],"Ginger":[1],"Medical Kit":[2],"obtain_stats":[{"Ice Cream":0,"TheCursedMod:BlackMagic101":0,"DaveBox":0,"Blue Candle":0,"The Courier":0,"Gensokyo:NagashiBinaDoll":3,"DemoMod:GlassGuonStoneRelic":4,"Omamori":0,"Ginger":0,"Medical Kit":0,"Peace Pipe":0,"Frozen Eye":0,"Strange Spoon":2,"infinitespire:ShieldingShard":9,"DemoMod:Metronome":0,"FeatherPendant":1,"Simple Rune":8,"Turnip":0,"WingedGreaves":0,"HandDrill":0,"Unceasing Top":0},{"Ice Cream":0,"TheCursedMod:BlackMagic101":0,"DaveBox":0,"Blue Candle":0,"The Courier":0,"Gensokyo:NagashiBinaDoll":1,"DemoMod:GlassGuonStoneRelic":2,"Omamori":0,"Ginger":0,"Medical Kit":0,"Peace Pipe":0,"Frozen Eye":0,"Strange Spoon":1,"infinitespire:ShieldingShard":4,"DemoMod:Metronome":0,"FeatherPendant":1,"Simple Rune":4,"Turnip":0,"WingedGreaves":0,"HandDrill":0,"Unceasing Top":0},{"Ice Cream":0,"TheCursedMod:BlackMagic101":0,"DaveBox":0,"Blue Candle":0,"The Courier":0,"Gensokyo:NagashiBinaDoll":2,"DemoMod:GlassGuonStoneRelic":5,"Omamori":0,"Ginger":0,"Medical Kit":0,"Peace Pipe":0,"Frozen Eye":0,"Strange Spoon":2,"infinitespire:ShieldingShard":11,"DemoMod:Metronome":0,"FeatherPendant":1,"Simple Rune":11,"Turnip":0,"WingedGreaves":0,"HandDrill":0,"Unceasing Top":0}],"Unceasing Top":[2]},"card_choices":[{"not_picked":["TheCursedMod:SmokeScreen","TheCursedMod:Wield"],"picked":"TheCursedMod:Mangle","floor":1},{"not_picked":["TheCursedMod:ReleasedKnowledge","TheCursedMod:RapidMovement"],"picked":"TheCursedMod:SurpriseAttack","floor":4},{"not_picked":["TheCursedMod:CircleOfWindfury","TheCursedMod:Stigma"],"picked":"TheCursedMod:HellfireBreathing","floor":5},{"not_picked":["TheCursedMod:DemonicPact","TheCursedMod:TacticalStrike"],"picked":"TheCursedMod:CursedShiv","floor":8}],"player_experience":347816,"relics_obtained":[{"floor":8,"key":"Simple Rune"},{"floor":9,"key":"infinitespire:ShieldingShard"}],"event_choices":[{"damage_healed":0,"gold_gain":0,"player_choice":"Leave","damage_taken":0,"max_hp_gain":0,"max_hp_loss":0,"event_name":"conspire:Investor","floor":7,"gold_loss":0}],"is_beta":false,"boss_relics":[],"items_purged_floors":[],"is_endless":false,"potions_floor_spawned":[4],"killed_by":"Gensokyo:Aya","ascension_level":12}}