{"host":"dm3der2z84gf27js","time":1612679763,"event":{"mods":["AchievementEnabler","BaseMod","Bestiary","Better Note","Better Third Choice","Colored Map","Colored Powertips","Koishi","Marisa????????","Minty Spire (QoL Compilation)","Onozuka Komachi Mod","StSLib","The Marked","The Servant 0.9.4"],"gold_per_floor":[114,114,114,133,6,67,67,67,67],"floor_reached":8,"language":"ENG","playtime":422,"items_purged":["Pain"],"score":57,"play_id":"8bf46db3-3e6e-40a9-8f78-381f3e667346","local_time":"20210207013603","is_ascension_mode":true,"campfire_choices":[{"floor":7,"key":"REST"}],"circlet_count":0,"master_deck":["Strike_MRS","Strike_MRS","Strike_MRS","Strike_MRS","Defend_MRS","Defend_MRS","Defend_MRS","Defend_MRS","MasterSpark","UpSweep","EscapeVelocity","PowerUp","Burn","MeteoricShower","WitchOfGreed","SuperNova"],"relics":["MiniHakkero","Golden Idol","WingedGreaves"],"acts_visited":["Exordium"],"potions_floor_usage":[],"damage_taken":[{"damage":8,"enemies":"Jaw Worm","floor":1,"turns":3},{"damage":7,"enemies":"Small Slimes","floor":4,"turns":3},{"damage":20,"enemies":"Lagavulin","floor":6,"turns":4},{"damage":37,"enemies":"3 Sentries","floor":8,"turns":5}],"seed_played":"7490173587777209804","potions_obtained":[{"floor":6,"key":"StarNLove"}],"is_trial":false,"path_per_floor":["M","?","?","M","$","E","R","E"],"character_chosen":"MARISA","items_purchased":["WitchOfGreed"],"campfire_rested":1,"item_purchase_floors":[5],"current_hp_per_floor":[67,67,49,42,42,22,44,7,7],"gold":67,"neow_bonus":"THREE_RARE_CARDS","is_daily":false,"chose_seed":false,"campfire_upgraded":0,"win_rate":0.0,"timestamp":1612679763,"path_taken":["M","?","?","M","$","E","R","E"],"items_purchased_type":["Card"],"build_version":"2020-12-22","purchased_purges":1,"victory":false,"max_hp_per_floor":[75,75,75,75,75,75,75,75,75],"card_choices":[{"not_picked":["FinalSpark","BigCrunch"],"picked":"EscapeVelocity","floor":0},{"not_picked":["ManaConvection","NonDirectionalLaser"],"picked":"PowerUp","floor":1},{"not_picked":["NonDirectionalLaser","DC"],"picked":"MeteoricShower","floor":4},{"not_picked":["DoubleSpark","PowerUp"],"picked":"SuperNova","floor":6}],"player_experience":191378,"relics_obtained":[{"floor":6,"key":"WingedGreaves"}],"event_choices":[{"damage_healed":67,"gold_gain":0,"player_choice":"Embrace Burn","damage_taken":0,"max_hp_gain":0,"max_hp_loss":75,"event_name":"betterThird:BetterShining","floor":2,"gold_loss":0},{"damage_healed":0,"gold_gain":0,"player_choice":"Take Damage","damage_taken":18,"relics_obtained":["Golden Idol"],"max_hp_gain":0,"max_hp_loss":0,"event_name":"Golden Idol","floor":3,"gold_loss":0}],"is_beta":false,"boss_relics":[],"items_purged_floors":[5],"is_endless":false,"potions_floor_spawned":[6],"killed_by":"3 Sentries","ascension_level":1}}