{"host":"hpn0uxah5qjr7pa6","time":1612683377,"event":{"mods":["2.2 Compatiblity","Act Like it!","Aspiration","BaseMod","Better Third Choice","BetterRewards","Challenge The Spire","Colored Powertips","Conspire","DeckTracker","Downfall","Energized Spire","Hallownest","Hermit","Highlight Path","Hubris","Infinite Spire","Minty Spire (QoL Compilation)","Permanent Neow","Quick Restart","Rare Cards Sparkle","Replay The Spire","Spicy Shops","StSLib","The Bug Knight","The Jungle"],"gold_per_floor":[114,124,135,147,167,167,195,195,242,242,242,262,24,51,51,154,154,171,181,200,111,126,126,160,179,179,207,207,207,217,217,217,315,315,325,16,30,30,30,30,59,59,59,68,79,79,79,79,79,184,184,201,217,72,81,87,110,110,110,163,163,163,172,172,172,172,249,258,261,261,270,300,300,300,310,310,334,334,337,362,366,366,366,455,455,458,473,491,491,504,504,504,501,551,580,586,592,633,642,642,741,741,754,765,583,583,591,612,612,618,645,645,562,574,592,592,592,669,669,682,682,696,705,717,744,332,332,332,332,330,341,341,356,356,435,435,447,458,467,473,50,50,62,62,62,38,260,273,282,292,292,349,349,367,438,454,454,545,545,561,573,580,589,598,598,609,609,632,532,631,631,641,366,366,460,460,476,491,500,305,319,319,342,342,420,116,124,124,146,146,146,145],"floor_reached":193,"language":"ENG","playtime":5691,"items_purged":["infinitespire:Menacing+1","Parasite","infinitespire:Menacing","Clumsy","infinitespire:FutureSight+1"],"score":3824,"play_id":"00785e99-caed-4572-9347-3919e9f2ce9d","local_time":"20210206233617","daily_mods":["SealedDeck"],"is_ascension_mode":false,"campfire_choices":[{"data":"bronze:ChosenStrike","floor":6.0,"key":"SMITH"},{"data":"bronze:ChosenStrike","floor":8.0,"key":"SMITH"},{"data":"bronze:Frontload","floor":10.0,"key":"SMITH"},{"data":"infinitespire:Menacing","floor":15.0,"key":"SMITH"},{"data":"bronze:DigitalCarnage","floor":23.0,"key":"SMITH"},{"data":"bronze:RecursiveStrike","floor":29.0,"key":"SMITH"},{"data":"bronze:BronzeOrb","floor":32.0,"key":"SMITH"},{"data":"bronze:OilSpill","floor":40.0,"key":"SMITH"},{"data":"bronze:OilSpill","floor":42.0,"key":"SMITH"},{"data":"bronze:Branch","floor":46.0,"key":"SMITH"},{"data":"bronze:Branch","floor":49.0,"key":"SMITH"},{"data":"bronze:Branch","floor":58.0,"key":"SMITH"},{"data":"bronze:OilSpill","floor":62.0,"key":"SMITH"},{"data":"bronze:OilSpill","floor":64.0,"key":"SMITH"},{"data":"bronze:OilSpill","floor":66.0,"key":"SMITH"},{"data":"infinitespire:Collect","floor":74.0,"key":"SMITH"},{"data":"bronze:Branch","floor":76.0,"key":"SMITH"},{"data":"bronze:ChildClass","floor":78.0,"key":"SMITH"},{"data":"bronze:Repair","floor":83.0,"key":"SMITH"},{"data":"bronze:Repair","floor":91.0,"key":"SMITH"},{"floor":100.0,"key":"DIG"},{"floor":109.0,"key":"REST"},{"data":"bronze:OilSpill","floor":117.0,"key":"SMITH"},{"floor":191,"key":"DIG"}],"circlet_count":0,"master_deck":["bronze:Frontload+1","bronze:ChildClass+1","bronze:ChosenStrike+1","bronze:Repair+1","bronze:OilSpill+1","bronze:Branch+1","bronze:OilSpill+1","bronze:OilSpill+1","bronze:Repair+1","bronze:Branch+1","bronze:OilSpill+1","bronze:ChosenStrike+1","bronze:DigitalCarnage+1","bronze:Repair+1","bronze:BronzeOrb+1","bronze:Branch+1","bronze:Branch+1","bronze:OilSpill+1","infinitespire:Collect+1","bronze:Branch+1","bronze:Branch+1","hubris:DuctTapeCard","bronze:ChosenStrike+1"],"relics":["bronze:BronzeCore","Slimebound:PreparedRelic","ReplayFunnel","Pantograph","HornCleat","bronze:MakeshiftBattery","Bronze Scales","hubris:Spice","Replay:Bottled Snecko","Blood Vial","conspire:RoyalGoblet","CeramicFish","hubris:MysteriousPyramids","Centennial Puzzle","Lee\u0027s Waffle","ReplayTheSpireMod:Lightbulb","Bottled Tornado","conspire:RunicOctahedron","Red Mask","HollowMod:LifeEnderRelic","Nunchaku","Bag of Marbles","MutagenicStrength","Replay:Lucky Slots","Philosopher\u0027s Stone","Strange Spoon","Chameleon Ring","Bottled Flame","PrismaticShard","hubris:DuctTape","Ice Cream","hexamod:BolsterEngine","aspiration:WatcherSkillbook","BargainBundle","hubris:Zylophone","ReplayTheSpireMod:Shallot","Replay:Baseball","DollysMirror","Torii","infinitespire:FocusingShard","StrikeDummy"],"acts_visited":["Exordium","TheCity","TheBeyond","Exordium","TheCity","TheBeyond","Exordium","TheCity","TheBeyond","Hallownest:Greenpath","TheCity","TheBeyond"],"potions_floor_usage":[],"damage_taken":[{"damage":3.0,"enemies":"Jaw Worm","floor":1.0,"turns":2.0},{"damage":0.0,"enemies":"2 Louse","floor":2.0,"turns":1.0},{"damage":0.0,"enemies":"Cultist","floor":3.0,"turns":2.0},{"damage":0.0,"enemies":"2 Fungi Beasts","floor":4.0,"turns":2.0},{"damage":0.0,"enemies":"Large Slime","floor":5.0,"turns":3.0},{"damage":12.0,"enemies":"Lagavulin","floor":7.0,"turns":4.0},{"damage":0.0,"enemies":"Red Slaver","floor":12.0,"turns":1.0},{"damage":0.0,"enemies":"Gremlin Nob","floor":14.0,"turns":3.0},{"damage":6.0,"enemies":"The Guardian","floor":16.0,"turns":7.0},{"damage":0.0,"enemies":"Spheric Guardian","floor":18.0,"turns":1.0},{"damage":2.0,"enemies":"Chosen","floor":19.0,"turns":2.0},{"damage":0.0,"enemies":"conspire:HollyBat","floor":20.0,"turns":5.0},{"damage":0.0,"enemies":"Shelled Parasite and Fungi","floor":22.0,"turns":2.0},{"damage":0.0,"enemies":"Nightmare","floor":24.0,"turns":4.0},{"damage":0.0,"enemies":"Centurion and Healer","floor":25.0,"turns":3.0},{"damage":0.0,"enemies":"Slavers","floor":27.0,"turns":3.0},{"damage":0.0,"enemies":"Snecko","floor":30.0,"turns":1.0},{"damage":16.0,"enemies":"Collector","floor":33.0,"turns":5.0},{"damage":1.0,"enemies":"3 Shapes","floor":35.0,"turns":2.0},{"damage":0.0,"enemies":"Orb Walker","floor":37.0,"turns":1.0},{"damage":0.0,"enemies":"Reptomancer","floor":41.0,"turns":2.0},{"damage":2.0,"enemies":"Maw","floor":45.0,"turns":5.0},{"damage":93.0,"enemies":"infinitespire:MassOfShapes","floor":50.0,"turns":5.0},{"damage":0.0,"enemies":"2 Louse","floor":52.0,"turns":1.0},{"damage":0.0,"enemies":"Small Slimes","floor":53.0,"turns":1.0},{"damage":0.0,"enemies":"Cultist","floor":55.0,"turns":1.0},{"damage":0.0,"enemies":"3 Louse","floor":56.0,"turns":3.0},{"damage":0.0,"enemies":"Lagavulin","floor":57.0,"turns":2.0},{"damage":0.0,"enemies":"The Guardian","floor":67.0,"turns":4.0},{"damage":0.0,"enemies":"3 Byrds","floor":69.0,"turns":2.0},{"damage":0.0,"enemies":"Masked Bandits","floor":72.0,"turns":1.0},{"damage":0.0,"enemies":"Book of Stabbing","floor":75.0,"turns":3.0},{"damage":0.0,"enemies":"Spheric Guardian","floor":79.0,"turns":2.0},{"damage":0.0,"enemies":"Gremlin Leader","floor":80.0,"turns":1.0},{"damage":0.0,"enemies":"Centurion and Healer","floor":81.0,"turns":1.0},{"damage":0.0,"enemies":"Automaton","floor":84.0,"turns":2.0},{"damage":3.0,"enemies":"3 Shapes","floor":86.0,"turns":1.0},{"damage":0.0,"enemies":"3 Darklings","floor":87.0,"turns":1.0},{"damage":0.0,"enemies":"conspire:MimicChest","floor":88.0,"turns":2.0},{"damage":0.0,"enemies":"Maw","floor":89.0,"turns":3.0},{"damage":0.0,"enemies":"Spire Growth","floor":90.0,"turns":1.0},{"damage":37.0,"enemies":"Transient","floor":93.0,"turns":5.0},{"damage":0.0,"enemies":"Writhing Mass","floor":95.0,"turns":2.0},{"damage":0.0,"enemies":"Jaw Worm Horde","floor":96.0,"turns":2.0},{"damage":0.0,"enemies":"Giant Head","floor":97.0,"turns":4.0},{"damage":0.0,"enemies":"Mind Bloom Boss Battle","floor":98.0,"turns":2.0},{"damage":0.0,"enemies":"Replay:Hell Engine","floor":101.0,"turns":1.0},{"damage":0.0,"enemies":"Jaw Worm","floor":103.0,"turns":1.0},{"damage":0.0,"enemies":"2 Louse","floor":104.0,"turns":1.0},{"damage":0.0,"enemies":"Cultist","floor":107.0,"turns":1.0},{"damage":0.0,"enemies":"Gremlin Nob","floor":108.0,"turns":1.0},{"damage":0.0,"enemies":"Looter","floor":110.0,"turns":1.0},{"damage":0.0,"enemies":"Large Slime","floor":114.0,"turns":1.0},{"damage":4.0,"enemies":"The Guardian","floor":118.0,"turns":3.0},{"damage":0.0,"enemies":"Chosen","floor":120.0,"turns":1.0},{"damage":0.0,"enemies":"Shell Parasite","floor":122.0,"turns":2.0},{"damage":0.0,"enemies":"Snake Plant","floor":124.0,"turns":1.0},{"damage":0.0,"enemies":"HollowMod:Nosk","floor":125.0,"turns":1.0},{"damage":0.0,"enemies":"Cultist and Chosen","floor":130.0,"turns":2.0},{"damage":0.0,"enemies":"Snecko","floor":131.0,"turns":1.0},{"damage":0.0,"enemies":"Snake Plant","floor":133.0,"turns":1.0},{"damage":0.0,"enemies":"Champ","floor":135.0,"turns":4.0},{"damage":9.0,"enemies":"3 Shapes","floor":137.0,"turns":1.0},{"damage":0.0,"enemies":"Orb Walker","floor":138.0,"turns":1.0},{"damage":0.0,"enemies":"3 Darklings","floor":140.0,"turns":1.0},{"damage":0.0,"enemies":"4 Shapes","floor":143.0,"turns":1.0},{"damage":0.0,"enemies":"Maw","floor":144.0,"turns":3.0},{"damage":0.0,"enemies":"Transient","floor":146.0,"turns":5.0},{"damage":0.0,"enemies":"Sphere and 2 Shapes","floor":148.0,"turns":1.0},{"damage":0.0,"enemies":"Jaw Worm Horde","floor":149.0,"turns":1.0},{"damage":0.0,"enemies":"Spire Growth","floor":150.0,"turns":1.0},{"damage":9.0,"enemies":"Donu and Deca","floor":152.0,"turns":5.0},{"damage":0.0,"enemies":"Hallownest:monsterHuskGuard","floor":154.0,"turns":1.0},{"damage":0.0,"enemies":"Hallownest:monsterHuskWarrior","floor":156.0,"turns":1.0},{"damage":16.0,"enemies":"Hallownest:BossFalseKnight","floor":158.0,"turns":2.0},{"damage":0.0,"enemies":"Shell Parasite","floor":160.0,"turns":1.0},{"damage":0.0,"enemies":"Spheric Guardian","floor":161.0,"turns":1.0},{"damage":0.0,"enemies":"3 Cultists","floor":162.0,"turns":2.0},{"damage":0.0,"enemies":"Snake Plant","floor":164.0,"turns":1.0},{"damage":0.0,"enemies":"Centurion and Healer","floor":166.0,"turns":1.0},{"damage":0,"enemies":"3 Cultists","floor":172,"turns":1},{"damage":0,"enemies":"Champ","floor":175,"turns":1},{"damage":0,"enemies":"3 Shapes","floor":177,"turns":1},{"damage":0,"enemies":"3 Darklings","floor":178,"turns":1},{"damage":0,"enemies":"4 Shapes","floor":179,"turns":1},{"damage":0,"enemies":"Jaw Worm Horde","floor":181,"turns":1},{"damage":0,"enemies":"HollowMod:StalkingDevout","floor":183,"turns":1},{"damage":0,"enemies":"3 Darklings","floor":187,"turns":1},{"damage":0,"enemies":"R_Hoarder","floor":189,"turns":1},{"damage":0,"enemies":"infinitespire:LordOfFortification","floor":192,"turns":1}],"seed_played":"2337724685080945317","potions_obtained":[{"floor":1.0,"key":"Ancient Potion"},{"floor":5.0,"key":"bronze:CleanCodePotion"},{"floor":7.0,"key":"Block Potion"},{"floor":12.0,"key":"FearPotion"},{"floor":18.0,"key":"sneckomod:MuddlingPotion"},{"floor":20.0,"key":"Block Potion"},{"floor":25.0,"key":"EssenceOfSteel"},{"floor":30.0,"key":"Guardian:BlockOnCardUsePotion"},{"floor":37.0,"key":"PowerPotion"},{"floor":50.0,"key":"LiquidBronze"},{"floor":52.0,"key":"AttackPotion"},{"floor":69.0,"key":"Energy Potion"},{"floor":75.0,"key":"Strength Potion"},{"floor":96.0,"key":"Regen Potion"},{"floor":98.0,"key":"EssenceOfSteel"},{"floor":104.0,"key":"SneckoOil"},{"floor":114.0,"key":"SpeedPotion"},{"floor":118.0,"key":"Weak Potion"},{"floor":122.0,"key":"hexamod:SoulburnPotion"},{"floor":127.0,"key":"Toxic Potion"},{"floor":127.0,"key":"infinitespire:BlackPotion"},{"floor":134.0,"key":"infinitespire:BlackPotion"},{"floor":140.0,"key":"SneckoOil"},{"floor":142.0,"key":"Slimebound:ThreeZeroPotion"},{"floor":160.0,"key":"Cursed Concoction"},{"floor":165.0,"key":"Elixir"},{"floor":165.0,"key":"SpeedPotion"},{"floor":166.0,"key":"Strength Potion"},{"floor":167.0,"key":"EssenceOfSteel"},{"floor":167.0,"key":"FairyPotion"},{"floor":174,"key":"Death Potion"},{"floor":174,"key":"Flashbang"}],"is_trial":true,"path_per_floor":["M","M","M","M","M","R","E","R","T","R","?","M","$","E","R","B",null,"M","M","M","$","M","R","NM","M","T","E","AVR","R","M","?","R","B",null,"M","$","M","?","T","R","E","R","T","AVR","M","R","$","?","R","B",null,"M","M","$","M","M","E","R","?","T","?","R","AVR","R","?","R","B",null,"M","?","AVR","?","?","R","E","R","T","R","M","E","M","?","R","B",null,"M","M","?","M","M","R","?","M","T","M","M","E","?","AVR","R","B",null,"M","M","$","?","M","E","R","M","T","?","$","M","AVR","?","R","B",null,"M","?","M","AVR","M","E","$","R","T","?","M","M","R","M","R","B",null,"M","M","AVR","M","$","R","M","M","T","M","?","M","M","M","R","B",null,"M","?","M","?","B",null,"M","M","M","AVR","M","R","M","R","T","$","?","?","M","$","R","B",null,"M","M","M","$","M","R","E","R","T","$","M","AVR","E","?","R","B",null],"character_chosen":"THE_AUTOMATON","items_purchased":["Pantograph","bronze:DigitalCarnage","hubris:Spice","Lee\u0027s Waffle","Replay:Lucky Slots","bronze:OilSpill","Strange Spoon","Chameleon Ring","hubris:DuctTape","Ice Cream","BargainBundle","Replay:Baseball","DollysMirror"],"campfire_rested":1,"item_purchase_floors":[13,21,36,54,105,113,126,126,141,141,180,186,186],"current_hp_per_floor":[67,67,67,70,70,70,65,65,65,65,48,55,55,62,62,64,70,70,70,70,70,70,70,70,70,78,78,78,78,78,81,81,65,81,80,88,89,89,89,89,89,89,89,89,87,87,87,99,99,9,91,91,91,98,98,98,98,98,98,90,90,90,90,90,90,90,90,90,90,90,90,90,90,90,90,90,90,90,90,90,90,90,90,90,90,87,89,90,90,90,90,90,53,53,65,77,90,90,90,90,90,82,82,82,82,82,82,82,82,82,82,82,82,82,82,82,82,78,82,82,82,82,82,82,82,82,82,82,74,82,82,82,82,82,82,82,82,82,82,82,79,79,79,79,79,79,79,79,79,79,79,79,79,79,79,79,79,63,79,79,79,79,79,79,79,79,79,79,79,79,79,79,79,79,79,79,79,79,79,79,79,79,79,79,79,79,79,79,79,79,79,79],"gold":145,"neow_bonus":"","is_daily":false,"chose_seed":false,"campfire_upgraded":21,"win_rate":0.0,"timestamp":1612683377,"path_taken":["M","M","M","M","M","R","E","R","T","R","?","M","$","E","R","BOSS","M","M","M","$","M","R","NM","M","T","E","AVR","R","M","?","R","BOSS","M","$","M","?","?","R","E","R","T","AVR","M","R","$","?","R","BOSS","M","M","$","M","M","E","R","?","T","?","R","AVR","R","?","R","BOSS","M","?","AVR","?","?","R","E","R","T","R","M","E","?","?","R","BOSS","M","M","?","M","M","R","?","M","T","M","M","E","?","AVR","R","BOSS","M","M","$","?","M","E","R","M","T","?","$","M","AVR","?","R","BOSS","M","?","M","AVR","?","E","$","R","T","?","M","M","R","M","R","BOSS","M","M","AVR","M","$","R","M","M","T","M","?","M","M","M","R","BOSS","M","?","M","?","BOSS","M","M","M","AVR","M","R","M","R","T","$","?","?","M","?","R","BOSS","M","M","M","$","M","R","E","R","T","$","M","AVR","E","?","R","BOSS"],"items_purchased_type":["Relic","Card","Relic","Relic","Relic","Card","Relic","Relic","Relic","Relic","Relic","Relic","Relic"],"build_version":"2020-12-22","purchased_purges":5,"victory":true,"max_hp_per_floor":[70,70,70,70,70,70,70,70,70,70,70,70,70,70,70,70,70,70,70,70,70,70,70,70,70,78,78,78,78,78,81,81,81,81,81,89,89,89,89,89,89,89,89,89,89,89,89,99,99,99,91,91,91,98,98,98,98,98,98,90,90,90,90,90,90,90,90,90,90,90,90,90,90,90,90,90,90,90,90,90,90,90,90,90,90,90,90,90,90,90,90,90,90,90,90,90,90,90,90,90,90,82,82,82,82,82,82,82,82,82,82,82,82,82,82,82,82,82,82,82,82,82,82,82,82,82,82,82,82,82,82,82,82,82,82,82,82,82,82,82,79,79,79,79,79,79,79,79,79,79,79,79,79,79,79,79,79,79,79,79,79,79,79,79,79,79,79,79,79,79,79,79,79,79,79,79,79,79,79,79,79,79,79,79,79,79,79,79,79,79,79,79],"card_choices":[{"not_picked":["bronze:Return","bronze:WhirlingStrike"],"picked":"bronze:Repair","floor":1.0},{"not_picked":["bronze:FineTuning","bronze:Backtrace"],"picked":"bronze:Branch","floor":2.0},{"not_picked":["bronze:Frontload","bronze:CutThrough","bronze:Repulsor"],"picked":"SKIP","floor":3.0},{"not_picked":["bronze:Turbo","bronze:CutThrough"],"picked":"bronze:OilSpill","floor":4.0},{"not_picked":["bronze:WildBeam","bronze:BugBarrage","bronze:ForceShield"],"picked":"SKIP","floor":5.0},{"not_picked":["bronze:Frontload","bronze:WildBeam","bronze:BronzeArmor"],"picked":"SKIP","floor":7.0},{"not_picked":["ReplayTheSpireMod:Echoes of Time","ReplayTheSpireMod:Book of Names"],"picked":"infinitespire:Menacing","floor":11.0},{"not_picked":["bronze:Optimize","bronze:Frontload","bronze:Turbo"],"picked":"SKIP","floor":12.0},{"not_picked":["bronze:Backtrace","bronze:InfiniteBeams","bronze:BuggyMess"],"picked":"SKIP","floor":14.0},{"not_picked":["bronze:Assembly","bronze:HardenedForm"],"picked":"bronze:RecursiveStrike","floor":16.0},{"not_picked":["bronze:ForceShield","bronze:Branch+1"],"picked":"bronze:ChosenStrike+1","floor":18.0},{"not_picked":["bronze:Flail+1","bronze:Turbo","bronze:ForceShield"],"picked":"SKIP","floor":19.0},{"not_picked":["bronze:WhirlingStrike","bronze:WildBeam+1","bronze:Repair"],"picked":"SKIP","floor":20.0},{"not_picked":["bronze:Deprecate","bronze:BurnOut","bronze:DelayedGuard"],"picked":"SKIP","floor":22.0},{"not_picked":["bronze:Constructor","bronze:GetLatest","bronze:WhirlingStrike"],"picked":"SKIP","floor":24.0},{"not_picked":["bronze:Invalidate","bronze:BitShift","bronze:Iterate"],"picked":"SKIP","floor":25.0},{"not_picked":["bronze:Invalidate","bronze:BitShift","bronze:Iterate"],"picked":"SKIP","floor":25.0},{"not_picked":["bronze:SpaghettiCode","bronze:Constructor+1"],"picked":"bronze:Repair+1","floor":27.0},{"not_picked":["bronze:WildBeam+1","bronze:ClassDefault+1"],"picked":"bronze:BronzeOrb","floor":30.0},{"not_picked":["bronze:BuggyMess","bronze:BitShift+1","bronze:Flail+1"],"picked":"SKIP","floor":35.0},{"not_picked":["bronze:Iterate+1","bronze:Flail"],"picked":"bronze:Branch+1","floor":37.0},{"not_picked":["bronze:Constructor+1","bronze:DelayedGuard","bronze:Safeguard+1"],"picked":"SKIP","floor":41.0},{"not_picked":["bronze:BitShift+1","bronze:Refactor+1","bronze:FollowUp"],"picked":"SKIP","floor":45.0},{"not_picked":["bronze:Boost","bronze:Constructor"],"picked":"bronze:Branch","floor":52.0},{"not_picked":["bronze:BuggyMess","bronze:BronzeArmor"],"picked":"bronze:OilSpill","floor":53.0},{"not_picked":["bronze:DelayedSlice","bronze:DarkDash","bronze:Separator"],"picked":"SKIP","floor":55.0},{"not_picked":["bronze:ChildClass","bronze:WildBeam","bronze:DelayedSlice"],"picked":"SKIP","floor":56.0},{"not_picked":["bronze:DigitalCarnage","bronze:DelayedGuard","bronze:ClassDefault"],"picked":"SKIP","floor":57.0},{"not_picked":["infinitespire:Starlight","infinitespire:TheBestDefense"],"picked":"infinitespire:Collect","floor":68.0},{"not_picked":["hubris:SpiceAddiction","bronze:BugBarrage"],"picked":"bronze:Branch","floor":69.0},{"not_picked":["bronze:Invalidate+1","hubris:SpiceAddiction","hubris:SpiceAddiction"],"picked":"SKIP","floor":75.0},{"not_picked":["bronze:ChildClass","bronze:Invalidate","hubris:SpiceAddiction"],"picked":"SKIP","floor":79.0},{"not_picked":["bronze:Separator","hubris:SpiceAddiction","bronze:Turbo"],"picked":"SKIP","floor":80.0},{"not_picked":["bronze:Philosophize","hubris:SpiceAddiction","bronze:ForLoop"],"picked":"SKIP","floor":81.0},{"not_picked":["bronze:OilSpill+1","bronze:WhirlingStrike+1","bronze:Deprecate"],"picked":"SKIP","floor":86.0},{"not_picked":["bronze:Constructor","bronze:BuggyMess+1","bronze:DelayedGuard"],"picked":"SKIP","floor":87.0},{"not_picked":["bronze:AlphaBuild","hubris:SpiceAddiction","bronze:InfiniteBeams"],"picked":"SKIP","floor":89.0},{"not_picked":["hubris:SpiceAddiction","bronze:ForLoop","bronze:Deprecate+1"],"picked":"SKIP","floor":90.0},{"not_picked":["bronze:ClassDefault+1","hubris:SpiceAddiction","bronze:BugBarrage+1"],"picked":"SKIP","floor":93.0},{"not_picked":["bronze:ForceShield+1","bronze:Turbo+1"],"picked":"bronze:Branch+1","floor":95.0},{"not_picked":["bronze:Invalidate","bronze:Separator+1","bronze:WhirlingStrike+1"],"picked":"SKIP","floor":96.0},{"not_picked":["bronze:FollowUp+1","bronze:Invalidate+1","hubris:SpiceAddiction"],"picked":"SKIP","floor":97.0},{"not_picked":["bronze:Iterate","bronze:ItsAFeature","bronze:Constructor"],"picked":"SKIP","floor":103.0},{"not_picked":["bronze:Allocate","bronze:WildBeam","bronze:ForceShield"],"picked":"SKIP","floor":104.0},{"not_picked":["bronze:Return","bronze:FineTuning","bronze:Constructor"],"picked":"SKIP","floor":107.0},{"not_picked":["bronze:Frontload","bronze:Overheat","bronze:BronzeArmor"],"picked":"SKIP","floor":108.0},{"not_picked":["bronze:BitShift","bronze:CutThrough","bronze:Philosophize"],"picked":"SKIP","floor":110.0},{"not_picked":["bronze:Safeguard","bronze:Fortify","bronze:HardenedForm"],"picked":"SKIP","floor":114.0},{"not_picked":["bronze:BugBarrage+1","bronze:ForceShield","bronze:MaxOutput+1"],"picked":"SKIP","floor":120.0},{"not_picked":["bronze:BugBarrage+1","bronze:ForceShield","bronze:MaxOutput+1"],"picked":"SKIP","floor":120.0},{"not_picked":["hubris:SpiceAddiction","bronze:Shield+1","bronze:WhirlingStrike"],"picked":"SKIP","floor":122.0},{"not_picked":["bronze:MaxOutput","bronze:Flail+1","bronze:BuggyMess"],"picked":"SKIP","floor":124.0},{"not_picked":["bronze:DigitalCarnage","hubris:SpiceAddiction","bronze:MaxOutput"],"picked":"SKIP","floor":125.0},{"not_picked":["sneckomod:UnknownClassRED","champ:Shatter","hexamod:HauntingEcho+1"],"picked":"SKIP","floor":130.0},{"not_picked":["hermit:Shortfuse","bronze:ForceShield","hexamod:StepThrough"],"picked":"SKIP","floor":131.0},{"not_picked":["Cloak And Dagger","Rebound+1","champ:TornadoPunch"],"picked":"SKIP","floor":133.0},{"not_picked":["hubris:SpiceAddiction","Finesse","HollowMod:SiblingsSouls"],"picked":"SKIP","floor":137.0},{"not_picked":["sneckomod:UnknownCommonSkill+1","hubris:SpiceAddiction","Evaluate"],"picked":"SKIP","floor":138.0},{"not_picked":["Streamline+1","champ:AdrenalArmor","bronze:Iterate+1"],"picked":"SKIP","floor":140.0},{"not_picked":["hubris:SpiceAddiction","Guardian:FuturePlans+1","hexamod:ThirdSeal"],"picked":"SKIP","floor":143.0},{"not_picked":["hermit:ItchyTrigger","Guardian:Gem_Fragmented","HollowMod:CycloneSlash+1"],"picked":"SKIP","floor":144.0},{"not_picked":["HollowMod:TaintedHusks+1","champ:CrownThrow+1","hermit:GoldenBullet"],"picked":"SKIP","floor":146.0},{"not_picked":["ReplayTheSpireMod:Dual Polarity+1","hexamod:RetreatToShadows+1","bronze:BugBarrage"],"picked":"SKIP","floor":148.0},{"not_picked":["Clash","hubris:SpiceAddiction","champ:Shatter+1"],"picked":"SKIP","floor":149.0},{"not_picked":["hexamod:PowerFromBeyond","Protect","Cloak And Dagger"],"picked":"SKIP","floor":150.0},{"not_picked":["Slimebound:HauntingLick","hubris:SpiceAddiction","Perfected Strike"],"picked":"SKIP","floor":154.0},{"not_picked":["Underhanded Strike","hubris:SpiceAddiction","Defragment"],"picked":"SKIP","floor":156.0},{"not_picked":["Hologram","Guardian:CrystalBeam+1","Quick Slash+1"],"picked":"SKIP","floor":160.0},{"not_picked":["hexamod:FirstSeal","champ:FlashCut","sneckomod:UnknownUncommonAttack"],"picked":"SKIP","floor":161.0},{"not_picked":["Heavy Blade","hexamod:GhostOfSpireFuture","hubris:SpiceAddiction"],"picked":"SKIP","floor":162.0},{"not_picked":["hubris:SpiceAddiction","champ:PerfectedStrike+1","Redo+1"],"picked":"SKIP","floor":164.0},{"not_picked":["Night Terror","FollowUp","ReplayTheSpireMod:Reroute Power"],"picked":"SKIP","floor":166.0},{"not_picked":["sneckomod:DiceBoulder","hexamod:ThermalTransfer+1","Guardian:ChargeUp"],"picked":"SKIP","floor":172},{"not_picked":["Headbutt+1","sneckomod:UnknownClassSLIMEBOUND","HollowMod:ChannelNail+1","Searing Blow+1"],"picked":"SKIP","floor":177},{"not_picked":["expansioncontent:QuickStudy","Cold Snap","champ:ArenaPreparation+1","hermit:HoleUp"],"picked":"SKIP","floor":178},{"not_picked":["sneckomod:DiceBlock+1","Sunder","hubris:SpiceAddiction","PathToVictory+1"],"picked":"SKIP","floor":179},{"not_picked":["Brutality","hubris:SpiceAddiction","hubris:SpiceAddiction","hubris:SpiceAddiction"],"picked":"SKIP","floor":181},{"not_picked":["hubris:SpiceAddiction","Slimebound:Nibble+1","FTL","hexamod:HauntingEcho+1"],"picked":"SKIP","floor":183},{"not_picked":["ReplayTheSpireMod:Tripwire+1","HollowMod:HeavyBlow+1","bronze:ChosenStrike","hubris:SpiceAddiction"],"picked":"SKIP","floor":187},{"not_picked":["champ:TornadoPunch","champ:FancyFootwork+1","Panacea","sneckomod:Unknown1Cost+1"],"picked":"SKIP","floor":189}],"player_experience":195527,"relics_obtained":[{"floor":7.0,"key":"Slimebound:PreparedRelic"},{"floor":9.0,"key":"ReplayFunnel"},{"floor":14.0,"key":"HornCleat"},{"floor":24.0,"key":"Bronze Scales"},{"floor":26.0,"key":"hubris:Spice"},{"floor":27.0,"key":"Replay:Bottled Snecko"},{"floor":39.0,"key":"CeramicFish"},{"floor":41.0,"key":"hubris:MysteriousPyramids"},{"floor":57.0,"key":"ReplayTheSpireMod:Lightbulb"},{"floor":60.0,"key":"hubris:Spice"},{"floor":72.0,"key":"Red Mask"},{"floor":75.0,"key":"HollowMod:LifeEnderRelic"},{"floor":77.0,"key":"Nunchaku"},{"floor":80.0,"key":"Bag of Marbles"},{"floor":128.0,"key":"Bottled Flame"},{"floor":129.0,"key":"PrismaticShard"},{"floor":168.0,"key":"hexamod:BolsterEngine"},{"floor":183,"key":"hubris:Zylophone"},{"floor":185,"key":"ReplayTheSpireMod:Shallot"},{"floor":189,"key":"infinitespire:FocusingShard"},{"floor":191,"key":"StrikeDummy"}],"event_choices":[{"damage_healed":0.0,"max_hp_gain":0.0,"max_hp_loss":0.0,"gold_gain":0.0,"event_name":"Mysterious Sphere","player_choice":"Ignored","floor":38.0,"gold_loss":0.0,"damage_taken":0.0},{"damage_healed":98.0,"max_hp_gain":0.0,"max_hp_loss":98.0,"gold_gain":0.0,"event_name":"betterThird:BetterShining","player_choice":"Leave","floor":59.0,"gold_loss":0.0,"damage_taken":0.0},{"damage_healed":0.0,"max_hp_gain":0.0,"max_hp_loss":0.0,"gold_gain":0.0,"event_name":"Lab","player_choice":"Got Potions","floor":65.0,"gold_loss":0.0,"damage_taken":0.0},{"damage_healed":0.0,"max_hp_gain":0.0,"max_hp_loss":0.0,"gold_gain":0.0,"event_name":"Vampires","player_choice":"Ignored","floor":70.0,"gold_loss":0.0,"damage_taken":0.0},{"damage_healed":0.0,"max_hp_gain":0.0,"max_hp_loss":0.0,"gold_gain":0.0,"event_name":"Masked Bandits","player_choice":"Fought Bandits","floor":72.0,"gold_loss":0.0,"damage_taken":0.0},{"cards_removed":["bronze:DelayedGuard"],"damage_healed":0.0,"max_hp_gain":0.0,"max_hp_loss":0.0,"gold_gain":0.0,"event_name":"Purifier","player_choice":"Purged","floor":73.0,"gold_loss":0.0,"damage_taken":0.0},{"damage_healed":0.0,"max_hp_gain":0.0,"max_hp_loss":0.0,"gold_gain":0.0,"event_name":"Drug Dealer","player_choice":"Inject Mutagens","floor":82.0,"gold_loss":0.0,"damage_taken":0.0,"relics_obtained":["MutagenicStrength"]},{"damage_healed":0.0,"max_hp_gain":0.0,"max_hp_loss":0.0,"gold_gain":0.0,"event_name":"MindBloom","player_choice":"Fight","floor":98.0,"gold_loss":0.0,"damage_taken":0.0},{"damage_healed":0.0,"max_hp_gain":0.0,"max_hp_loss":0.0,"gold_gain":0.0,"event_name":"betterThird:BetterSerpent","player_choice":"Ignored","floor":106.0,"gold_loss":0.0,"damage_taken":583.0},{"damage_healed":0.0,"max_hp_gain":0.0,"max_hp_loss":0.0,"gold_gain":0.0,"event_name":"Transmorgrifier","player_choice":"Ignored","floor":121.0,"gold_loss":0.0,"damage_taken":0.0},{"damage_healed":0.0,"max_hp_gain":0.0,"max_hp_loss":0.0,"gold_gain":222.0,"event_name":"Tomb of Lord Red Mask","player_choice":"Wore Mask","floor":147.0,"gold_loss":0.0,"damage_taken":0.0},{"damage_healed":0.0,"max_hp_gain":0.0,"max_hp_loss":0.0,"gold_gain":99.0,"event_name":"betterThird:BetterNest","player_choice":"Steal","floor":170.0,"gold_loss":0.0,"damage_taken":0.0},{"damage_healed":26.0,"max_hp_gain":0.0,"max_hp_loss":0.0,"gold_gain":0.0,"event_name":"The Library","player_choice":"Heal","floor":171.0,"gold_loss":0.0,"damage_taken":0.0}],"is_beta":false,"boss_relics":[{"not_picked":["Calling Bell","hubris:TerracottaHorce"],"picked":"bronze:MakeshiftBattery"},{"not_picked":["aspiration:SecretTechniqueScroll","energizedSpire:OgreHead"],"picked":"conspire:RoyalGoblet"},{"not_picked":["hubris:Spice","hubris:RunicObelisk"],"picked":"hubris:Spice"},{"not_picked":["aspiration:SilentSkillbook","hubris:Spice"],"picked":"conspire:RunicOctahedron"},{"not_picked":["hubris:Spice","hubris:Spice","hubris:Spice"]},{"not_picked":["hubris:Spice","Snecko Eye"],"picked":"hubris:Spice"},{"not_picked":["Astrolabe","aspiration:IroncladSkillbook"],"picked":"Philosopher\u0027s Stone"},{"not_picked":["hubris:Spice","Replay:Fungal Core","infinitespire:Cupcake"]},{"not_picked":["hubris:Spice","Replay:Grab Bag","hubris:Stopwatch"]},{"not_picked":["hubris:Spice","hubris:Spice","hubris:Spice"]},{"not_picked":["hubris:Spice","hubris:Spice"],"picked":"aspiration:WatcherSkillbook"}],"items_purged_floors":[44,141,169,173,173],"is_endless":false,"potions_floor_spawned":[1,5,7,12,18,20,25,30,37,50,52,53,57,69,75,80,86,89,90,96,98,104,114,118,122,133,140,143,146,149,160,166,179,183,187],"ascension_level":0}}