{"host":"ihsge0lre3slh6sc","time":1612721093,"event":{"mods":["BaseMod","Highlight Path","Lobotomy","LobotomyExtend","Marisa（F雨　魔理沙）","Minty Spire (QoL Compilation)","MostiFishMod","Quick Restart","Remilia（蕾米莉亚）","Shop Mod","StSLib","TestMod","Waifu the Spire","WarShipGirlsR/战舰少女R mod","Youmu（魂魄妖梦）","[IsaacMod]以撒尖塔","篝火指南"],"gold_per_floor":[11,11,11,25,25,59,79,92,116,143,143,153,78,104,104,209,209,222,240,254,53,70,95,95,126,126,126,140,158,229,243,243,348,348,361,378,431,448,448,448,466,495,495,512,541,591,622,641,641,658,658,908,921,931,931,961,661,749,761,805,817,841,888,900,914,926,776,471,503,507],"floor_reached":56,"language":"ZHS","playtime":2072,"items_purged":["rmod:strick","rmod:strick","rmod:strick","rmod:intelligenceanalysis","rmod:selfconfidence+1"],"score":2544,"play_id":"c180e96a-574e-46ae-ace9-d26762584404","local_time":"20210208020453","is_ascension_mode":true,"campfire_choices":[{"data":"rmod:ridicule","floor":11,"key":"SMITH"},{"data":"rmod:circuitoustactics","floor":15,"key":"SMITH"},{"data":"rmod:diamondstrike","floor":24,"key":"SMITH"},{"data":"rmod:acesubmarine","floor":27,"key":"SMITH"},{"data":"rmod:highspeedmaneuver","floor":32,"key":"SMITH"},{"data":"rmod:selfconfidence","floor":40,"key":"SMITH"},{"data":"rmod:openingtorpedo","floor":49,"key":"SMITH"},{"floor":40,"key":"RECALL"},{"data":"MostiFishMod:KingOfFree","floor":44,"key":"SMITH"},{"data":"rmod:sl","floor":46,"key":"SMITH"},{"data":"rmod:intelligenceanalysis","floor":49,"key":"SMITH"}],"circlet_count":0,"master_deck":["rmod:defend","rmod:defend","rmod:defend","rmod:basicallowance","rmod:maingunfire","BloodyBrimstone","rmod:ridicule+1","rmod:openingtorpedo+1","rmod:circuitoustactics+1","rmod:highspeedmaneuver+1","rmod:diamondstrike+1","rmod:intelligenceanalysis+1","rmod:sl+1","rmod:circuitoustactics+1","rmod:acesubmarine+1","rmod:diaomin+1","rmod:wife+1","rmod:maintain+1","rmod:ridicule+1","MostiFishMod:KingOfFree+1","rmod:highspeedmaneuver","rmod:generalist+1","rmod:tearstotiara+1","rmod:mineteam","rmod:gendarmerie+1"],"relics":["rmod:firstchargereward","HushsDoor","PatriotShield","testmod-IndustrialRevolution","Void","SynthV:TestCard","testmod-TurbochargingSystem","testmod-SaigiyounoYou","GuppysTail","Membership Card","Coffee Dripper","Blue Candle","testmod-CrystalShield","Vajra","Molten Egg 2","Bag of Marbles","Mummified Hand","Happy Flower","testmod-MagicalMallet","HowToJump"],"acts_visited":["Exordium","TheCity","TheBeyond","TheEnding"],"potions_floor_usage":[55,55],"damage_taken":[{"damage":1,"enemies":"Cultist","floor":1,"turns":2},{"damage":0,"enemies":"2 Louse","floor":4,"turns":1},{"damage":0,"enemies":"Lagavulin","floor":6,"turns":1},{"damage":1,"enemies":"Jaw Worm","floor":7,"turns":2},{"damage":0,"enemies":"Looter","floor":8,"turns":1},{"damage":0,"enemies":"Gremlin Nob","floor":10,"turns":2},{"damage":0,"enemies":"3 Louse","floor":12,"turns":1},{"damage":0,"enemies":"Lagavulin","floor":14,"turns":1},{"damage":1,"enemies":"The Guardian","floor":16,"turns":1},{"damage":0,"enemies":"Shell Parasite","floor":18,"turns":1},{"damage":0,"enemies":"2 Thieves","floor":19,"turns":1},{"damage":0,"enemies":"3 Cultists","floor":20,"turns":1},{"damage":0,"enemies":"Snake Plant","floor":22,"turns":1},{"damage":0,"enemies":"Book of Stabbing","floor":23,"turns":1},{"damage":0,"enemies":"Slavers","floor":25,"turns":1},{"damage":0,"enemies":"Snecko","floor":28,"turns":1},{"damage":0,"enemies":"Chosen and Byrds","floor":29,"turns":1},{"damage":0,"enemies":"Book of Stabbing","floor":30,"turns":1},{"damage":0,"enemies":"Sentry and Sphere","floor":31,"turns":1},{"damage":8,"enemies":"Champ","floor":33,"turns":3},{"damage":16,"enemies":"3 Shapes","floor":35,"turns":1},{"damage":0,"enemies":"Orb Walker","floor":36,"turns":1},{"damage":0,"enemies":"2 Orb Walkers","floor":37,"turns":2},{"damage":0,"enemies":"Spire Growth","floor":38,"turns":1},{"damage":12,"enemies":"Sphere and 2 Shapes","floor":41,"turns":1},{"damage":0,"enemies":"Reptomancer","floor":42,"turns":1},{"damage":0,"enemies":"Jaw Worm Horde","floor":44,"turns":1},{"damage":0,"enemies":"Giant Head","floor":45,"turns":1},{"damage":0,"enemies":"Mind Bloom Boss Battle","floor":46,"turns":1},{"damage":0,"enemies":"Reptomancer","floor":47,"turns":1},{"damage":0,"enemies":"Spire Growth","floor":48,"turns":1},{"damage":0,"enemies":"Orb Walker","floor":35,"turns":1},{"damage":0,"enemies":"3 Shapes","floor":38,"turns":1},{"damage":0,"enemies":"Maw","floor":39,"turns":2},{"damage":0,"enemies":"Reptomancer","floor":41,"turns":1},{"damage":0,"enemies":"Nemesis","floor":45,"turns":1},{"damage":0,"enemies":"Sphere and 2 Shapes","floor":47,"turns":1},{"damage":0,"enemies":"Giant Head","floor":48,"turns":1},{"damage":2,"enemies":"Awakened One","floor":50,"turns":3},{"damage":0,"enemies":"Shield and Spear","floor":54,"turns":1},{"damage":2,"enemies":"The Heart","floor":55,"turns":4}],"seed_played":"4470083230633460973","potions_obtained":[{"floor":4,"key":"Fire Potion"},{"floor":7,"key":"Strength Potion"},{"floor":20,"key":"SpeedPotion"},{"floor":41,"key":"testmod-EscapePotion"}],"is_trial":false,"path_per_floor":["M","$","?","M","?","E","M","M","T","E","R","M","$","E","R","B",null,"M","M","M","$","M","E","R","E","T","R","M","M","E","M","R","B",null,"M","M","?","M","?","R","M","E","T","M","E","?","E","M","R","M","T","?","M","M","R","E","R","T","R","E","R","M","E","R","B",null,"R","$","E","B",null],"character_chosen":"PRAEFECT","items_purchased":["GuppysTail","Membership Card","Vajra","DollysMirror","MostiFishMod:KingOfFree","Bag of Marbles","rmod:tearstotiara+1","Mummified Hand","Happy Flower","testmod-MagicalMallet","rmod:mineteam"],"campfire_rested":0,"item_purchase_floors":[17,21,42,42,42,52,52,53,53,53,53],"current_hp_per_floor":[67,67,67,67,60,60,59,59,59,59,59,59,59,59,59,58,54,54,54,54,54,54,54,54,54,54,54,54,54,56,61,61,60,61,52,56,61,61,61,61,55,61,61,61,61,61,61,61,61,61,61,61,61,61,61,61,61,61,61,61,61,61,61,61,61,61,61,61,61,61],"gold":507,"neow_bonus":"REMOVE_TWO","is_daily":false,"chose_seed":false,"campfire_upgraded":10,"win_rate":0.0,"timestamp":1612721093,"path_taken":["M","?","?","?","?","E","M","M","T","E","R","M","?","E","R","BOSS","M","M","M","$","M","E","R","E","T","R","M","M","E","M","R","BOSS","M","M","?","M","?","R","M","E","T","M","E","?","E","M","R","M","?","?","M","M","R","E","R","T","R","E","R","M","E","R","BOSS","R","$","E","BOSS"],"items_purchased_type":["Relic","Relic","Relic","Relic","Card","Relic","Card","Relic","Relic","Relic","Card"],"build_version":"2020-12-22","purchased_purges":5,"victory":true,"max_hp_per_floor":[75,75,75,75,75,69,69,69,69,69,69,69,69,69,69,69,54,54,54,54,54,54,54,54,54,54,54,54,54,61,61,61,61,61,61,61,61,61,61,61,61,61,61,61,61,61,61,61,61,61,61,61,61,61,61,61,61,61,61,61,61,61,61,61,61,61,61,61,61,61],"card_choices":[{"not_picked":[],"picked":"BloodyBrimstone","floor":0},{"not_picked":["rmod:highspeedshooting","rmod:mineteam","rmod:sl"],"picked":"SKIP","floor":1},{"not_picked":["rmod:royalracing","rmod:supportescort","rmod:fuelsupply","rmod:generalist"],"picked":"rmod:ridicule","floor":4},{"not_picked":["rmod:ammunitionsupply","rmod:supriseattacks","rmod:guardianhero","rmod:selfconfidence"],"picked":"rmod:intelligenceanalysis","floor":6},{"not_picked":["rmod:firesupport","rmod:diamondstrike","rmod:circuitoustactics","rmod:wasp"],"picked":"rmod:openingtorpedo","floor":7},{"not_picked":["rmod:supportescort","rmod:circuitoustactics","rmod:intelligenceanalysis","rmod:fletcherpendant","rmod:tearstotiara"],"picked":"SKIP","floor":8},{"not_picked":["rmod:desperatesituation","rmod:lonelyqueen","rmod:overbreakdown","rmod:intelligenceanalysis"],"picked":"rmod:circuitoustactics","floor":10},{"not_picked":["rmod:combined","rmod:fletcherpendant","rmod:highspeedshooting","rmod:selfconfidence","rmod:goodfighter"],"picked":"SKIP","floor":12},{"not_picked":["rmod:firesupport","rmod:generalist","rmod:concentratefire","rmod:lastglory","rmod:spoils"],"picked":"SKIP","floor":14},{"not_picked":["rmod:u235","rmod:windflower","rmod:saltedfish","rmod:desperatesituation"],"picked":"rmod:highspeedmaneuver","floor":16},{"not_picked":["rmod:shuttlebombing","rmod:fuelsupply","rmod:garrisonisland","rmod:circuitoustactics+1"],"picked":"rmod:diamondstrike","floor":18},{"not_picked":["rmod:ammunitionsupply","rmod:unsinkable+1","rmod:luckystar+1","rmod:overbreakdown"],"picked":"rmod:intelligenceanalysis","floor":19},{"not_picked":["rmod:rockthrower","rmod:victimresponsibility","rmod:intelligenceanalysis","rmod:maintain"],"picked":"rmod:sl","floor":20},{"not_picked":["rmod:rockthrower","rmod:fletcher","rmod:diamondstrike+1","rmod:heivgo","rmod:circuitoustactics"],"picked":"SKIP","floor":22},{"not_picked":["rmod:steelsupply","rmod:combined+1","rmod:intelligenceanalysis","rmod:supportescort"],"picked":"rmod:circuitoustactics+1","floor":23},{"not_picked":["rmod:aluminumsupply","rmod:smokecover","rmod:mineteam","rmod:gendarmerie"],"picked":"rmod:acesubmarine","floor":25},{"not_picked":["rmod:luckystar","rmod:smokecover","rmod:aviationdawn+1","rmod:punchline","rmod:ammunitionsupply"],"picked":"SKIP","floor":28},{"not_picked":["rmod:salvage","rmod:supportescort","rmod:circuitoustactics","rmod:firesupport"],"picked":"rmod:selfconfidence","floor":29},{"not_picked":["rmod:selfconfidence","rmod:unsinkable","rmod:sl","rmod:punchline","rmod:combined"],"picked":"SKIP","floor":30},{"not_picked":["rmod:steelsupply+1","rmod:rockthrower+1","rmod:luckystar+1","rmod:diamondstrike","rmod:saltedfish"],"picked":"SKIP","floor":31},{"not_picked":["rmod:garrisonisland","rmod:launchingtorpedo","rmod:fletcherpendant+1","rmod:mineteam+1","rmod:highspeedshooting+1"],"picked":"SKIP","floor":35},{"not_picked":["rmod:victimresponsibility+1","rmod:fletcherpendant","rmod:combined","rmod:slowdown+1","rmod:ammunitionsupply"],"picked":"SKIP","floor":36},{"not_picked":["rmod:circuitoustactics","rmod:garrisonisland","rmod:wolves+1","rmod:selfconfidence+1","rmod:supportescort"],"picked":"SKIP","floor":38},{"not_picked":["rmod:tearstotiara","rmod:rockthrower","rmod:supportaircraftcarrier+1","rmod:intelligenceanalysis+1","rmod:firesupport+1"],"picked":"SKIP","floor":41},{"not_picked":["rmod:guardianhero+1","rmod:smokecover+1","rmod:saltedfish","rmod:steelsupply+1","rmod:goodfighter"],"picked":"SKIP","floor":42},{"not_picked":["rmod:circuitoustactics","rmod:combined+1","rmod:steelsupply+1","rmod:supportescort+1","rmod:shuttlebombing"],"picked":"SKIP","floor":44},{"not_picked":["rmod:fuelsupply+1","rmod:shuttlebombing+1","rmod:fletcher","rmod:aviationdawn","rmod:aluminumsupply+1"],"picked":"SKIP","floor":45},{"not_picked":["rmod:wolves","rmod:combined","rmod:secretscript","rmod:goodsister"],"picked":"rmod:diaomin+1","floor":46},{"not_picked":["rmod:intelligenceanalysis","rmod:firesupport+1","rmod:punchline+1","rmod:overbreakdown+1"],"picked":"rmod:wife+1","floor":47},{"not_picked":["rmod:victimresponsibility+1","rmod:fuelsupply","rmod:fletcherpendant","rmod:tearstotiara","rmod:luckystar"],"picked":"SKIP","floor":48},{"not_picked":["rmod:supportescort","rmod:tearstotiara+1","rmod:victimresponsibility","rmod:unsinkable+1"],"picked":"rmod:maintain+1","floor":35},{"not_picked":["rmod:shuttlebombing","rmod:tearstotiara","rmod:firesupport","rmod:timeschanged","rmod:ammunitionsupply+1"],"picked":"SKIP","floor":38},{"not_picked":["rmod:circuitoustactics","rmod:aluminumsupply","rmod:victimresponsibility","rmod:openingtorpedo","rmod:fuelsupply"],"picked":"SKIP","floor":39},{"not_picked":["rmod:fletcherpendant+1","rmod:intelligenceanalysis","rmod:garrisonisland","rmod:unsinkable","rmod:steelsupply"],"picked":"SKIP","floor":41},{"not_picked":["rmod:aviationdawn+1","rmod:fuelsupply","rmod:heivgo+1","rmod:victimresponsibility"],"picked":"rmod:highspeedmaneuver","floor":45},{"not_picked":["rmod:mineteam","rmod:steelsupply+1","rmod:maintain+1","rmod:luckystar+1"],"picked":"rmod:generalist+1","floor":47},{"not_picked":["rmod:desperatesituation","rmod:ammunitionsupply+1","rmod:steelsupply+1","rmod:salvage+1","rmod:victimresponsibility+1"],"picked":"SKIP","floor":48},{"not_picked":["rmod:victimresponsibility+1","rmod:luckystar+1","rmod:highspeedshooting+1","rmod:supriseattacks"],"picked":"rmod:gendarmerie+1","floor":54}],"player_experience":810173,"relics_obtained":[{"floor":1,"key":"SynthV:TestCard"},{"floor":6,"key":"testmod-TurbochargingSystem"},{"floor":9,"key":"Pen Nib"},{"floor":10,"key":"Bag of Preparation"},{"floor":14,"key":"testmod-ThousandKnives"},{"floor":23,"key":"GuppysHead"},{"floor":25,"key":"BelialBook"},{"floor":30,"key":"BloodDonationMachine"},{"floor":37,"key":"ForgetMeNow"},{"floor":42,"key":"Blue Candle"},{"floor":43,"key":"Pantograph"},{"floor":45,"key":"testmod-CrystalShield"},{"floor":46,"key":"testmod-ConstraintPeriapt"},{"floor":47,"key":"Bronze Scales"},{"floor":36,"key":"AntiCross"},{"floor":41,"key":"MawBank"},{"floor":43,"key":"Molten Egg 2"},{"floor":45,"key":"Meat on the Bone"},{"floor":48,"key":"Boot"},{"floor":54,"key":"HowToJump"}],"event_choices":[{"damage_healed":0,"gold_gain":0,"player_choice":"Box","damage_taken":0,"relics_obtained":["Art of War"],"max_hp_gain":0,"max_hp_loss":0,"event_name":"Big Fish","floor":3,"gold_loss":0,"cards_obtained":["Regret"]},{"cards_removed":["Regret"],"damage_healed":0,"gold_gain":0,"player_choice":"Card Removal","damage_taken":7,"max_hp_gain":0,"max_hp_loss":0,"event_name":"Golden Wing","floor":5,"gold_loss":0},{"damage_healed":0,"gold_gain":0,"player_choice":"Fight","damage_taken":0,"max_hp_gain":0,"max_hp_loss":0,"event_name":"Mysterious Sphere","floor":37,"gold_loss":0},{"damage_healed":0,"gold_gain":0,"player_choice":"Ignored","damage_taken":0,"max_hp_gain":0,"max_hp_loss":0,"event_name":"Tomb of Lord Red Mask","floor":39,"gold_loss":0},{"damage_healed":0,"gold_gain":0,"player_choice":"Fight","damage_taken":0,"max_hp_gain":0,"max_hp_loss":0,"event_name":"MindBloom","floor":46,"gold_loss":0},{"damage_healed":0,"gold_gain":250,"player_choice":"Sell","damage_taken":0,"max_hp_gain":0,"max_hp_loss":0,"event_name":"恩洛斯的盘子","floor":37,"relics_lost":["AntiCross"],"gold_loss":0}],"is_beta":false,"boss_relics":[{"not_picked":["EE1DDrone","MoonlightInvasionPlan"],"picked":"testmod-SaigiyounoYou"},{"not_picked":[]},{"not_picked":["BloodWine","ExusiaiGun"],"picked":"Coffee Dripper"},{"not_picked":[]}],"items_purged_floors":[13,17,21,42,52],"is_endless":false,"potions_floor_spawned":[4,7,20,23,28,30,31,35,41,45,39,41,45,54],"ascension_level":7}}