{"host":"ydg0vn0pu4pubmdt","time":1612720193,"event":{"mods":["AchievementEnabler","BaseMod","Colored Map","Gold Saver","Minty Spire (QoL Compilation)","Quick Restart","SuperFastMode"],"gold_per_floor":[190,340,52,52,52,87,87,122,197,36,61,81,97,123,123,201,201,218,218,235,235,245,274,305,317,329,341,379,47,79,97,97,170,170,189,89,107,107,107,107,124,149,196,211,211,242,261,272,272,272,272],"floor_reached":50,"language":"KOR","playtime":2405,"items_purged":["Doubt","Defend_P","Strike_P"],"score":1561,"play_id":"a21c044b-29d0-4f5d-a4d7-64a2888f3ffc","local_time":"20210208024953","is_ascension_mode":true,"campfire_choices":[{"data":"Ragnarok","floor":7.0,"key":"SMITH"},{"data":"CrushJoints","floor":15.0,"key":"SMITH"},{"floor":25.0,"key":"REST"},{"data":"Vault","floor":27.0,"key":"SMITH"},{"data":"Adaptation","floor":32.0,"key":"SMITH"},{"data":"Apotheosis","floor":40.0,"key":"SMITH"},{"floor":45.0,"key":"RECALL"},{"floor":49.0,"key":"REST"}],"circlet_count":0,"master_deck":["AscendersBane","Strike_P","Strike_P+1","Defend_P","Defend_P","Defend_P","Eruption+1","Vigilance","CrushJoints+1","Ragnarok+1","Swivel","WheelKick","Adaptation+1","MentalFortress","Vault+1","EmptyBody","InnerPeace","Omniscience","Apotheosis+1","TalkToTheHand"],"relics":["PureWater","NeowsBlessing","Whetstone","Mummified Hand","InkBottle","Vajra","The Courier","Ornamental Fan","Sozu","MawBank","Bottled Lightning","Happy Flower","Bag of Marbles","ClockworkSouvenir","Red Mask","Runic Pyramid","Centennial Puzzle","Boot"],"acts_visited":["Exordium","TheCity","TheBeyond"],"potions_floor_usage":[],"damage_taken":[{"damage":0.0,"enemies":"2 Louse","floor":1.0,"turns":1.0},{"damage":0.0,"enemies":"Gremlin Nob","floor":6.0,"turns":1.0},{"damage":0.0,"enemies":"Lagavulin","floor":8.0,"turns":1.0},{"damage":16.0,"enemies":"Gremlin Nob","floor":11.0,"turns":3.0},{"damage":0.0,"enemies":"Jaw Worm","floor":12.0,"turns":1.0},{"damage":0.0,"enemies":"Small Slimes","floor":13.0,"turns":1.0},{"damage":0.0,"enemies":"Lagavulin","floor":14.0,"turns":2.0},{"damage":0.0,"enemies":"Hexaghost","floor":16.0,"turns":2.0},{"damage":14.0,"enemies":"2 Thieves","floor":18.0,"turns":3.0},{"damage":0.0,"enemies":"Spheric Guardian","floor":20.0,"turns":3.0},{"damage":29.0,"enemies":"Shelled Parasite and Fungi","floor":22.0,"turns":5.0},{"damage":0.0,"enemies":"Book of Stabbing","floor":23.0,"turns":2.0},{"damage":0.0,"enemies":"3 Cultists","floor":24.0,"turns":4.0},{"damage":0.0,"enemies":"Gremlin Leader","floor":28.0,"turns":3.0},{"damage":0.0,"enemies":"Masked Bandits","floor":30.0,"turns":2.0},{"damage":0.0,"enemies":"Snake Plant","floor":31.0,"turns":2.0},{"damage":1.0,"enemies":"Champ","floor":33.0,"turns":6.0},{"damage":0.0,"enemies":"Orb Walker","floor":35.0,"turns":3.0},{"damage":0.0,"enemies":"3 Darklings","floor":37.0,"turns":2.0},{"damage":0.0,"enemies":"4 Shapes","floor":41.0,"turns":2.0},{"damage":0.0,"enemies":"Nemesis","floor":42.0,"turns":2.0},{"damage":0.0,"enemies":"Spire Growth","floor":44.0,"turns":4.0},{"damage":3.0,"enemies":"Reptomancer","floor":46.0,"turns":4.0},{"damage":0.0,"enemies":"Maw","floor":47.0,"turns":2.0},{"damage":3.0,"enemies":"Transient","floor":48.0,"turns":7.0},{"damage":76,"enemies":"Time Eater","floor":50,"turns":11}],"seed_played":"-2030906401572286686","potions_obtained":[{"floor":6.0,"key":"Ancient Potion"},{"floor":8.0,"key":"StancePotion"},{"floor":12.0,"key":"AttackPotion"},{"floor":16.0,"key":"Dexterity Potion"}],"is_trial":false,"path_per_floor":["M","?","$","?","?","E","R","E","T","$","E","M","M","E","R","B",null,"M","?","M","?","M","E","M","R","T","R","E","$","?","M","R","B",null,"M","$","M","?","$","R","M","E","T","M","R","E","M","M","R","B"],"character_chosen":"WATCHER","items_purchased":["Ragnarok","Swivel","Vajra","Bag of Marbles","ClockworkSouvenir"],"campfire_rested":2,"item_purchase_floors":[3,3,10,29,29],"current_hp_per_floor":[61,61,61,61,54,54,54,54,54,54,38,38,38,38,38,38,61,47,47,47,47,18,18,18,38,38,38,38,38,38,38,38,37,60,60,60,60,50,50,50,50,50,50,50,50,47,47,44,64,0,0],"gold":272,"neow_bonus":"THREE_ENEMY_KILL","is_daily":false,"chose_seed":false,"campfire_upgraded":5,"win_rate":0.0,"timestamp":1612720193,"path_taken":["M","?","$","?","?","E","R","E","T","?","E","M","?","E","R","BOSS","M","?","?","?","M","E","M","R","T","R","E","$","?","M","R","BOSS","M","$","M","?","$","R","M","E","T","M","R","E","M","M","R","BOSS"],"items_purchased_type":["Card","Card","Relic","Relic","Relic"],"build_version":"2020-12-22","purchased_purges":3,"victory":false,"max_hp_per_floor":[68,68,68,68,68,68,68,68,68,68,68,68,68,68,68,68,68,68,68,68,68,68,68,68,68,68,68,68,68,68,68,68,68,68,68,68,68,68,68,68,68,68,68,68,68,68,68,68,68,68,68],"card_choices":[{"not_picked":["Protect","Meditate"],"picked":"CrushJoints","floor":1.0},{"not_picked":["Protect","FlyingSleeves","Fasting2"],"picked":"SKIP","floor":6.0},{"not_picked":["Wallop","EmptyBody"],"picked":"WheelKick","floor":8.0},{"not_picked":["Collect","EmptyFist","BattleHymn"],"picked":"SKIP","floor":11.0},{"not_picked":["ThirdEye","JustLucky"],"picked":"Adaptation","floor":12.0},{"not_picked":["Protect","CrushJoints"],"picked":"MentalFortress","floor":13.0},{"not_picked":["FlyingSleeves","Protect","Collect"],"picked":"SKIP","floor":14.0},{"not_picked":["Ragnarok","Alpha"],"picked":"Vault","floor":16.0},{"not_picked":["FlurryOfBlows","Nirvana"],"picked":"EmptyBody","floor":18.0},{"not_picked":["Collect","Worship","Sanctity"],"picked":"SKIP","floor":20.0},{"not_picked":["CutThroughFate","Collect","ClearTheMind+1"],"picked":"SKIP","floor":22.0},{"not_picked":["Halt","SashWhip","JustLucky"],"picked":"SKIP","floor":23.0},{"not_picked":["ClearTheMind","MentalFortress+1","Consecrate"],"picked":"SKIP","floor":24.0},{"not_picked":["WaveOfTheHand","Alpha","BowlingBash"],"picked":"SKIP","floor":28.0},{"not_picked":["EmptyBody","InnerPeace","Consecrate"],"picked":"SKIP","floor":31.0},{"not_picked":["Wish","DevaForm"],"picked":"Omniscience","floor":33.0},{"not_picked":["FlyingSleeves","ReachHeaven","WindmillStrike"],"picked":"SKIP","floor":35.0},{"not_picked":["BowlingBash","CrushJoints","ThirdEye"],"picked":"SKIP","floor":37.0},{"not_picked":["Chrysalis","Mayhem"],"picked":"Apotheosis","floor":38.0},{"not_picked":["Protect","Crescendo","Prostrate+1"],"picked":"SKIP","floor":41.0},{"not_picked":["Crescendo","SashWhip+1","Collect"],"picked":"SKIP","floor":42.0},{"not_picked":["ThirdEye","JustLucky","CutThroughFate"],"picked":"SKIP","floor":44.0},{"not_picked":["ThirdEye","Wish"],"picked":"TalkToTheHand","floor":46.0},{"not_picked":["BowlingBash","FlyingSleeves+1","Prostrate+1"],"picked":"SKIP","floor":47.0},{"not_picked":["SandsOfTime","Crescendo","Sanctity"],"picked":"SKIP","floor":48.0}],"player_experience":651934,"relics_obtained":[{"floor":6.0,"key":"Whetstone"},{"floor":8.0,"key":"Mummified Hand"},{"floor":9.0,"key":"InkBottle"},{"floor":11.0,"key":"The Courier"},{"floor":14.0,"key":"Ornamental Fan"},{"floor":23.0,"key":"MawBank"},{"floor":26.0,"key":"Bottled Lightning"},{"floor":28.0,"key":"Happy Flower"},{"floor":30.0,"key":"Red Mask"},{"floor":42.0,"key":"Centennial Puzzle"},{"floor":46.0,"key":"Boot"}],"event_choices":[{"damage_healed":0.0,"max_hp_gain":0.0,"max_hp_loss":0.0,"gold_gain":150.0,"event_name":"Liars Game","player_choice":"AGREE","floor":2.0,"gold_loss":0.0,"damage_taken":0.0,"cards_obtained":["Doubt"]},{"damage_healed":0.0,"max_hp_gain":0.0,"max_hp_loss":0.0,"gold_gain":0.0,"event_name":"The Cleric","player_choice":"Leave","floor":4.0,"gold_loss":0.0,"damage_taken":0.0},{"cards_removed":["Strike_P"],"damage_healed":0.0,"max_hp_gain":0.0,"max_hp_loss":0.0,"gold_gain":0.0,"event_name":"Golden Wing","player_choice":"Card Removal","floor":5.0,"gold_loss":0.0,"damage_taken":7.0},{"damage_healed":0.0,"max_hp_gain":0.0,"max_hp_loss":0.0,"gold_gain":0.0,"event_name":"N\u0027loth","player_choice":"Ignored","floor":19.0,"gold_loss":0.0,"damage_taken":0.0},{"damage_healed":0.0,"max_hp_gain":0.0,"max_hp_loss":0.0,"gold_gain":0.0,"event_name":"The Library","player_choice":"Read","floor":21.0,"gold_loss":0.0,"damage_taken":0.0,"cards_obtained":["InnerPeace"]},{"damage_healed":0.0,"max_hp_gain":0.0,"max_hp_loss":0.0,"gold_gain":0.0,"event_name":"Masked Bandits","player_choice":"Fought Bandits","floor":30.0,"gold_loss":0.0,"damage_taken":0.0},{"damage_healed":0.0,"max_hp_gain":0.0,"max_hp_loss":0.0,"gold_gain":0.0,"event_name":"SensoryStone","player_choice":"Memory 3","floor":38.0,"gold_loss":0.0,"damage_taken":10.0}],"is_beta":false,"boss_relics":[{"not_picked":["Empty Cage","SlaversCollar"],"picked":"Sozu"},{"not_picked":["Busted Crown","Pandora\u0027s Box"],"picked":"Runic Pyramid"}],"items_purged_floors":[3,29,36],"is_endless":false,"potions_floor_spawned":[6,8,12,16,20,22,24,28,33,37,41,47,48],"killed_by":"Time Eater","ascension_level":20}}