{"host":"p0hktren06injwdf","time":1612719914,"event":{"mods":["AchievementEnabler","BaseMod","Colored Map","DeckTracker","Minty Spire (QoL Compilation)","Permanent Neow","StSLib","SuperFastMode"],"gold_per_floor":[109,109,123,138,156,189,189,214,240,240,261,280,323,349,349,435,435,454,303,303,61,81,81,81],"floor_reached":23,"language":"KOR","playtime":429,"items_purged":["Strike_R"],"score":422,"play_id":"f3672362-f463-4df4-92cb-d8f59cd366a7","local_time":"20210208024514","is_ascension_mode":true,"campfire_choices":[{"floor":7,"key":"REST"},{"floor":10,"key":"REST"},{"data":"Wild Strike","floor":15,"key":"SMITH"}],"circlet_count":0,"master_deck":["AscendersBane","Strike_R","Strike_R","Strike_R","Defend_R","Defend_R","Defend_R","Defend_R","Bash","True Grit","Pommel Strike","Cleave","Shrug It Off","Wild Strike+1","Feel No Pain","Metallicize","Barricade","Fire Breathing","Burning Pact","Battle Trance","Evolve"],"relics":["Burning Blood","Ancient Tea Set","Thread and Needle","CeramicFish","Bronze Scales","Odd Mushroom","Mark of Pain","Nloth\u0027s Gift","Happy Flower"],"acts_visited":["Exordium","TheCity"],"potions_floor_usage":[8,16,16,16,16,23],"damage_taken":[{"damage":14.0,"enemies":"Jaw Worm","floor":1.0,"turns":5.0},{"damage":10.0,"enemies":"Cultist","floor":3.0,"turns":4.0},{"damage":2.0,"enemies":"2 Louse","floor":4.0,"turns":3.0},{"damage":40,"enemies":"Large Slime","floor":5,"turns":9},{"damage":58,"enemies":"Lagavulin","floor":6,"turns":8},{"damage":25,"enemies":"Gremlin Nob","floor":8,"turns":4},{"damage":0,"enemies":"Exordium Thugs","floor":11,"turns":2},{"damage":0,"enemies":"Gremlin Gang","floor":12,"turns":1},{"damage":7,"enemies":"3 Sentries","floor":13,"turns":10},{"damage":2,"enemies":"The Mushroom Lair","floor":14,"turns":4},{"damage":34,"enemies":"Hexaghost","floor":16,"turns":8},{"damage":12,"enemies":"Shell Parasite","floor":18,"turns":6},{"damage":14,"enemies":"2 Thieves","floor":22,"turns":4},{"damage":52,"enemies":"Slavers","floor":23,"turns":3}],"seed_played":"-503337125227479721","potions_obtained":[{"floor":3.0,"key":"FairyPotion"},{"floor":6,"key":"Swift Potion"},{"floor":12,"key":"EntropicBrew"},{"floor":14,"key":"BloodPotion"},{"floor":16,"key":"Swift Potion"}],"is_trial":false,"path_per_floor":["M","?","M","M","M","E","R","E","T","R","M","M","E","?","R","B",null,"M","$","?","$","M","E"],"character_chosen":"IRONCLAD","items_purchased":["Burning Pact","Battle Trance","Happy Flower"],"campfire_rested":2,"item_purchase_floors":[19,21,21],"current_hp_per_floor":[60,60,56,60,26,13,35,16,16,38,44,50,49,53,53,40,66,60,60,60,60,52,0,0],"gold":81,"neow_bonus":"RANDOM_COMMON_RELIC","is_daily":false,"chose_seed":false,"campfire_upgraded":1,"win_rate":0.0,"timestamp":1612719914,"path_taken":["M","?","?","M","M","E","R","E","T","R","M","M","E","?","R","BOSS","M","$","?","?","?","E"],"items_purchased_type":["Card","Card","Relic"],"build_version":"2020-12-22","purchased_purges":1,"victory":false,"max_hp_per_floor":[75,75,75,75,75,75,75,75,75,75,75,75,75,75,75,75,75,75,75,75,75,75,75,75],"card_choices":[{"not_picked":["Flex","Clash"],"picked":"True Grit","floor":1.0},{"not_picked":["Ghostly Armor","Dark Embrace"],"picked":"Pommel Strike","floor":3.0},{"not_picked":["True Grit","Clothesline"],"picked":"Cleave","floor":4.0},{"not_picked":["True Grit","Searing Blow"],"picked":"Shrug It Off","floor":5},{"not_picked":["Heavy Blade","Pummel"],"picked":"Wild Strike","floor":6},{"not_picked":["Pommel Strike","Sever Soul","True Grit"],"picked":"SKIP","floor":8},{"not_picked":["Rage","Flex"],"picked":"Feel No Pain","floor":11},{"not_picked":["Clash","True Grit","Seeing Red"],"picked":"SKIP","floor":12},{"not_picked":["Shrug It Off","Juggernaut"],"picked":"Metallicize","floor":13},{"not_picked":["Reaper","Double Tap"],"picked":"Barricade","floor":16},{"not_picked":["Flex","Armaments"],"picked":"Fire Breathing","floor":18},{"not_picked":["Dropkick","Blood for Blood"],"picked":"Evolve","floor":22}],"player_experience":1026734,"relics_obtained":[{"floor":6,"key":"Thread and Needle"},{"floor":8,"key":"Akabeko"},{"floor":9,"key":"CeramicFish"},{"floor":13,"key":"Bronze Scales"},{"floor":14,"key":"Odd Mushroom"}],"event_choices":[{"cards_removed":["Strike_R"],"damage_healed":0.0,"max_hp_gain":0.0,"max_hp_loss":0.0,"gold_gain":0.0,"event_name":"Purifier","player_choice":"Purged","floor":2.0,"gold_loss":0.0,"damage_taken":0.0},{"damage_healed":0,"gold_gain":0,"player_choice":"Fought Mushrooms","damage_taken":0,"max_hp_gain":0,"max_hp_loss":0,"event_name":"Mushrooms","floor":14,"gold_loss":0},{"damage_healed":0,"gold_gain":0,"player_choice":"Traded Relic","damage_taken":0,"relics_obtained":["Nloth\u0027s Gift"],"max_hp_gain":0,"max_hp_loss":0,"event_name":"N\u0027loth","floor":20,"relics_lost":["Akabeko"],"gold_loss":0}],"is_beta":false,"boss_relics":[{"not_picked":["Tiny House","Black Star"],"picked":"Mark of Pain"}],"items_purged_floors":[19],"is_endless":false,"potions_floor_spawned":[3,6,12,14,16],"killed_by":"Slavers","ascension_level":20}}