{"host":"lehbxtjrpalkmwwj","time":1612698712,"event":{"mods":["Aspiration","BaseMod","Colored Map","Colored Powertips","Conspire","GungeonMod","KomeijiMod","Lobotomy","Minty Spire (QoL Compilation)","Quick Restart","Replay The Spire","Shop Mod","StSLib","The Cursed","The Poker Player","[IsaacMod]ÒÔÈö¼âËþ"],"gold_per_floor":[110,130,140,15,28,62,62,82,130,185,210,210,227,262,262,359,359,369,205,205,217,217,244,244,261,332,332,361,361,371,404,404,501,501,521,536,553,566,181,181,198,38,63,110,125,158,158,172,172,182,197,197,44,55,89,99,134,134,160,77,95,114,145,145,145,145,145,29,59,59,59],"floor_reached":55,"language":"ZHS","playtime":2448,"items_purged":["Overencumbered","Writhe","Writhe"],"score":1661,"play_id":"ccac5e65-1d5d-40fe-9487-4336f100928c","local_time":"20210207195152","is_ascension_mode":true,"campfire_choices":[{"data":"ReplayTheSpireMod:Brewmster","floor":7.0,"key":"SMITH"},{"floor":12.0,"key":"REST"},{"data":"Storm","floor":15.0,"key":"SMITH"},{"floor":24.0,"key":"RECALL"},{"data":"Storm","floor":27.0,"key":"SMITH"},{"data":"Creative AI","floor":32.0,"key":"SMITH"},{"data":"Electrodynamics","floor":40.0,"key":"SMITH"},{"data":"Defragment","floor":49.0,"key":"SMITH"},{"data":"Defragment","floor":52.0,"key":"SMITH"}],"circlet_count":0,"master_deck":["Strike_B","Strike_B","Strike_B","Strike_B+1","Defend_B","Defend_B","Defend_B+1","Zap","Dualcast","EpicFetus","ReplayTheSpireMod:Brewmster+1","Storm+1","Reinforced Body","ReplayGash","All For One","Storm+1","Pulse","Multi-Cast","Defragment+1","Fusion","Time Bomb","Creative AI+1","Echo Form","ReplayTheSpireMod:GoodbyeWorld+1","Defragment+1","Go for the Eyes+1","Gash+1","BootSequence+1","Electrodynamics+1","Ball Lightning+1","Steam+1","Mirror Shield","Genetic Algorithm","Coolheaded+1","Reboot","PerfectMaid+1","Capacitor+1","Hello World+1","Machine Learning+1","Glacier+1","Gash+1","Hello World+1","Sweeping Beam+1","Hello World+1","Coolheaded+1","ReplayTheSpireMod:GoodbyeWorld+1","Machine Learning+1","Cold Snap+1","Loop+1","Replay:Sssssssssshield","Conserve Battery+1","Reinforced Body+1","Streamline+1","Storm+1","Ball Lightning+1","Core Surge","Crystallizer+1","Panic Button+1","FTL+1","Gash","ReplayTheSpireMod:Reroute Power"],"relics":["Cracked Core","HushsDoor","SteamSale","conspire:Dentures","DataDisk","DemoMod:SerJunkan","Mummified Hand","DemoMod:Junk","conspire:SpecialSausage","Succubus","Damocles","Bottled Tornado","aspiration:Lifesprig","DemoMod:GlassGuonStoneRelic","Frozen Egg 2","Void","BookOfRevelations","Gremlin Horn","DemoMod:OrangeGuonStone","conspire:SlowCooker","Vajra","TungstenRod","Centennial Puzzle","Raider\u0027s Mask","Bag of Marbles","ReplayTheSpireMod:Shallot","DemoMod:WhiteGuonStone","Pen Nib","Emotion Chip","conspire:BottledYoYo","Pondfish Scales","HowToJump","Art of War","PreservedInsect","Lantern","FossilizedHelix","HoshigumaDish","Sundial","Divine Protection","Simple Rune","aspiration:EnhancedActuators","Pantograph","Ancient Tea Set","DemoMod:MonsterBlood","Strawberry","aspiration:HiddenCompartment","Replay:Bottled Steam","TheBean","DemoMod:DecoyRelic"],"acts_visited":["Exordium","TheCity","TheBeyond","TheEnding"],"potions_floor_usage":[55,55,55,55,55,55,55,55,55,55,55,55],"damage_taken":[{"damage":3.0,"enemies":"Jaw Worm","floor":1.0,"turns":4.0},{"damage":22.0,"enemies":"Small Slimes","floor":2.0,"turns":5.0},{"damage":0.0,"enemies":"2 Louse","floor":3.0,"turns":4.0},{"damage":0.0,"enemies":"2 Fungi Beasts","floor":5.0,"turns":2.0},{"damage":0.0,"enemies":"Lagavulin","floor":6.0,"turns":6.0},{"damage":0.0,"enemies":"3 Louse","floor":8.0,"turns":2.0},{"damage":15.0,"enemies":"Gremlin Nob","floor":10.0,"turns":4.0},{"damage":32.0,"enemies":"Gremlin Nob","floor":11.0,"turns":5.0},{"damage":0.0,"enemies":"Blue Slaver","floor":13.0,"turns":2.0},{"damage":12.0,"enemies":"Lagavulin","floor":14.0,"turns":5.0},{"damage":0.0,"enemies":"Slime Boss","floor":16.0,"turns":6.0},{"damage":1.0,"enemies":"Spheric Guardian","floor":18.0,"turns":3.0},{"damage":6.0,"enemies":"2 Thieves","floor":21.0,"turns":2.0},{"damage":0.0,"enemies":"Replay:Snechameleon","floor":23.0,"turns":1.0},{"damage":0.0,"enemies":"3 Cultists","floor":25.0,"turns":2.0},{"damage":0.0,"enemies":"Book of Stabbing","floor":28.0,"turns":3.0},{"damage":0.0,"enemies":"Centurion and Healer","floor":30.0,"turns":2.0},{"damage":0.0,"enemies":"Gremlin Leader","floor":31.0,"turns":2.0},{"damage":0.0,"enemies":"Automaton","floor":33.0,"turns":4.0},{"damage":0.0,"enemies":"3 Darklings","floor":35.0,"turns":2.0},{"damage":0.0,"enemies":"Orb Walker","floor":36.0,"turns":1.0},{"damage":0.0,"enemies":"Writhing Mass","floor":37.0,"turns":1.0},{"damage":0.0,"enemies":"3 Darklings","floor":38.0,"turns":1.0},{"damage":0.0,"enemies":"4 Shapes","floor":41.0,"turns":1.0},{"damage":0.0,"enemies":"2 Orb Walkers","floor":44.0,"turns":1.0},{"damage":0.0,"enemies":"Maw","floor":45.0,"turns":2.0},{"damage":0.0,"enemies":"Reptomancer","floor":46.0,"turns":1.0},{"damage":0.0,"enemies":"Sphere and 2 Shapes","floor":48.0,"turns":1.0},{"damage":0.0,"enemies":"3 Darklings","floor":35.0,"turns":1.0},{"damage":0.0,"enemies":"3 Shapes","floor":36.0,"turns":1.0},{"damage":0.0,"enemies":"Sphere and 2 Shapes","floor":39.0,"turns":1.0},{"damage":0.0,"enemies":"Nemesis","floor":40.0,"turns":1.0},{"damage":0.0,"enemies":"Maw","floor":41.0,"turns":2.0},{"damage":0.0,"enemies":"Giant Head","floor":42.0,"turns":2.0},{"damage":0.0,"enemies":"R_Hoarder","floor":44.0,"turns":1.0},{"damage":0.0,"enemies":"Writhing Mass","floor":46.0,"turns":1.0},{"damage":0.0,"enemies":"Sphere and 2 Shapes","floor":47.0,"turns":1.0},{"damage":0.0,"enemies":"Reptomancer","floor":48.0,"turns":1.0},{"damage":0.0,"enemies":"conspire:OrnateMirror","floor":50.0,"turns":1.0},{"damage":0,"enemies":"Shield and Spear","floor":54,"turns":1},{"damage":24,"enemies":"LittleHush","floor":55,"turns":10}],"seed_played":"5332363831288604455","potions_obtained":[{"floor":6.0,"key":"PowerPotion"},{"floor":8.0,"key":"Weak Potion"},{"floor":11.0,"key":"Swift Potion"},{"floor":13.0,"key":"EssenceOfSteel"},{"floor":25.0,"key":"Block Potion"},{"floor":28.0,"key":"Block Potion"},{"floor":31.0,"key":"LiquidBronze"},{"floor":36.0,"key":"LiquidMemories"},{"floor":44.0,"key":"Swift Potion"},{"floor":39.0,"key":"GamblersBrew"},{"floor":42.0,"key":"Fire Potion"},{"floor":44.0,"key":"PotionOfCapacity"},{"floor":48.0,"key":"DistilledChaos"}],"is_trial":false,"path_per_floor":["M","M","M","$","M","E","R","M","T","?","E","R","M","E","R","B",null,"M","$","?","M","?","E","R","M","T","R","E","?","M","E","R","B",null,"M","M","M","M","$","R","M","$","T","?","M","E","?","M","R_BF","M","M","?","$","M","E","M","E","T","E","$","M","M","E","R","B",null,"R","$","E","B"],"character_chosen":"DEFECT","items_purchased":["conspire:Dentures","Echo Form","Succubus","Damocles","aspiration:Lifesprig","Defragment","Orrery","Raider\u0027s Mask","Bag of Marbles","ForgetMeNow","Sweeping Beam+1","Hello World+1","DemoMod:WhiteGuonStone","ReplayTheSpireMod:GoodbyeWorld+1","FossilizedHelix","Panic Button+1","ChaosCard","Gash"],"campfire_rested":1,"item_purchase_floors":[4,17,17,17,19,19,19,39,39,39,39,39,42,42,38,45,53,53],"current_hp_per_floor":[72,50,50,50,50,50,50,50,50,35,3,25,25,13,13,13,47,46,46,46,40,40,40,40,40,40,40,40,40,40,40,40,40,47,47,47,47,47,47,47,47,47,47,47,47,47,47,47,47,47,47,47,47,47,47,47,47,47,54,54,54,61,61,61,61,61,61,61,61,0,0],"gold":59,"neow_bonus":"RANDOM_COLORLESS_2","is_daily":false,"chose_seed":false,"campfire_upgraded":7,"win_rate":0.0,"timestamp":1612698712,"path_taken":["M","M","M","$","M","E","R","M","T","?","E","R","M","E","R","BOSS","M","$","?","M","?","E","R","M","T","R","E","?","?","E","R","BOSS","M","M","M","M","$","R","M","$","T","?","M","E","?","M","R_BF","M","M","?","?","M","E","M","E","T","E","$","?","?","E","R","BOSS","R","$","E","BOSS"],"items_purchased_type":["Relic","Card","Relic","Relic","Relic","Card","Relic","Relic","Relic","Relic","Card","Card","Relic","Card","Relic","Card","Card","Card"],"build_version":"2020-12-22","purchased_purges":3,"victory":false,"max_hp_per_floor":[75,75,75,75,75,75,75,75,75,75,75,75,75,75,75,75,47,47,47,47,47,47,47,47,47,47,47,47,47,47,47,47,47,47,47,47,47,47,47,47,47,47,47,47,47,47,47,47,47,47,47,47,47,47,47,47,47,47,54,54,54,61,61,61,61,61,61,61,61,61,61],"card_choices":[{"not_picked":[],"picked":"EpicFetus","floor":0.0},{"not_picked":["Midas Touch","Crow Ritual"],"picked":"ReplayTheSpireMod:Brewmster","floor":0.0},{"not_picked":["Streamline","Stack"],"picked":"Storm","floor":1.0},{"not_picked":["Coolheaded","Beam Cell"],"picked":"Reinforced Body","floor":2.0},{"not_picked":["Gash","Hello World"],"picked":"ReplayGash","floor":3.0},{"not_picked":["aspiration:Polymerization","Bomb"],"picked":"All For One","floor":5.0},{"not_picked":["Double Energy","Chaos"],"picked":"Storm","floor":6.0},{"not_picked":["ReplayTheSpireMod:Reroute Power","Hologram"],"picked":"Pulse","floor":8.0},{"not_picked":["Rebound","Redo"],"picked":"Multi-Cast","floor":10.0},{"not_picked":["Pulse","Scrape"],"picked":"Defragment","floor":11.0},{"not_picked":["Turbo","Compile Driver"],"picked":"Fusion","floor":13.0},{"not_picked":["Steam","Coolheaded"],"picked":"Time Bomb","floor":14.0},{"not_picked":["Hyperbeam","ReplayRNGCard"],"picked":"Creative AI","floor":16.0},{"not_picked":["Steam","Go for the Eyes"],"picked":"ReplayTheSpireMod:GoodbyeWorld+1","floor":18.0},{"not_picked":["BasicCrystalCard+1","Cold Snap"],"picked":"Go for the Eyes+1","floor":19.0},{"not_picked":["Stack","Streamline"],"picked":"Gash+1","floor":19.0},{"not_picked":["Rebound","Double Energy"],"picked":"BootSequence+1","floor":19.0},{"not_picked":["Coolheaded","Stack"],"picked":"Electrodynamics","floor":19.0},{"not_picked":["BootSequence","Recycle"],"picked":"Ball Lightning+1","floor":19.0},{"not_picked":["Sunder","Redo"],"picked":"Steam+1","floor":21.0},{"not_picked":["Sweeping Beam","Hologram"],"picked":"Genetic Algorithm","floor":23.0},{"not_picked":["Compile Driver","Ball Lightning"],"picked":"Coolheaded+1","floor":25.0},{"not_picked":["Stack","Static Discharge+1"],"picked":"Reboot","floor":28.0},{"not_picked":["Cold Snap","Coolheaded+1"],"picked":"Capacitor+1","floor":30.0},{"not_picked":["Coolheaded","Glacier"],"picked":"Hello World+1","floor":31.0},{"not_picked":["Thunder Strike","ReplayTheSpireMod:Omega Cannon"],"picked":"Machine Learning+1","floor":33.0},{"not_picked":["ReplaySolidLightProjector+1","Leap"],"picked":"Glacier+1","floor":35.0},{"not_picked":["Compile Driver+1","Blizzard+1"],"picked":"Gash+1","floor":36.0},{"not_picked":["BasicCrystalCard+1","Compile Driver"],"picked":"Hello World+1","floor":37.0},{"not_picked":["Compile Driver","Conserve Battery","Steam"],"picked":"SKIP","floor":38.0},{"not_picked":["Conserve Battery","Steam+1"],"picked":"Coolheaded+1","floor":41.0},{"not_picked":["Turbo","Beam Cell"],"picked":"Machine Learning+1","floor":44.0},{"not_picked":["ReplayTheSpireMod:Repulse+1","Scrape+1"],"picked":"Cold Snap+1","floor":45.0},{"not_picked":["Auto Shields+1","Turbo"],"picked":"Loop+1","floor":46.0},{"not_picked":["ReplayTheSpireMod:Trickstab","Enlightenment"],"picked":"Replay:Sssssssssshield","floor":47.0},{"not_picked":["Stack+1","Turbo"],"picked":"Conserve Battery+1","floor":48.0},{"not_picked":["All For One","Cold Snap"],"picked":"Reinforced Body+1","floor":35.0},{"not_picked":["Recycle+1","Turbo"],"picked":"Streamline+1","floor":36.0},{"not_picked":["Rip and Tear+1","Streamline+1"],"picked":"Storm+1","floor":39.0},{"not_picked":["ReplaySort+1","conspire:Rain","Cancel+1"],"picked":"SKIP","floor":40.0},{"not_picked":["Chill+1","Leap"],"picked":"Ball Lightning+1","floor":41.0},{"not_picked":["Turbo","Leap"],"picked":"Core Surge","floor":42.0},{"not_picked":["Ball Lightning+1","Reprogram"],"picked":"Crystallizer+1","floor":44.0},{"not_picked":["Leap+1","ReplayTheSpireMod:Repulse"],"picked":"FTL+1","floor":46.0},{"not_picked":["conspire:Rain","ReplaySort","Glacier"],"picked":"SKIP","floor":47.0},{"not_picked":["Sweeping Beam+1","ReplayTheSpireMod:Fabricate Wheel","Cold Snap"],"picked":"SKIP","floor":48.0},{"not_picked":["Self Repair+1","Leap"],"picked":"ReplayTheSpireMod:Reroute Power","floor":54}],"player_experience":137022,"relics_obtained":[{"floor":6.0,"key":"DataDisk"},{"floor":11.0,"key":"Mummified Hand"},{"floor":14.0,"key":"DemoMod:Junk"},{"floor":18.0,"key":"Bottled Tornado"},{"floor":21.0,"key":"DemoMod:Junk"},{"floor":23.0,"key":"DemoMod:Junk"},{"floor":23.0,"key":"DemoMod:Junk"},{"floor":25.0,"key":"Frozen Egg 2"},{"floor":26.0,"key":"DemoMod:Junk"},{"floor":28.0,"key":"DemoMod:Junk"},{"floor":28.0,"key":"Void"},{"floor":30.0,"key":"BookOfRevelations"},{"floor":31.0,"key":"Gremlin Horn"},{"floor":31.0,"key":"DemoMod:OrangeGuonStone"},{"floor":35.0,"key":"Vajra"},{"floor":36.0,"key":"DemoMod:Junk"},{"floor":37.0,"key":"DemoMod:WeirdEgg"},{"floor":38.0,"key":"Centennial Puzzle"},{"floor":41.0,"key":"ReplayTheSpireMod:Shallot"},{"floor":43.0,"key":"Pen Nib"},{"floor":44.0,"key":"Emotion Chip"},{"floor":44.0,"key":"MealTicket"},{"floor":45.0,"key":"conspire:BottledYoYo"},{"floor":46.0,"key":"Pondfish Scales"},{"floor":46.0,"key":"HowToJump"},{"floor":48.0,"key":"Art of War"},{"floor":35.0,"key":"PreservedInsect"},{"floor":36.0,"key":"Lantern"},{"floor":39.0,"key":"HoshigumaDish"},{"floor":40.0,"key":"Sundial"},{"floor":40.0,"key":"aspiration:ChemicalBlood"},{"floor":41.0,"key":"Divine Protection"},{"floor":42.0,"key":"Simple Rune"},{"floor":42.0,"key":"aspiration:EnhancedActuators"},{"floor":43.0,"key":"Pantograph"},{"floor":44.0,"key":"Ancient Tea Set"},{"floor":44.0,"key":"DemoMod:MonsterBlood"},{"floor":46.0,"key":"Gremlin Food"},{"floor":47.0,"key":"Strawberry"},{"floor":48.0,"key":"aspiration:HiddenCompartment"},{"floor":48.0,"key":"Replay:Bottled Steam"},{"floor":54,"key":"TheBean"},{"floor":54,"key":"DemoMod:DecoyRelic"}],"event_choices":[{"damage_healed":0.0,"max_hp_gain":0.0,"max_hp_loss":0.0,"gold_gain":30.0,"event_name":"Dead Adventurer","player_choice":"Searched \u00273\u0027 times","floor":10.0,"gold_loss":0.0,"damage_taken":0.0,"relics_obtained":["DemoMod:SerJunkan"]},{"damage_healed":0.0,"max_hp_gain":0.0,"max_hp_loss":0.0,"gold_gain":0.0,"event_name":"The Mausoleum","player_choice":"Opened","floor":20.0,"gold_loss":0.0,"damage_taken":0.0,"relics_obtained":["Blue Candle"],"cards_obtained":["Writhe"]},{"damage_healed":0.0,"max_hp_gain":0.0,"max_hp_loss":0.0,"gold_gain":0.0,"event_name":"The Library","player_choice":"Read","floor":22.0,"gold_loss":0.0,"damage_taken":0.0,"cards_obtained":["Mirror Shield"]},{"damage_healed":0.0,"max_hp_gain":0.0,"max_hp_loss":0.0,"gold_gain":0.0,"event_name":"Mysterious Sphere","player_choice":"Fight","floor":44.0,"gold_loss":0.0,"damage_taken":0.0},{"damage_healed":0.0,"max_hp_gain":0.0,"max_hp_loss":0.0,"gold_gain":0.0,"event_name":"SensoryStone","player_choice":"Memory 1","floor":47.0,"gold_loss":0.0,"damage_taken":0.0},{"cards_removed":["Defend_B"],"damage_healed":0.0,"max_hp_gain":0.0,"max_hp_loss":0.0,"gold_gain":0.0,"event_name":"Bonfire Elementals","player_choice":"Offered Basic","floor":49.0,"gold_loss":0.0,"damage_taken":0.0},{"damage_healed":12.0,"max_hp_gain":0.0,"max_hp_loss":0.0,"gold_gain":0.0,"event_name":"Winding Halls","player_choice":"Writhe","floor":37.0,"gold_loss":0.0,"damage_taken":0.0,"cards_obtained":["Writhe"]}],"is_beta":false,"boss_relics":[{"not_picked":["Empty Cage","Velvet Choker"],"picked":"conspire:SpecialSausage"},{"not_picked":[]},{"not_picked":["ChewingGum","aspiration:Stellarator"],"picked":"conspire:SlowCooker"},{"not_picked":[]}],"items_purged_floors":[39,42,45],"is_endless":false,"potions_floor_spawned":[3,6,8,11,13,18,25,28,31,36,44,45,46,39,42,44,48],"killed_by":"LittleHush","ascension_level":3}}