{"host":"BK","time":1612665089,"event":{"mods":["BaseMod","Highlight Path","Minty Spire (QoL Compilation)","StSLib"],"gold_per_floor":[113,129,129,140,140,166,176,188,268,268,286,251,284,299,299,374,374,330,91,110,110,110,138,138,164,164,164,10,10,29,29,29,29,29],"floor_reached":33,"language":"ENG","playtime":1417,"items_purged":["Strike_G","Strike_G"],"score":590,"play_id":"5932066c-bd9f-4259-b2ea-cdf7d29716c6","local_time":"20210206193129","is_ascension_mode":true,"campfire_choices":[{"floor":10,"key":"REST"},{"data":"Noxious Fumes","floor":15,"key":"SMITH"},{"floor":24,"key":"REST"},{"data":"Predator","floor":27,"key":"SMITH"},{"floor":29,"key":"REST"},{"data":"Writhe","floor":32,"key":"PURGE"}],"circlet_count":0,"master_deck":["AscendersBane","Strike_G","Strike_G+1","Defend_G","Defend_G","Defend_G","Defend_G","Defend_G","Survivor","Neutralize","Caltrops","Deadly Poison","Well Laid Plans","Predator+1","PiercingWail","Noxious Fumes+1","Poisoned Stab+1","Footwork","Blade Dance","Wraith Form v2","PiercingWail+1","After Image","Deadly Poison","Calculated Gamble","Backflip"],"relics":["Ring of the Snake","NeowsBlessing","GremlinMask","Oddly Smooth Stone","Letter Opener","Peace Pipe","Sozu","Orrery","MutagenicStrength","Whetstone","Ice Cream","Du-Vu Doll","Boot"],"acts_visited":["Exordium","TheCity"],"potions_floor_usage":[6,8,25],"damage_taken":[{"damage":0.0,"enemies":"Cultist","floor":1.0,"turns":1.0},{"damage":0.0,"enemies":"Small Slimes","floor":2.0,"turns":1.0},{"damage":0.0,"enemies":"2 Louse","floor":4.0,"turns":1.0},{"damage":42,"enemies":"Lagavulin","floor":6,"turns":9},{"damage":0,"enemies":"Red Slaver","floor":7,"turns":4},{"damage":7,"enemies":"Large Slime","floor":8,"turns":10},{"damage":1,"enemies":"Exordium Wildlife","floor":11,"turns":6},{"damage":30,"enemies":"3 Sentries","floor":13,"turns":9},{"damage":1,"enemies":"3 Louse","floor":14,"turns":4},{"damage":12,"enemies":"Hexaghost","floor":16,"turns":10},{"damage":26,"enemies":"2 Thieves","floor":18,"turns":5},{"damage":1,"enemies":"Spheric Guardian","floor":20,"turns":5},{"damage":45,"enemies":"Slavers","floor":23,"turns":7},{"damage":8,"enemies":"Book of Stabbing","floor":25,"turns":6},{"damage":15,"enemies":"Shelled Parasite and Fungi","floor":30,"turns":5},{"damage":20,"enemies":"Collector","floor":33,"turns":3}],"seed_played":"-1784290343806288277","potions_obtained":[{"floor":2.0,"key":"FearPotion"},{"floor":4.0,"key":"FairyPotion"},{"floor":6,"key":"Block Potion"},{"floor":14,"key":"ColorlessPotion"}],"is_trial":false,"path_per_floor":["M","M","?","M","?","E","M","M","T","R","M","?","E","M","R","B",null,"M","$","M","?","?","E","R","E","T","R","$","R","M","?","R","B"],"character_chosen":"THE_SILENT","items_purchased":["Orrery","Backflip"],"campfire_rested":3,"item_purchase_floors":[19,28],"current_hp_per_floor":[59,59,59,59,59,17,17,10,10,29,28,44,14,13,13,1,50,24,24,23,23,36,19,38,30,30,30,30,49,34,34,34,14,14],"gold":29,"neow_bonus":"THREE_ENEMY_KILL","is_daily":false,"chose_seed":false,"campfire_upgraded":2,"win_rate":0.0,"timestamp":1612665089,"path_taken":["M","?","?","?","?","E","M","?","T","R","M","?","E","M","R","BOSS","M","$","M","?","?","E","R","E","T","R","$","R","M","?","R","BOSS"],"items_purchased_type":["Relic","Card"],"build_version":"2020-12-18","purchased_purges":2,"victory":false,"max_hp_per_floor":[66,66,66,66,66,66,66,66,66,66,66,66,66,66,66,66,66,66,66,66,66,66,66,66,66,66,66,66,66,66,66,66,66,66],"card_choices":[{"not_picked":["Cloak And Dagger","Outmaneuver","Acrobatics"],"picked":"SKIP","floor":1.0},{"not_picked":["Blade Dance","Dodge and Roll"],"picked":"Caltrops","floor":2.0},{"not_picked":["Backflip","A Thousand Cuts"],"picked":"Deadly Poison","floor":4.0},{"not_picked":["Dagger Spray","Flying Knee"],"picked":"Predator","floor":6},{"not_picked":["Underhanded Strike","Bane"],"picked":"PiercingWail","floor":7},{"not_picked":["Deflect","Blade Dance"],"picked":"Noxious Fumes","floor":8},{"not_picked":["Caltrops","Flying Knee"],"picked":"Poisoned Stab","floor":11},{"not_picked":["Cloak And Dagger","Dagger Throw"],"picked":"Footwork","floor":13},{"not_picked":["Eviscerate","Cloak And Dagger"],"picked":"Blade Dance","floor":14},{"not_picked":["Tools of the Trade","Storm of Steel"],"picked":"Wraith Form v2","floor":16},{"not_picked":["Quick Slash","Underhanded Strike"],"picked":"PiercingWail+1","floor":18},{"not_picked":["Bullet Time","Accuracy"],"picked":"After Image","floor":19},{"not_picked":["Quick Slash","Outmaneuver"],"picked":"Deadly Poison","floor":19},{"not_picked":["Tactician","Slice","Quick Slash"],"picked":"SKIP","floor":20},{"not_picked":["Deflect","Quick Slash","Predator"],"picked":"SKIP","floor":23},{"not_picked":["Flying Knee","Quick Slash"],"picked":"Calculated Gamble","floor":25},{"not_picked":["Poisoned Stab","Endless Agony","Unload"],"picked":"SKIP","floor":30}],"player_experience":2512065,"relics_obtained":[{"floor":6,"key":"Oddly Smooth Stone"},{"floor":9,"key":"Letter Opener"},{"floor":13,"key":"Peace Pipe"},{"floor":23,"key":"Whetstone"},{"floor":25,"key":"Ice Cream"},{"floor":26,"key":"Du-Vu Doll"}],"event_choices":[{"damage_healed":0.0,"max_hp_gain":0.0,"max_hp_loss":0.0,"gold_gain":0.0,"event_name":"FaceTrader","player_choice":"Trade","floor":3.0,"gold_loss":0.0,"damage_taken":0.0,"relics_obtained":["GremlinMask"]},{"damage_healed":0.0,"max_hp_gain":0.0,"max_hp_loss":0.0,"gold_gain":0.0,"cards_transformed":["Strike_G"],"event_name":"Transmorgrifier","player_choice":"Transformed","floor":5.0,"gold_loss":0.0,"damage_taken":0.0,"cards_obtained":["Well Laid Plans"]},{"damage_healed":16,"gold_gain":0,"player_choice":"Healed","damage_taken":0,"max_hp_gain":0,"max_hp_loss":0,"event_name":"The Cleric","floor":12,"gold_loss":35},{"damage_healed":0,"gold_gain":0,"player_choice":"Inject Mutagens","damage_taken":0,"relics_obtained":["MutagenicStrength"],"max_hp_gain":0,"max_hp_loss":0,"event_name":"Drug Dealer","floor":21,"gold_loss":0},{"damage_healed":13,"gold_gain":0,"player_choice":"Heal","damage_taken":0,"max_hp_gain":0,"max_hp_loss":0,"event_name":"The Library","floor":22,"gold_loss":0},{"damage_healed":0,"gold_gain":0,"player_choice":"Opened","damage_taken":0,"relics_obtained":["Boot"],"max_hp_gain":0,"max_hp_loss":0,"event_name":"The Mausoleum","floor":31,"gold_loss":0,"cards_obtained":["Writhe"]}],"is_beta":true,"boss_relics":[{"not_picked":["SlaversCollar","Ectoplasm"],"picked":"Sozu"}],"items_purged_floors":[19,28],"is_endless":false,"potions_floor_spawned":[2,4,6,14,18,25],"killed_by":"Collector","ascension_level":20}}