{"host":"fortuna","time":1612694954,"event":{"mods":["100% Spire Juice","Act Like it!","Arknights","BaseMod","CapriCore","Gensokyo","Hallownest","Koishi","Minty Spire (QoL Compilation)","Reimu£®≤©¿ˆ¡È√Œ£©","Relic Stats","StSLib","The Administrix","The Animator","The Bug Knight","The Immortal","Waifu the Spire","WarShipGirlsR/’ΩΩ¢…Ÿ≈ÆR mod","Yakumo Yukari mod"],"gold_per_floor":[112,124,124,124,140,140,100,100,100,125,145,174,174,174,174,278,278,294,294,306,317,331,331,341,374,374,409,364,364,364,381,381,485,485,505,208,218,33,49,83,83,97,97,97,37,49,75,87,87,87,87,87,5,37,37],"floor_reached":56,"language":"ZHS","playtime":3993,"items_purged":["MokouMod:Strike","MokouMod:Strike"],"score":1332,"play_id":"9da16f4a-04be-4b88-a3ef-8cc8e59480a6","local_time":"20210207184914","is_ascension_mode":false,"campfire_choices":[{"data":"MokouMod:HeatSpark","floor":6.0,"key":"SMITH"},{"data":"MokouMod:Rebirth","floor":15.0,"key":"SMITH"},{"data":"MokouMod:PhoenixForm","floor":23,"key":"SMITH"},{"data":"MokouMod:RisingSunBarrier","floor":32,"key":"SMITH"},{"data":"MokouMod:ResonanceReactor","floor":41,"key":"SMITH"},{"data":"MokouMod:BurningHiddenBullet","floor":44,"key":"SMITH"},{"floor":49,"key":"RECALL"},{"data":"MokouMod:TemporalFireSeal","floor":52,"key":"SMITH"}],"circlet_count":0,"master_deck":["MokouMod:Strike","MokouMod:Strike","MokouMod:Strike","MokouMod:Defend","MokouMod:Defend","MokouMod:Defend","MokouMod:Defend","MokouMod:HeatSpark+1","MokouMod:Combust","MokouMod:Sear","Gensokyo:CrescentMoonSlash","MokouMod:UncontrollableSolarReaction","MokouMod:FlickeringFlame","MokouMod:Rebirth+1","MokouMod:TemporalFireSeal+1","MokouMod:Afterburner+1","MokouMod:ImperishableFlame+1","MokouMod:PhoenixForm+1","MokouMod:IgnitionBlast","MokouMod:RisingSunBarrier+1","MokouMod:Overheat+1","MokouMod:Ember","MokouMod:Refresh+1","MokouMod:HeartofFire","MokouMod:Geothermal","MokouMod:SearingShot+1","MokouMod:Ventilation+1","MokouMod:BurningDraft+1","MokouMod:ResonanceReactor+1","Finesse+1","MokouMod:BurningDraft+1","Finesse+1","MokouMod:ScorchedEarth+1","MokouMod:BurningHiddenBullet+1","MokouMod:HeatCyclone+1","MokouMod:Afterburner+1","MokouMod:Singe+1","MokouMod:IndiscriminateIgnition+1","MokouMod:BurningDraft+1","MokouMod:Scorch","MokouMod:BurningHiddenBullet"],"relics":["MokouMod:PhoenixFeather","NeowsBlessing","Mango","Toxic Egg 2","Shuriken","Bronze Scales","Gensokyo:Justice","Sozu","RuthlessExorcism:ReiMu","Sundial","Mercury Hourglass","PreservedInsect","Red Mask","Black Star","CaptainsWheel","Boot","Orichalcum","Thread and Needle","MealTicket","Pen Nib","Dead Branch"],"acts_visited":["Gensokyo:Gensokyo","Hallownest:CityofTears","Hallownest:KingdomsEdge","TheEnding"],"potions_floor_usage":[],"damage_taken":[{"damage":0.0,"enemies":"Gensokyo:Python","floor":1.0,"turns":1.0},{"damage":0.0,"enemies":"Gensokyo:3_Fairies","floor":2.0,"turns":1.0},{"damage":0.0,"enemies":"Gensokyo:2_Kodama","floor":5.0,"turns":1.0},{"damage":35.0,"enemies":"Gensokyo:Cirno","floor":10.0,"turns":5.0},{"damage":7.0,"enemies":"Gensokyo:VengefulSpirit","floor":11.0,"turns":3.0},{"damage":18.0,"enemies":"Gensokyo:Aya","floor":12.0,"turns":6.0},{"damage":41.0,"enemies":"Gensokyo:Yukari","floor":16.0,"turns":11.0},{"damage":8,"enemies":"Hallownest:Flukemon_and_Top","floor":18,"turns":3},{"damage":10,"enemies":"Hallownest:2_Mistakes","floor":20,"turns":5},{"damage":40,"enemies":"Hallownest:2_Flukemon","floor":21,"turns":4},{"damage":17,"enemies":"Hallownest:Warrior_and_Youth","floor":22,"turns":4},{"damage":16,"enemies":"Hallownest:2_Husk_Sentries","floor":24,"turns":3},{"damage":10,"enemies":"Hallownest:Nosk","floor":25,"turns":6},{"damage":24,"enemies":"Hallownest:eliteWatcherKnight","floor":27,"turns":9},{"damage":16,"enemies":"Hallownest:monsterShrumalOgre","floor":31,"turns":5},{"damage":34,"enemies":"Hallownest:BossMantisLord","floor":33,"turns":5},{"damage":28,"enemies":"Hallownest:3_Siblings","floor":35,"turns":7},{"damage":7,"enemies":"Hallownest:Shield_Heavy","floor":37,"turns":4},{"damage":32,"enemies":"Hallownest:Shield_Sturdy","floor":39,"turns":5},{"damage":0,"enemies":"Hallownest:eliteCollector","floor":40,"turns":8},{"damage":0,"enemies":"Hallownest:2_Wandering_and_1_Horned","floor":42,"turns":4},{"damage":3,"enemies":"Hallownest:2_Wing_and_1_Kings","floor":46,"turns":7},{"damage":0,"enemies":"Hallownest:StalkingDevout","floor":47,"turns":5},{"damage":17,"enemies":"Hallownest:Shield_Sturdy","floor":48,"turns":5},{"damage":64,"enemies":"Hallownest:BossGreyPrinceZote","floor":50,"turns":13},{"damage":80,"enemies":"Shield and Spear","floor":54,"turns":6},{"damage":203,"enemies":"The Heart","floor":55,"turns":9}],"seed_played":"5381368020497718891","potions_obtained":[{"floor":1.0,"key":"GrandPatriotsElixir:ReiMu"},{"floor":5.0,"key":"LiquidMemories"},{"floor":12.0,"key":"SpeedPotion"}],"is_trial":false,"path_per_floor":["M","M","?","T","M","R","?","?","T","E","M","E","?","?","R","B",null,"M","?","M","M","M","R","M","E","T","E","?","?","?","M","R","B",null,"M","$","M","$","M","E","R","M","T","R","?","M","E","M","R","B",null,"R","$","E","B",null],"character_chosen":"MKU","items_purchased":["MokouMod:ResonanceReactor","Finesse+1","MokouMod:BurningDraft+1","Finesse+1","MokouMod:BurningDraft+1","MokouMod:Scorch"],"campfire_rested":0,"item_purchase_floors":[36,36,36,38,53,53],"current_hp_per_floor":[75,75,64,64,64,64,64,57,57,22,15,22,22,22,22,8,89,81,81,71,31,14,14,22,12,12,16,16,16,16,22,22,15,89,61,61,54,54,22,22,22,22,22,22,29,26,26,9,9,4,96,96,96,16,6],"gold":37,"neow_bonus":"THREE_ENEMY_KILL","is_daily":false,"chose_seed":false,"campfire_upgraded":7,"win_rate":0.0,"timestamp":1612694954,"path_taken":["M","M","?","?","?","R","?","?","T","E","M","E","?","?","R","BOSS","BOSS","M","?","M","?","M","R","M","E","T","E","?","?","?","M","R","BOSS","M","?","?","$","M","E","R","M","T","R","?","M","E","M","R","BOSS","R","$","E","BOSS"],"items_purchased_type":["Card","Card","Card","Card","Card","Card"],"build_version":"2020-12-18","purchased_purges":2,"victory":true,"max_hp_per_floor":[75,75,75,75,75,75,75,89,89,89,89,89,89,89,89,89,89,89,89,89,89,89,89,89,89,89,89,89,89,89,89,89,89,89,89,89,89,89,89,89,89,89,89,89,96,96,96,96,96,96,96,96,96,96,96],"relic_stats":{"counters":[27,145],"Dead Branch":[11],"PreservedInsect":190,"Pen Nib":[2],"Orichalcum":[30],"Boot":[26],"Mercury Hourglass":[358],"Sozu":7,"Shuriken":[47],"Sundial":[6],"Bronze Scales":[444],"MealTicket":0,"Black Star":3,"obtain_stats":[{"NeowsBlessing":0,"Dead Branch":54,"Mango":8,"Thread and Needle":47,"PreservedInsect":27,"Pen Nib":54,"Gensokyo:Justice":14,"Orichalcum":43,"Boot":40,"Mercury Hourglass":26,"Sozu":17,"CaptainsWheel":40,"Shuriken":10,"Sundial":25,"Bronze Scales":12,"MokouMod:PhoenixFeather":0,"MealTicket":47,"Red Mask":30,"Black Star":34,"Toxic Egg 2":9,"RuthlessExorcism:ReiMu":19},{"NeowsBlessing":0,"Dead Branch":26,"Mango":3,"Thread and Needle":23,"PreservedInsect":14,"Pen Nib":26,"Gensokyo:Justice":6,"Orichalcum":21,"Boot":20,"Mercury Hourglass":13,"Sozu":7,"CaptainsWheel":20,"Shuriken":4,"Sundial":13,"Bronze Scales":6,"MokouMod:PhoenixFeather":0,"MealTicket":23,"Red Mask":14,"Black Star":16,"Toxic Egg 2":3,"RuthlessExorcism:ReiMu":8},{"NeowsBlessing":0,"Dead Branch":136,"Mango":3,"Thread and Needle":112,"PreservedInsect":62,"Pen Nib":136,"Gensokyo:Justice":17,"Orichalcum":100,"Boot":96,"Mercury Hourglass":53,"Sozu":28,"CaptainsWheel":96,"Shuriken":8,"Sundial":53,"Bronze Scales":17,"MokouMod:PhoenixFeather":0,"MealTicket":112,"Red Mask":62,"Black Star":72,"Toxic Egg 2":3,"RuthlessExorcism:ReiMu":31}]},"card_choices":[{"not_picked":["MokouMod:TemporalFireSeal","MokouMod:Firecracker"],"picked":"MokouMod:Combust","floor":1.0},{"not_picked":["MokouMod:BlazingComet","MokouMod:FlareStarter"],"picked":"MokouMod:Sear","floor":2.0},{"not_picked":["MokouMod:ControlledCombustion","MokouMod:BlazingComet"],"picked":"MokouMod:UncontrollableSolarReaction","floor":5.0},{"not_picked":[],"picked":"MokouMod:FlickeringFlame","floor":7.0},{"not_picked":[],"picked":"MokouMod:Burn","floor":7.0},{"not_picked":[],"picked":"MokouMod:Rebirth","floor":7.0},{"not_picked":["MokouMod:Firecracker+1","MokouMod:ScorchingColumn"],"picked":"MokouMod:TemporalFireSeal","floor":10.0},{"not_picked":["MokouMod:ControlledCombustion+1","MokouMod:UncontrollableSolarReaction"],"picked":"MokouMod:Afterburner+1","floor":11.0},{"not_picked":["MokouMod:IgneousBlow","MokouMod:IgnitionBarrier+1"],"picked":"MokouMod:ImperishableFlame+1","floor":12.0},{"not_picked":["MokouMod:Geothermal","MokouMod:EnchantingBambooForest"],"picked":"MokouMod:PhoenixForm","floor":16},{"not_picked":["MokouMod:Firecracker+1","MokouMod:ImperishableFlame+1"],"picked":"MokouMod:IgnitionBlast","floor":18},{"not_picked":["MokouMod:FujiyamaVolcano","MokouMod:TemporalFireSeal"],"picked":"MokouMod:RisingSunBarrier","floor":20},{"not_picked":["MokouMod:ControlledCombustion+1","MokouMod:FlickeringFlame+1"],"picked":"MokouMod:Overheat+1","floor":21},{"not_picked":["MokouMod:SubterraneanCore+1","MokouMod:EternalBurstReactor"],"picked":"MokouMod:Ember","floor":22},{"not_picked":["MokouMod:BlazingComet","MokouMod:UncontrollableSolarReaction"],"picked":"MokouMod:Refresh+1","floor":24},{"not_picked":["MokouMod:SubterraneanCore+1","MokouMod:Burn+1"],"picked":"MokouMod:HeartofFire","floor":25},{"not_picked":["MokouMod:TemporalFireSeal","MokouMod:ShiftIgnition+1"],"picked":"MokouMod:Geothermal","floor":27},{"not_picked":["MokouMod:ResoluteFlare","MokouMod:FlareStarter+1"],"picked":"MokouMod:SearingShot+1","floor":31},{"not_picked":["MokouMod:ResonatingAura","MokouMod:SpontaneousHumanCombustion+1"],"picked":"MokouMod:Ventilation+1","floor":33},{"not_picked":["MokouMod:AdaptivePyromancy","MokouMod:HeatFactory+1"],"picked":"MokouMod:BurningDraft+1","floor":35},{"not_picked":["MokouMod:Burn+1","MokouMod:Stoke+1","MokouMod:EternalBurstReactor+1"],"picked":"SKIP","floor":37},{"not_picked":["MokouMod:Overheat+1","MokouMod:FlickeringFlame"],"picked":"MokouMod:ScorchedEarth+1","floor":39},{"not_picked":["MokouMod:IcarusDive+1","MokouMod:FusionFlare+1"],"picked":"MokouMod:BurningHiddenBullet","floor":40},{"not_picked":["MokouMod:IllusoryBattlefield","MokouMod:TemporalFireSeal"],"picked":"MokouMod:HeatCyclone+1","floor":42},{"not_picked":["MokouMod:ScorchedEarth+1","MokouMod:ImperishableFlame+1"],"picked":"MokouMod:Afterburner+1","floor":46},{"not_picked":["MokouMod:Burn+1","MokouMod:UncontrollableSolarReaction+1"],"picked":"MokouMod:Singe+1","floor":47},{"not_picked":["MokouMod:ScorchingColumn","MokouMod:IgnitionBarrier+1"],"picked":"MokouMod:IndiscriminateIgnition+1","floor":48},{"not_picked":["MokouMod:Afterburner+1","MokouMod:BurningDraft+1"],"picked":"MokouMod:BurningHiddenBullet","floor":54}],"player_experience":323605,"relics_obtained":[{"floor":9.0,"key":"Toxic Egg 2"},{"floor":10.0,"key":"Shuriken"},{"floor":12.0,"key":"Bronze Scales"},{"floor":25,"key":"Sundial"},{"floor":26,"key":"Mercury Hourglass"},{"floor":27,"key":"PreservedInsect"},{"floor":40,"key":"CaptainsWheel"},{"floor":40,"key":"Boot"},{"floor":43,"key":"Orichalcum"},{"floor":47,"key":"Thread and Needle"},{"floor":47,"key":"MealTicket"},{"floor":54,"key":"Pen Nib"},{"floor":54,"key":"Dead Branch"}],"event_choices":[],"is_beta":true,"boss_relics":[{"not_picked":["Snecko Eye","Fusion Hammer"],"picked":"Sozu"},{"not_picked":["Runic Dome","Cursed Key"],"picked":"Black Star"}],"items_purged_floors":[36,38],"is_endless":false,"potions_floor_spawned":[1,5,12,18,21,22,25,42,46,47],"ascension_level":0}}