{"host":"d9m9v0h6vo0edadb","time":1612717584,"event":{"mods":["BaseMod","Hermit","Keyboard Shortcuts","Minty Spire (QoL Compilation)","StSLib","SuperFastMode","The Cursed"],"gold_per_floor":[119,44,44,344,90,90,110,138,138,155,155,175,191,201,201,278,278,295,272,147,147,147,147,147,162,162,182,182,195,195,225,237,323,335,360,384,396,258,272,272,167,167,167],"floor_reached":42,"language":"KOR","playtime":970,"items_purged":["Strike_G","Strike_G","Strike_G","Defend_G"],"score":1136,"play_id":"8eb09e85-ecb1-4cab-8202-e635db796f2d","local_time":"20210208020624","is_ascension_mode":true,"campfire_choices":[{"data":"Well Laid Plans","floor":6.0,"key":"SMITH"},{"data":"Catalyst","floor":11.0,"key":"SMITH"},{"floor":15.0,"key":"REST"},{"data":"Tactician","floor":23.0,"key":"SMITH"},{"floor":28.0,"key":"REST"},{"data":"Prepared","floor":30.0,"key":"SMITH"},{"floor":32.0,"key":"REST"},{"data":"Burst","floor":40,"key":"SMITH"}],"circlet_count":0,"master_deck":["AscendersBane","Defend_G","Defend_G","Survivor","Neutralize","Bouncing Flask","Reflex","Well Laid Plans+1","Reflex","Burst+1","Catalyst+1","PiercingWail","Tactician+1","Acrobatics","Prepared+1","Calculated Gamble","Adrenaline","Deep Breath"],"relics":["Ring of the Snake","NeowsBlessing","Old Coin","Bottled Tornado","Frozen Egg 2","Cursed Key","MawBank","Empty Cage"],"acts_visited":["Exordium","TheCity","TheBeyond"],"potions_floor_usage":[39,42],"damage_taken":[{"damage":0.0,"enemies":"2 Louse","floor":1.0,"turns":1.0},{"damage":0.0,"enemies":"Jaw Worm","floor":7.0,"turns":1.0},{"damage":0.0,"enemies":"Lagavulin","floor":8.0,"turns":1.0},{"damage":6.0,"enemies":"Cultist","floor":10.0,"turns":3.0},{"damage":8.0,"enemies":"Looter","floor":12.0,"turns":2.0},{"damage":24.0,"enemies":"Lots of Slimes","floor":13.0,"turns":9.0},{"damage":3.0,"enemies":"Blue Slaver","floor":14.0,"turns":4.0},{"damage":0.0,"enemies":"Hexaghost","floor":16.0,"turns":6.0},{"damage":12.0,"enemies":"3 Byrds","floor":18.0,"turns":6.0},{"damage":9.0,"enemies":"2 Thieves","floor":19.0,"turns":4.0},{"damage":8.0,"enemies":"Snake Plant","floor":25.0,"turns":4.0},{"damage":14.0,"enemies":"Snecko","floor":27.0,"turns":5.0},{"damage":15.0,"enemies":"Shelled Parasite and Fungi","floor":29.0,"turns":6.0},{"damage":0.0,"enemies":"Book of Stabbing","floor":31.0,"turns":3.0},{"damage":1.0,"enemies":"Collector","floor":33.0,"turns":3.0},{"damage":54.0,"enemies":"3 Shapes","floor":35.0,"turns":3.0},{"damage":0.0,"enemies":"Orb Walker","floor":36.0,"turns":2.0},{"damage":3,"enemies":"Jaw Worm Horde","floor":39,"turns":4},{"damage":0,"enemies":"Reptomancer","floor":42,"turns":3}],"seed_played":"-1311994253028442705","potions_obtained":[{"floor":1.0,"key":"BlessingOfTheForge"},{"floor":7.0,"key":"Weak Potion"},{"floor":13.0,"key":"Dexterity Potion"},{"floor":14.0,"key":"EntropicBrew"},{"floor":29.0,"key":"PowerPotion"},{"floor":31.0,"key":"DistilledChaos"},{"floor":33.0,"key":"EssenceOfSteel"},{"floor":39,"key":"Weak Potion"}],"is_trial":false,"path_per_floor":["M","$","?","T","$","R","M","E","T","M","R","M","M","M","R","B",null,"M","M","$","T","?","R","$","M","T","M","R","M","R","E","R","B",null,"M","M","?","$","M","R","$","E"],"character_chosen":"THE_SILENT","items_purchased":["Reflex","Well Laid Plans","Deep Breath"],"campfire_rested":3,"item_purchase_floors":[5,5,41],"current_hp_per_floor":[59,59,59,59,59,59,59,59,59,53,53,45,21,18,37,37,59,47,38,38,38,38,38,38,30,30,16,35,20,20,20,39,38,59,5,5,5,5,2,2,2,2,2],"gold":167,"neow_bonus":"THREE_ENEMY_KILL","is_daily":false,"chose_seed":false,"campfire_upgraded":5,"win_rate":0.0,"timestamp":1612717584,"path_taken":["M","$","?","?","?","R","M","E","T","M","R","M","M","M","R","BOSS","M","M","$","?","?","R","$","M","T","?","R","M","R","E","R","BOSS","M","M","?","$","M","R","$","E"],"items_purchased_type":["Card","Card","Card"],"build_version":"2020-12-22","purchased_purges":4,"victory":false,"max_hp_per_floor":[66,66,66,66,66,66,66,66,66,66,66,66,66,66,66,66,66,66,66,66,66,66,66,66,66,66,66,66,66,66,66,66,66,66,66,66,66,66,66,66,66,66,66],"card_choices":[{"not_picked":["Leg Sweep","Flying Knee"],"picked":"Bouncing Flask","floor":1.0},{"not_picked":["Terror","Bane"],"picked":"Reflex","floor":7.0},{"not_picked":["Venomology","Deflect"],"picked":"Burst","floor":8.0},{"not_picked":["Blur","Noxious Fumes+1"],"picked":"Catalyst","floor":10.0},{"not_picked":["Sucker Punch","Cloak And Dagger"],"picked":"PiercingWail","floor":12.0},{"not_picked":["Heel Hook","Bane"],"picked":"Tactician","floor":13.0},{"not_picked":["Sucker Punch","All Out Attack","Quick Slash"],"picked":"SKIP","floor":14.0},{"not_picked":["Bane","Accuracy+1","Deflect"],"picked":"SKIP","floor":18.0},{"not_picked":["Skewer","Dodge and Roll"],"picked":"Acrobatics","floor":19.0},{"not_picked":["Underhanded Strike","Flechettes"],"picked":"Prepared","floor":25.0},{"not_picked":["Skewer","Footwork+1"],"picked":"Calculated Gamble","floor":27.0},{"not_picked":["Dash","Sucker Punch","Distraction"],"picked":"SKIP","floor":29.0},{"not_picked":["Malaise","Blade Dance","Dagger Throw"],"picked":"SKIP","floor":31.0},{"not_picked":["Die Die Die","Night Terror"],"picked":"Adrenaline","floor":33.0},{"not_picked":["Heel Hook","Outmaneuver","Blade Dance"],"picked":"SKIP","floor":35.0},{"not_picked":["Quick Slash+1","Caltrops+1","Dash+1"],"picked":"SKIP","floor":36.0},{"not_picked":["Prepared","Well Laid Plans+1","Deadly Poison+1"],"picked":"SKIP","floor":39}],"player_experience":1008235,"relics_obtained":[{"floor":4.0,"key":"Old Coin"},{"floor":8.0,"key":"Bottled Tornado"},{"floor":9.0,"key":"Frozen Egg 2"},{"floor":31.0,"key":"MawBank"}],"event_choices":[{"cards_removed":["Strike_G"],"damage_healed":0.0,"max_hp_gain":0.0,"max_hp_loss":0.0,"gold_gain":0.0,"event_name":"Living Wall","player_choice":"Forget","floor":3.0,"gold_loss":0.0,"damage_taken":0.0},{"cards_removed":["Strike_G"],"damage_healed":0.0,"max_hp_gain":0.0,"max_hp_loss":0.0,"gold_gain":0.0,"event_name":"Bonfire Elementals","player_choice":"Offered Basic","floor":22.0,"gold_loss":0.0,"damage_taken":0.0},{"damage_healed":0.0,"max_hp_gain":0.0,"max_hp_loss":0.0,"gold_gain":0.0,"event_name":"Mysterious Sphere","player_choice":"Ignored","floor":37.0,"gold_loss":0.0,"damage_taken":0.0}],"is_beta":false,"boss_relics":[{"not_picked":["Busted Crown","WristBlade"],"picked":"Cursed Key"},{"not_picked":["Calling Bell","SlaversCollar"],"picked":"Empty Cage"}],"items_purged_floors":[2,5,20,38],"is_endless":false,"potions_floor_spawned":[1,7,13,14,29,31,33,39],"killed_by":"Reptomancer","ascension_level":20}}