{"host":"w2kjv12xyhtt0cv2","time":1612707871,"event":{"mods":["100% Spire Juice","Act Like it!","BaseMod","Colored Map","Friendly Minions","Gensokyo","GifTheSpireLib","Highlight Path","Hubris","Marisa（F雨　魔理沙）","Minty Spire (QoL Compilation)","Prisma Mod","Quick Restart","Reimu（博丽灵梦）","Relic Stats","Reliquary","Replay The Spire","Robot Space Explorer","RumiaBox-露米娅的神秘盒子","Shop Mod","Spicy Shops","StSLib","The Bug Knight","The Cursed","The Dragon Tamer","The Servant 0.9.4","UnlockEverythingMod","Waifu the Spire","[功能]功能增强和修复MOD","【功能Mod】Neow奖励","【遗物卡牌】REMEMod","没有小屋子和绿帽子啦"],"gold_per_floor":[128,140,152,89,111,123,123],"floor_reached":6,"language":"ZHS","playtime":230,"items_purged":[],"score":61,"play_id":"a15052b6-e718-4bcf-b91f-cf2262200e19","local_time":"20210207222431","is_ascension_mode":true,"campfire_choices":[],"circlet_count":0,"master_deck":["AscendersBane","TheCursedMod:Strike_TheCursed","TheCursedMod:Strike_TheCursed","TheCursedMod:Defend_TheCursed","TheCursedMod:Defend_TheCursed","TheCursedMod:Defend_TheCursed","TheCursedMod:Defend_TheCursed","TheCursedMod:CursedWand","TheCursedMod:CleanUpWorkshop","TheCursedMod:Dregs","Gensokyo:HouraiInAPot","CurseOfTheBell","TheCursedMod:StunningStrike"],"relics":["REME_ComplimentaryCards","Calling Bell","MawBank","reliquary:BoilingFlask","Incense Burner","hubris:Towel"],"acts_visited":["Exordium"],"potions_floor_usage":[],"damage_taken":[{"damage":3.0,"enemies":"Jaw Worm","floor":1.0,"turns":6.0},{"damage":4,"enemies":"Small Slimes","floor":5,"turns":6},{"damage":12,"enemies":"Lagavulin","floor":6,"turns":5}],"seed_played":"-751799692709946922","potions_obtained":[],"is_trial":false,"path_per_floor":["M","?","?","?","M","E"],"character_chosen":"THE_CURSED","items_purchased":[],"campfire_rested":0,"item_purchase_floors":[],"current_hp_per_floor":[61,61,54,54,50,38,38],"gold":123,"neow_bonus":"BOSS_RELIC","is_daily":false,"chose_seed":false,"campfire_upgraded":0,"win_rate":0.0,"timestamp":1612707871,"path_taken":["M","?","?","?","M","E"],"items_purchased_type":[],"build_version":"2020-12-22","purchased_purges":0,"victory":false,"max_hp_per_floor":[71,71,71,71,71,71,71],"relic_stats":{"counters":[3,17],"MawBank":72,"obtain_stats":[{"Calling Bell":0,"TheCursedMod:BlackMagic101":0,"reliquary:BoilingFlask":0,"Incense Burner":0,"hubris:Towel":2,"MawBank":0,"REME_ComplimentaryCards":0},{"Calling Bell":0,"TheCursedMod:BlackMagic101":0,"reliquary:BoilingFlask":0,"Incense Burner":0,"hubris:Towel":1,"MawBank":0,"REME_ComplimentaryCards":0},{"Calling Bell":0,"TheCursedMod:BlackMagic101":0,"reliquary:BoilingFlask":0,"Incense Burner":0,"hubris:Towel":6,"MawBank":0,"REME_ComplimentaryCards":0}]},"card_choices":[{"not_picked":["TheCursedMod:CursedAmulet","TheCursedMod:DoubleShield","TheCursedMod:CircleOfFlame"],"picked":"SKIP","floor":1},{"not_picked":["TheCursedMod:ReleasedStrength","TheCursedMod:CursedShiv"],"picked":"TheCursedMod:StunningStrike","floor":5}],"player_experience":209256,"relics_obtained":[{"floor":0.0,"key":"MawBank"},{"floor":0.0,"key":"reliquary:BoilingFlask"},{"floor":0.0,"key":"Incense Burner"}],"event_choices":[{"cards_removed":["TheCursedMod:Strike_TheCursed"],"damage_healed":0,"gold_gain":0,"player_choice":"Card Removal","damage_taken":7,"max_hp_gain":0,"max_hp_loss":0,"event_name":"Golden Wing","floor":3,"gold_loss":0},{"cards_removed":["TheCursedMod:Strike_TheCursed"],"damage_healed":0,"gold_gain":0,"player_choice":"Card Removal","damage_taken":0,"max_hp_gain":0,"max_hp_loss":0,"event_name":"The Cleric","floor":4,"gold_loss":75}],"is_beta":false,"boss_relics":[],"items_purged_floors":[],"is_endless":false,"potions_floor_spawned":[],"killed_by":"Lagavulin","ascension_level":16}}