{"host":"x5w9zppki4gdwvc7","time":1612680114,"event":{"mods":["AchievementEnabler","BaseMod","Colored Powertips","DeckTracker","Minty Spire (QoL Compilation)"],"gold_per_floor":[114,126,136,156,168,168,199,199,250,250,282,296,313,313,313,412,412,430,529,543,558,483,483,483,305,305,305,305,340,354,354,354,456,456,470,144,144,144,155,188,205,205,285,285,304,304,324,339,339,339,339],"floor_reached":50,"language":"ENG","playtime":3221,"items_purged":["Strike_G","Decay"],"score":529,"play_id":"91f3b9d3-2462-46ad-a533-712c00d8c242","local_time":"20210207074154","is_ascension_mode":false,"campfire_choices":[{"data":"Neutralize","floor":6,"key":"SMITH"},{"floor":8,"key":"REST"},{"data":"Tools of the Trade","floor":10,"key":"SMITH"},{"data":"Terror","floor":15,"key":"SMITH"},{"data":"Burst","floor":24,"key":"SMITH"},{"data":"Footwork","floor":27,"key":"SMITH"},{"data":"Finisher","floor":32,"key":"SMITH"},{"floor":44,"key":"DIG"},{"floor":46,"key":"REST"},{"data":"Footwork","floor":49,"key":"SMITH"}],"circlet_count":0,"master_deck":["Strike_G","Defend_G","Defend_G","Defend_G","Defend_G","Defend_G","Survivor","Neutralize+1","Backflip","Terror+1","PiercingWail","Cloak And Dagger","Tools of the Trade+1","Flechettes","Adrenaline","Finisher+1","Adrenaline","Infinite Blades+1","Blade Dance","Burst+1","Footwork+1","Blade Dance","Blade Dance","A Thousand Cuts","Well Laid Plans","After Image","Poisoned Stab+1","Footwork+1"],"relics":["Ring of the Snake","NeowsBlessing","Mercury Hourglass","Strawberry","Singing Bowl","Cursed Key","Shovel","Vajra","Snecko Eye","Omamori","Incense Burner","StrikeDummy","MealTicket"],"acts_visited":["Exordium","TheCity","TheBeyond"],"potions_floor_usage":[16,33,40,45,50,50,50],"damage_taken":[{"damage":0,"enemies":"Small Slimes","floor":1,"turns":1},{"damage":0,"enemies":"Jaw Worm","floor":2,"turns":1},{"damage":0,"enemies":"2 Louse","floor":3,"turns":1},{"damage":1,"enemies":"Large Slime","floor":4,"turns":9},{"damage":0,"enemies":"3 Louse","floor":5,"turns":6},{"damage":45,"enemies":"Gremlin Nob","floor":7,"turns":6},{"damage":23,"enemies":"Lagavulin","floor":11,"turns":8},{"damage":5,"enemies":"Red Slaver","floor":12,"turns":4},{"damage":4,"enemies":"Looter","floor":13,"turns":3},{"damage":18,"enemies":"Slime Boss","floor":16,"turns":7},{"damage":0,"enemies":"Spheric Guardian","floor":18,"turns":3},{"damage":0,"enemies":"Chosen","floor":20,"turns":4},{"damage":9,"enemies":"Shelled Parasite and Fungi","floor":21,"turns":4},{"damage":21,"enemies":"Slavers","floor":29,"turns":4},{"damage":10,"enemies":"Centurion and Healer","floor":30,"turns":3},{"damage":6,"enemies":"Collector","floor":33,"turns":6},{"damage":36,"enemies":"3 Shapes","floor":35,"turns":3},{"damage":13,"enemies":"Orb Walker","floor":39,"turns":3},{"damage":6,"enemies":"Giant Head","floor":40,"turns":6},{"damage":0,"enemies":"Spire Growth","floor":41,"turns":3},{"damage":20,"enemies":"Maw","floor":45,"turns":8},{"damage":0,"enemies":"3 Darklings","floor":47,"turns":3},{"damage":21,"enemies":"Writhing Mass","floor":48,"turns":4},{"damage":51,"enemies":"Time Eater","floor":50,"turns":4}],"seed_played":"-770703176027661098","potions_obtained":[{"floor":2,"key":"Explosive Potion"},{"floor":4,"key":"CultistPotion"},{"floor":12,"key":"Regen Potion"},{"floor":16,"key":"Weak Potion"},{"floor":21,"key":"Dexterity Potion"},{"floor":35,"key":"ColorlessPotion"},{"floor":40,"key":"SkillPotion"},{"floor":47,"key":"PowerPotion"}],"is_trial":false,"path_per_floor":["M","M","M","M","M","R","E","R","T","R","E","M","M","?","R","B",null,"M","?","M","M","?","?","R","$","T","R","?","E","M","?","R","B",null,"M","$","?","?","M","E","M","?","T","R","M","R","M","M","R","B"],"character_chosen":"THE_SILENT","items_purchased":["Footwork","Blade Dance","Omamori","Well Laid Plans"],"campfire_rested":2,"item_purchase_floors":[25,25,36,36],"current_hp_per_floor":[70,70,70,69,69,69,24,45,52,52,29,24,20,45,45,36,77,77,77,77,68,68,68,68,68,68,68,68,49,41,81,81,75,81,47,47,47,49,38,32,34,34,34,34,14,40,40,21,21,0,0],"gold":339,"neow_bonus":"THREE_ENEMY_KILL","is_daily":false,"chose_seed":false,"campfire_upgraded":7,"win_rate":0.0,"timestamp":1612680114,"path_taken":["M","M","M","M","M","R","E","R","T","R","E","M","M","?","R","BOSS","M","?","M","M","?","?","R","$","T","R","?","E","M","?","R","BOSS","M","$","?","?","M","E","M","?","T","R","?","R","M","M","R","BOSS"],"items_purchased_type":["Card","Card","Relic","Card"],"build_version":"2020-12-22","purchased_purges":2,"victory":false,"max_hp_per_floor":[70,70,70,70,70,70,70,70,77,77,77,77,77,77,77,77,77,77,77,77,77,77,77,77,77,77,77,77,79,81,81,81,81,81,83,83,83,85,87,87,89,89,89,89,89,89,89,91,91,91,91],"card_choices":[{"not_picked":["Prepared","Outmaneuver"],"picked":"Backflip","floor":1},{"not_picked":["Deflect","Backflip"],"picked":"Terror","floor":2},{"not_picked":["Deflect","Dodge and Roll"],"picked":"PiercingWail","floor":3},{"not_picked":["Poisoned Stab","Dash"],"picked":"Cloak And Dagger","floor":4},{"not_picked":["Outmaneuver","Underhanded Strike","Prepared"],"picked":"SKIP","floor":5},{"not_picked":["Backstab","Dodge and Roll"],"picked":"Tools of the Trade","floor":7},{"not_picked":["Dodge and Roll","Flying Knee"],"picked":"Flechettes","floor":11},{"not_picked":["Deadly Poison","Deflect"],"picked":"Adrenaline","floor":12},{"not_picked":["Blur","Acrobatics"],"picked":"Finisher","floor":13},{"not_picked":["Storm of Steel","Grand Finale"],"picked":"Adrenaline","floor":16},{"not_picked":["Reflex","Accuracy"],"picked":"Infinite Blades+1","floor":18},{"not_picked":["Underhanded Strike+1","Slice"],"picked":"Blade Dance","floor":20},{"not_picked":["Quick Slash+1","Infinite Blades"],"picked":"Burst","floor":21},{"not_picked":["Expertise","Dodge and Roll","Sucker Punch"],"picked":"Singing Bowl","floor":29},{"not_picked":["Quick Slash+1","Flying Knee","Distraction"],"picked":"Singing Bowl","floor":30},{"not_picked":["Phantasmal Killer","Glass Knife"],"picked":"A Thousand Cuts","floor":33},{"not_picked":["Slice+1","Infinite Blades+1","Sucker Punch"],"picked":"Singing Bowl","floor":35},{"not_picked":["PanicButton","Enlightenment","Purity"],"picked":"Singing Bowl","floor":38},{"not_picked":["Dash","PiercingWail","Backflip"],"picked":"Singing Bowl","floor":39},{"not_picked":["Dagger Spray","Riddle With Holes"],"picked":"After Image","floor":40},{"not_picked":["Poisoned Stab+1","Quick Slash+1","Deflect+1"],"picked":"Singing Bowl","floor":41},{"not_picked":["PiercingWail+1","Eviscerate"],"picked":"Poisoned Stab+1","floor":45},{"not_picked":["Calculated Gamble+1","Acrobatics"],"picked":"Footwork","floor":47},{"not_picked":["Flying Knee+1","Well Laid Plans+1","Skewer"],"picked":"Singing Bowl","floor":48}],"player_experience":532936,"relics_obtained":[{"floor":7,"key":"Mercury Hourglass"},{"floor":9,"key":"Strawberry"},{"floor":11,"key":"Singing Bowl"},{"floor":26,"key":"Shovel"},{"floor":29,"key":"Vajra"},{"floor":40,"key":"Incense Burner"},{"floor":43,"key":"StrikeDummy"},{"floor":44,"key":"MealTicket"}],"event_choices":[{"damage_healed":25,"gold_gain":0,"player_choice":"Banana","damage_taken":0,"max_hp_gain":0,"max_hp_loss":0,"event_name":"Big Fish","floor":14,"gold_loss":0},{"damage_healed":0,"gold_gain":99,"player_choice":"Stole From Cult","damage_taken":0,"max_hp_gain":0,"max_hp_loss":0,"event_name":"Nest","floor":19,"gold_loss":0},{"cards_removed":["Strike_G"],"damage_healed":0,"gold_gain":0,"player_choice":"Gave Gold","damage_taken":0,"max_hp_gain":0,"max_hp_loss":0,"event_name":"Beggar","floor":22,"gold_loss":75},{"cards_removed":["Strike_G"],"damage_healed":0,"gold_gain":0,"player_choice":"Elegance","damage_taken":0,"max_hp_gain":0,"max_hp_loss":0,"event_name":"Back to Basics","floor":23,"gold_loss":0},{"damage_healed":0,"gold_gain":0,"player_choice":"Read","damage_taken":0,"max_hp_gain":0,"max_hp_loss":0,"event_name":"The Library","floor":28,"gold_loss":0,"cards_obtained":["Blade Dance"]},{"damage_healed":40,"gold_gain":0,"player_choice":"Full Heal","damage_taken":0,"max_hp_gain":0,"max_hp_loss":0,"event_name":"Wheel of Change","floor":31,"gold_loss":0},{"cards_removed":["Strike_G"],"damage_healed":0,"gold_gain":0,"player_choice":"Removed Attack","damage_taken":0,"max_hp_gain":0,"max_hp_loss":0,"event_name":"Falling","floor":37,"gold_loss":0},{"damage_healed":0,"gold_gain":0,"player_choice":"Memory 1","damage_taken":0,"max_hp_gain":0,"max_hp_loss":0,"event_name":"SensoryStone","floor":38,"gold_loss":0},{"damage_healed":0,"gold_gain":0,"player_choice":"Ignored","damage_taken":0,"max_hp_gain":0,"max_hp_loss":0,"event_name":"Mysterious Sphere","floor":42,"gold_loss":0}],"is_beta":false,"boss_relics":[{"not_picked":["Empty Cage","Sozu"],"picked":"Cursed Key"},{"not_picked":["SlaversCollar","Pandora\u0027s Box"],"picked":"Snecko Eye"}],"items_purged_floors":[25,36],"is_endless":false,"potions_floor_spawned":[2,4,12,13,16,21,30,35,39,40,47],"killed_by":"Time Eater","ascension_level":0}}