{"host":"hrvs05np4ys7itky","time":1612657132,"event":{"mods":["BaseMod","Colored Map","Colored Powertips","Downfall","Emptier Cage","Hermit","Highlight Path","Minty Spire (QoL Compilation)","Permanent Neow","Rare Cards Sparkle","Relic Stats","Replay The Spire","StSLib","everything is the same but u backflip on backflip"],"gold_per_floor":[16,36,36,53,53,53,84,84,109,126,142,142,142,174,174,248,248,263,263,273,16,33,33,67,67,67,67,96,111,143,154,154,154,154],"floor_reached":33,"language":"ENG","playtime":2248,"items_purged":[],"score":570,"play_id":"51588f77-b315-4d59-9d23-76a48b6a63d2","local_time":"20210206191852","is_ascension_mode":true,"campfire_choices":[{"data":"Flex","floor":6,"key":"SMITH"},{"floor":8,"key":"REST"},{"data":"Inflame","floor":12,"key":"SMITH"},{"data":"Rampage","floor":15,"key":"SMITH"},{"data":"Limit Break","floor":23,"key":"SMITH"},{"data":"Armaments","floor":25,"key":"SMITH"},{"floor":32,"key":"REST"}],"circlet_count":0,"master_deck":["AscendersBane","Defend_R","Defend_R","Defend_R","Bash+1","Shrug It Off+1","Shrug It Off","Flex+1","Headbutt","Inflame+1","Reaper","Doubt","Rampage+1","Limit Break+1","Warcry","Bite","Bite","Bite","Bite","Bite","Sword Boomerang","Shrug It Off","Armaments+1","ReplayTheSpireMod:Faulty Equipment","Pain","Rage","Shrug It Off+1","Rage"],"relics":["Burning Blood","ReplayTheSpireMod:TigerMarble","Blue Doll","ReplayTheSpireMod:Ring of Collecting","Ring of Fury","Replay:WaspNest","Cursed Key","Mummified Hand","MealTicket","ReplayTheSpireMod:Ring of Exchange","InkBottle","WarpedTongs","Unceasing Top","StrikeDummy"],"acts_visited":["Exordium","TheCity"],"potions_floor_usage":[7,11,22,30,31],"damage_taken":[{"damage":3,"enemies":"2 Louse","floor":1,"turns":3},{"damage":1,"enemies":"Small Slimes","floor":2,"turns":4},{"damage":0,"enemies":"Cultist","floor":4,"turns":4},{"damage":31,"enemies":"Gremlin Nob","floor":7,"turns":5},{"damage":0,"enemies":"Looter","floor":10,"turns":2},{"damage":11,"enemies":"Lots of Slimes","floor":11,"turns":5},{"damage":16,"enemies":"Replay:BlueRogue","floor":14,"turns":6},{"damage":65,"enemies":"Fading Forest","floor":16,"turns":11},{"damage":25,"enemies":"3 Byrds","floor":18,"turns":4},{"damage":25,"enemies":"2 Thieves","floor":20,"turns":4},{"damage":20,"enemies":"Chosen and Byrds","floor":22,"turns":3},{"damage":47,"enemies":"Book of Stabbing","floor":24,"turns":4},{"damage":10,"enemies":"Slavers","floor":28,"turns":2},{"damage":47,"enemies":"Shelled Parasite and Fungi","floor":29,"turns":5},{"damage":16,"enemies":"Replay:Snechameleon","floor":30,"turns":4},{"damage":17,"enemies":"Snake Plant","floor":31,"turns":3},{"damage":95,"enemies":"Collector","floor":33,"turns":9}],"seed_played":"8289462664998413747","potions_obtained":[{"floor":1,"key":"champ:CounterPotion"},{"floor":2,"key":"AttackPotion"},{"floor":20,"key":"AttackPotion"},{"floor":28,"key":"BlessingOfTheForge"},{"floor":30,"key":"ColorlessPotion"}],"is_trial":false,"path_per_floor":["M","M","?","M","?","R","E","R","T","M","M","R","?","E","R","B",null,"M","?","M","$","M","R","E","R","T","?","E","M","E","M","R","B"],"character_chosen":"IRONCLAD","items_purchased":["Mummified Hand"],"campfire_rested":2,"item_purchase_floors":[21],"current_hp_per_floor":[75,80,68,74,58,58,33,57,57,73,70,70,70,70,70,47,72,61,61,63,63,65,65,34,34,34,34,35,21,26,20,44,1,1],"gold":154,"neow_bonus":"REMOVE_TWO","is_daily":false,"chose_seed":false,"campfire_upgraded":5,"win_rate":0.0,"timestamp":1612657132,"path_taken":["M","M","?","M","?","R","E","R","T","M","M","R","?","E","R","BOSS","M","?","M","$","M","R","E","R","T","?","E","M","E","?","R","BOSS"],"items_purchased_type":["Relic"],"build_version":"2020-12-22","purchased_purges":0,"victory":false,"max_hp_per_floor":[80,80,80,80,80,80,80,80,80,80,80,80,80,80,80,80,80,80,80,80,80,80,80,80,80,80,80,80,80,80,80,80,80,80],"relic_stats":{"counters":[17,78],"Mummified Hand":[5],"MealTicket":0,"Cursed Key":1,"obtain_stats":[{"ReplayTheSpireMod:Ring of Exchange":26,"Blue Doll":7,"Replay:WaspNest":14,"Cursed Key":17,"Burning Blood":0,"WarpedTongs":27,"Blood Vial":9,"Mummified Hand":21,"ReplayTheSpireMod:Ring of Collecting":13,"Ring of Fury":13,"MealTicket":24,"ReplayTheSpireMod:TigerMarble":3,"StrikeDummy":30,"InkBottle":26,"Unceasing Top":28},{"ReplayTheSpireMod:Ring of Exchange":12,"Blue Doll":4,"Replay:WaspNest":7,"Cursed Key":8,"Burning Blood":0,"WarpedTongs":12,"Blood Vial":4,"Mummified Hand":10,"ReplayTheSpireMod:Ring of Collecting":6,"Ring of Fury":6,"MealTicket":12,"ReplayTheSpireMod:TigerMarble":2,"StrikeDummy":15,"InkBottle":12,"Unceasing Top":13},{"ReplayTheSpireMod:Ring of Exchange":55,"Blue Doll":16,"Replay:WaspNest":29,"Cursed Key":40,"Burning Blood":0,"WarpedTongs":55,"Blood Vial":16,"Mummified Hand":48,"ReplayTheSpireMod:Ring of Collecting":23,"Ring of Fury":23,"MealTicket":55,"ReplayTheSpireMod:TigerMarble":7,"StrikeDummy":66,"InkBottle":55,"Unceasing Top":57}],"Burning Blood":96,"InkBottle":[9],"Unceasing Top":[0],"WarpedTongs":[22]},"card_choices":[{"not_picked":["Reckless Charge","Power Through"],"picked":"Shrug It Off","floor":1},{"not_picked":["Ghostly Armor","Abandon"],"picked":"Shrug It Off","floor":2},{"not_picked":["Anger","True Grit"],"picked":"Flex","floor":4},{"not_picked":["Carnage","Abandon"],"picked":"Headbutt","floor":7},{"not_picked":["Metallicize","Iron Wave"],"picked":"Inflame","floor":10},{"not_picked":["ReplayTheSpireMod:Strike From Hell","Heavy Blade"],"picked":"Reaper","floor":11},{"not_picked":["Body Slam","Dropkick"],"picked":"Rampage","floor":14},{"not_picked":["Impervious","Demonic Infusion"],"picked":"Limit Break","floor":16},{"not_picked":["Pommel Strike","Thunderclap"],"picked":"Warcry","floor":18},{"not_picked":["Flex+1","Dark Embrace"],"picked":"Sword Boomerang","floor":20},{"not_picked":["Heavy Blade","Second Wind"],"picked":"Shrug It Off","floor":22},{"not_picked":["Sever Soul","Perfected Strike"],"picked":"Armaments","floor":24},{"not_picked":["Body Slam","Clash"],"picked":"Rage","floor":28},{"not_picked":["Cleave","Anger+1"],"picked":"Shrug It Off+1","floor":29},{"not_picked":["Sever Soul","Dual Wield","Carnage"],"picked":"SKIP","floor":30},{"not_picked":["Hemokinesis","Anger"],"picked":"Rage","floor":31}],"player_experience":1036644,"relics_obtained":[{"floor":7,"key":"Blue Doll"},{"floor":9,"key":"Blood Vial"},{"floor":13,"key":"ReplayTheSpireMod:Ring of Collecting"},{"floor":13,"key":"Ring of Fury"},{"floor":14,"key":"Replay:WaspNest"},{"floor":24,"key":"MealTicket"},{"floor":26,"key":"ReplayTheSpireMod:Ring of Exchange"},{"floor":26,"key":"InkBottle"},{"floor":28,"key":"Unceasing Top"},{"floor":30,"key":"StrikeDummy"}],"event_choices":[{"damage_healed":0,"gold_gain":0,"player_choice":"Success","damage_taken":12,"relics_obtained":["ReplayTheSpireMod:TigerMarble"],"max_hp_gain":0,"max_hp_loss":0,"event_name":"Scrap Ooze","floor":3,"gold_loss":0},{"damage_healed":0,"gold_gain":0,"player_choice":"Entered Light","damage_taken":16,"max_hp_gain":0,"max_hp_loss":0,"event_name":"Shining Light","floor":5,"gold_loss":0,"cards_upgraded":["Bash","Shrug It Off"]},{"damage_healed":0,"gold_gain":0,"player_choice":"Became a vampire (Vial)","damage_taken":0,"max_hp_gain":0,"max_hp_loss":0,"event_name":"Vampires","floor":19,"relics_lost":["Blood Vial"],"gold_loss":0,"cards_obtained":["Bite","Bite","Bite","Bite","Bite"]},{"damage_healed":0,"gold_gain":0,"player_choice":"Rummage","damage_taken":0,"relics_obtained":["WarpedTongs"],"max_hp_gain":0,"max_hp_loss":0,"event_name":"Accursed Blacksmith","floor":27,"gold_loss":0,"cards_obtained":["Pain"]}],"is_beta":false,"boss_relics":[{"not_picked":["Black Star","Fusion Hammer"],"picked":"Cursed Key"}],"items_purged_floors":[],"is_endless":false,"potions_floor_spawned":[1,2,4,20,28,30],"killed_by":"Collector","ascension_level":13}}