{"host":"9mz6x6ekz95y53i5","time":1612685887,"event":{"mods":["AchievementEnabler","BaseMod","Colored Map","Colored Powertips","Downfall","Energized Spire","Minty Spire (QoL Compilation)","Quick Restart","Reliquary","Replay The Spire","SIMod","Spicy Shops","StSLib","The Bug Knight","UnlockEverythingMod","Warlord Emblem","¡¾ÒÅÎï¿¨ÅÆ¡¿REMEMod"],"gold_per_floor":[16,26,45,64,14,14,14,14,86,98,128,128,128,147,147,147,147],"floor_reached":16,"language":"ZHS","playtime":603,"items_purged":[],"score":102,"play_id":"af01ba65-d0d6-42fc-8cb1-41ff0f380d3b","local_time":"20210207161807","is_ascension_mode":false,"campfire_choices":[{"data":"Adrenaline","floor":7,"key":"SMITH"},{"floor":12,"key":"RECALL"},{"data":"HollowMod:BaldurShell","floor":15,"key":"SMITH"}],"circlet_count":0,"master_deck":["HollowMod:NailStrikeStart","HollowMod:NailStrikeStart","HollowMod:QuickDashStart","HollowMod:FocusHealStart","HollowMod:PogoStrike","Adrenaline+1","HollowMod:HowlingWraiths","HollowMod:PureNailStrike","HollowMod:HowlingWraiths","HollowMod:CornifersMapStart","HollowMod:InfectedAttack","HollowMod:BaldurShell+1"],"relics":["HollowMod:VesselMask","REME_ComplimentaryCards","Gremlin Horn","Tiny Chest"],"acts_visited":["Exordium"],"potions_floor_usage":[11,16,16,16,16,16],"damage_taken":[{"damage":0,"enemies":"2 Louse","floor":1,"turns":2},{"damage":8,"enemies":"Jaw Worm","floor":2,"turns":3},{"damage":0,"enemies":"Cultist","floor":3,"turns":2},{"damage":11,"enemies":"Large Slime","floor":4,"turns":3},{"damage":0,"enemies":"2 Fungi Beasts","floor":10,"turns":1},{"damage":6,"enemies":"Gremlin Nob","floor":11,"turns":3},{"damage":3,"enemies":"3 Louse","floor":14,"turns":2},{"damage":55,"enemies":"The Guardian","floor":16,"turns":6}],"seed_played":"-2861668646325053118","potions_obtained":[{"floor":4,"key":"EntropicBrew"},{"floor":10,"key":"LiquidMemories"},{"floor":11,"key":"Energy Potion"},{"floor":14,"key":"FearPotion"}],"is_trial":false,"path_per_floor":["M","M","M","M","?","?","R","$","T","M","E","R","?","M","R","B"],"character_chosen":"THE_BUGKNIGHT","items_purchased":[],"campfire_rested":0,"item_purchase_floors":[],"current_hp_per_floor":[75,67,73,62,62,62,62,62,62,62,56,56,56,53,53,4,4],"gold":147,"neow_bonus":"REMOVE_TWO","is_daily":false,"chose_seed":false,"campfire_upgraded":2,"win_rate":0.0,"timestamp":1612685887,"path_taken":["M","M","M","M","?","?","R","$","T","?","E","R","?","M","R","BOSS"],"items_purchased_type":[],"build_version":"2020-12-22","purchased_purges":0,"victory":false,"max_hp_per_floor":[75,75,75,75,75,75,75,75,75,75,75,75,75,75,75,75,75],"card_choices":[{"not_picked":["HollowMod:CycloneSlash","HollowMod:SoulSplash"],"picked":"HollowMod:HowlingWraiths","floor":1},{"not_picked":["HollowMod:MawleksShell","HollowMod:AbyssShriek","HollowMod:NewJinnsSoul"],"picked":"SKIP","floor":2},{"not_picked":["HollowMod:SiblingsSouls","HollowMod:HeavyBlow"],"picked":"HollowMod:PureNailStrike","floor":3},{"not_picked":["HollowMod:ShadowDash","HollowMod:DescendingDark","HollowMod:VengefulVoid"],"picked":"SKIP","floor":4},{"not_picked":["HollowMod:BlackTendrils","HollowMod:FastStrike"],"picked":"HollowMod:HowlingWraiths","floor":10},{"not_picked":["HollowMod:MantisMark","HollowMod:SharpenedShadows"],"picked":"HollowMod:CornifersMapStart","floor":11},{"not_picked":["HollowMod:HeavyBlow","HollowMod:WraithStrike"],"picked":"HollowMod:BaldurShell","floor":14}],"player_experience":265818,"relics_obtained":[{"floor":9,"key":"Gremlin Horn"},{"floor":11,"key":"Tiny Chest"}],"event_choices":[{"cards_removed":["HollowMod:QuickDashStart"],"damage_healed":0,"gold_gain":0,"player_choice":"Card Removal","damage_taken":0,"max_hp_gain":0,"max_hp_loss":0,"event_name":"The Cleric","floor":5,"gold_loss":50},{"cards_removed":["HollowMod:NailStrikeStart"],"damage_healed":0,"gold_gain":0,"player_choice":"Offered Basic","damage_taken":0,"max_hp_gain":0,"max_hp_loss":0,"event_name":"Bonfire Elementals","floor":6,"gold_loss":0},{"damage_healed":0,"gold_gain":0,"cards_transformed":["HollowMod:QuickDashStart"],"player_choice":"Change","damage_taken":0,"max_hp_gain":0,"max_hp_loss":0,"event_name":"Living Wall","floor":13,"gold_loss":0,"cards_obtained":["HollowMod:InfectedAttack"]}],"is_beta":false,"boss_relics":[],"items_purged_floors":[],"is_endless":false,"potions_floor_spawned":[4,10,11,14],"killed_by":"The Guardian","ascension_level":0}}