{"host":"d73an99q9oevilk5","time":1612740667,"event":{"mods":["2.2 Compatiblity","AchievementEnabler","Act Like it!","Aspiration","BaseMod","Beaked The Cultist","Better Third Choice","BetterRewards","Colored Map","Colored Powertips","Conspire","Downfall","GifTheSpireLib","GungeonMod","Halation","Hubris","Infinite Spire","Marisa????????","Mimic Mod","Minty Spire (QoL Compilation)","Quick Restart","Relic Sorter","Reliquary","Replay The Spire","Shop Mod","Spikes Relics","StSLib","Stuff the Spire","The Cursed","The Necromancer","The Saiyan","Waifu the Spire","[IsaacMod]????","egg","slay the spire mod where everything is the same but ironclad has a cowboy hat"],"gold_per_floor":[199,215,7,23,69,103,103,116,116,131,131,31,66,82,94,192,192,192,211,211,211,227,247,271,271,271],"floor_reached":25,"language":"ENG","playtime":844,"items_purged":[],"score":238,"play_id":"7abd4db0-8e79-47ab-847b-a902d0981098","local_time":"20210207163107","is_ascension_mode":false,"campfire_choices":[{"data":"expansioncontent:DashGenerateEvil","floor":12,"key":"SMITH"},{"floor":18,"key":"RECALL"}],"circlet_count":0,"master_deck":["beaked:Strike_Y","beaked:Strike_Y","beaked:Strike_Y","beaked:Strike_Y","beaked:Strike_Y","beaked:Strike_Y","beaked:Defend_Y","beaked:Defend_Y","beaked:Defend_Y","beaked:Defend_Y","beaked:Ceremony","beaked:Ceremony","beaked:Ceremony","expansioncontent:DashGenerateEvil+1","beaked:Brace","beaked:Pecker","beaked:Negation","beaked:Tweet","beaked:ScreechingChant","beaked:MimicHuntress+1","beaked:Caw"],"relics":["beaked:MendingPlumage","hubris:Reverence","HushsDoor","SteamSale","conspire:DeflatedDodgeball","DemoMod:MonsterBlood","downfall:HeartBlessingGreen","aspiration:RitualDagger","StuffTheSpire:Mouthbags"],"acts_visited":["Exordium","TheCity"],"potions_floor_usage":[13,19,22,25,25],"damage_taken":[{"damage":0.0,"enemies":"conspire:RoseBush","floor":2.0,"turns":5.0},{"damage":5.0,"enemies":"downfall:FleeingMerchant","floor":3.0,"turns":4.0},{"damage":9.0,"enemies":"Jaw Worm","floor":4.0,"turns":4.0},{"damage":25,"enemies":"3 Sentries","floor":6,"turns":6},{"damage":4,"enemies":"2 Louse","floor":8,"turns":3},{"damage":13,"enemies":"Red Slaver","floor":10,"turns":4},{"damage":0,"enemies":"Gremlin Nob","floor":13,"turns":4},{"damage":6,"enemies":"Blue Slaver","floor":14,"turns":4},{"damage":8,"enemies":"conspire:2 RoseBushes","floor":15,"turns":6},{"damage":49,"enemies":"DF_ARCHETYPE_STREAMLINE","floor":16,"turns":9},{"damage":16,"enemies":"conspire:FuzzyDice","floor":19,"turns":5},{"damage":29,"enemies":"3 Byrds","floor":22,"turns":4},{"damage":41,"enemies":"conspire:HollyBat","floor":23,"turns":7},{"damage":78,"enemies":"Slavers","floor":25,"turns":3}],"seed_played":"-7197819321165026026","potions_obtained":[{"floor":6,"key":"sneckomod:MuddlingPotion"},{"floor":8,"key":"hexamod:SoulburnPotion"},{"floor":10,"key":"Block Potion"},{"floor":14,"key":"Flashbang"},{"floor":22,"key":"AttackPotion"}],"is_trial":false,"path_per_floor":["R_BF","M","$","M","?","E","T","M","?","M","?","R","E","M","M","B",null,"R_BF","M","?","?","M","M","T","E"],"character_chosen":"BEAKED_THE_CULTIST","items_purchased":["expansioncontent:DashGenerateEvil"],"campfire_rested":0,"item_purchase_floors":[3],"current_hp_per_floor":[55,55,55,48,33,21,28,30,36,33,33,33,41,43,48,23,62,62,49,34,34,12,57,57,0,0],"gold":271,"neow_bonus":"TEN_PERCENT_HP_BONUS","is_daily":false,"chose_seed":false,"campfire_upgraded":1,"win_rate":0.0,"timestamp":1612740667,"path_taken":["R_BF","M","$","M","?","E","T","M","?","?","?","R","E","?","M","BOSS","R_BF","M","?","?","M","M","T","E"],"items_purchased_type":["Card"],"build_version":"2020-12-22","purchased_purges":0,"victory":false,"max_hp_per_floor":[55,55,55,55,55,55,62,62,62,62,62,62,62,62,62,62,62,62,62,62,62,62,62,62,62,62],"card_choices":[{"not_picked":["beaked:Daydream","beaked:Brace"],"picked":"beaked:Caw","floor":2.0},{"not_picked":["beaked:TuckingFeathers","beaked:Redirect","beaked:Brace"],"picked":"SKIP","floor":3.0},{"not_picked":["beaked:Resilience","beaked:Redirect"],"picked":"beaked:Brace","floor":4.0},{"not_picked":["beaked:Poke","beaked:Flinch","beaked:Tweet"],"picked":"SKIP","floor":6},{"not_picked":["beaked:TuckingFeathers","beaked:Roost","beaked:DigDeeper"],"picked":"SKIP","floor":8},{"not_picked":["beaked:TuckingFeathers","beaked:DesperateSwing"],"picked":"beaked:Pecker","floor":10},{"not_picked":["beaked:DesperateSwing","beaked:Caw"],"picked":"beaked:Negation","floor":13},{"not_picked":["beaked:SurvivalInstinct","beaked:Cower","beaked:Brace"],"picked":"SKIP","floor":14},{"not_picked":["ReplayTheSpireMod:Prepare the Ceremony","beaked:Tradeoff"],"picked":"beaked:Tweet","floor":15},{"not_picked":["beaked:DarkTribute","beaked:ShadowFade"],"picked":"beaked:ScreechingChant","floor":16},{"not_picked":["beaked:Windmill","beaked:Poke","beaked:TuckingFeathers"],"picked":"SKIP","floor":19},{"not_picked":["beaked:Overpower+1","beaked:Insight"],"picked":"beaked:MimicHuntress+1","floor":22},{"not_picked":["beaked:SacrificialDive","beaked:Cower","beaked:Replenish+1"],"picked":"SKIP","floor":23}],"player_experience":1860002,"relics_obtained":[{"floor":6,"key":"conspire:DeflatedDodgeball"},{"floor":7,"key":"DemoMod:MonsterBlood"},{"floor":13,"key":"hubris:Reverence"},{"floor":24,"key":"StuffTheSpire:Mouthbags"}],"event_choices":[{"damage_healed":0,"gold_gain":0,"player_choice":"Disagree","damage_taken":0,"max_hp_gain":0,"max_hp_loss":0,"event_name":"conspire:LoneGhost","floor":11,"gold_loss":0}],"is_beta":false,"boss_relics":[{"not_picked":["hubris:GrandSneckoEye","bronze:MakeshiftBattery"],"picked":"aspiration:RitualDagger"},{"not_picked":[]}],"items_purged_floors":[],"is_endless":false,"potions_floor_spawned":[6,8,10,14,16,22],"killed_by":"Slavers","ascension_level":0}}