{"host":"6xsbn6ynqlzwllfm","time":1612717710,"event":{"mods":["2.2 Compatiblity","BaseMod","Bestiary","Colored Map","Colored Powertips","Curses Come First","Highlight Path","Keyboard Shortcuts","Minty Spire (QoL Compilation)","Relic Stats","Slay the Relics Exporter","StSLib","SuperFastMode"],"gold_per_floor":[111,30,30,30,40,70,85,120,147,147,173,11,11,27,27,27,27],"floor_reached":16,"language":"ENG","playtime":1004,"items_purged":[],"score":286,"play_id":"e2caab8f-a4af-4036-82b5-b37ad22210de","local_time":"20210207120830","is_ascension_mode":true,"campfire_choices":[{"data":"Defragment","floor":10,"key":"SMITH"},{"data":"Chill","floor":13,"key":"SMITH"},{"data":"Loop","floor":15,"key":"SMITH"}],"circlet_count":0,"master_deck":["AscendersBane","Strike_B","Strike_B","Strike_B","Defend_B","Defend_B","Defend_B","Defend_B","Zap","Dualcast","Chill+1","Defragment+1","Steam Power","Decay","Loop+1","Compile Driver","Sweeping Beam","Genetic Algorithm","Streamline"],"relics":["Cracked Core","NeowsBlessing","Strawberry","Potion Belt","Omamori","Kunai","Medical Kit"],"acts_visited":["Exordium"],"potions_floor_usage":[8,16],"damage_taken":[{"damage":0,"enemies":"Cultist","floor":1,"turns":1},{"damage":0,"enemies":"Jaw Worm","floor":5,"turns":1},{"damage":0,"enemies":"3 Sentries","floor":6,"turns":2},{"damage":0,"enemies":"2 Louse","floor":7,"turns":4},{"damage":35,"enemies":"Gremlin Nob","floor":8,"turns":4},{"damage":10,"enemies":"3 Sentries","floor":11,"turns":11},{"damage":4,"enemies":"Blue Slaver","floor":14,"turns":4},{"damage":34,"enemies":"The Guardian","floor":16,"turns":2}],"seed_played":"-4407498777562703200","potions_obtained":[{"floor":1,"key":"LiquidBronze"},{"floor":14,"key":"BlessingOfTheForge"}],"is_trial":false,"path_per_floor":["M","$","?","?","M","E","M","E","T","R","E","$","R","M","R","B"],"character_chosen":"DEFECT","items_purchased":["Defragment","Medical Kit"],"campfire_rested":0,"item_purchase_floors":[2,12],"current_hp_per_floor":[64,64,64,64,64,71,71,36,36,36,26,26,26,22,22,0,0],"gold":27,"neow_bonus":"THREE_ENEMY_KILL","is_daily":false,"chose_seed":false,"campfire_upgraded":3,"win_rate":0.0,"timestamp":1612717710,"path_taken":["M","$","?","?","?","E","M","E","T","R","E","$","R","M","R","BOSS"],"items_purchased_type":["Card","Relic"],"build_version":"2020-12-22","purchased_purges":0,"victory":false,"max_hp_per_floor":[71,71,71,71,71,78,78,78,78,78,78,78,78,78,78,78,78],"relic_stats":{"counters":[8,28],"Kunai":[1],"Medical Kit":[0],"obtain_stats":[{"Potion Belt":8,"NeowsBlessing":0,"Strawberry":6,"Omamori":9,"Kunai":11,"Cracked Core":0,"Medical Kit":12},{"Potion Belt":5,"NeowsBlessing":0,"Strawberry":3,"Omamori":5,"Kunai":6,"Cracked Core":0,"Medical Kit":6},{"Potion Belt":11,"NeowsBlessing":0,"Strawberry":3,"Omamori":11,"Kunai":22,"Cracked Core":0,"Medical Kit":22}]},"card_choices":[{"not_picked":["Hologram","Coolheaded"],"picked":"Chill","floor":1},{"not_picked":["Go for the Eyes","Steam"],"picked":"Loop","floor":5},{"not_picked":["Reprogram","Conserve Battery"],"picked":"Compile Driver","floor":6},{"not_picked":["Leap","Stack","Go for the Eyes"],"picked":"SKIP","floor":7},{"not_picked":["FTL","Conserve Battery"],"picked":"Sweeping Beam","floor":8},{"not_picked":["Coolheaded","Lockon"],"picked":"Genetic Algorithm","floor":11},{"not_picked":["Melter","Conserve Battery"],"picked":"Streamline","floor":14}],"player_experience":1389136,"relics_obtained":[{"floor":6,"key":"Strawberry"},{"floor":8,"key":"Potion Belt"},{"floor":9,"key":"Omamori"},{"floor":11,"key":"Kunai"}],"event_choices":[{"damage_healed":0,"gold_gain":0,"cards_transformed":["Strike_B"],"player_choice":"Change","damage_taken":0,"max_hp_gain":0,"max_hp_loss":0,"event_name":"Living Wall","floor":3,"gold_loss":0,"cards_obtained":["Steam Power"]},{"damage_healed":0,"gold_gain":0,"player_choice":"Cursed","damage_taken":0,"max_hp_gain":0,"max_hp_loss":0,"event_name":"Wheel of Change","floor":4,"gold_loss":0,"cards_obtained":["Decay"]}],"is_beta":false,"boss_relics":[],"items_purged_floors":[],"is_endless":false,"potions_floor_spawned":[1,14],"killed_by":"The Guardian","ascension_level":20}}