{"host":"x8s7139x96bc3le0","time":1612702353,"event":{"mods":["AchievementEnabler","BaseMod","Bestiary","Minty Spire (QoL Compilation)","Relic Stats","ojb\u0027s Better Paths Mod","ojb\u0027s Info Mod"],"gold_per_floor":[215,228,238,4,4,35,45,71,94,94,108,127,142,142,142,239,239,258,273,90,108,108,108,141,141,141],"floor_reached":25,"language":"ENG","playtime":2325,"items_purged":[],"score":317,"play_id":"c1b0ec8c-8cf4-4903-9478-4509382e4fe1","local_time":"20210207135233","is_ascension_mode":true,"campfire_choices":[{"floor":10,"key":"REST"},{"data":"Noxious Fumes","floor":15,"key":"SMITH"},{"floor":23,"key":"REST"}],"circlet_count":0,"master_deck":["Survivor","Neutralize","Leg Sweep","Flying Knee","Quick Slash","Reflex","Dagger Throw","Grand Finale","Noxious Fumes+1","Poisoned Stab","Well Laid Plans","Dagger Spray","Blade Dance","Phantasmal Killer","Slice","Glass Knife","Escape Plan","PiercingWail","Quick Slash","Calculated Gamble","Endless Agony","Slice","Masterful Stab","Catalyst","Leg Sweep","Wraith Form v2","Distraction","Cloak And Dagger+1","Deflect+1","Calculated Gamble+1"],"relics":["Ring of the Snake","Frozen Eye","Dream Catcher","War Paint","Toy Ornithopter","Pandora\u0027s Box","Juzu Bracelet"],"acts_visited":["Exordium","TheCity"],"potions_floor_usage":[11,13,13,16,16,25],"damage_taken":[{"damage":0,"enemies":"2 Louse","floor":1,"turns":4},{"damage":0,"enemies":"Cultist","floor":2,"turns":6},{"damage":1,"enemies":"Jaw Worm","floor":3,"turns":4},{"damage":15,"enemies":"Lagavulin","floor":6,"turns":8},{"damage":12,"enemies":"3 Louse","floor":7,"turns":5},{"damage":34,"enemies":"3 Sentries","floor":8,"turns":10},{"damage":15,"enemies":"Lots of Slimes","floor":11,"turns":3},{"damage":3,"enemies":"Looter","floor":12,"turns":4},{"damage":8,"enemies":"Large Slime","floor":13,"turns":6},{"damage":38,"enemies":"Slime Boss","floor":16,"turns":12},{"damage":6,"enemies":"3 Byrds","floor":18,"turns":3},{"damage":4,"enemies":"Chosen","floor":19,"turns":4},{"damage":13,"enemies":"Centurion and Healer","floor":21,"turns":8},{"damage":21,"enemies":"Slavers","floor":24,"turns":6},{"damage":49,"enemies":"Shelled Parasite and Fungi","floor":25,"turns":9}],"seed_played":"3432616481864139444","potions_obtained":[{"floor":7,"key":"SkillPotion"},{"floor":8,"key":"LiquidMemories"},{"floor":11,"key":"Swift Potion"},{"floor":12,"key":"Fire Potion"},{"floor":13,"key":"EssenceOfSteel"},{"floor":24,"key":"BlessingOfTheForge"}],"is_trial":false,"path_per_floor":["M","M","M","$","?","E","M","E","T","R","M","M","M","?","R","B",null,"M","M","$","M","?","R","E","M"],"character_chosen":"THE_SILENT","items_purchased":["Frozen Eye","Reflex","Dagger Throw","Wraith Form v2","Distraction"],"campfire_rested":2,"item_purchase_floors":[4,4,4,20,20],"current_hp_per_floor":[63,63,62,62,62,47,35,1,1,22,12,9,11,34,34,6,54,48,44,44,31,31,52,31,0,0],"gold":141,"neow_bonus":"HUNDRED_GOLD","is_daily":false,"chose_seed":false,"campfire_upgraded":1,"win_rate":0.0,"timestamp":1612702353,"path_taken":["M","M","M","$","?","E","M","E","T","R","M","M","?","?","R","BOSS","M","M","$","M","?","R","E","M"],"items_purchased_type":["Relic","Card","Card","Card","Card"],"build_version":"2020-12-22","purchased_purges":0,"victory":false,"max_hp_per_floor":[70,70,70,70,70,70,70,70,70,70,70,70,70,70,70,70,70,70,70,70,70,70,70,70,70,70],"relic_stats":{"Dream Catcher":2,"counters":[15,92],"Pandora\u0027s Box":["Slice","Glass Knife","Flying Knee","Escape Plan","PiercingWail","Quick Slash","Calculated Gamble","Endless Agony","Slice","Masterful Stab"],"Juzu Bracelet":0,"War Paint":["Defend_G","Defend_G"],"obtain_stats":[{"Frozen Eye":4,"Dream Catcher":6,"Pandora\u0027s Box":17,"Juzu Bracelet":24,"War Paint":8,"Toy Ornithopter":9,"Ring of the Snake":0},{"Frozen Eye":3,"Dream Catcher":4,"Pandora\u0027s Box":10,"Juzu Bracelet":14,"War Paint":6,"Toy Ornithopter":6,"Ring of the Snake":0},{"Frozen Eye":14,"Dream Catcher":22,"Pandora\u0027s Box":62,"Juzu Bracelet":83,"War Paint":37,"Toy Ornithopter":37,"Ring of the Snake":0}],"Toy Ornithopter":30,"Ring of the Snake":[31]},"card_choices":[{"not_picked":["Prepared","Acrobatics"],"picked":"Leg Sweep","floor":1},{"not_picked":["Bane","Deadly Poison"],"picked":"Flying Knee","floor":2},{"not_picked":["Sucker Punch","Deflect"],"picked":"Quick Slash","floor":3},{"not_picked":["Prepared","Well Laid Plans"],"picked":"Grand Finale","floor":6},{"not_picked":["Outmaneuver","Blade Dance"],"picked":"Noxious Fumes","floor":7},{"not_picked":["Dodge and Roll","Finisher"],"picked":"Poisoned Stab","floor":8},{"not_picked":["Poisoned Stab","Escape Plan"],"picked":"Well Laid Plans","floor":10},{"not_picked":["Endless Agony","Dagger Throw","Dodge and Roll"],"picked":"SKIP","floor":11},{"not_picked":["Cloak And Dagger","Backflip"],"picked":"Dagger Spray","floor":12},{"not_picked":["A Thousand Cuts","PiercingWail"],"picked":"Blade Dance","floor":13},{"not_picked":["Glass Knife","A Thousand Cuts"],"picked":"Phantasmal Killer","floor":16},{"not_picked":["Sucker Punch+1","PiercingWail"],"picked":"Catalyst","floor":18},{"not_picked":["Noxious Fumes","Quick Slash+1"],"picked":"Leg Sweep","floor":19},{"not_picked":["Expertise","Quick Slash"],"picked":"Cloak And Dagger+1","floor":21},{"not_picked":["Sucker Punch","Blade Dance"],"picked":"Deflect+1","floor":23},{"not_picked":["Dagger Spray","Catalyst"],"picked":"Calculated Gamble+1","floor":24}],"player_experience":837769,"relics_obtained":[{"floor":6,"key":"Dream Catcher"},{"floor":8,"key":"War Paint"},{"floor":9,"key":"Toy Ornithopter"},{"floor":24,"key":"Juzu Bracelet"}],"event_choices":[{"damage_healed":0,"gold_gain":0,"player_choice":"0 cards matched","damage_taken":0,"max_hp_gain":0,"max_hp_loss":0,"event_name":"Match and Keep!","floor":5,"gold_loss":0,"cards_obtained":[]},{"damage_healed":23,"gold_gain":0,"player_choice":"Banana","damage_taken":0,"max_hp_gain":0,"max_hp_loss":0,"event_name":"Big Fish","floor":14,"gold_loss":0},{"cards_removed":["Flying Knee"],"damage_healed":0,"gold_gain":0,"player_choice":"Elegance","damage_taken":0,"max_hp_gain":0,"max_hp_loss":0,"event_name":"Back to Basics","floor":22,"gold_loss":0}],"is_beta":false,"boss_relics":[{"not_picked":["Philosopher\u0027s Stone","Cursed Key"],"picked":"Pandora\u0027s Box"}],"items_purged_floors":[],"is_endless":false,"potions_floor_spawned":[7,8,11,12,13,24],"killed_by":"Shelled Parasite and Fungi","ascension_level":7}}