{"host":"dmtlrev5pkc1867p","time":1612663913,"event":{"mods":["BaseMod","Colored Map","Downfall","Hermit","Marisa¡]Ãú«B¡@Å]²z¨F¡^","Minty Spire (QoL Compilation)","Replay The Spire","StSLib","SuperFastMode","The Cursed","The Disciple","The Necromancer","The Runesmith","The Servant 0.9.4"],"gold_per_floor":[99,111,46,66,66,341,341,353,353,367,161,191,207,226,26,129,129,143,162,179,179,179],"floor_reached":21,"language":"ZHS","playtime":1049,"items_purged":["Regret"],"score":192,"play_id":"327b5362-ad72-4703-8289-0920e86bdba3","local_time":"20210207101153","is_ascension_mode":true,"campfire_choices":[{"floor":1.0,"key":"RECALL"},{"floor":15.0,"key":"REST"}],"circlet_count":0,"master_deck":["Strike_W","Strike_W","Strike_W","Strike_W","Defend_W","Defend_W","Defend_W","Defend_W","Negative_Energy_Arrows","Bone_Wall","Skeleton_Dragon","Death_March_Dance","Summon_Undead_Army","Vampiric_Strike","Negative_Energy_Sphere","Stop_Heart","Necrotic_Claws","Shackles_Of_Pain","Summon_Undead_Army","Spectral_Armor","Exploit","Bones_to_Steel","Necrotic_Claws","Summon_Vampire_Lady","Wraith","downfall:Aged","downfall:Aged","Scare","Negative_Energy_Javelin+1","Deaths_Shadow+1"],"relics":["Vampire_Amulet","Pen Nib","Mango","Kunai","downfall:HeartBlessingRed","downfall:HeartBlessingGreen","Replay:Ancient Bell","Replay:Baseball","Blue Candle","Shovel"],"acts_visited":["TheCity"],"potions_floor_usage":[21,21],"damage_taken":[{"damage":0.0,"enemies":"Jaw Worm","floor":2.0,"turns":5.0},{"damage":0.0,"enemies":"downfall:FleeingMerchant","floor":3.0,"turns":4.0},{"damage":1.0,"enemies":"2 Louse","floor":4.0,"turns":3.0},{"damage":7.0,"enemies":"Cultist","floor":8.0,"turns":5.0},{"damage":9.0,"enemies":"Blue Slaver","floor":10.0,"turns":3.0},{"damage":2.0,"enemies":"downfall:FleeingMerchant","floor":11.0,"turns":4.0},{"damage":18.0,"enemies":"Replay:BlueRogue","floor":12.0,"turns":5.0},{"damage":22.0,"enemies":"Exordium Thugs","floor":13.0,"turns":5.0},{"damage":1.0,"enemies":"Exordium Wildlife","floor":14.0,"turns":3.0},{"damage":9.0,"enemies":"SI_SHIV_ARCHETYPE","floor":16.0,"turns":5.0},{"damage":18.0,"enemies":"Chosen","floor":18.0,"turns":5.0},{"damage":28.0,"enemies":"Snake Plant","floor":19.0,"turns":3.0},{"damage":25.0,"enemies":"Centurion and Healer","floor":20.0,"turns":5.0},{"damage":8,"enemies":"3 Cultists","floor":21,"turns":3}],"seed_played":"-7674935268499826155","potions_obtained":[{"floor":4.0,"key":"Fire Potion"},{"floor":12.0,"key":"CultistPotion"},{"floor":13.0,"key":"Weak Potion"},{"floor":14.0,"key":"SkillPotion"},{"floor":16.0,"key":"Dexterity Potion"},{"floor":18.0,"key":"Guardian:BlockOnCardUsePotion"},{"floor":20.0,"key":"DuplicationPotion"}],"is_trial":false,"path_per_floor":["R","M","$","M","?","?","T","M","?","M","$","E","M","M","R","B",null,"M","M","M","M"],"character_chosen":"NECROMANCER","items_purchased":["Vampiric_Strike","Summon_Undead_Army","Spectral_Armor"],"campfire_rested":1,"item_purchase_floors":[3,11,11],"current_hp_per_floor":[75,75,75,75,50,50,64,61,61,56,56,40,24,27,53,46,89,73,47,28,20,20],"gold":179,"neow_bonus":"ONE_RANDOM_RARE_CARD","is_daily":false,"chose_seed":false,"campfire_upgraded":0,"win_rate":0.0,"timestamp":1612663913,"path_taken":["R","M","$","M","?","?","T","?","?","M","?","E","M","M","R","BOSS","M","M","M","M"],"items_purchased_type":["Card","Card","Card"],"build_version":"2020-12-22","purchased_purges":1,"victory":false,"max_hp_per_floor":[75,75,75,75,75,75,89,89,89,89,89,89,89,89,89,89,89,89,89,89,89,89],"card_choices":[{"not_picked":["Blood_Whip","Bone_Spikes"],"picked":"Death_March_Dance","floor":2.0},{"not_picked":["Slay_Living","Chill_Blood"],"picked":"Summon_Undead_Army","floor":3.0},{"not_picked":["Blood_Whip","Blood_Curse"],"picked":"Negative_Energy_Sphere","floor":4.0},{"not_picked":["Vampiric_Strike","Negative_Energy_Javelin"],"picked":"Stop_Heart","floor":8.0},{"not_picked":["Skeleton_Dragon","Toxic_Smoke_Screen"],"picked":"Necrotic_Claws","floor":10.0},{"not_picked":["Bone_Shift","Negative_Energy_Mist"],"picked":"Shackles_Of_Pain","floor":11.0},{"not_picked":["Vampiric_Strike","Negative_Energy_Shield"],"picked":"Exploit","floor":12.0},{"not_picked":["Death_Coil","Blood_Whip"],"picked":"Bones_to_Steel","floor":13.0},{"not_picked":["Consume_Illness","Blood_Whip"],"picked":"Necrotic_Claws","floor":14.0},{"not_picked":["Blood_Wake","Detonate_Bones"],"picked":"Summon_Vampire_Lady","floor":16.0},{"not_picked":["downfall:Icky","SwitchConfidence"],"picked":"Wraith","floor":17.0},{"not_picked":["Overencumbered","Writhe"],"picked":"downfall:Aged","floor":17.0},{"not_picked":["ReplayTheSpireMod:Faulty Equipment","Normality"],"picked":"downfall:Aged","floor":17.0},{"not_picked":["Death_Coil","Blood_Curse"],"picked":"Scare","floor":18.0},{"not_picked":["Finger_Of_Death","Strike_from_Beyond"],"picked":"Negative_Energy_Javelin+1","floor":19.0},{"not_picked":["Negative_Energy_Mist","Blood_Shield"],"picked":"Deaths_Shadow+1","floor":20.0}],"player_experience":619861,"relics_obtained":[{"floor":7.0,"key":"Mango"},{"floor":12.0,"key":"Kunai"}],"event_choices":[{"damage_healed":0.0,"max_hp_gain":0.0,"max_hp_loss":0.0,"gold_gain":0.0,"event_name":"Scrap Ooze","player_choice":"Success","floor":5.0,"gold_loss":0.0,"damage_taken":25.0,"relics_obtained":["Pen Nib"]}],"is_beta":false,"boss_relics":[{"not_picked":["Pandora\u0027s Box","Replay:Wanted Poster"],"picked":"Replay:Ancient Bell"},{"not_picked":["ReplayTheSpireMod:TigerMarble","ReplayFunnel"],"picked":"Replay:Baseball"},{"not_picked":["Question Card","Quantum Egg"],"picked":"Blue Candle"},{"not_picked":["Lizard Tail","Peace Pipe"],"picked":"Shovel"}],"items_purged_floors":[11],"is_endless":false,"potions_floor_spawned":[4,12,13,14,16,18,20],"killed_by":"3 Cultists","ascension_level":1}}