{"host":"w6q69c5vmy05l1mm","time":1612694096,"event":{"mods":["BaseMod","Better Third Choice","Colored Map","Colored Powertips","Minty Spire (QoL Compilation)","Replay The Spire","StSLib"],"gold_per_floor":[212,231,245,259,272,272,287,287,313,331,362,362,389,389,389,389,389],"floor_reached":16,"language":"ENG","playtime":643,"items_purged":[],"score":188,"play_id":"5bcc97f0-2bfc-405a-83c0-fc63e24071e0","local_time":"20210207123456","is_ascension_mode":true,"campfire_choices":[{"floor":6,"key":"REST"},{"floor":8,"key":"REST"},{"floor":12,"key":"REST"},{"data":"Bouncing Flask","floor":15,"key":"SMITH"}],"circlet_count":0,"master_deck":["AscendersBane","Strike_G","Strike_G","Strike_G","Strike_G","Strike_G","Defend_G","Defend_G","Defend_G","Defend_G","Defend_G","Survivor","Neutralize","Blade Dance","Cloak And Dagger","Sucker Punch","Bouncing Flask+1","Cloak And Dagger","Deadly Poison","Flying Knee","Dagger Spray","Poison Darts","Parasite"],"relics":["Ring of the Snake","Anchor","Onion Ring","Tiny Chest"],"acts_visited":["Exordium"],"potions_floor_usage":[13],"damage_taken":[{"damage":0,"enemies":"Cultist","floor":1,"turns":4},{"damage":1,"enemies":"2 Louse","floor":2,"turns":3},{"damage":13,"enemies":"Small Slimes","floor":3,"turns":4},{"damage":14,"enemies":"Exordium Thugs","floor":4,"turns":5},{"damage":6,"enemies":"Looter","floor":5,"turns":3},{"damage":18,"enemies":"3 Louse","floor":7,"turns":3},{"damage":6,"enemies":"Exordium Wildlife","floor":10,"turns":4},{"damage":18,"enemies":"Lagavulin","floor":11,"turns":6},{"damage":24,"enemies":"3 Sentries","floor":13,"turns":7},{"damage":44,"enemies":"The Guardian","floor":16,"turns":7}],"seed_played":"194327325437263628","potions_obtained":[{"floor":3,"key":"Languid Potion"},{"floor":5,"key":"Weak Potion"},{"floor":10,"key":"Dexterity Potion"},{"floor":11,"key":"PowerPotion"}],"is_trial":false,"path_per_floor":["M","M","M","M","M","R","M","R","T","M","E","R","E","?","R","B"],"character_chosen":"THE_SILENT","items_purchased":[],"campfire_rested":3,"item_purchase_floors":[],"current_hp_per_floor":[63,62,49,35,29,50,32,53,53,47,29,50,26,43,43,0,0],"gold":389,"neow_bonus":"HUNDRED_GOLD","is_daily":false,"chose_seed":false,"campfire_upgraded":1,"win_rate":0.0,"timestamp":1612694096,"path_taken":["M","M","M","?","M","R","M","R","T","M","E","R","E","?","R","BOSS"],"items_purchased_type":[],"build_version":"2020-12-22","purchased_purges":0,"victory":false,"max_hp_per_floor":[70,70,70,70,70,70,70,70,70,70,70,70,70,70,70,70,70],"card_choices":[{"not_picked":["Accuracy","Outmaneuver"],"picked":"Blade Dance","floor":1},{"not_picked":["Outmaneuver","Leg Sweep"],"picked":"Cloak And Dagger","floor":2},{"not_picked":["Dodge and Roll","Prepared"],"picked":"Sucker Punch","floor":3},{"not_picked":["Acrobatics","Quick Slash"],"picked":"Bouncing Flask","floor":4},{"not_picked":["Caltrops","Prepared"],"picked":"Cloak And Dagger","floor":5},{"not_picked":["Finisher","Prepared"],"picked":"Deadly Poison","floor":7},{"not_picked":["Distraction","ReplayTheSpireMod:Shiv Toss"],"picked":"Flying Knee","floor":10},{"not_picked":["Outmaneuver","Expertise"],"picked":"Dagger Spray","floor":11},{"not_picked":["Distraction","Setup"],"picked":"Poison Darts","floor":13}],"player_experience":400988,"relics_obtained":[{"floor":9,"key":"Anchor"},{"floor":11,"key":"Onion Ring"},{"floor":13,"key":"Tiny Chest"}],"event_choices":[{"damage_healed":17,"gold_gain":0,"player_choice":"Healed and dodged fight","damage_taken":0,"max_hp_gain":0,"max_hp_loss":0,"event_name":"Mushrooms","floor":14,"gold_loss":0,"cards_obtained":["Parasite"]}],"is_beta":false,"boss_relics":[],"items_purged_floors":[],"is_endless":false,"potions_floor_spawned":[3,5,10,11],"killed_by":"The Guardian","ascension_level":13}}