{"host":"1mv6gj0zv8k9e9tz","time":1612693769,"event":{"mods":["AchievementEnabler","BaseMod","Better Third Choice","Colored Map","DeckTracker","Highlight Path","KOR Keyword Fix","Keyboard Shortcuts","Minty Spire (QoL Compilation)","Permanent Neow","Quick Restart","Rare Cards Sparkle","StSLib","SuperFastMode","everything is the same but u backflip on backflip"],"gold_per_floor":[117,117,135,147,147,147,182,182,205,222,222,222,241,253,253,253,253],"floor_reached":16,"language":"KOR","playtime":313,"items_purged":[],"score":194,"play_id":"15850342-61c9-47e2-949b-6bdc6a208cfb","local_time":"20210207192929","is_ascension_mode":true,"campfire_choices":[{"data":"Zap","floor":6.0,"key":"SMITH"},{"data":"Defragment","floor":8.0,"key":"SMITH"},{"floor":12,"key":"REST"},{"data":"Dualcast","floor":15,"key":"SMITH"}],"circlet_count":0,"master_deck":["AscendersBane","Strike_B","Strike_B","Strike_B","Strike_B","Defend_B","Defend_B","Defend_B","Zap+1","Dualcast+1","Echo Form","Defragment+1","Hologram","Static Discharge","Ball Lightning"],"relics":["Cracked Core","Oddly Smooth Stone","Potion Belt"],"acts_visited":["Exordium"],"potions_floor_usage":[10],"damage_taken":[{"damage":9.0,"enemies":"2 Louse","floor":1.0,"turns":3.0},{"damage":4.0,"enemies":"Jaw Worm","floor":3.0,"turns":5.0},{"damage":1.0,"enemies":"Cultist","floor":4.0,"turns":3.0},{"damage":22.0,"enemies":"3 Sentries","floor":7.0,"turns":4.0},{"damage":8,"enemies":"Lots of Slimes","floor":10,"turns":3},{"damage":15,"enemies":"Blue Slaver","floor":13,"turns":3},{"damage":6,"enemies":"Exordium Thugs","floor":14,"turns":3},{"damage":0,"enemies":"Hexaghost","floor":16,"turns":3}],"seed_played":"-1427818669670667087","potions_obtained":[{"floor":3.0,"key":"Fire Potion"},{"floor":4.0,"key":"DistilledChaos"},{"floor":7.0,"key":"SteroidPotion"},{"floor":10,"key":"Strength Potion"}],"is_trial":false,"path_per_floor":["M","?","M","M","?","R","E","R","T","M","?","R","M","M","R","B"],"character_chosen":"DEFECT","items_purchased":[],"campfire_rested":1,"item_purchase_floors":[],"current_hp_per_floor":[55,55,51,50,43,43,21,21,21,13,8,27,12,6,6,6,6],"gold":253,"neow_bonus":"THREE_RARE_CARDS","is_daily":false,"chose_seed":false,"campfire_upgraded":3,"win_rate":0.0,"timestamp":1612693769,"path_taken":["M","?","M","M","?","R","E","R","T","?","?","R","M","M","R","BOSS"],"items_purchased_type":[],"build_version":"2020-12-22","purchased_purges":0,"victory":false,"max_hp_per_floor":[64,64,64,64,64,64,64,64,64,64,64,64,64,64,64,64,64],"card_choices":[{"not_picked":["Amplify","Creative AI"],"picked":"Echo Form","floor":0.0},{"not_picked":["Cold Snap","BootSequence"],"picked":"Defragment","floor":1.0},{"not_picked":["Redo","Turbo"],"picked":"Hologram","floor":3.0},{"not_picked":["Undo","Aggregate","Beam Cell"],"picked":"SKIP","floor":4.0},{"not_picked":["Lockon","Hello World"],"picked":"Static Discharge","floor":7.0},{"not_picked":["Hologram","Leap"],"picked":"Ball Lightning","floor":10},{"not_picked":["Streamline","Reprogram","Amplify"],"picked":"SKIP","floor":13},{"not_picked":["Sunder","Aggregate","Hologram"],"picked":"SKIP","floor":14}],"player_experience":635401,"relics_obtained":[{"floor":7.0,"key":"Oddly Smooth Stone"}],"event_choices":[{"damage_healed":0.0,"max_hp_gain":0.0,"max_hp_loss":0.0,"gold_gain":0.0,"event_name":"betterThird:BetterSerpent","player_choice":"Ignored","floor":2.0,"gold_loss":0.0,"damage_taken":117.0},{"cards_removed":["Defend_B"],"damage_healed":0.0,"max_hp_gain":0.0,"max_hp_loss":0.0,"gold_gain":0.0,"event_name":"Golden Wing","player_choice":"Card Removal","floor":5.0,"gold_loss":0.0,"damage_taken":7.0},{"damage_healed":0,"gold_gain":0,"player_choice":"Relic ","damage_taken":5,"max_hp_gain":0,"max_hp_loss":0,"event_name":"betterThird:BetterScrap","floor":11,"gold_loss":0,"cards_obtained":["SandsOfTime"]}],"is_beta":false,"boss_relics":[],"items_purged_floors":[],"is_endless":false,"potions_floor_spawned":[3,4,7,10],"killed_by":"Hexaghost","ascension_level":18}}