{"host":"j7koecyuyeg298fi","time":1612720144,"event":{"mods":["BaseMod","Minty Spire (QoL Compilation)"],"gold_per_floor":[360,285,299,32,32,32,62,62,109,139,155,155,155,155,155,257,257,277,277,287,287,212,239,239,254,281,291,291,271,271,271,271,367,367,378,393,160,35,85,85,97,97,124,124,124,124,124],"floor_reached":46,"language":"ENG","playtime":4079,"items_purged":["Defend_G","Strike_G","Endless Agony","Glass Knife"],"score":455,"play_id":"88cf2418-f29c-4fff-8fd9-005100e04234","local_time":"20210207194904","is_ascension_mode":false,"campfire_choices":[{"floor":6,"key":"REST"},{"data":"Footwork","floor":8,"key":"SMITH"},{"data":"Acrobatics","floor":12,"key":"SMITH"},{"floor":15,"key":"REST"},{"floor":24,"key":"REST"},{"floor":32,"key":"REST"},{"floor":44,"key":"REST"}],"circlet_count":0,"master_deck":["Survivor","Neutralize+1","Blur","Footwork+1","Noxious Fumes","Discovery","Quick Slash","Acrobatics+1","Infinite Blades","Flying Knee","Calculated Gamble","Setup","Deadly Poison","Noxious Fumes+1","Adrenaline","Blur","Die Die Die","Deadly Poison+1","Well Laid Plans+1","Accuracy+1","Blur","Cloak And Dagger","PanicButton"],"relics":["Ring of the Snake","CaptainsWheel","Smiling Mask","Black Star","Frozen Egg 2","Juzu Bracelet","Bag of Preparation","Pandora\u0027s Box","Pen Nib","Pocketwatch","Anchor"],"acts_visited":["Exordium","TheCity","TheBeyond"],"potions_floor_usage":[16,33,33,33,46],"damage_taken":[{"damage":0,"enemies":"Small Slimes","floor":1,"turns":4},{"damage":1,"enemies":"2 Louse","floor":3,"turns":4},{"damage":14,"enemies":"Lagavulin","floor":7,"turns":7},{"damage":0,"enemies":"Cultist","floor":11,"turns":5},{"damage":5,"enemies":"Slime Boss","floor":16,"turns":12},{"damage":3,"enemies":"Chosen","floor":18,"turns":7},{"damage":6,"enemies":"3 Byrds","floor":20,"turns":5},{"damage":55,"enemies":"Gremlin Leader","floor":23,"turns":11},{"damage":13,"enemies":"Snake Plant","floor":25,"turns":9},{"damage":9,"enemies":"Centurion and Healer","floor":27,"turns":9},{"damage":22,"enemies":"Collector","floor":33,"turns":9},{"damage":0,"enemies":"3 Shapes","floor":35,"turns":5},{"damage":23,"enemies":"Orb Walker","floor":36,"turns":6},{"damage":8,"enemies":"Mind Bloom Boss Battle","floor":39,"turns":9},{"damage":19,"enemies":"Sphere and 2 Shapes","floor":41,"turns":5},{"damage":42,"enemies":"Reptomancer","floor":46,"turns":6}],"seed_played":"-1014268723674146450","potions_obtained":[{"floor":7,"key":"Swift Potion"},{"floor":23,"key":"SneckoOil"},{"floor":27,"key":"Fire Potion"},{"floor":29,"key":"DuplicationPotion"},{"floor":31,"key":"DistilledChaos"},{"floor":31,"key":"SpeedPotion"},{"floor":36,"key":"Dexterity Potion"}],"is_trial":false,"path_per_floor":["M","$","M","$","?","R","E","R","T","?","M","R","?","?","R","B",null,"M","?","M","?","?","E","R","M","T","M","?","?","?","?","R","B",null,"M","M","$","$","?","?","M","?","T","R","?","E"],"character_chosen":"THE_SILENT","items_purchased":["Noxious Fumes","Discovery","Accuracy+1","Pen Nib","Blur"],"campfire_rested":5,"item_purchase_floors":[4,4,37,37,38],"current_hp_per_floor":[49,49,48,48,34,55,41,41,41,41,41,41,34,34,55,50,70,67,67,61,61,61,6,27,14,14,5,5,5,5,5,26,4,70,70,47,47,47,39,39,20,20,20,41,41,0,0],"gold":124,"neow_bonus":"TWO_FIFTY_GOLD","is_daily":false,"chose_seed":false,"campfire_upgraded":2,"win_rate":0.0,"timestamp":1612720144,"path_taken":["M","$","M","$","?","R","E","R","T","?","M","R","?","?","R","BOSS","M","?","?","?","?","E","R","M","T","M","?","?","?","?","R","BOSS","M","M","?","$","?","?","M","?","T","R","?","E"],"items_purchased_type":["Card","Card","Card","Relic","Card"],"build_version":"2020-12-22","purchased_purges":4,"victory":false,"max_hp_per_floor":[70,70,70,70,70,70,70,70,70,70,70,70,70,70,70,70,70,70,70,70,70,70,70,70,70,70,70,70,70,70,70,70,70,70,70,70,70,70,70,70,70,70,70,70,70,70,70],"card_choices":[{"not_picked":["Cloak And Dagger","Leg Sweep"],"picked":"Blur","floor":1},{"not_picked":["PiercingWail","Blade Dance"],"picked":"Footwork","floor":3},{"not_picked":["Bane","Adrenaline"],"picked":"Quick Slash","floor":7},{"not_picked":["Reflex","Dagger Spray"],"picked":"Acrobatics","floor":11},{"not_picked":["Bullet Time","Storm of Steel"],"picked":"A Thousand Cuts","floor":16},{"not_picked":["Slice+1","Bane"],"picked":"Infinite Blades","floor":18},{"not_picked":["Bane","Predator"],"picked":"Flying Knee","floor":20},{"not_picked":["Predator","Endless Agony"],"picked":"Setup","floor":23},{"not_picked":["Backstab+1","Escape Plan"],"picked":"Deadly Poison","floor":25},{"not_picked":["Setup","Underhanded Strike"],"picked":"Noxious Fumes+1","floor":27},{"not_picked":["Wraith Form v2+1","Night Terror"],"picked":"Adrenaline","floor":33},{"not_picked":["Backflip","Terror"],"picked":"Deadly Poison+1","floor":35},{"not_picked":["Deadly Poison+1","Dagger Spray+1"],"picked":"Well Laid Plans+1","floor":36},{"not_picked":["Acrobatics+1","All Out Attack"],"picked":"Cloak And Dagger","floor":39},{"not_picked":["Caltrops+1","Deadly Poison","All Out Attack"],"picked":"SKIP","floor":41}],"player_experience":225116,"relics_obtained":[{"floor":7,"key":"CaptainsWheel"},{"floor":9,"key":"Smiling Mask"},{"floor":23,"key":"Frozen Egg 2"},{"floor":23,"key":"Juzu Bracelet"},{"floor":26,"key":"Bag of Preparation"},{"floor":39,"key":"Pocketwatch"},{"floor":43,"key":"Anchor"}],"event_choices":[{"damage_healed":0,"gold_gain":0,"player_choice":"Entered Light","damage_taken":14,"max_hp_gain":0,"max_hp_loss":0,"event_name":"Shining Light","floor":5,"gold_loss":0,"cards_upgraded":["Strike_G","Neutralize"]},{"damage_healed":0,"gold_gain":30,"player_choice":"Searched \u00272\u0027 times","damage_taken":0,"max_hp_gain":0,"max_hp_loss":0,"event_name":"Dead Adventurer","floor":10,"gold_loss":0},{"cards_removed":["Strike_G"],"damage_healed":0,"gold_gain":0,"player_choice":"Card Removal","damage_taken":7,"max_hp_gain":0,"max_hp_loss":0,"event_name":"Golden Wing","floor":13,"gold_loss":0},{"cards_removed":["Strike_G"],"damage_healed":0,"gold_gain":0,"player_choice":"Forget","damage_taken":0,"max_hp_gain":0,"max_hp_loss":0,"event_name":"Living Wall","floor":14,"gold_loss":0},{"damage_healed":0,"gold_gain":0,"player_choice":"Cursed","damage_taken":0,"max_hp_gain":0,"max_hp_loss":0,"event_name":"Wheel of Change","floor":19,"gold_loss":0,"cards_obtained":["Decay"]},{"damage_healed":0,"gold_gain":0,"cards_transformed":["Decay","Strike_G"],"player_choice":"Became Test Subject","damage_taken":0,"max_hp_gain":0,"max_hp_loss":0,"event_name":"Drug Dealer","floor":21,"gold_loss":0,"cards_obtained":["Doubt","Calculated Gamble"]},{"cards_removed":["Doubt"],"damage_healed":0,"gold_gain":0,"player_choice":"Gave Gold","damage_taken":0,"max_hp_gain":0,"max_hp_loss":0,"event_name":"Beggar","floor":22,"gold_loss":75},{"damage_healed":0,"gold_gain":0,"player_choice":"Ignored","damage_taken":0,"max_hp_gain":0,"max_hp_loss":0,"event_name":"Ghosts","floor":28,"gold_loss":0},{"damage_healed":0,"gold_gain":0,"player_choice":"Bought 1 Potion","damage_taken":0,"max_hp_gain":0,"max_hp_loss":0,"event_name":"The Woman in Blue","floor":29,"gold_loss":0},{"cards_removed":["A Thousand Cuts"],"damage_healed":0,"gold_gain":0,"player_choice":"Elegance","damage_taken":0,"max_hp_gain":0,"max_hp_loss":0,"event_name":"Back to Basics","floor":30,"gold_loss":0},{"damage_healed":0,"gold_gain":0,"player_choice":"Got Potions","damage_taken":0,"max_hp_gain":0,"max_hp_loss":0,"event_name":"Lab","floor":31,"gold_loss":0},{"damage_healed":0,"gold_gain":0,"player_choice":"Fight","damage_taken":0,"max_hp_gain":0,"max_hp_loss":0,"event_name":"MindBloom","floor":39,"gold_loss":0},{"damage_healed":0,"gold_gain":0,"player_choice":"1 cards matched","damage_taken":0,"max_hp_gain":0,"max_hp_loss":0,"event_name":"Match and Keep!","floor":40,"gold_loss":0,"cards_obtained":["PanicButton"]},{"damage_healed":0,"gold_gain":0,"player_choice":"Ignored","damage_taken":0,"max_hp_gain":0,"max_hp_loss":0,"event_name":"Mysterious Sphere","floor":42,"gold_loss":0},{"cards_removed":["Reflex"],"damage_healed":0,"gold_gain":0,"player_choice":"Removed Skill","damage_taken":0,"max_hp_gain":0,"max_hp_loss":0,"event_name":"Falling","floor":45,"gold_loss":0}],"is_beta":false,"boss_relics":[{"not_picked":["Ectoplasm","Philosopher\u0027s Stone"],"picked":"Black Star"},{"not_picked":["SacredBark","SlaversCollar"],"picked":"Pandora\u0027s Box"}],"items_purged_floors":[2,4,37,38],"is_endless":false,"potions_floor_spawned":[7,23,27,36],"killed_by":"Reptomancer","ascension_level":0}}