{"host":"s41rn2jhghpwfrvz","time":1612668229,"event":{"mods":["BaseMod","Minty Spire (QoL Compilation)","Quick Restart","Relic Stats","SuperFastMode"],"gold_per_floor":[113,113,113,68,82,111,111,146,146,181,209,244,256,284,284,358,358,372,407,420,345,360,386,398,444,483,521,548,578,624,646,658,755,767,798,810,853,883,907,947,974,1016,1082,1128,1140,1167,1179,1225,1237,1249,1261,1273,1285,580,605,605],"floor_reached":57,"language":"ENG","playtime":1712,"items_purged":["Swivel","Backstab"],"score":4111,"play_id":"0e588535-4cc6-486e-adc5-d69060e528b9","local_time":"20210207052349","daily_mods":["SealedDeck","Diverse","DeadlyEvents"],"is_ascension_mode":true,"campfire_choices":[{"data":"1","floor":7,"key":"LIFT"},{"data":"2","floor":15,"key":"LIFT"},{"data":"3","floor":24,"key":"LIFT"},{"data":"Accuracy","floor":32,"key":"SMITH"},{"floor":45,"key":"RECALL"},{"data":"Feel No Pain","floor":47,"key":"SMITH"},{"data":"Feel No Pain","floor":49,"key":"SMITH"},{"data":"Pommel Strike","floor":53,"key":"SMITH"}],"circlet_count":0,"master_deck":["AscendersBane","Predator","Pommel Strike+1","Beam Cell","BootSequence","Backflip","Accuracy+1","Feel No Pain+1","Limit Break","Cloak And Dagger+1","Scrawl+1","Blade Dance+1","Feel No Pain+1","Vault+1"],"relics":["Burning Blood","Girya","MealTicket","Nunchaku","Gremlin Horn","Lizard Tail","Gambling Chip","Toxic Egg 2","Odd Mushroom","Black Star","Red Mask","Paper Frog","MawBank","Bag of Preparation","Lantern","Anchor","Strawberry","Oddly Smooth Stone","Bronze Scales","CeramicFish","Philosopher\u0027s Stone","Pen Nib","Eternal Feather","Omamori","Torii","Shuriken","HornCleat","Dream Catcher","Happy Flower","Centennial Puzzle","Bag of Marbles","OrangePellets","Toy Ornithopter","White Beast Statue","Mummified Hand","Bottled Lightning"],"acts_visited":["Exordium","TheCity","TheBeyond","TheEnding"],"potions_floor_usage":[25,56,56],"damage_taken":[{"damage":0.0,"enemies":"Small Slimes","floor":1.0,"turns":3.0},{"damage":0,"enemies":"2 Louse","floor":5,"turns":2},{"damage":14,"enemies":"Lagavulin","floor":6,"turns":6},{"damage":17,"enemies":"3 Sentries","floor":8,"turns":7},{"damage":3,"enemies":"Lagavulin","floor":10,"turns":5},{"damage":0,"enemies":"3 Sentries","floor":11,"turns":7},{"damage":0,"enemies":"Lagavulin","floor":12,"turns":5},{"damage":0,"enemies":"Jaw Worm","floor":13,"turns":2},{"damage":0,"enemies":"The Mushroom Lair","floor":14,"turns":3},{"damage":23,"enemies":"The Guardian","floor":16,"turns":9},{"damage":0,"enemies":"2 Thieves","floor":18,"turns":3},{"damage":0,"enemies":"Masked Bandits","floor":19,"turns":2},{"damage":0,"enemies":"Chosen","floor":20,"turns":3},{"damage":12,"enemies":"Snecko","floor":22,"turns":3},{"damage":1,"enemies":"Book of Stabbing","floor":23,"turns":3},{"damage":0,"enemies":"Slavers","floor":25,"turns":1},{"damage":0,"enemies":"Gremlin Leader","floor":27,"turns":1},{"damage":0,"enemies":"Centurion and Healer","floor":28,"turns":2},{"damage":0,"enemies":"Shelled Parasite and Fungi","floor":29,"turns":2},{"damage":0,"enemies":"Slavers","floor":30,"turns":2},{"damage":0,"enemies":"Cultist and Chosen","floor":31,"turns":2},{"damage":0,"enemies":"Champ","floor":33,"turns":4},{"damage":0,"enemies":"3 Darklings","floor":35,"turns":2},{"damage":0,"enemies":"Reptomancer","floor":37,"turns":3},{"damage":0,"enemies":"Orb Walker","floor":38,"turns":1},{"damage":0,"enemies":"4 Shapes","floor":39,"turns":1},{"damage":0,"enemies":"Giant Head","floor":40,"turns":3},{"damage":0,"enemies":"3 Darklings","floor":41,"turns":3},{"damage":0,"enemies":"Nemesis","floor":42,"turns":2},{"damage":0,"enemies":"Reptomancer","floor":44,"turns":1},{"damage":0,"enemies":"Writhing Mass","floor":46,"turns":2},{"damage":0,"enemies":"Nemesis","floor":48,"turns":3},{"damage":0,"enemies":"Time Eater","floor":50,"turns":3},{"damage":0,"enemies":"Awakened One","floor":51,"turns":3},{"damage":0,"enemies":"Shield and Spear","floor":55,"turns":2},{"damage":0,"enemies":"The Heart","floor":56,"turns":6}],"seed_played":"-5495062229550858885","potions_obtained":[{"floor":1.0,"key":"Dexterity Potion"},{"floor":5,"key":"Energy Potion"},{"floor":25,"key":"DuplicationPotion"}],"is_trial":true,"path_per_floor":["M","?","?","$","M","E","R","E","T","E","E","E","M","?","R","B",null,"M","?","M","$","M","E","R","E","T","E","M","M","E","M","R","B",null,"M","?","E","M","M","E","M","E","T","E","R","M","R","E","R","B","B",null,"R","$","E","B",null],"character_chosen":"IRONCLAD","items_purchased":["Feel No Pain","OrangePellets","Toy Ornithopter","White Beast Statue"],"campfire_rested":0,"item_purchase_floors":[4,54,54,54],"current_hp_per_floor":[74,63,56,56,62,54,54,43,43,46,52,58,64,70,70,53,70,75,75,75,75,69,74,74,75,75,82,82,82,82,82,82,82,82,82,82,82,82,82,82,82,82,82,82,82,82,82,82,82,82,82,82,82,82,82,82],"gold":605,"neow_bonus":"","is_daily":false,"chose_seed":false,"campfire_upgraded":4,"win_rate":0.0,"timestamp":1612668229,"path_taken":["M","?","?","$","M","E","R","E","T","E","?","E","M","?","R","BOSS","M","?","M","$","M","E","R","E","T","E","M","M","E","M","R","BOSS","M","?","?","M","?","E","M","E","T","E","R","M","R","E","R","BOSS","BOSS","R","$","E","BOSS"],"items_purchased_type":["Card","Relic","Relic","Relic"],"build_version":"2020-12-22","purchased_purges":2,"victory":true,"max_hp_per_floor":[75,75,75,75,75,75,75,75,75,75,75,75,75,75,75,75,75,75,75,75,75,75,75,75,75,75,82,82,82,82,82,82,82,82,82,82,82,82,82,82,82,82,82,82,82,82,82,82,82,82,82,82,82,82,82,82],"relic_stats":{"Gremlin Horn":[33,33],"Torii":0,"Happy Flower":[6],"counters":[36,112],"CeramicFish":9,"Eternal Feather":0,"Pen Nib":[17],"Bag of Preparation":[40],"MawBank":372,"Burning Blood":78,"OrangePellets":[0],"Nunchaku":[41],"Lizard Tail":0,"Dream Catcher":0,"Centennial Puzzle":[0],"Shuriken":[34],"Mummified Hand":[5],"Gambling Chip":[4],"Bronze Scales":[72],"MealTicket":0,"Black Star":10,"obtain_stats":[{"Lantern":25,"Gremlin Horn":9,"Torii":40,"CeramicFish":30,"Bag of Preparation":25,"Burning Blood":0,"Nunchaku":8,"Lizard Tail":10,"Dream Catcher":44,"Centennial Puzzle":48,"HornCleat":42,"Mummified Hand":55,"Gambling Chip":11,"Strawberry":27,"MealTicket":6,"Philosopher\u0027s Stone":34,"Red Mask":19,"Toxic Egg 2":12,"Paper Frog":23,"Girya":2,"Happy Flower":44,"Oddly Smooth Stone":27,"Eternal Feather":37,"Pen Nib":37,"Omamori":40,"Odd Mushroom":14,"MawBank":23,"White Beast Statue":54,"OrangePellets":54,"Anchor":26,"Shuriken":42,"Bronze Scales":30,"Black Star":17,"Bag of Marbles":48,"Bottled Lightning":55,"Toy Ornithopter":54},{"Lantern":16,"Gremlin Horn":4,"Torii":27,"CeramicFish":20,"Bag of Preparation":16,"Burning Blood":0,"Nunchaku":4,"Lizard Tail":5,"Dream Catcher":30,"Centennial Puzzle":32,"HornCleat":29,"Mummified Hand":35,"Gambling Chip":6,"Strawberry":17,"MealTicket":3,"Philosopher\u0027s Stone":22,"Red Mask":12,"Toxic Egg 2":7,"Paper Frog":15,"Girya":1,"Happy Flower":30,"Oddly Smooth Stone":17,"Eternal Feather":24,"Pen Nib":24,"Omamori":27,"Odd Mushroom":9,"MawBank":15,"White Beast Statue":34,"OrangePellets":34,"Anchor":16,"Shuriken":29,"Bronze Scales":20,"Black Star":10,"Bag of Marbles":32,"Bottled Lightning":35,"Toy Ornithopter":34},{"Lantern":64,"Gremlin Horn":18,"Torii":87,"CeramicFish":71,"Bag of Preparation":64,"Burning Blood":0,"Nunchaku":18,"Lizard Tail":23,"Dream Catcher":93,"Centennial Puzzle":98,"HornCleat":92,"Mummified Hand":106,"Gambling Chip":30,"Strawberry":65,"MealTicket":11,"Philosopher\u0027s Stone":77,"Red Mask":54,"Toxic Egg 2":35,"Paper Frog":63,"Girya":3,"Happy Flower":93,"Oddly Smooth Stone":65,"Eternal Feather":82,"Pen Nib":82,"Omamori":87,"Odd Mushroom":40,"MawBank":63,"White Beast Statue":104,"OrangePellets":104,"Anchor":64,"Shuriken":92,"Bronze Scales":71,"Black Star":49,"Bag of Marbles":98,"Bottled Lightning":106,"Toy Ornithopter":104}],"Toy Ornithopter":0},"card_choices":[{"not_picked":["CrushJoints","EmptyBody","Consume"],"picked":"SKIP","floor":1.0},{"not_picked":["Predator","Flying Knee","Turbo"],"picked":"SKIP","floor":5},{"not_picked":["FlurryOfBlows","Flying Knee"],"picked":"Limit Break","floor":6},{"not_picked":["Bane","Doom and Gloom","Twin Strike"],"picked":"SKIP","floor":8},{"not_picked":["Evolve","WindmillStrike","Poisoned Stab"],"picked":"SKIP","floor":10},{"not_picked":["Dagger Throw","Warcry","Seek"],"picked":"SKIP","floor":11},{"not_picked":["Auto Shields+1","Perfected Strike"],"picked":"Cloak And Dagger+1","floor":12},{"not_picked":["WreathOfFlame+1","Noxious Fumes","Vengeance+1"],"picked":"SKIP","floor":13},{"not_picked":["Wish+1","Tools of the Trade"],"picked":"Scrawl+1","floor":16},{"not_picked":["Rebound","Barrage"],"picked":"Blade Dance+1","floor":18},{"not_picked":["Bane","Warcry+1","Caltrops"],"picked":"SKIP","floor":20},{"not_picked":["ThirdEye+1","Beam Cell","Flex+1"],"picked":"SKIP","floor":22},{"not_picked":["CutThroughFate","Shrug It Off+1","SashWhip"],"picked":"SKIP","floor":23},{"not_picked":["Beam Cell+1","BootSequence+1","Pommel Strike"],"picked":"SKIP","floor":25},{"not_picked":["Skim+1","PiercingWail+1"],"picked":"Feel No Pain","floor":27},{"not_picked":["Slice+1","Leap+1","Dual Wield+1"],"picked":"SKIP","floor":28},{"not_picked":["Leg Sweep+1","Conserve Battery+1","Disarm+1"],"picked":"SKIP","floor":29},{"not_picked":["Envenom","Indignation+1","Tempest+1"],"picked":"SKIP","floor":30},{"not_picked":["Shrug It Off+1","Armaments+1","WaveOfTheHand+1"],"picked":"SKIP","floor":31},{"not_picked":["Juggernaut","Unload"],"picked":"Vault+1","floor":33},{"not_picked":["Swivel+1","Cleave+1","CarveReality"],"picked":"SKIP","floor":35},{"not_picked":["Hologram+1","Rebound","Concentrate+1"],"picked":"SKIP","floor":37},{"not_picked":["Deadly Poison+1","Ghostly Armor+1","Intimidate+1"],"picked":"SKIP","floor":38},{"not_picked":["Backflip+1","Undo+1","Battle Trance+1"],"picked":"SKIP","floor":39},{"not_picked":["Headbutt+1","Seek+1","Wireheading"],"picked":"SKIP","floor":40},{"not_picked":["Flying Knee","True Grit+1","Conserve Battery+1"],"picked":"SKIP","floor":41},{"not_picked":["Fission+1","Prostrate+1","Battle Trance+1"],"picked":"SKIP","floor":42},{"not_picked":["Searing Blow","Conclude+1","Flechettes"],"picked":"SKIP","floor":44},{"not_picked":["Glacier+1","Cold Snap","Compile Driver"],"picked":"SKIP","floor":46},{"not_picked":["InnerPeace+1","EmptyBody+1","Eviscerate"],"picked":"SKIP","floor":48},{"not_picked":["Buffer","Limit Break+1","Evaluate+1"],"picked":"SKIP","floor":55}],"player_experience":1882733,"relics_obtained":[{"floor":6,"key":"MealTicket"},{"floor":8,"key":"Nunchaku"},{"floor":9,"key":"Gremlin Horn"},{"floor":10,"key":"Lizard Tail"},{"floor":11,"key":"Gambling Chip"},{"floor":12,"key":"Toxic Egg 2"},{"floor":14,"key":"Odd Mushroom"},{"floor":19,"key":"Red Mask"},{"floor":23,"key":"Paper Frog"},{"floor":23,"key":"MawBank"},{"floor":25,"key":"Bag of Preparation"},{"floor":25,"key":"Lantern"},{"floor":26,"key":"Anchor"},{"floor":27,"key":"Strawberry"},{"floor":27,"key":"Oddly Smooth Stone"},{"floor":30,"key":"Bronze Scales"},{"floor":30,"key":"CeramicFish"},{"floor":37,"key":"Pen Nib"},{"floor":37,"key":"Eternal Feather"},{"floor":40,"key":"Omamori"},{"floor":40,"key":"Torii"},{"floor":42,"key":"Shuriken"},{"floor":42,"key":"HornCleat"},{"floor":44,"key":"Dream Catcher"},{"floor":44,"key":"Happy Flower"},{"floor":48,"key":"Centennial Puzzle"},{"floor":48,"key":"Bag of Marbles"},{"floor":55,"key":"Mummified Hand"},{"floor":55,"key":"Bottled Lightning"}],"event_choices":[{"damage_healed":0,"gold_gain":0,"player_choice":"Success","damage_taken":11,"relics_obtained":["Girya"],"max_hp_gain":0,"max_hp_loss":0,"event_name":"Scrap Ooze","floor":2,"gold_loss":0},{"cards_removed":["Chill"],"damage_healed":0,"gold_gain":0,"player_choice":"Card Removal","damage_taken":7,"max_hp_gain":0,"max_hp_loss":0,"event_name":"Golden Wing","floor":3,"gold_loss":0},{"damage_healed":0,"gold_gain":0,"player_choice":"Fought Mushrooms","damage_taken":0,"max_hp_gain":0,"max_hp_loss":0,"event_name":"Mushrooms","floor":14,"gold_loss":0},{"damage_healed":0,"gold_gain":0,"player_choice":"Fought Bandits","damage_taken":0,"max_hp_gain":0,"max_hp_loss":0,"event_name":"Masked Bandits","floor":19,"gold_loss":0},{"cards_removed":["Cloak And Dagger"],"damage_healed":0,"gold_gain":0,"player_choice":"Purged","damage_taken":0,"max_hp_gain":0,"max_hp_loss":0,"event_name":"Purifier","floor":36,"gold_loss":0}],"is_beta":false,"boss_relics":[{"not_picked":["Calling Bell","Snecko Eye"],"picked":"Black Star"},{"not_picked":["Velvet Choker","Runic Cube"],"picked":"Philosopher\u0027s Stone"}],"items_purged_floors":[21,54],"is_endless":false,"potions_floor_spawned":[1,5,10,13,16,19,22,25,27,31,35,40,41,42,48,55],"ascension_level":20}}