{"host":"4par9lyhj7bf4dsa","time":1612701199,"event":{"mods":["AchievementEnabler","BaseMod","Colored Map","Minty Spire (QoL Compilation)","Relic Stats","StSLib"],"gold_per_floor":[118,138,150,150,150,150,166,194,272,285,285,299,249,280,280,354,354,365,23,23,23,35,35,70,70,70,102,114,130,147,3,3,82,82,95,95,95,109,123,151,151,184,196,208,208],"floor_reached":44,"language":"ENG","playtime":15320,"items_purged":["Strike_P","Strike_P"],"score":1102,"play_id":"45626318-76a4-4129-a37c-fab205204903","local_time":"20210207233319","is_ascension_mode":true,"campfire_choices":[{"data":"1","floor":6,"key":"LIFT"},{"data":"2","floor":11,"key":"LIFT"},{"data":"3","floor":15,"key":"LIFT"},{"data":"Wallop","floor":23,"key":"SMITH"},{"floor":25,"key":"REST"},{"data":"Scrawl","floor":32,"key":"SMITH"},{"floor":41,"key":"REST"}],"circlet_count":0,"master_deck":["AscendersBane","Defend_P","Defend_P+1","Eruption","Vigilance+1","BowlingBash","BattleHymn","Consecrate","EmptyMind","Wallop+1","Tantrum","EmptyFist","Establishment","Adaptation","EmptyBody","Master of Strategy","Evaluate","WindmillStrike","Protect","Scrawl+1","FollowUp","Wireheading","Vault","PathToVictory+1","Devotion+1","ThirdEye+1","Halt","SashWhip+1","WaveOfTheHand+1","Devotion","Normality"],"relics":["PureWater","Girya","Smiling Mask","Ornamental Fan","Happy Flower","Cursed Key","Dead Branch","TungstenRod","Astrolabe","WingedGreaves","MawBank"],"acts_visited":["Exordium","TheCity","TheBeyond"],"potions_floor_usage":[14,14,18,24,33,33],"damage_taken":[{"damage":0,"enemies":"Small Slimes","floor":1,"turns":3},{"damage":0,"enemies":"Jaw Worm","floor":2,"turns":5},{"damage":0,"enemies":"Cultist","floor":3,"turns":2},{"damage":8,"enemies":"Large Slime","floor":7,"turns":3},{"damage":6,"enemies":"Gremlin Nob","floor":8,"turns":3},{"damage":4,"enemies":"Red Slaver","floor":10,"turns":4},{"damage":0,"enemies":"2 Fungi Beasts","floor":12,"turns":3},{"damage":0,"enemies":"Lagavulin","floor":14,"turns":3},{"damage":0,"enemies":"Slime Boss","floor":16,"turns":3},{"damage":10,"enemies":"2 Thieves","floor":18,"turns":2},{"damage":3,"enemies":"Spheric Guardian","floor":22,"turns":3},{"damage":34,"enemies":"Book of Stabbing","floor":24,"turns":7},{"damage":10,"enemies":"Slavers","floor":27,"turns":3},{"damage":15,"enemies":"Snake Plant","floor":28,"turns":4},{"damage":0,"enemies":"Cultist and Chosen","floor":29,"turns":2},{"damage":0,"enemies":"Centurion and Healer","floor":30,"turns":1},{"damage":0,"enemies":"Collector","floor":33,"turns":6},{"damage":36,"enemies":"Orb Walker","floor":35,"turns":3},{"damage":10,"enemies":"3 Darklings","floor":38,"turns":4},{"damage":17,"enemies":"Transient","floor":39,"turns":5},{"damage":0,"enemies":"Giant Head","floor":40,"turns":7},{"damage":16,"enemies":"Reptomancer","floor":42,"turns":6},{"damage":35,"enemies":"Nemesis","floor":44,"turns":3}],"seed_played":"8569567764320728894","potions_obtained":[{"floor":7,"key":"StancePotion"},{"floor":10,"key":"PowerPotion"},{"floor":14,"key":"Fire Potion"},{"floor":16,"key":"BottledMiracle"},{"floor":22,"key":"Regen Potion"},{"floor":27,"key":"GamblersBrew"},{"floor":28,"key":"PowerPotion"},{"floor":40,"key":"FearPotion"},{"floor":42,"key":"BottledMiracle"}],"is_trial":false,"path_per_floor":["M","M","M","?","?","R","M","E","T","M","R","M","$","E","R","B",null,"M","$","?","?","M","R","E","R","T","E","M","M","M","$","R","B",null,"M","?","?","M","M","E","R","E","T","E"],"character_chosen":"WATCHER","items_purchased":["Adaptation","EmptyBody","Master of Strategy","Vault"],"campfire_rested":2,"item_purchase_floors":[19,19,19,31],"current_hp_per_floor":[72,72,72,56,38,38,30,24,24,20,20,20,20,20,20,20,64,54,54,54,39,36,36,17,42,42,32,17,17,17,17,17,17,67,31,52,52,42,25,25,50,34,34,0,0],"gold":208,"neow_bonus":"TEN_PERCENT_HP_BONUS","is_daily":false,"chose_seed":false,"campfire_upgraded":2,"win_rate":0.0,"timestamp":1612701199,"path_taken":["M","M","M","?","?","R","M","E","T","M","R","M","$","E","R","BOSS","M","$","?","?","M","R","E","R","T","E","M","M","M","$","R","BOSS","M","?","?","M","M","E","R","E","T","E"],"items_purchased_type":["Card","Card","Card","Card"],"build_version":"2020-12-22","purchased_purges":2,"victory":false,"max_hp_per_floor":[79,79,79,79,79,79,79,79,79,79,79,79,79,79,79,79,79,79,79,79,84,84,84,84,84,84,84,84,84,84,84,84,84,84,84,84,84,84,84,84,84,84,84,84,84],"relic_stats":{"Happy Flower":[19],"counters":[23,85],"Ornamental Fan":[108],"Dead Branch":[48],"Astrolabe":["PathToVictory","Devotion","ThirdEye"],"Smiling Mask":75,"Cursed Key":1,"MawBank":24,"obtain_stats":[{"Girya":5,"Happy Flower":14,"Ornamental Fan":9,"Dead Branch":24,"Astrolabe":34,"WingedGreaves":40,"PureWater":0,"Smiling Mask":8,"Cursed Key":17,"MawBank":42,"TungstenRod":27},{"Girya":3,"Happy Flower":8,"Ornamental Fan":5,"Dead Branch":12,"Astrolabe":17,"WingedGreaves":21,"PureWater":0,"Smiling Mask":5,"Cursed Key":9,"MawBank":22,"TungstenRod":13},{"Girya":10,"Happy Flower":26,"Ornamental Fan":16,"Dead Branch":41,"Astrolabe":57,"WingedGreaves":76,"PureWater":0,"Smiling Mask":16,"Cursed Key":29,"MawBank":82,"TungstenRod":44}],"TungstenRod":14},"card_choices":[{"not_picked":["SashWhip","FlyingSleeves"],"picked":"CrushJoints","floor":1},{"not_picked":["Crescendo","Worship"],"picked":"BowlingBash","floor":2},{"not_picked":["EmptyFist","Evaluate"],"picked":"BattleHymn","floor":3},{"not_picked":["Prostrate","SignatureMove"],"picked":"Consecrate","floor":7},{"not_picked":["DevaForm","Halt"],"picked":"EmptyMind","floor":8},{"not_picked":["Halt","JustLucky"],"picked":"Wallop","floor":10},{"not_picked":["SashWhip","Indignation"],"picked":"Tantrum","floor":12},{"not_picked":["BowlingBash","Indignation"],"picked":"EmptyFist","floor":14},{"not_picked":["Blasphemy","Scrawl"],"picked":"Establishment","floor":16},{"not_picked":["BattleHymn","Crescendo","CutThroughFate"],"picked":"SKIP","floor":18},{"not_picked":["ClearTheMind","CutThroughFate"],"picked":"Protect","floor":22},{"not_picked":["Evaluate","Prostrate"],"picked":"Scrawl","floor":24},{"not_picked":["FlyingSleeves","Prostrate"],"picked":"FollowUp","floor":27},{"not_picked":["WheelKick","CrushJoints+1","Consecrate"],"picked":"SKIP","floor":28},{"not_picked":["FearNoEvil","Sanctity+1","BowlingBash"],"picked":"SKIP","floor":29},{"not_picked":["BowlingBash","FlurryOfBlows+1"],"picked":"Wireheading","floor":30},{"not_picked":["EmptyMind","Prostrate"],"picked":"Halt","floor":35},{"not_picked":["Prostrate","EmptyFist"],"picked":"SashWhip+1","floor":38},{"not_picked":["Evaluate","Nirvana","FlyingSleeves"],"picked":"SKIP","floor":39},{"not_picked":["Crescendo","JustLucky"],"picked":"WaveOfTheHand+1","floor":40},{"not_picked":["Vengeance","Conclude"],"picked":"Devotion","floor":42}],"player_experience":1002770,"relics_obtained":[{"floor":8,"key":"Smiling Mask"},{"floor":9,"key":"Ornamental Fan"},{"floor":14,"key":"Happy Flower"},{"floor":24,"key":"Dead Branch"},{"floor":27,"key":"TungstenRod"},{"floor":40,"key":"WingedGreaves"},{"floor":42,"key":"MawBank"}],"event_choices":[{"damage_healed":0,"gold_gain":0,"player_choice":"Entered Light","damage_taken":16,"max_hp_gain":0,"max_hp_loss":0,"event_name":"Shining Light","floor":4,"gold_loss":0,"cards_upgraded":["Vigilance","Defend_P"]},{"damage_healed":0,"gold_gain":0,"player_choice":"Success","damage_taken":18,"relics_obtained":["Girya"],"max_hp_gain":0,"max_hp_loss":0,"event_name":"Scrap Ooze","floor":5,"gold_loss":0},{"damage_healed":0,"gold_gain":0,"cards_transformed":["Strike_P","Strike_P"],"player_choice":"Became Test Subject","damage_taken":0,"max_hp_gain":0,"max_hp_loss":0,"event_name":"Drug Dealer","floor":20,"gold_loss":0,"cards_obtained":["Evaluate","WindmillStrike"]},{"damage_healed":0,"gold_gain":0,"player_choice":"Shed Blood","damage_taken":20,"max_hp_gain":5,"max_hp_loss":0,"event_name":"Forgotten Altar","floor":21,"gold_loss":0},{"damage_healed":21,"gold_gain":0,"player_choice":"Writhe","damage_taken":0,"max_hp_gain":0,"max_hp_loss":0,"event_name":"Winding Halls","floor":36,"gold_loss":0,"cards_obtained":["Writhe"]},{"cards_removed":["Writhe"],"damage_healed":0,"gold_gain":0,"player_choice":"Purged","damage_taken":0,"max_hp_gain":0,"max_hp_loss":0,"event_name":"Purifier","floor":37,"gold_loss":0}],"is_beta":false,"boss_relics":[{"not_picked":["Snecko Eye","Ectoplasm"],"picked":"Cursed Key"},{"not_picked":["Empty Cage","Pandora\u0027s Box"],"picked":"Astrolabe"}],"items_purged_floors":[13,19],"is_endless":false,"potions_floor_spawned":[7,10,14,16,22,27,28,40,42],"killed_by":"Nemesis","ascension_level":13}}