{"host":"mqhvlr3kpxebko0t","time":1612686358,"event":{"mods":["AchievementEnabler","BaseMod","Colored Map","Colored Powertips","KOR Keyword Fix","Keyboard Shortcuts","Minty Spire (QoL Compilation)","StSLib","SuperFastMode"],"gold_per_floor":[15,25,38,38,38,38,49,59,59,59,74,74,87,162,162,162,162],"floor_reached":16,"language":"KOR","playtime":191,"items_purged":[],"score":188,"play_id":"00e1e0f8-f7f3-499f-924f-2d28a866935c","local_time":"20210207172558","is_ascension_mode":true,"campfire_choices":[{"data":"Eruption","floor":6,"key":"SMITH"},{"floor":10,"key":"REST"},{"data":"CrushJoints","floor":12,"key":"SMITH"},{"floor":15,"key":"REST"}],"circlet_count":0,"master_deck":["AscendersBane","Strike_P","Strike_P","Defend_P","Defend_P","Defend_P","Eruption+1","Vigilance","CrushJoints+1","FearNoEvil"],"relics":["PureWater","Pear"],"acts_visited":["Exordium"],"potions_floor_usage":[11,16],"damage_taken":[{"damage":6,"enemies":"Jaw Worm","floor":1,"turns":4},{"damage":8,"enemies":"Small Slimes","floor":2,"turns":3},{"damage":0,"enemies":"Cultist","floor":3,"turns":3},{"damage":21,"enemies":"Blue Slaver","floor":7,"turns":2},{"damage":23,"enemies":"Red Slaver","floor":8,"turns":2},{"damage":24,"enemies":"Exordium Thugs","floor":11,"turns":5},{"damage":0,"enemies":"Large Slime","floor":13,"turns":3},{"damage":24,"enemies":"The Guardian","floor":16,"turns":12}],"seed_played":"-6046738277538714782","potions_obtained":[{"floor":7,"key":"BottledMiracle"},{"floor":8,"key":"Explosive Potion"},{"floor":13,"key":"SpeedPotion"}],"is_trial":false,"path_per_floor":["M","M","M","?","$","R","M","M","T","R","M","R","M","?","R","B"],"character_chosen":"WATCHER","items_purchased":[],"campfire_rested":2,"item_purchase_floors":[],"current_hp_per_floor":[55,47,47,47,47,47,26,3,13,36,12,12,12,1,24,0,0],"gold":162,"neow_bonus":"REMOVE_TWO","is_daily":false,"chose_seed":false,"campfire_upgraded":2,"win_rate":0.0,"timestamp":1612686358,"path_taken":["M","M","M","?","$","R","M","M","T","R","M","R","M","?","R","BOSS"],"items_purchased_type":[],"build_version":"2020-12-22","purchased_purges":0,"victory":false,"max_hp_per_floor":[68,68,68,68,68,68,68,68,78,78,78,78,78,78,78,78,78],"card_choices":[{"not_picked":["Consecrate","Prostrate","SignatureMove"],"picked":"SKIP","floor":1},{"not_picked":["CutThroughFate","Fasting2"],"picked":"CrushJoints","floor":2},{"not_picked":["ForeignInfluence","WindmillStrike","Prostrate"],"picked":"SKIP","floor":3},{"not_picked":["Evaluate","CutThroughFate","Crescendo"],"picked":"SKIP","floor":7},{"not_picked":["Crescendo","ThirdEye","SignatureMove"],"picked":"SKIP","floor":8},{"not_picked":["ClearTheMind","CutThroughFate","Pray"],"picked":"SKIP","floor":11},{"not_picked":["EmptyMind","FlyingSleeves"],"picked":"FearNoEvil","floor":13}],"player_experience":694249,"relics_obtained":[{"floor":9,"key":"Pear"}],"event_choices":[{"cards_removed":["Strike_P"],"damage_healed":0,"gold_gain":0,"player_choice":"Forget","damage_taken":0,"max_hp_gain":0,"max_hp_loss":0,"event_name":"Living Wall","floor":4,"gold_loss":0},{"damage_healed":0,"gold_gain":75,"player_choice":"Gather Gold","damage_taken":11,"max_hp_gain":0,"max_hp_loss":0,"event_name":"World of Goop","floor":14,"gold_loss":0}],"is_beta":false,"boss_relics":[],"items_purged_floors":[],"is_endless":false,"potions_floor_spawned":[7,8,13],"killed_by":"The Guardian","ascension_level":20}}