{"host":"6q94iy5iz6612v89","time":1612695948,"event":{"mods":["2.2 Compatiblity","AchievementEnabler","BaseMod","Colored Map","DeckTracker","Keyboard Shortcuts","Minty Spire (QoL Compilation)","Permanent Neow","StSLib","SuperFastMode"],"gold_per_floor":[111,128,147,167,180,211,211,242,242,31,48,48,48,48,48,48,48],"floor_reached":16,"language":"KOR","playtime":267,"items_purged":["Strike_R"],"score":224,"play_id":"8999d0f3-7351-483f-b71a-568788a7aaf1","local_time":"20210207200548","is_ascension_mode":true,"campfire_choices":[{"data":"Cleave","floor":7,"key":"SMITH"},{"data":"Anger","floor":12,"key":"SMITH"},{"data":"Juggernaut","floor":15,"key":"SMITH"}],"circlet_count":0,"master_deck":["AscendersBane","Strike_R","Strike_R","Strike_R","Strike_R","Defend_R","Defend_R","Defend_R","Defend_R","Bash","Anger+1","Twin Strike","Entrench","Cleave+1","Juggernaut+1"],"relics":["Burning Blood","Magic Flower","Smiling Mask","Anchor","HornCleat","Vajra","The Courier"],"acts_visited":["Exordium"],"potions_floor_usage":[6],"damage_taken":[{"damage":6,"enemies":"Cultist","floor":1,"turns":3},{"damage":12,"enemies":"Jaw Worm","floor":2,"turns":3},{"damage":3,"enemies":"2 Louse","floor":3,"turns":2},{"damage":19,"enemies":"Blue Slaver","floor":4,"turns":4},{"damage":14,"enemies":"Exordium Wildlife","floor":5,"turns":4},{"damage":56,"enemies":"Gremlin Nob","floor":6,"turns":5},{"damage":20,"enemies":"3 Sentries","floor":8,"turns":7},{"damage":0,"enemies":"2 Fungi Beasts","floor":11,"turns":2},{"damage":12,"enemies":"Hexaghost","floor":16,"turns":7}],"seed_played":"215338946879293126","potions_obtained":[{"floor":2,"key":"Regen Potion"},{"floor":3,"key":"FairyPotion"}],"is_trial":false,"path_per_floor":["M","M","M","M","M","E","R","E","T","$","M","R","?","?","R","B"],"character_chosen":"IRONCLAD","items_purchased":["Vajra"],"campfire_rested":0,"item_purchase_floors":[10],"current_hp_per_floor":[68,65,68,58,53,25,25,14,14,14,23,23,11,11,11,0,0],"gold":48,"neow_bonus":"ONE_RARE_RELIC","is_daily":false,"chose_seed":false,"campfire_upgraded":3,"win_rate":0.0,"timestamp":1612695948,"path_taken":["M","M","M","M","M","E","R","E","T","$","M","R","?","?","R","BOSS"],"items_purchased_type":["Relic"],"build_version":"2020-12-22","purchased_purges":1,"victory":false,"max_hp_per_floor":[68,68,68,68,68,68,68,68,68,68,68,68,68,68,68,68,68],"card_choices":[{"not_picked":["True Grit","Thunderclap"],"picked":"Anger","floor":1},{"not_picked":["Thunderclap","Headbutt"],"picked":"Twin Strike","floor":2},{"not_picked":["Headbutt","Burning Pact","Twin Strike"],"picked":"SKIP","floor":3},{"not_picked":["Cleave","Rage"],"picked":"Entrench","floor":4},{"not_picked":["Feel No Pain","Clash"],"picked":"Cleave","floor":5},{"not_picked":["Sentinel","Wild Strike","Anger"],"picked":"SKIP","floor":6},{"not_picked":["Cleave","Iron Wave"],"picked":"Juggernaut","floor":8},{"not_picked":["Anger","Headbutt","Clash"],"picked":"SKIP","floor":11}],"player_experience":1470825,"relics_obtained":[{"floor":6,"key":"Smiling Mask"},{"floor":8,"key":"Anchor"},{"floor":9,"key":"HornCleat"}],"event_choices":[{"damage_healed":0,"gold_gain":0,"player_choice":"Success","damage_taken":35,"relics_obtained":["The Courier"],"max_hp_gain":0,"max_hp_loss":0,"event_name":"Scrap Ooze","floor":13,"gold_loss":0},{"damage_healed":0,"gold_gain":0,"player_choice":"Ignored","damage_taken":0,"max_hp_gain":0,"max_hp_loss":0,"event_name":"Liars Game","floor":14,"gold_loss":0}],"is_beta":false,"boss_relics":[],"items_purged_floors":[10],"is_endless":false,"potions_floor_spawned":[2,3,4],"killed_by":"Hexaghost","ascension_level":20}}