{"host":"xltl1aroowo69o4n","time":1612737806,"event":{"mods":["BaseMod","Colored Map","Colored Powertips","Downfall","Marisa????????","Minty Spire (QoL Compilation)","Replay The Spire","StSLib","The Cursed","The Hierophant","The Mystic","The Necromancer","The Servant 0.9.4"],"gold_per_floor":[116,136,136,154,173,173,173,0,0,0,0,0,33,48,48,48,48],"floor_reached":16,"language":"ENG","playtime":972,"items_purged":[],"score":100,"play_id":"b7156d43-f166-4a28-9104-795e0cd6cf77","local_time":"20210207174326","is_ascension_mode":false,"campfire_choices":[{"floor":6,"key":"RECALL"},{"floor":15,"key":"REST"}],"circlet_count":0,"master_deck":["Strike_S","Strike_S","Strike_S","Strike_S","Defend_S","Defend_S","Defend_S","Defend_S","KidneyShot","Exchange","StarChef+1","SilverBlades","MoonPhase","ShatteredReality","ShatteredReality","Revamp","Snipe"],"relics":["Uniform","NeowsBlessing","Ring of Searing","Membership Card","Pear","Blue Doll"],"acts_visited":["Exordium"],"potions_floor_usage":[14],"damage_taken":[{"damage":0,"enemies":"Jaw Worm","floor":1,"turns":1},{"damage":0,"enemies":"Cultist","floor":2,"turns":1},{"damage":6,"enemies":"2 Louse","floor":4,"turns":2},{"damage":13,"enemies":"Blue Slaver","floor":5,"turns":6},{"damage":50,"enemies":"3 Sentries","floor":13,"turns":8},{"damage":0,"enemies":"Looter","floor":14,"turns":4},{"damage":28,"enemies":"The Guardian","floor":16,"turns":8}],"seed_played":"-2240592343168391098","potions_obtained":[{"floor":2,"key":"Elixir"},{"floor":4,"key":"Elixir"},{"floor":13,"key":"Block Potion"}],"is_trial":false,"path_per_floor":["M","M","?","M","M","R","?","$","T","T","?","$","E","M","R","B"],"character_chosen":"THE_SERVANT","items_purchased":["Membership Card","ShatteredReality"],"campfire_rested":1,"item_purchase_floors":[8,8],"current_hp_per_floor":[65,65,65,59,46,46,46,46,46,56,56,56,6,6,28,0,0],"gold":48,"neow_bonus":"THREE_ENEMY_KILL","is_daily":false,"chose_seed":false,"campfire_upgraded":0,"win_rate":0.0,"timestamp":1612737806,"path_taken":["M","M","?","?","M","R","?","$","T","?","?","?","E","M","R","BOSS"],"items_purchased_type":["Relic","Card"],"build_version":"2020-12-13","purchased_purges":0,"victory":false,"max_hp_per_floor":[65,65,65,65,65,65,65,65,65,75,75,75,75,75,75,75,75],"card_choices":[{"not_picked":["Starlight","SurpressingFire"],"picked":"StarChef","floor":1},{"not_picked":["Contraction","BottledTime"],"picked":"SilverBlades","floor":2},{"not_picked":["Reset","Advance"],"picked":"MoonPhase","floor":4},{"not_picked":["StarChef","DualDimension"],"picked":"ShatteredReality","floor":5},{"not_picked":["FloweringNight","Potential"],"picked":"Revamp","floor":13},{"not_picked":["MoonPhase","Rearm"],"picked":"Snipe","floor":14}],"player_experience":142287,"relics_obtained":[{"floor":7,"key":"Ring of Searing"},{"floor":10,"key":"Pear"},{"floor":13,"key":"Blue Doll"}],"event_choices":[{"damage_healed":0,"gold_gain":0,"player_choice":"Ignored","damage_taken":0,"max_hp_gain":0,"max_hp_loss":0,"event_name":"NoteForYourself","floor":3,"gold_loss":0},{"damage_healed":0,"gold_gain":0,"player_choice":"Grow","damage_taken":0,"max_hp_gain":0,"max_hp_loss":0,"event_name":"Living Wall","floor":11,"gold_loss":0,"cards_upgraded":["StarChef"]}],"is_beta":false,"boss_relics":[],"items_purged_floors":[],"is_endless":false,"potions_floor_spawned":[2,4,13],"killed_by":"The Guardian","ascension_level":0}}