{"host":"0kwl2uefibxd2nsv","time":1612722545,"event":{"mods":["Act Like it!","Aspiration","BaseMod","Better Note","BetterRewards","DeckTracker","Googly Eyes","Minty Spire (QoL Compilation)","Reliquary","StS++","StSLib"],"gold_per_floor":[116,116,116,129,147,147,64,78,132,132,155,176,351,390,390,509,509,530,530,530,629,474,474,474],"floor_reached":23,"language":"ENG","playtime":759,"items_purged":["Doubt"],"score":459,"play_id":"52dde72d-fe84-44c4-bdde-337e3d66f3cf","local_time":"20210207192905","is_ascension_mode":true,"campfire_choices":[{"data":"Feed","floor":6,"key":"SMITH"},{"data":"Flex","floor":10,"key":"SMITH"},{"floor":15,"key":"REST"}],"circlet_count":0,"master_deck":["AscendersBane","Defend_R+1","Defend_R+1","Defend_R+1","Defend_R+1","Bash","Feed+1","Shrug It Off","Wild Strike","Flex+1","Battle Trance","Iron Wave","Flash of Steel","Feed","Twin Strike","Blood for Blood","Immolate","Bite","Bite","Bite","Bite","Bite","Flame Barrier"],"relics":["Burning Blood","Ice Cream","Pocketwatch","Golden Idol","reliquary:RedPaperclip"],"acts_visited":["Exordium","TheCity"],"potions_floor_usage":[11,12],"damage_taken":[{"damage":0,"enemies":"Small Slimes","floor":1,"turns":2},{"damage":2,"enemies":"Jaw Worm","floor":4,"turns":3},{"damage":0,"enemies":"Cultist","floor":5,"turns":2},{"damage":10,"enemies":"Large Slime","floor":8,"turns":7},{"damage":8,"enemies":"Exordium Wildlife","floor":11,"turns":5},{"damage":7,"enemies":"3 Louse","floor":12,"turns":3},{"damage":18,"enemies":"Gremlin Nob","floor":14,"turns":3},{"damage":56,"enemies":"The Guardian","floor":16,"turns":16},{"damage":34,"enemies":"Shell Parasite","floor":18,"turns":5},{"damage":72,"enemies":"Book of Stabbing","floor":23,"turns":7}],"seed_played":"-377948939908534488","potions_obtained":[{"floor":5,"key":"Block Potion"},{"floor":11,"key":"Swift Potion"},{"floor":18,"key":"AttackPotion"}],"is_trial":false,"path_per_floor":["M","?","?","M","M","R","$","M","T","R","M","M","?","E","R","B",null,"M","?","?","?","$","E"],"character_chosen":"IRONCLAD","items_purchased":["Feed","Pocketwatch","Shrug It Off","Wild Strike","Flash of Steel","Flame Barrier"],"campfire_rested":1,"item_purchase_floors":[0,0,0,0,7,22],"current_hp_per_floor":[36,16,16,23,32,32,32,32,32,32,37,40,40,31,63,17,88,60,60,60,60,60,0,0],"gold":474,"neow_bonus":"","is_daily":false,"chose_seed":false,"campfire_upgraded":2,"win_rate":0.0,"timestamp":1612722545,"path_taken":["M","?","?","?","M","R","$","M","T","R","M","M","?","E","R","BOSS","M","?","?","?","$","E"],"items_purchased_type":["Card","Relic","Card","Card","Card","Card"],"build_version":"2020-12-22","purchased_purges":1,"victory":false,"max_hp_per_floor":[83,83,83,86,89,89,89,93,93,93,100,104,104,107,107,111,111,111,77,77,77,77,77,77],"card_choices":[{"not_picked":["Reckless Charge","Body Slam"],"picked":"Flex","floor":1},{"not_picked":["Warcry","Evolve","Clothesline"],"picked":"SKIP","floor":4},{"not_picked":["Twin Strike","Headbutt"],"picked":"Iron Wave","floor":5},{"not_picked":["Cleave","Headbutt"],"picked":"Feed","floor":8},{"not_picked":["Entrench","Pommel Strike"],"picked":"Twin Strike","floor":11},{"not_picked":["Bloodletting","StSpp:Jab","Warcry"],"picked":"SKIP","floor":12},{"not_picked":["Perfected Strike","Body Slam"],"picked":"Blood for Blood","floor":14},{"not_picked":["Exhume","Barricade"],"picked":"Immolate","floor":16},{"not_picked":["Shockwave","Anger","StSpp:Succumb"],"picked":"SKIP","floor":18}],"player_experience":2008457,"relics_obtained":[{"floor":9,"key":"Art of War"},{"floor":14,"key":"reliquary:Aerogel"}],"event_choices":[{"damage_healed":0,"gold_gain":0,"player_choice":"Take Damage","damage_taken":20,"relics_obtained":["Golden Idol"],"max_hp_gain":0,"max_hp_loss":0,"event_name":"Golden Idol","floor":2,"gold_loss":0},{"cards_removed":["Feed"],"damage_healed":0,"gold_gain":0,"player_choice":"Take \u0026 Give","damage_taken":0,"max_hp_gain":0,"max_hp_loss":0,"event_name":"betterNote:BetterNote","floor":3,"gold_loss":0,"cards_obtained":["Battle Trance"]},{"damage_healed":0,"gold_gain":175,"player_choice":"AGREE","damage_taken":0,"max_hp_gain":0,"max_hp_loss":0,"event_name":"Liars Game","floor":13,"gold_loss":0,"cards_obtained":["Doubt"]},{"damage_healed":0,"gold_gain":0,"player_choice":"Became a vampire","damage_taken":0,"max_hp_gain":0,"max_hp_loss":34,"event_name":"Vampires","floor":19,"gold_loss":0,"cards_obtained":["Bite","Bite","Bite","Bite","Bite"]},{"damage_healed":0,"gold_gain":0,"player_choice":"Simplicity","damage_taken":0,"max_hp_gain":0,"max_hp_loss":0,"event_name":"Back to Basics","floor":20,"gold_loss":0,"cards_upgraded":["Defend_R","Defend_R","Defend_R","Defend_R"]},{"damage_healed":0,"gold_gain":99,"player_choice":"Stole From Cult","damage_taken":0,"max_hp_gain":0,"max_hp_loss":0,"event_name":"Nest","floor":21,"gold_loss":0}],"is_beta":false,"boss_relics":[{"not_picked":["reliquary:RedCape","Velvet Choker"],"picked":"reliquary:RedPaperclip"}],"items_purged_floors":[22],"is_endless":false,"potions_floor_spawned":[5,11,18],"killed_by":"Book of Stabbing","ascension_level":10}}