{"host":"ec92uj331shyp3mz","time":1612672121,"event":{"mods":["AchievementEnabler","Alarm Clock","BaseMod","Better Third Choice","Colored Map","Colored Powertips","Hermit","Highlight Path","Minty Spire (QoL Compilation)","Quick Restart","Random Character Button","Rare Cards Sparkle","Relic Stats","StSLib"],"gold_per_floor":[117,117,117,129,140,140,173,173,199,233,233,243,243,260,260,361,361,341,341],"floor_reached":18,"language":"ENG","playtime":1381,"items_purged":[],"score":189,"play_id":"e7aa9674-baeb-48d2-9ce1-98f374009fa8","local_time":"20210206222841","is_ascension_mode":true,"campfire_choices":[{"data":"Corruption","floor":6,"key":"SMITH"},{"floor":13,"key":"REST"},{"floor":15,"key":"REST"}],"circlet_count":0,"master_deck":["Strike_R","Strike_R","Strike_R","Strike_R","Defend_R","Defend_R","Defend_R","Defend_R","Bash","Shrug It Off","Corruption+1","Feel No Pain","Sword Boomerang","Demon Form","Pommel Strike","Body Slam","Impervious","Flex"],"relics":["Burning Blood","NeowsBlessing","Blood Vial","Happy Flower","Lantern","Boot","Black Star"],"acts_visited":["Exordium","TheCity"],"potions_floor_usage":[7,7,16],"damage_taken":[{"damage":0,"enemies":"Small Slimes","floor":1,"turns":2},{"damage":0,"enemies":"Cultist","floor":4,"turns":1},{"damage":0,"enemies":"2 Louse","floor":5,"turns":1},{"damage":10,"enemies":"Gremlin Nob","floor":7,"turns":4},{"damage":44,"enemies":"Lagavulin","floor":10,"turns":6},{"damage":19,"enemies":"Exordium Thugs","floor":12,"turns":5},{"damage":10,"enemies":"Red Slaver","floor":14,"turns":4},{"damage":44,"enemies":"The Guardian","floor":16,"turns":8},{"damage":26,"enemies":"2 Thieves","floor":18,"turns":4}],"seed_played":"8101883140059948417","potions_obtained":[{"floor":4,"key":"FearPotion"},{"floor":5,"key":"Energy Potion"},{"floor":10,"key":"DuplicationPotion"},{"floor":16,"key":"Fruit Juice"}],"is_trial":false,"path_per_floor":["M","$","?","M","M","R","E","?","T","E","?","M","R","M","R","B",null,"M"],"character_chosen":"IRONCLAD","items_purchased":[],"campfire_rested":2,"item_purchase_floors":[],"current_hp_per_floor":[80,80,80,80,80,80,76,64,64,28,28,17,41,39,63,27,80,60,60],"gold":341,"neow_bonus":"THREE_ENEMY_KILL","is_daily":false,"chose_seed":false,"campfire_upgraded":1,"win_rate":0.0,"timestamp":1612672121,"path_taken":["M","$","?","?","M","R","E","?","T","E","?","M","R","M","R","BOSS","M"],"items_purchased_type":[],"build_version":"2020-12-22","purchased_purges":0,"victory":false,"max_hp_per_floor":[80,80,80,80,80,80,80,80,80,80,80,80,80,80,80,80,80,80,80],"relic_stats":{"Blood Vial":8,"Happy Flower":[9],"counters":[9,35],"Black Star":0,"Boot":[17],"obtain_stats":[{"Blood Vial":7,"Lantern":9,"NeowsBlessing":0,"Happy Flower":8,"Black Star":17,"Boot":10,"Burning Blood":0},{"Blood Vial":4,"Lantern":4,"NeowsBlessing":0,"Happy Flower":4,"Black Star":8,"Boot":5,"Burning Blood":0},{"Blood Vial":8,"Lantern":8,"NeowsBlessing":0,"Happy Flower":8,"Black Star":31,"Boot":14,"Burning Blood":0}],"Burning Blood":36},"card_choices":[{"not_picked":["Sword Boomerang","Intimidate"],"picked":"Shrug It Off","floor":1},{"not_picked":["Clothesline","True Grit"],"picked":"Feel No Pain","floor":4},{"not_picked":["Body Slam","Headbutt"],"picked":"Sword Boomerang","floor":5},{"not_picked":["Barricade","Wild Strike"],"picked":"Demon Form","floor":7},{"not_picked":["Twin Strike","Body Slam"],"picked":"Pommel Strike","floor":10},{"not_picked":["Sword Boomerang","Searing Blow","Fire Breathing"],"picked":"SKIP","floor":12},{"not_picked":["Searing Blow","Perfected Strike"],"picked":"Body Slam","floor":14},{"not_picked":["Bludgeon","Exhume"],"picked":"Impervious","floor":16},{"not_picked":["Sword Boomerang+1","Infernal Blade+1"],"picked":"Flex","floor":18}],"player_experience":177945,"relics_obtained":[{"floor":7,"key":"Blood Vial"},{"floor":9,"key":"Lantern"},{"floor":10,"key":"Boot"}],"event_choices":[{"damage_healed":0,"gold_gain":0,"player_choice":"1 cards matched","damage_taken":0,"max_hp_gain":0,"max_hp_loss":0,"event_name":"Match and Keep!","floor":3,"gold_loss":0,"cards_obtained":["Corruption"]},{"damage_healed":0,"gold_gain":0,"player_choice":"Relic ","damage_taken":12,"max_hp_gain":0,"max_hp_loss":0,"event_name":"betterThird:BetterScrap","floor":8,"gold_loss":0,"cards_obtained":["Melter"]},{"cards_removed":["Strike_R"],"damage_healed":0,"gold_gain":0,"player_choice":"Purged","damage_taken":0,"max_hp_gain":0,"max_hp_loss":0,"event_name":"Purifier","floor":11,"gold_loss":0}],"is_beta":false,"boss_relics":[{"not_picked":["Tiny House","Velvet Choker"],"picked":"Black Star"}],"items_purged_floors":[],"is_endless":false,"potions_floor_spawned":[4,5,10,16],"killed_by":"2 Thieves","ascension_level":2}}