{"host":"sc0o2qwpf9j16a4i","time":1612724900,"event":{"mods":["AchievementEnabler","BaseMod","BetterRewards","Block Reminder","Colored Map","Colored Powertips","Custom Start","Highlight Path","Minty Spire (QoL Compilation)","Relic Stats"],"gold_per_floor":[143,143,157,193,368,368,403,423,423,47,61,91,91,166,166,264,264,284,284,284,284,327,327,361,361,361,361,379,127,263,276,276,407,407,418,430,306,479,525,679,722,809,809,941,941,941,954,954,954,954],"floor_reached":51,"language":"ENG","playtime":1892,"items_purged":["Doubt","Pain"],"score":1212,"play_id":"fe85e266-5e63-4576-a0f5-2b44436979b2","local_time":"20210207210820","daily_mods":["Shiny","Blue Cards","Terminal"],"is_ascension_mode":false,"campfire_choices":[{"data":"Buffer","floor":6,"key":"SMITH"},{"data":"Omniscience","floor":15,"key":"SMITH"},{"data":"Vault","floor":23,"key":"SMITH"},{"data":"Wish","floor":25,"key":"SMITH"},{"data":"Meditate","floor":32,"key":"SMITH"},{"data":"Seek","floor":49,"key":"SMITH"}],"circlet_count":0,"master_deck":["Multi-Cast+1","Hyperbeam","Biased Cognition","Machine Learning","Electrodynamics","Buffer+1","Rainbow","Seek+1","Echo Form","All For One+1","Reboot","Amplify","Creative AI","Fission","Core Surge","Judgement","ConjureBlade+1","MasterReality","Brilliance","Devotion","Blasphemy+1","Ragnarok","LessonLearned","Scrawl","Vault+1","Alpha","Wish+1","Omniscience+1","Establishment","SpiritShield","DevaForm+1","DeusExMachina","CutThroughFate","DeusExMachina","Biased Cognition","Wish+1","Meditate+1","Self Repair","Ghostly+1","Ghostly","Ghostly","Ghostly","Ghostly+1","Echo Form","CurseOfTheBell","Protect+1"],"relics":["PureWater","Centennial Puzzle","Strawberry","Membership Card","Vajra","Akabeko","Mummified Hand","Sozu","WarpedTongs","Bottled Tornado","Letter Opener","Singing Bowl","Mercury Hourglass","Calling Bell","Pen Nib","Sundial","Calipers","Lantern","StoneCalendar","Boot","MealTicket","Orichalcum"],"acts_visited":["Exordium","TheCity","TheBeyond"],"potions_floor_usage":[7,22],"damage_taken":[{"damage":7,"enemies":"Small Slimes","floor":1,"turns":3},{"damage":0,"enemies":"Cultist","floor":3,"turns":2},{"damage":6,"enemies":"Jaw Worm","floor":4,"turns":4},{"damage":0,"enemies":"Gremlin Nob","floor":7,"turns":5},{"damage":0,"enemies":"2 Fungi Beasts","floor":8,"turns":1},{"damage":0,"enemies":"Blue Slaver","floor":11,"turns":1},{"damage":0,"enemies":"3 Sentries","floor":12,"turns":2},{"damage":0,"enemies":"Slime Boss","floor":16,"turns":6},{"damage":0,"enemies":"2 Thieves","floor":18,"turns":2},{"damage":6,"enemies":"Chosen","floor":22,"turns":2},{"damage":0,"enemies":"Book of Stabbing","floor":24,"turns":6},{"damage":0,"enemies":"Centurion and Healer","floor":28,"turns":2},{"damage":1,"enemies":"Chosen and Byrds","floor":30,"turns":4},{"damage":2,"enemies":"3 Cultists","floor":31,"turns":3},{"damage":6,"enemies":"Collector","floor":33,"turns":6},{"damage":0,"enemies":"3 Shapes","floor":35,"turns":3},{"damage":0,"enemies":"Orb Walker","floor":36,"turns":4},{"damage":0,"enemies":"2 Orb Walkers","floor":38,"turns":5},{"damage":0,"enemies":"4 Shapes","floor":39,"turns":4},{"damage":0,"enemies":"Giant Head","floor":40,"turns":10},{"damage":0,"enemies":"Transient","floor":41,"turns":5},{"damage":0,"enemies":"Nemesis","floor":42,"turns":8},{"damage":0,"enemies":"Spire Growth","floor":44,"turns":6},{"damage":0,"enemies":"3 Darklings","floor":47,"turns":2},{"damage":0,"enemies":"Time Eater","floor":50,"turns":12}],"seed_played":"-8031363322485476881","potions_obtained":[{"floor":1,"key":"Weak Potion"},{"floor":3,"key":"Swift Potion"},{"floor":12,"key":"BlessingOfTheForge"}],"is_trial":true,"path_per_floor":["M","?","M","M","?","R","E","M","T","$","M","E","?","?","R","B",null,"M","?","?","?","M","R","E","R","T","?","M","$","M","M","R","B",null,"M","M","$","?","M","E","M","E","T","M","?","?","M","$","R","B",null],"character_chosen":"WATCHER","items_purchased":["Membership Card","Vajra","Akabeko","DeusExMachina","Singing Bowl","Mercury Hourglass","Lantern"],"campfire_rested":0,"item_purchase_floors":[10,10,10,10,29,29,37],"current_hp_per_floor":[64,79,78,72,72,72,72,72,79,78,77,76,75,64,64,64,71,70,69,68,67,61,61,64,63,62,30,29,28,29,29,29,28,27,26,27,26,27,28,29,30,31,30,31,28,27,28,27,26,25],"gold":954,"neow_bonus":"","is_daily":false,"chose_seed":false,"campfire_upgraded":6,"win_rate":0.0,"timestamp":1612724900,"path_taken":["M","?","?","M","?","R","E","M","T","$","M","E","?","?","R","BOSS","M","?","?","?","?","R","E","R","T","?","M","?","?","M","R","BOSS","M","?","$","?","M","E","M","E","T","M","?","?","M","$","R","BOSS"],"items_purchased_type":["Relic","Relic","Relic","Card","Relic","Relic","Relic"],"build_version":"2020-12-22","purchased_purges":2,"victory":true,"max_hp_per_floor":[70,79,78,77,76,75,74,73,79,78,77,76,75,74,73,72,71,70,69,68,67,66,65,64,63,62,30,29,28,29,30,29,28,27,26,27,26,27,28,29,30,31,30,31,28,27,28,27,26,25],"relic_stats":{"Singing Bowl":20,"counters":[25,108],"StoneCalendar":[105],"Pen Nib":[2],"Letter Opener":[273],"Orichalcum":[72],"Boot":[0],"WarpedTongs":[82],"Mercury Hourglass":[297],"Sozu":7,"Centennial Puzzle":[13],"Mummified Hand":[223],"Sundial":[2],"MealTicket":0,"obtain_stats":[{"Lantern":37,"Calipers":34,"Singing Bowl":29,"Vajra":10,"StoneCalendar":38,"Pen Nib":34,"Letter Opener":26,"Bottled Tornado":24,"Orichalcum":43,"Boot":40,"Akabeko":10,"WarpedTongs":21,"Mercury Hourglass":29,"Sozu":17,"Calling Bell":34,"Centennial Puzzle":7,"Mummified Hand":12,"Sundial":34,"Strawberry":9,"MealTicket":42,"Membership Card":10,"PureWater":0},{"Lantern":17,"Calipers":15,"Singing Bowl":12,"Vajra":5,"StoneCalendar":18,"Pen Nib":15,"Letter Opener":11,"Bottled Tornado":11,"Orichalcum":22,"Boot":20,"Akabeko":5,"WarpedTongs":9,"Mercury Hourglass":12,"Sozu":8,"Calling Bell":15,"Centennial Puzzle":4,"Mummified Hand":7,"Sundial":15,"Strawberry":5,"MealTicket":22,"Membership Card":5,"PureWater":0},{"Lantern":56,"Calipers":49,"Singing Bowl":36,"Vajra":15,"StoneCalendar":61,"Pen Nib":49,"Letter Opener":34,"Bottled Tornado":34,"Orichalcum":88,"Boot":75,"Akabeko":15,"WarpedTongs":26,"Mercury Hourglass":36,"Sozu":24,"Calling Bell":49,"Centennial Puzzle":14,"Mummified Hand":18,"Sundial":49,"Strawberry":15,"MealTicket":88,"Membership Card":15,"PureWater":0}]},"card_choices":[{"not_picked":["Force Field","Compile Driver","Wireheading"],"picked":"SKIP","floor":1},{"not_picked":["Loop","SashWhip","Turbo"],"picked":"SKIP","floor":3},{"not_picked":["BowlingBash","Go for the Eyes","Vengeance"],"picked":"SKIP","floor":4},{"not_picked":["Streamline","White Noise"],"picked":"CutThroughFate","floor":7},{"not_picked":["Lockon","EmptyBody","Redo"],"picked":"SKIP","floor":8},{"not_picked":["Lockon","Loop","Redo"],"picked":"SKIP","floor":11},{"not_picked":["EmptyFist","Prostrate"],"picked":"Biased Cognition","floor":12},{"not_picked":["LessonLearned","Blasphemy"],"picked":"Wish","floor":16},{"not_picked":["Indignation+1","Ball Lightning","ThirdEye+1"],"picked":"SKIP","floor":18},{"not_picked":["WaveOfTheHand+1","CrushJoints"],"picked":"Self Repair","floor":22},{"not_picked":["Auto Shields","LessonLearned","ThirdEye"],"picked":"SKIP","floor":24},{"not_picked":["CrushJoints","EmptyMind","Glacier"],"picked":"SKIP","floor":28},{"not_picked":["PathToVictory","Streamline","Weave"],"picked":"Singing Bowl","floor":30},{"not_picked":["FlurryOfBlows+1","EmptyFist","PathToVictory"],"picked":"Singing Bowl","floor":31},{"not_picked":["Amplify","Brilliance"],"picked":"Echo Form","floor":33},{"not_picked":["Barrage+1","Rebound"],"picked":"Protect+1","floor":35},{"not_picked":["Streamline+1","Melter","ThirdEye+1"],"picked":"Singing Bowl","floor":36},{"not_picked":["Cold Snap+1","Consume","CutThroughFate"],"picked":"Singing Bowl","floor":38},{"not_picked":["EmptyBody","Consecrate","Rip and Tear"],"picked":"Singing Bowl","floor":39},{"not_picked":["Force Field+1","Darkness","SashWhip"],"picked":"Singing Bowl","floor":40},{"not_picked":["InnerPeace","Rebound","Blizzard"],"picked":"Singing Bowl","floor":41},{"not_picked":["Devotion","Leap+1","SandsOfTime"],"picked":"Singing Bowl","floor":42},{"not_picked":["Go for the Eyes+1","Cold Snap+1","FlyingSleeves"],"picked":"Singing Bowl","floor":44},{"not_picked":["WindmillStrike","Chill","WreathOfFlame"],"picked":"Singing Bowl","floor":47}],"player_experience":1274333,"relics_obtained":[{"floor":7,"key":"Centennial Puzzle"},{"floor":9,"key":"Strawberry"},{"floor":12,"key":"Mummified Hand"},{"floor":24,"key":"Bottled Tornado"},{"floor":26,"key":"Letter Opener"},{"floor":34,"key":"Pen Nib"},{"floor":34,"key":"Sundial"},{"floor":34,"key":"Calipers"},{"floor":38,"key":"StoneCalendar"},{"floor":40,"key":"Boot"},{"floor":42,"key":"MealTicket"},{"floor":43,"key":"Orichalcum"}],"event_choices":[{"cards_removed":["Thunder Strike"],"damage_healed":6,"gold_gain":0,"player_choice":"Offered Rare","damage_taken":0,"max_hp_gain":10,"max_hp_loss":0,"event_name":"Bonfire Elementals","floor":2,"gold_loss":0},{"damage_healed":0,"gold_gain":175,"player_choice":"AGREE","damage_taken":0,"max_hp_gain":0,"max_hp_loss":0,"event_name":"Liars Game","floor":5,"gold_loss":0,"cards_obtained":["Doubt"]},{"damage_healed":0,"gold_gain":0,"player_choice":"Grow","damage_taken":0,"max_hp_gain":0,"max_hp_loss":0,"event_name":"Living Wall","floor":13,"gold_loss":0,"cards_upgraded":["Wish"]},{"damage_healed":0,"gold_gain":75,"player_choice":"Gather Gold","damage_taken":11,"max_hp_gain":0,"max_hp_loss":0,"event_name":"World of Goop","floor":14,"gold_loss":0},{"damage_healed":0,"gold_gain":0,"player_choice":"Ignored","damage_taken":0,"max_hp_gain":0,"max_hp_loss":0,"event_name":"Vampires","floor":19,"gold_loss":0},{"damage_healed":0,"gold_gain":0,"player_choice":"Read","damage_taken":0,"max_hp_gain":0,"max_hp_loss":0,"event_name":"The Library","floor":20,"gold_loss":0,"cards_obtained":["Meditate"]},{"damage_healed":0,"gold_gain":0,"player_choice":"Rummage","damage_taken":0,"relics_obtained":["WarpedTongs"],"max_hp_gain":0,"max_hp_loss":0,"event_name":"Accursed Blacksmith","floor":21,"gold_loss":0,"cards_obtained":["Pain"]},{"damage_healed":0,"gold_gain":0,"player_choice":"Became a Ghost","damage_taken":0,"max_hp_gain":0,"max_hp_loss":31,"event_name":"Ghosts","floor":27,"gold_loss":0,"cards_obtained":["Ghostly","Ghostly","Ghostly","Ghostly","Ghostly"]},{"damage_healed":0,"gold_gain":0,"player_choice":"Fight","damage_taken":0,"max_hp_gain":0,"max_hp_loss":0,"event_name":"Mysterious Sphere","floor":38,"gold_loss":0},{"damage_healed":0,"gold_gain":0,"player_choice":"Max HP","damage_taken":0,"max_hp_gain":0,"max_hp_loss":2,"event_name":"Winding Halls","floor":45,"gold_loss":0},{"cards_removed":["Meteor Strike"],"damage_healed":0,"gold_gain":0,"player_choice":"Removed Attack","damage_taken":0,"max_hp_gain":0,"max_hp_loss":0,"event_name":"Falling","floor":46,"gold_loss":0}],"is_beta":false,"boss_relics":[{"not_picked":["Philosopher\u0027s Stone","Busted Crown"],"picked":"Sozu"},{"not_picked":["Velvet Choker","HolyWater"],"picked":"Calling Bell"}],"items_purged_floors":[10,37],"is_endless":false,"potions_floor_spawned":[1,3,12,22,31,33,36,38,42,47],"ascension_level":0}}