{"host":"18ybagvpjbhxblmx","time":1612722694,"event":{"mods":["BaseMod","BetterRewards","Colored Map","Conspire","Friendly Minions","Hermit","Hubris","Infinite Spire","Koishi","Marisa????????","Minty Spire (QoL Compilation)","Quick Restart","Replay The Spire","StSLib","The Administrix","The Cursed","The Runesmith","The Servant 0.9.4"],"gold_per_floor":[111,111,111,111,125,125,125,125],"floor_reached":7,"language":"ENG","playtime":297,"items_purged":["Runesmith:Strike_RS"],"score":41,"play_id":"b0ab87c9-a010-42bd-8e66-3aadac42592c","local_time":"20210207193134","is_ascension_mode":true,"campfire_choices":[{"data":"Runesmith:Defend_RS","floor":6.0,"key":"PURGE"}],"circlet_count":0,"master_deck":["Runesmith:Strike_RS","Runesmith:Strike_RS","Runesmith:Strike_RS","Runesmith:Defend_RS","Runesmith:Defend_RS","Runesmith:Defend_RS","Runesmith:CraftFirestone","Runesmith:Fortify+1"],"relics":["Runesmith:BrokenRuby","Gambling Chip","conspire:TreasureMap","Peace Pipe","Strawberry"],"acts_visited":["Exordium"],"potions_floor_usage":[],"damage_taken":[{"damage":3.0,"enemies":"Cultist","floor":1.0,"turns":4.0},{"damage":0.0,"enemies":"Small Slimes","floor":5.0,"turns":3.0},{"damage":0,"enemies":"3 Sentries","floor":7,"turns":1}],"seed_played":"6780128015508286916","potions_obtained":[],"is_trial":false,"path_per_floor":["M","?","?","?","M","R","E"],"character_chosen":"RUNESMITH_CLASS","items_purchased":["conspire:TreasureMap"],"campfire_rested":0,"item_purchase_floors":[0],"current_hp_per_floor":[35,42,42,42,42,42,42,42],"gold":125,"neow_bonus":"","is_daily":false,"chose_seed":false,"campfire_upgraded":0,"win_rate":0.0,"timestamp":1612722694,"path_taken":["M","?","?","?","M","R","E"],"items_purchased_type":["Relic"],"build_version":"2020-12-22","purchased_purges":1,"victory":false,"max_hp_per_floor":[70,77,77,77,77,77,77,77],"card_choices":[{"not_picked":["Runesmith:StaticCage","Runesmith:Firewall","Runesmith:CraftProtectio"],"picked":"SKIP","floor":1.0},{"not_picked":["Runesmith:MakeshiftArmor","Runesmith:HeatExchange","Runesmith:HeatedChisel"],"picked":"SKIP","floor":5.0}],"player_experience":317637,"relics_obtained":[{"floor":2.0,"key":"Strawberry"}],"event_choices":[{"damage_healed":0.0,"max_hp_gain":0.0,"max_hp_loss":0.0,"gold_gain":0.0,"event_name":"conspire:Investor","player_choice":"Leave","floor":3.0,"gold_loss":0.0,"damage_taken":0.0},{"damage_healed":0.0,"max_hp_gain":0.0,"max_hp_loss":0.0,"gold_gain":0.0,"event_name":"Accursed Blacksmith","player_choice":"Forge","floor":4.0,"gold_loss":0.0,"damage_taken":0.0,"cards_upgraded":["Runesmith:Fortify"]}],"is_beta":false,"boss_relics":[],"items_purged_floors":[0],"is_endless":false,"potions_floor_spawned":[1],"killed_by":"3 Sentries","ascension_level":1}}