{"host":"j019w4cyowrad0mf","time":1612670171,"event":{"mods":["2.2 Compatiblity","Act Like it!","BaseMod","CapriCore","Gensokyo","HololiveMod","Marisa????????","Minty Spire (QoL Compilation)","Reimu??????","StSLib","Waifu the Spire","WarShipGirlsR/????R mod"],"gold_per_floor":[118,118,118,138,17,49,64,579,625,213,213,27,27,45,45,146,146,166,20,20,57,5,5,5,5,5,5,18,18,18,248,248,346,346,357,375,386,335,2,2,37,37,107,107,120,37,71,85,85,85],"floor_reached":51,"language":"ENG","playtime":5366,"items_purged":["rmod:strick","rmod:defend"],"score":804,"play_id":"ca529e4e-dfdc-46c3-bb1d-d7508750a097","local_time":"20210206195611","is_ascension_mode":true,"campfire_choices":[{"floor":13.0,"key":"REST"},{"data":"rmod:chargemoney","floor":15.0,"key":"SMITH"},{"data":"rmod:diamondstrike","floor":23.0,"key":"SMITH"},{"data":"rmod:diamondstrike","floor":25.0,"key":"SMITH"},{"data":"rmod:fuelsupply","floor":27.0,"key":"SMITH"},{"data":"rmod:fuelsupply","floor":29.0,"key":"SMITH"},{"floor":32.0,"key":"REST"},{"floor":40.0,"key":"REST"},{"data":"rmod:expeditionaryescort","floor":44.0,"key":"SMITH"},{"floor":49.0,"key":"REST"}],"circlet_count":0,"master_deck":["rmod:strick","rmod:strick","rmod:defend","rmod:defend","rmod:defend+1","rmod:basicallowance","rmod:steelsupply","rmod:diaomin","rmod:overbreakdown+1","rmod:circuitoustactics","rmod:diamondstrike+1","rmod:chargemoney+1","rmod:supportaircraftcarrier","rmod:supportaircraftcarrier","rmod:diamondstrike+1","rmod:fuelsupply+1","rmod:fuelsupply+1","rmod:supriseattacks","rmod:aviationdawn+1","rmod:firesupport","Shame","rmod:expeditionaryescort+1","rmod:desperatesituation","rmod:ammunitionsupply","rmod:gendarmerie+1","rmod:firesupport","Gensokyo:HAARP","Gensokyo:LockedMedkit","rmod:diamondstrike+1","Madness","rmod:u235","rmod:generalist+1","rmod:slowdown"],"relics":["Happy Flower","Kunai","Lantern","Toolbox","Torii","rmod:mogul","Letter Opener","Art of War","Regal Pillow","Sozu","Peace Pipe","Dream Catcher","White Beast Statue","Shovel"],"acts_visited":["Exordium","Gensokyo:Gensokyo","Gensokyo:Gensokyoer"],"potions_floor_usage":[],"damage_taken":[{"damage":0.0,"enemies":"Gensokyo:3_Fairies","floor":1.0,"turns":4.0},{"damage":0.0,"enemies":"Gensokyo:Gryphon","floor":4.0,"turns":7.0},{"damage":31.0,"enemies":"Gensokyo:Aya","floor":6.0,"turns":13.0},{"damage":13.0,"enemies":"Gensokyo:Python","floor":7.0,"turns":6.0},{"damage":14.0,"enemies":"Gensokyo:VengefulSpirit","floor":8.0,"turns":11.0},{"damage":0.0,"enemies":"Gensokyo:Gryphon_and_Rabbit","floor":14.0,"turns":5.0},{"damage":22.0,"enemies":"Gensokyo:Reimu","floor":16.0,"turns":9.0},{"damage":14.0,"enemies":"Gensokyo:AngelMirror","floor":18.0,"turns":3.0},{"damage":7.0,"enemies":"Gensokyo:CosmicMonolith","floor":21.0,"turns":5.0},{"damage":6.0,"enemies":"Gensokyo:Chomper_and_Gloop","floor":28.0,"turns":4.0},{"damage":24.0,"enemies":"Gensokyo:Reisen","floor":31.0,"turns":4.0},{"damage":18.0,"enemies":"Gensokyo:Kaguya","floor":33.0,"turns":7.0},{"damage":5.0,"enemies":"Gensokyo:3_Bats","floor":35.0,"turns":4.0},{"damage":36.0,"enemies":"Gensokyo:3_Boulders","floor":36.0,"turns":5.0},{"damage":20.0,"enemies":"Gensokyo:Rafflesia","floor":37.0,"turns":7.0},{"damage":26.0,"enemies":"Gensokyo:Kasen","floor":41.0,"turns":4.0},{"damage":10.0,"enemies":"Gensokyo:4_Bats","floor":45.0,"turns":3.0},{"damage":6.0,"enemies":"Gensokyo:Marisa","floor":47.0,"turns":5.0},{"damage":0.0,"enemies":"Gensokyo:SeedOfUnknown","floor":48.0,"turns":4.0},{"damage":4,"enemies":"Gensokyo:Scarlet_Devils","floor":50,"turns":7}],"seed_played":"-2399117857943771815","potions_obtained":[{"floor":4.0,"key":"Strength Potion"},{"floor":8.0,"key":"SkillPotion"},{"floor":28.0,"key":"GrandPatriotsElixir:ReiMu"},{"floor":31.0,"key":"LiquidMemories"}],"is_trial":false,"path_per_floor":["M","?","T","M","COS","E","M","M","T","$","?","$","R","M","R","B",null,"M","COS","?","M","$","R","?","R","T","R","M","R","?","E","R","B",null,"M","M","M","$","COS","R","E","?","T","R","M","$","E","M","R","B",null],"character_chosen":"PRAEFECT","items_purchased":["rmod:chargemoney","Toolbox","GamblersBrew","rmod:supportaircraftcarrier","rmod:supportaircraftcarrier","rmod:diamondstrike","PowerPotion","rmod:firesupport","Madness"],"campfire_rested":4,"item_purchase_floors":[10,10,10,10,12,12,22,38,46],"current_hp_per_floor":[75,75,75,75,75,44,31,17,17,17,17,17,39,39,39,17,75,61,61,61,54,54,54,54,54,54,54,48,48,48,24,61,43,75,70,34,14,14,14,51,25,25,25,25,15,15,9,9,46,42],"gold":85,"neow_bonus":"REMOVE_CARD","is_daily":false,"chose_seed":false,"campfire_upgraded":6,"win_rate":0.0,"timestamp":1612670171,"path_taken":["M","?","?","?","COS","E","M","M","T","$","?","$","R","?","R","BOSS","M","COS","?","M","?","R","?","R","T","R","?","R","?","E","R","BOSS","M","M","M","?","COS","R","E","?","T","R","?","$","E","M","R","BOSS"],"items_purchased_type":["Card","Relic","Potion","Card","Card","Card","Potion","Card","Card"],"build_version":"2020-12-22","purchased_purges":2,"victory":true,"max_hp_per_floor":[75,75,75,75,75,75,75,75,75,75,75,75,75,75,75,75,75,75,75,75,75,75,75,75,75,75,75,75,75,75,75,75,75,75,75,75,75,75,75,75,75,75,75,75,75,75,75,75,75,75],"card_choices":[{"not_picked":["rmod:intelligenceanalysis","rmod:combined"],"picked":"rmod:steelsupply","floor":1.0},{"not_picked":["rmod:guardianhero","rmod:generalist"],"picked":"rmod:diaomin","floor":4.0},{"not_picked":["rmod:luckystar","rmod:wasp"],"picked":"rmod:overbreakdown","floor":6.0},{"not_picked":["rmod:expedition","rmod:generalist"],"picked":"rmod:circuitoustactics","floor":7.0},{"not_picked":["rmod:victimresponsibility","rmod:unsinkable"],"picked":"rmod:diamondstrike","floor":8.0},{"not_picked":["rmod:saltedfish","rmod:supportaircraftcarrier"],"picked":"rmod:fuelsupply","floor":14.0},{"not_picked":["rmod:highspeedshooting","rmod:wolves"],"picked":"rmod:fuelsupply","floor":18.0},{"not_picked":[],"picked":"rmod:supriseattacks","floor":20.0},{"not_picked":["rmod:openingtorpedo","rmod:overbreakdown"],"picked":"rmod:aviationdawn","floor":21.0},{"not_picked":["rmod:luckystar+1","rmod:diaomin"],"picked":"rmod:firesupport","floor":28.0},{"not_picked":["rmod:garrisonisland","rmod:highspeedshooting"],"picked":"rmod:expeditionaryescort","floor":31.0},{"not_picked":["rmod:windflower","rmod:timeschanged"],"picked":"rmod:desperatesituation","floor":33.0},{"not_picked":["rmod:royalracing","rmod:generalist+1"],"picked":"rmod:ammunitionsupply","floor":35.0},{"not_picked":["rmod:spoils","rmod:capitalist"],"picked":"rmod:gendarmerie+1","floor":36.0},{"not_picked":["rmod:overbreakdown","rmod:fletcherpendant"],"picked":"rmod:advancebysurprise+1","floor":37.0},{"not_picked":["rmod:generalist","rmod:supportescort+1","rmod:steelsupply"],"picked":"SKIP","floor":41.0},{"not_picked":["rmod:circuitoustactics","rmod:overbreakdown"],"picked":"rmod:diamondstrike+1","floor":45.0},{"not_picked":["rmod:diamondstrike","rmod:rockthrower"],"picked":"rmod:u235","floor":47.0},{"not_picked":["rmod:steelsupply+1","rmod:circuitoustactics+1"],"picked":"rmod:generalist+1","floor":48.0},{"not_picked":["rmod:salvage+1","rmod:aviationdawn+1"],"picked":"rmod:slowdown","floor":49.0}],"player_experience":366589,"relics_obtained":[{"floor":6.0,"key":"Kunai"},{"floor":9.0,"key":"Lantern"},{"floor":26.0,"key":"Letter Opener"},{"floor":31.0,"key":"Regal Pillow"},{"floor":41.0,"key":"Dream Catcher"},{"floor":43.0,"key":"White Beast Statue"},{"floor":47.0,"key":"Shovel"}],"event_choices":[],"is_beta":false,"boss_relics":[{"not_picked":["Busted Crown","Calling Bell"],"picked":"rmod:mogul"},{"not_picked":["Runic Dome","Fusion Hammer"],"picked":"Sozu"}],"items_purged_floors":[10,12],"is_endless":false,"potions_floor_spawned":[4,8,28,31,37,41,45,47,48],"ascension_level":1}}