{"host":"b1dzdo8uo7e6jx8g","time":1612734166,"event":{"mods":["AchievementEnabler","BaseMod","BetterRewards","Colored Map","Downfall","Highlight Path","Minty Spire (QoL Compilation)","StSLib"],"gold_per_floor":[110,110,33,108,31,31,56,108,108,108,108,122,134,145,145,249,249,267,285,235,177,226,242,255,255,255,255,255],"floor_reached":27,"language":"ENG","playtime":835,"items_purged":[],"score":373,"play_id":"925719ca-a17f-4c63-a231-f76f7c3019a6","local_time":"20210207224246","is_ascension_mode":true,"campfire_choices":[{"floor":6,"key":"REST"},{"floor":10,"key":"REST"},{"floor":15,"key":"REST"}],"circlet_count":0,"master_deck":["Strike_G","Strike_G","Strike_G","Strike_G","Strike_G","Defend_G","Defend_G","Defend_G","Survivor","Neutralize","Noxious Fumes","PiercingWail","Backflip","Catalyst","Deadly Poison","Tactician","Concentrate","Storm of Steel","Terror","Terror","Night Terror","Crippling Poison","Bane","Crippling Poison","Backstab","Outmaneuver+1","downfall:Bewildered"],"relics":["Ring of the Snake","Membership Card","Prayer Wheel","Strange Spoon","ClockworkSouvenir","Matryoshka","Potion Belt","Bronze Scales","Dream Catcher","Mummified Hand","SacredBark","Art of War","sneckomod:BabySnecko","Frozen Egg 2"],"acts_visited":["Exordium","TheCity"],"potions_floor_usage":[19,24,24,24,24,27,27],"damage_taken":[{"damage":2,"enemies":"Cultist","floor":1,"turns":4},{"damage":44,"enemies":"Gremlin Nob","floor":7,"turns":6},{"damage":6,"enemies":"2 Louse","floor":12,"turns":3},{"damage":4,"enemies":"Jaw Worm","floor":13,"turns":3},{"damage":6,"enemies":"Exordium Thugs","floor":14,"turns":4},{"damage":39,"enemies":"Hexaghost","floor":16,"turns":10},{"damage":0,"enemies":"3 Byrds","floor":18,"turns":4},{"damage":30,"enemies":"2 Thieves","floor":19,"turns":4},{"damage":33,"enemies":"Centurion and Healer","floor":23,"turns":6},{"damage":3,"enemies":"Sentry and Sphere","floor":24,"turns":6},{"damage":4,"enemies":"Cultist and Chosen","floor":27,"turns":1}],"seed_played":"-83643831310798388","potions_obtained":[{"floor":1,"key":"BlessingOfTheForge"},{"floor":7,"key":"AttackPotion"},{"floor":13,"key":"EntropicBrew"},{"floor":18,"key":"Block Potion"}],"is_trial":false,"path_per_floor":["M","?","$","?","$","R","E","T","T","R","?","M","M","M","R","B",null,"M","M","?","$","T","M","M","?","T","M"],"character_chosen":"THE_SILENT","items_purchased":["Membership Card","Noxious Fumes","Prayer Wheel","PiercingWail","Strange Spoon","ClockworkSouvenir","Crippling Poison","Backstab"],"campfire_rested":3,"item_purchase_floors":[0,0,0,0,3,5,21,21],"current_hp_per_floor":[54,54,54,43,43,64,20,20,20,41,41,35,31,25,46,7,70,70,40,40,40,40,7,4,4,4,0,0],"gold":255,"neow_bonus":"","is_daily":false,"chose_seed":false,"campfire_upgraded":0,"win_rate":0.0,"timestamp":1612734166,"path_taken":["M","?","?","?","$","R","E","?","T","R","?","?","?","M","R","BOSS","M","M","?","$","?","M","M","?","T","M"],"items_purchased_type":["Relic","Card","Relic","Card","Relic","Relic","Card","Card"],"build_version":"2020-12-22","purchased_purges":0,"victory":false,"max_hp_per_floor":[70,70,70,70,70,70,70,70,70,70,70,70,70,70,70,70,70,70,70,70,70,70,70,70,70,70,70,70],"card_choices":[{"not_picked":["Sucker Punch","Slice"],"picked":"Backflip","floor":1},{"not_picked":["Backstab","Dagger Spray"],"picked":"Catalyst","floor":1},{"not_picked":["Underhanded Strike","Cloak And Dagger"],"picked":"Deadly Poison","floor":7},{"not_picked":["Doppelganger","Flechettes","Reflex"],"picked":"SKIP","floor":12},{"not_picked":["Blur","Dodge and Roll","Expertise"],"picked":"SKIP","floor":12},{"not_picked":["Dagger Throw","Sucker Punch"],"picked":"Concentrate","floor":13},{"not_picked":["Quick Slash","Backflip","Sucker Punch"],"picked":"SKIP","floor":13},{"not_picked":["Quick Slash","Flechettes"],"picked":"Storm of Steel","floor":14},{"not_picked":["Predator","Acrobatics"],"picked":"Terror","floor":14},{"not_picked":["Sucker Punch","Backflip"],"picked":"Terror","floor":15},{"not_picked":["After Image","Unload"],"picked":"Night Terror","floor":16},{"not_picked":["Dodge and Roll+1","Grand Finale"],"picked":"Crippling Poison","floor":18},{"not_picked":["Prepared","Quick Slash","Caltrops"],"picked":"SKIP","floor":18},{"not_picked":["Dagger Throw","Predator+1"],"picked":"Bane","floor":19},{"not_picked":["Cloak And Dagger","Backflip","Prepared"],"picked":"SKIP","floor":19},{"not_picked":["Sucker Punch","Eviscerate"],"picked":"Outmaneuver+1","floor":23},{"not_picked":["Well Laid Plans","Dagger Throw+1","PiercingWail"],"picked":"SKIP","floor":23},{"not_picked":["All Out Attack","Acrobatics","Sucker Punch"],"picked":"SKIP","floor":24},{"not_picked":["Deflect","Choke+1","Deadly Poison"],"picked":"SKIP","floor":24}],"player_experience":256795,"relics_obtained":[{"floor":7,"key":"Matryoshka"},{"floor":8,"key":"Potion Belt"},{"floor":8,"key":"Bronze Scales"},{"floor":9,"key":"Dream Catcher"},{"floor":9,"key":"Mummified Hand"},{"floor":22,"key":"Art of War"},{"floor":26,"key":"Frozen Egg 2"}],"event_choices":[{"cards_removed":["Defend_G"],"damage_healed":0,"gold_gain":0,"player_choice":"Purged","damage_taken":0,"max_hp_gain":0,"max_hp_loss":0,"event_name":"Purifier","floor":2,"gold_loss":0},{"damage_healed":0,"gold_gain":75,"player_choice":"Gather Gold","damage_taken":11,"max_hp_gain":0,"max_hp_loss":0,"event_name":"World of Goop","floor":4,"gold_loss":0},{"damage_healed":0,"gold_gain":0,"cards_transformed":["Defend_G"],"player_choice":"Transformed","damage_taken":0,"max_hp_gain":0,"max_hp_loss":0,"event_name":"Transmorgrifier","floor":11,"gold_loss":0,"cards_obtained":["Tactician"]},{"damage_healed":0,"gold_gain":0,"player_choice":"Bet on Murderer","damage_taken":0,"max_hp_gain":0,"max_hp_loss":0,"event_name":"The Joust","floor":20,"gold_loss":50}],"is_beta":false,"boss_relics":[{"not_picked":["SlaversCollar","Ectoplasm"],"picked":"SacredBark"}],"items_purged_floors":[],"is_endless":false,"potions_floor_spawned":[1,7,13,18],"killed_by":"Cultist and Chosen","ascension_level":4}}