{"host":"o5lch9xvacbb0fa4","time":1612717539,"event":{"mods":["AchievementEnabler","Act Like it!","Aspiration","Bard","BaseMod","Better Altar","Better Match","Better Note","Better Sensory Stone","Better Skull","Better Third Choice","Better Vampires","BetterRewards","CCEM","Colored Map","Conspire","Downfall","GifTheSpireLib","Googly Eyes","GungeonMod","Halation","Hermit","Highlight Path","Hubris","Infinite Spire","Jedi Mod","Jorbs\u0027s Wanderer Trilogy","Marisa????????","Marked Mod","Mimic Mod","Minty Spire (QoL Compilation)","Permanent Neow","Relic Filter","Relic Sorter","Relic Stats","Replay The Spire","Shade Mod","Shop Mod","Small Relic Pack","StSLib","Stuff the Spire","The Blackbeard","The Runesmith","Unceasing Turn Reminder","everything is the same but u backflip on backflip","slay the spire mod where everything is the same but ironclad has a cowboy hat"],"gold_per_floor":[116,116,116,116,173,251,310,336,359,415,415,38,117,131,131,272,272,284,284,299,313,326,326,375,375,401,433,433,433,498,498,498,593,643,643,643],"floor_reached":35,"playtime":2929,"items_purged":[],"score":672,"play_id":"74eabe48-3b6b-4893-be6f-4a905f2c9b7b","local_time":"20210208010539","is_ascension_mode":false,"campfire_choices":[{"floor":11.0,"key":"REST"},{"floor":15.0,"key":"REST"},{"data":"bard:SixFourTime","floor":23.0,"key":"SMITH"},{"data":"bard:DiscordantVoice","floor":29.0,"key":"SMITH"},{"floor":32.0,"key":"REST"}],"circlet_count":0,"master_deck":["bard:Strike","bard:Strike","bard:Strike","bard:Strike","bard:Defend","bard:Defend","bard:Defend","bard:Defend","bard:Riposte","bard:Inspire","bard:FirstStrike","bard:SixFourTime","bard:HarmoniousVoice","bard:Heroism","bard:HideousLaughter","Delirium","NonDirectionalLaser+1","bard:Invisibility","bard:QuickSong","bard:PhantasmalForce","bard:Doot","bard:ReverseGravity","bard:Doot","bard:Parry","Pot Of Greed","Pot Of Greed","Pot Of Greed","bard:Accelerando","bard:Shifting+1","bard:Gamble","bard:GreaterMagicWeapon","bard:SixFourTime+1","bard:StudiedStrike+1","bard:DiscordantVoice+1","bard:LingeringEcho","bard:MnemonicVestments","bard:Sift+1"],"relics":["bard:PitchPipe","Replay:Accelerometer","hubris:Icosahedron","halation:PinkSoulGem","ReplayTheSpireMod:Ring of Challenge","bard:BagPipes","Mirror","infinitespire:Lucky Rock","CCEMRelics:TechnogenicHelmet","halation:LettersToHer","StuffTheSpire:Gunfinga","Centennial Puzzle","Durian","Grinning Jar","Black Star","hubris:MysteriousPyramids","Replay:Baseball","hubris:64BitClover","jedi:angrymask","Anchor","DemoMod:GlassGuonStoneRelic","Tiny House"],"acts_visited":["Exordium","TheCity","TheBeyond"],"potions_floor_usage":[],"damage_taken":[{"damage":0.0,"enemies":"Jaw Worm","floor":1.0,"turns":5.0},{"damage":5.0,"enemies":"conspire:RoseBush","floor":5.0,"turns":2.0},{"damage":15.0,"enemies":"Lagavulin","floor":6.0,"turns":7.0},{"damage":4.0,"enemies":"Small Slimes","floor":7.0,"turns":2.0},{"damage":7.0,"enemies":"3 Sentries","floor":8.0,"turns":4.0},{"damage":6.0,"enemies":"Exordium Thugs","floor":10.0,"turns":4.0},{"damage":9.0,"enemies":"Lagavulin","floor":13.0,"turns":9.0},{"damage":0.0,"enemies":"Gremlin Gang","floor":14.0,"turns":1.0},{"damage":0.0,"enemies":"Fading Forest","floor":16.0,"turns":12.0},{"damage":0.0,"enemies":"Chosen","floor":18.0,"turns":4.0},{"damage":1.0,"enemies":"conspire:FuzzyDice","floor":20.0,"turns":4.0},{"damage":27.0,"enemies":"Snecko","floor":21.0,"turns":5.0},{"damage":0.0,"enemies":"3 Cultists","floor":22.0,"turns":1.0},{"damage":15.0,"enemies":"Centurion and Healer","floor":24.0,"turns":11.0},{"damage":12.0,"enemies":"Replay:Snechameleon","floor":27.0,"turns":6.0},{"damage":9.0,"enemies":"Shelled Parasite and Fungi","floor":30.0,"turns":5.0},{"damage":18.0,"enemies":"Collector","floor":33.0,"turns":7.0},{"damage":0,"enemies":"Orb Walker","floor":35,"turns":1}],"seed_played":"4735161259344517623","potions_obtained":[{"floor":6.0,"key":"Strength Potion"},{"floor":8.0,"key":"Elixir"},{"floor":10.0,"key":"Energy Potion"},{"floor":14.0,"key":"DistilledChaos"},{"floor":16.0,"key":"SkillPotion"},{"floor":18.0,"key":"BlessingOfTheForge"},{"floor":30.0,"key":"Adrenaline Potion"},{"floor":33.0,"key":"Elixir"},{"floor":34.0,"key":"EntropicBrew"}],"is_trial":false,"path_per_floor":["M","?","?","?","M","E","M","E","T","M","R","$","E","M","R","B",null,"M","?","M","M","M","R","M","?","T","E","?","R","M","$","R","B",null,"M"],"character_chosen":"BARD","items_purchased":["Mirror","bard:FirstStrike","bard:SixFourTime","bard:Flourish","bard:HarmoniousVoice","infinitespire:Lucky Rock","Durian","bard:Doot","Anchor"],"campfire_rested":3,"item_purchase_floors":[0,0,0,0,0,0,12,12,31],"current_hp_per_floor":[38,38,38,38,33,18,14,7,7,1,22,27,18,18,40,40,75,75,75,74,47,47,47,32,32,32,20,20,20,11,1,23,5,80,80,80],"gold":643,"neow_bonus":"","is_daily":false,"chose_seed":false,"campfire_upgraded":2,"win_rate":0.0,"timestamp":1612717539,"path_taken":["M","?","?","?","?","E","M","E","T","M","R","$","E","?","R","BOSS","M","?","M","M","M","R","M","?","T","E","?","R","M","?","R","BOSS","M"],"items_purchased_type":["Relic","Card","Card","Card","Card","Relic","Relic","Card","Relic"],"build_version":"2020-12-13","purchased_purges":0,"victory":false,"max_hp_per_floor":[70,70,70,70,70,70,70,70,70,70,70,75,75,75,75,75,75,75,75,75,75,75,75,75,75,75,75,75,75,75,75,75,75,80,80,80],"relic_stats":{"Centennial Puzzle":[21],"counters":[142,477],"Black Star":1,"obtain_stats":[{"jedi:angrymask":23,"Golden Egg":77,"infinitespire:BottledMercury":149,"Replay:Accelerometer":0,"bard:BagPipes":6,"StuffTheSpire:Barrel":124,"DemoMod:AgedBell":74,"jedi:zontanonomicon":31,"Spirit Poop":36,"Runesmith:Locket":13,"StuffTheSpire:BottledEssence":123,"hubris:MysteriousPyramids":24,"Old Coin":30,"relicPack:OneForAll":59,"conspire:GlowingRock":104,"Sundial":55,"CCEMRelics:DissonantTune":2,"DemoMod:LamentConfigurum":12,"MealTicket":42,"infinitespire:Golems Mask":69,"HandDrill":39,"Replay:Bottled Flurry":27,"Kunai":45,"Electric Blood":68,"aspiration:DSix":132,"MerchantsRug":37,"aspiration:StickyExplosives":80,"Blue Candle":46,"Pen Nib":147,"Replay:Ancient Bell":34,"aspiration:FrozenJewel":4,"infinitespire:EvilPickle":33,"DemoMod:GundromedaStrain":34,"StuffTheSpire:MayFlowers":95,"halation:Jellyphish":0,"halation:PenCase":45,"MiniHakkero":1,"Unceasing Top":48,"conspire:Flyswatter":76,"AmplifyWand":50,"Lantern":124,"Regal Pillow":65,"Blue Doll":62,"King of Hearts":149,"Bag of Preparation":9,"hubris:EmptyBottle":98,"jedi:archwizardhat":156,"Smiling Mask":91,"Ancient Tea Set":65,"Burning Blood":0,"Pet Ghost":1,"StuffTheSpire:OccultApparatus":54,"StuffTheSpire:Gunfinga":24,"Matryoshka":47,"aspiration:AnachronicSnailShell":7,"hubris:ScarierMask":53,"CCEMRelics:GrapeVine":43,"hubris:FunFungus":66,"hubris:ChampionShield":60,"StuffTheSpire:RedRose":106,"CCEMRelics:WhiteRose":52,"BewitchedHakkero":70,"CCEMRelics:JestersCrown":37,"InkBottle":66,"hubris:64BitClover":27,"DemoMod:WeirdEgg":147,"DemoMod:Antibody":0,"halation:Yufonium":50,"jedi:gremlinknob":41,"Thread and Needle":110,"DemoMod:PartiallyEatenCheese":14,"DemoMod:PinkGuonStone":54,"Omamori":126,"aspiration:RandomNobGenerator":153,"CCEMRelics:CocoNut":24,"infinitespire:Lucky Rock":74,"aspiration:PocketMushroom":55,"StuffTheSpire:Mouthbags":93,"Ornamental Fan":78,"Durian":38,"Bottled Lightning":22,"ReplayTheSpireMod:Ring of Challenge":2,"ReplayTheSpireMod:Lightbulb":53,"halation:PinkSoulGem":4,"Toy Ornithopter":76,"halation:Trompette":129,"hubris:BottledRain":30,"DemoMod:BlueGuonStone":76,"Calipers":42,"Tiny House":34,"Gremlin Horn":42,"m_IronCrown":78,"relicPack:StarArrow":53,"Vajra":128,"jedi:command_rare":134,"DemoMod:GlassGuonStoneRelic":3,"halation:Prosthetics":68,"Lizard Tail":142,"Centennial Puzzle":10,"DemoMod:MonsterBlood":4,"halation:PrussianBluePaint":63,"aspiration:MobileForge":107,"DollysMirror":72,"Philosopher\u0027s Stone":68,"Prayer Wheel":57,"DemoMod:ClearGuonStone":108,"Toxic Egg 2":129,"RampagingMagicTools":17,"conspire:Dentures":91,"hubris:DuctTape":34,"Happy Flower":5,"halation:PlatinumPhoenix":71,"aspiration:Nostalgia":78,"Replay:Grab Bag":68,"Ring of Chaos":85,"conspire:Boomerang":112,"Replay:Kaleidoscope":82,"Letter Opener":41,"aspiration:SeaSaltIceCream":78,"Question Card":26,"jedi:heavyjacket":122,"Replay:Baseball":58,"Bottled Flame":126,"jedi:hotpepper":61,"Shuriken":35,"DemoMod:DecoyRelic":107,"Molten Egg 2":93,"DemoMod:NanoMachines":95,"Onion Ring":145,"StuffTheSpire:DarkSteelAnvil":75,"StuffTheSpire:PointBlank":11,"Black Star":70,"infinitespire:EmpoweringShard":110,"ReplayTheSpireMod:TigerMarble":132,"hubris:ToyBattleship":51,"Grinning Jar":123,"Mirror":0,"Pocketwatch":37,"Meat on the Bone":46,"conspire:SpecialSausage":51,"aspiration:TomeofQuesting":108,"Mango":58,"jedi:command_boss":61,"Juzu Bracelet":98,"hubris:SlimyHat":18,"relicPack:DarknessArmor":144,"CCEMRelics:TechnogenicHelmet":12,"DemoMod:WhiteGuonStone":26,"conspire:TopHat":41,"aspiration:StickyExplosives_weak":155,"CCEMRelics:TransientCore":63,"StuffTheSpire:Experiment12":25,"Frozen Eye":112,"Nunchaku":82,"Replay:Bandana":144,"CCEMRelics:OldTooth":47,"hubris:Icosahedron":105,"aspiration:DefectSkillbook":17,"Mummified Hand":52,"StuffTheSpire:HeavyRock":98,"jedi:cryingmask":39,"hubris:IronBody":112,"halation:LettersToHer":22,"Red Skull":111,"CCEMRelics:Barrel":28,"Gremlin Food":67,"DemoMod:Armor":95,"ReplayTheSpireMod:Ninjato":79,"bard:PitchPipe":6,"aspiration:FetidBarrel":155,"aspiration:RunicSpoon":16,"halation:IllGainedPizza":34,"hubris:MedicalManual":123,"aspiration:HummingbirdHeart":33,"White Beast Statue":74,"Mercury Hourglass":97,"CCEMRelics:SpiritsEdge":142,"jedi:fakemustache":155,"Calling Bell":30,"Anchor":97,"infinitespire:WardingShard":47,"halation:EternalFortune":72,"infinitespire:Satchel":56,"StuffTheSpire:CocoNut":94,"hubris:BundleOfHerbs":70,"Another Sword":156,"CCEMRelics:GrindingGear":29,"jedi:arcanewood":47,"DemoMod:VorpalBullet":134,"hubris:OldNail":9,"ReplayTheSpireMod:ShopPack":44},{"jedi:angrymask":15,"Golden Egg":44,"infinitespire:BottledMercury":81,"Replay:Accelerometer":124,"bard:BagPipes":127,"StuffTheSpire:Barrel":66,"DemoMod:AgedBell":118,"jedi:zontanonomicon":21,"Spirit Poop":23,"Runesmith:Locket":89,"StuffTheSpire:BottledEssence":66,"hubris:MysteriousPyramids":138,"Old Coin":97,"relicPack:OneForAll":33,"conspire:GlowingRock":59,"Sundial":110,"CCEMRelics:DissonantTune":86,"DemoMod:LamentConfigurum":89,"MealTicket":103,"infinitespire:Golems Mask":117,"HandDrill":24,"Replay:Bottled Flurry":96,"Kunai":104,"Electric Blood":38,"aspiration:DSix":71,"MerchantsRug":23,"aspiration:StickyExplosives":122,"Blue Candle":105,"Pen Nib":79,"Replay:Ancient Bell":22,"aspiration:FrozenJewel":88,"infinitespire:EvilPickle":22,"DemoMod:GundromedaStrain":22,"StuffTheSpire:MayFlowers":55,"halation:Jellyphish":85,"halation:PenCase":103,"MiniHakkero":86,"Unceasing Top":29,"conspire:Flyswatter":121,"AmplifyWand":107,"Lantern":66,"Regal Pillow":114,"Blue Doll":112,"King of Hearts":81,"Bag of Preparation":6,"hubris:EmptyBottle":56,"jedi:archwizardhat":84,"Smiling Mask":52,"Ancient Tea Set":113,"Burning Blood":0,"Pet Ghost":85,"StuffTheSpire:OccultApparatus":31,"StuffTheSpire:Gunfinga":95,"Matryoshka":105,"aspiration:AnachronicSnailShell":5,"hubris:ScarierMask":108,"CCEMRelics:GrapeVine":103,"hubris:FunFungus":115,"hubris:ChampionShield":33,"StuffTheSpire:RedRose":59,"CCEMRelics:WhiteRose":107,"BewitchedHakkero":117,"CCEMRelics:JestersCrown":23,"InkBottle":114,"hubris:64BitClover":139,"DemoMod:WeirdEgg":79,"DemoMod:Antibody":85,"halation:Yufonium":106,"jedi:gremlinknob":101,"Thread and Needle":61,"DemoMod:PartiallyEatenCheese":90,"DemoMod:PinkGuonStone":108,"Omamori":67,"aspiration:RandomNobGenerator":83,"CCEMRelics:CocoNut":94,"infinitespire:Lucky Rock":42,"aspiration:PocketMushroom":109,"StuffTheSpire:Mouthbags":53,"Ornamental Fan":44,"Durian":100,"Bottled Lightning":14,"ReplayTheSpireMod:Ring of Challenge":125,"ReplayTheSpireMod:Lightbulb":31,"halation:PinkSoulGem":125,"Toy Ornithopter":44,"halation:Trompette":69,"hubris:BottledRain":97,"DemoMod:BlueGuonStone":44,"Calipers":102,"Tiny House":141,"Gremlin Horn":103,"m_IronCrown":122,"relicPack:StarArrow":31,"Vajra":68,"jedi:command_rare":72,"DemoMod:GlassGuonStoneRelic":3,"halation:Prosthetics":38,"Lizard Tail":77,"Centennial Puzzle":130,"DemoMod:MonsterBlood":3,"halation:PrussianBluePaint":35,"aspiration:MobileForge":59,"DollysMirror":118,"Philosopher\u0027s Stone":38,"Prayer Wheel":110,"DemoMod:ClearGuonStone":60,"Toxic Egg 2":69,"RampagingMagicTools":92,"conspire:Dentures":52,"hubris:DuctTape":22,"Happy Flower":88,"halation:PlatinumPhoenix":117,"aspiration:Nostalgia":122,"Replay:Grab Bag":38,"Ring of Chaos":48,"conspire:Boomerang":61,"Replay:Kaleidoscope":47,"Letter Opener":102,"aspiration:SeaSaltIceCream":122,"Question Card":96,"jedi:heavyjacket":66,"Replay:Baseball":33,"Bottled Flame":67,"jedi:hotpepper":33,"Shuriken":98,"DemoMod:DecoyRelic":59,"Molten Egg 2":53,"DemoMod:NanoMachines":55,"Onion Ring":78,"StuffTheSpire:DarkSteelAnvil":119,"StuffTheSpire:PointBlank":8,"Black Star":39,"infinitespire:EmpoweringShard":61,"ReplayTheSpireMod:TigerMarble":71,"hubris:ToyBattleship":107,"Grinning Jar":66,"Mirror":124,"Pocketwatch":99,"Meat on the Bone":105,"conspire:SpecialSausage":30,"aspiration:TomeofQuesting":60,"Mango":111,"jedi:command_boss":33,"Juzu Bracelet":56,"hubris:SlimyHat":92,"relicPack:DarknessArmor":78,"CCEMRelics:TechnogenicHelmet":88,"DemoMod:WhiteGuonStone":17,"conspire:TopHat":25,"aspiration:StickyExplosives_weak":83,"CCEMRelics:TransientCore":112,"StuffTheSpire:Experiment12":17,"Frozen Eye":61,"Nunchaku":47,"Replay:Bandana":78,"CCEMRelics:OldTooth":28,"hubris:Icosahedron":59,"aspiration:DefectSkillbook":11,"Mummified Hand":108,"StuffTheSpire:HeavyRock":56,"jedi:cryingmask":24,"hubris:IronBody":61,"halation:LettersToHer":94,"Red Skull":61,"CCEMRelics:Barrel":19,"Gremlin Food":115,"DemoMod:Armor":55,"ReplayTheSpireMod:Ninjato":122,"bard:PitchPipe":127,"aspiration:FetidBarrel":83,"aspiration:RunicSpoon":91,"halation:IllGainedPizza":22,"hubris:MedicalManual":66,"aspiration:HummingbirdHeart":97,"White Beast Statue":42,"Mercury Hourglass":56,"CCEMRelics:SpiritsEdge":77,"jedi:fakemustache":83,"Calling Bell":97,"Anchor":56,"infinitespire:WardingShard":106,"halation:EternalFortune":40,"infinitespire:Satchel":110,"StuffTheSpire:CocoNut":54,"hubris:BundleOfHerbs":39,"Another Sword":84,"CCEMRelics:GrindingGear":96,"jedi:arcanewood":106,"DemoMod:VorpalBullet":72,"hubris:OldNail":88,"ReplayTheSpireMod:ShopPack":103},{"jedi:angrymask":62,"Golden Egg":178,"infinitespire:BottledMercury":267,"Replay:Accelerometer":389,"bard:BagPipes":400,"StuffTheSpire:Barrel":240,"DemoMod:AgedBell":376,"jedi:zontanonomicon":93,"Spirit Poop":109,"Runesmith:Locket":289,"StuffTheSpire:BottledEssence":240,"hubris:MysteriousPyramids":459,"Old Coin":319,"relicPack:OneForAll":148,"conspire:GlowingRock":229,"Sundial":360,"CCEMRelics:DissonantTune":281,"DemoMod:LamentConfigurum":289,"MealTicket":341,"infinitespire:Golems Mask":373,"HandDrill":111,"Replay:Bottled Flurry":317,"Kunai":342,"Electric Blood":163,"aspiration:DSix":249,"MerchantsRug":109,"aspiration:StickyExplosives":385,"Blue Candle":344,"Pen Nib":262,"Replay:Ancient Bell":104,"aspiration:FrozenJewel":286,"infinitespire:EvilPickle":104,"DemoMod:GundromedaStrain":104,"StuffTheSpire:MayFlowers":216,"halation:Jellyphish":277,"halation:PenCase":341,"MiniHakkero":281,"Unceasing Top":132,"conspire:Flyswatter":383,"AmplifyWand":351,"Lantern":240,"Regal Pillow":366,"Blue Doll":362,"King of Hearts":267,"Bag of Preparation":21,"hubris:EmptyBottle":220,"jedi:archwizardhat":271,"Smiling Mask":205,"Ancient Tea Set":364,"Burning Blood":0,"Pet Ghost":277,"StuffTheSpire:OccultApparatus":142,"StuffTheSpire:Gunfinga":313,"Matryoshka":346,"aspiration:AnachronicSnailShell":20,"hubris:ScarierMask":358,"CCEMRelics:GrapeVine":341,"hubris:FunFungus":367,"hubris:ChampionShield":148,"StuffTheSpire:RedRose":229,"CCEMRelics:WhiteRose":352,"BewitchedHakkero":373,"CCEMRelics:JestersCrown":109,"InkBottle":366,"hubris:64BitClover":465,"DemoMod:WeirdEgg":262,"DemoMod:Antibody":277,"halation:Yufonium":350,"jedi:gremlinknob":333,"Thread and Needle":234,"DemoMod:PartiallyEatenCheese":291,"DemoMod:PinkGuonStone":358,"Omamori":242,"aspiration:RandomNobGenerator":270,"CCEMRelics:CocoNut":308,"infinitespire:Lucky Rock":172,"aspiration:PocketMushroom":359,"StuffTheSpire:Mouthbags":209,"Ornamental Fan":178,"Durian":331,"Bottled Lightning":57,"ReplayTheSpireMod:Ring of Challenge":394,"ReplayTheSpireMod:Lightbulb":142,"halation:PinkSoulGem":394,"Toy Ornithopter":178,"halation:Trompette":246,"hubris:BottledRain":319,"DemoMod:BlueGuonStone":178,"Calipers":336,"Tiny House":477,"Gremlin Horn":337,"m_IronCrown":385,"relicPack:StarArrow":142,"Vajra":244,"jedi:command_rare":250,"DemoMod:GlassGuonStoneRelic":10,"halation:Prosthetics":163,"Lizard Tail":257,"Centennial Puzzle":413,"DemoMod:MonsterBlood":10,"halation:PrussianBluePaint":153,"aspiration:MobileForge":229,"DollysMirror":376,"Philosopher\u0027s Stone":163,"Prayer Wheel":360,"DemoMod:ClearGuonStone":232,"Toxic Egg 2":246,"RampagingMagicTools":301,"conspire:Dentures":205,"hubris:DuctTape":104,"Happy Flower":286,"halation:PlatinumPhoenix":373,"aspiration:Nostalgia":385,"Replay:Grab Bag":163,"Ring of Chaos":193,"conspire:Boomerang":234,"Replay:Kaleidoscope":189,"Letter Opener":335,"aspiration:SeaSaltIceCream":385,"Question Card":317,"jedi:heavyjacket":240,"Replay:Baseball":148,"Bottled Flame":242,"jedi:hotpepper":148,"Shuriken":327,"DemoMod:DecoyRelic":229,"Molten Egg 2":209,"DemoMod:NanoMachines":216,"Onion Ring":261,"StuffTheSpire:DarkSteelAnvil":378,"StuffTheSpire:PointBlank":27,"Black Star":166,"infinitespire:EmpoweringShard":234,"ReplayTheSpireMod:TigerMarble":249,"hubris:ToyBattleship":352,"Grinning Jar":240,"Mirror":389,"Pocketwatch":329,"Meat on the Bone":344,"conspire:SpecialSausage":140,"aspiration:TomeofQuesting":232,"Mango":361,"jedi:command_boss":148,"Juzu Bracelet":220,"hubris:SlimyHat":301,"relicPack:DarknessArmor":261,"CCEMRelics:TechnogenicHelmet":286,"DemoMod:WhiteGuonStone":75,"conspire:TopHat":114,"aspiration:StickyExplosives_weak":270,"CCEMRelics:TransientCore":362,"StuffTheSpire:Experiment12":75,"Frozen Eye":234,"Nunchaku":189,"Replay:Bandana":261,"CCEMRelics:OldTooth":129,"hubris:Icosahedron":229,"aspiration:DefectSkillbook":46,"Mummified Hand":355,"StuffTheSpire:HeavyRock":220,"jedi:cryingmask":111,"hubris:IronBody":234,"halation:LettersToHer":308,"Red Skull":234,"CCEMRelics:Barrel":88,"Gremlin Food":368,"DemoMod:Armor":216,"ReplayTheSpireMod:Ninjato":385,"bard:PitchPipe":400,"aspiration:FetidBarrel":270,"aspiration:RunicSpoon":292,"halation:IllGainedPizza":104,"hubris:MedicalManual":240,"aspiration:HummingbirdHeart":319,"White Beast Statue":172,"Mercury Hourglass":220,"CCEMRelics:SpiritsEdge":257,"jedi:fakemustache":270,"Calling Bell":319,"Anchor":220,"infinitespire:WardingShard":350,"halation:EternalFortune":168,"infinitespire:Satchel":360,"StuffTheSpire:CocoNut":212,"hubris:BundleOfHerbs":166,"Another Sword":271,"CCEMRelics:GrindingGear":317,"jedi:arcanewood":350,"DemoMod:VorpalBullet":250,"hubris:OldNail":286,"ReplayTheSpireMod:ShopPack":341}]},"card_choices":[{"not_picked":["bard:ViciousMockery","bard:BucklerBash"],"picked":"bard:HideousLaughter","floor":1.0},{"not_picked":["bard:EnGarde","bard:EchoEcho"],"picked":"bard:Invisibility","floor":5.0},{"not_picked":["bard:BucklerBash","bard:Balestra"],"picked":"bard:QuickSong","floor":6.0},{"not_picked":["bard:HideousLaughter","bard:Fermata"],"picked":"bard:PhantasmalForce","floor":7.0},{"not_picked":["bard:LifeDrain","bard:SongBolt"],"picked":"bard:Doot","floor":8.0},{"not_picked":["bard:LocateObject","bard:Flourish"],"picked":"bard:ReverseGravity","floor":10.0},{"not_picked":["bard:SongBolt","bard:Thunderwave"],"picked":"bard:Parry","floor":13.0},{"not_picked":["bard:StudiedStrike","bard:ViciousMockery"],"picked":"bard:Accelerando","floor":14.0},{"not_picked":["bard:Haste","bard:Encore"],"picked":"bard:Shifting","floor":16.0},{"not_picked":["bard:FeastOnFear+1","bard:InspiringSong"],"picked":"bard:Gamble","floor":18.0},{"not_picked":["bard:Thunderwave","bard:Shout"],"picked":"bard:GreaterMagicWeapon","floor":20.0},{"not_picked":["bard:EnGarde","bard:PhantasmalForce","bard:LingeringPerformance"],"picked":"SKIP","floor":21.0},{"not_picked":["bard:PhantasmalForce","bard:Fermata"],"picked":"bard:SixFourTime","floor":22.0},{"not_picked":["bard:BucklerBash","bard:Parry"],"picked":"bard:StudiedStrike+1","floor":24.0},{"not_picked":["bard:LocateObject","bard:GlyphOfWarding"],"picked":"bard:DiscordantVoice","floor":27.0},{"not_picked":["bard:TinyHut+1","bard:Aphasia"],"picked":"bard:LingeringEcho","floor":30.0},{"not_picked":["bard:Haste","bard:Sonata"],"picked":"bard:MnemonicVestments","floor":33.0},{"not_picked":["bard:FirstStrike","bard:SongBolt"],"picked":"bard:Sift+1","floor":34.0}],"player_experience":44066,"relics_obtained":[{"floor":2.0,"key":"ReplayTheSpireMod:Ring of Challenge"},{"floor":6.0,"key":"CCEMRelics:TechnogenicHelmet"},{"floor":8.0,"key":"halation:LettersToHer"},{"floor":9.0,"key":"halation:LettersToHer"},{"floor":9.0,"key":"StuffTheSpire:Gunfinga"},{"floor":10.0,"key":"Centennial Puzzle"},{"floor":13.0,"key":"Grinning Jar"},{"floor":24.0,"key":"hubris:MysteriousPyramids"},{"floor":26.0,"key":"halation:LettersToHer"},{"floor":26.0,"key":"Replay:Baseball"},{"floor":27.0,"key":"hubris:64BitClover"},{"floor":27.0,"key":"jedi:angrymask"}],"event_choices":[{"damage_healed":0.0,"max_hp_gain":0.0,"max_hp_loss":0.0,"gold_gain":1.0,"event_name":"betterStone:BetterStone","player_choice":"4","floor":3.0,"gold_loss":0.0,"damage_taken":0.0,"cards_obtained":["NonDirectionalLaser"]},{"cards_removed":["NonDirectionalLaser"],"damage_healed":0.0,"max_hp_gain":0.0,"max_hp_loss":0.0,"gold_gain":0.0,"event_name":"betterNote:BetterNote","player_choice":"Give","floor":19.0,"gold_loss":0.0,"damage_taken":0.0,"cards_obtained":["None"]}],"is_beta":false,"boss_relics":[{"not_picked":["halation:PinkAlligatorPlush","aspiration:RitualDagger"],"picked":"Black Star"},{"not_picked":["aspiration:WatcherSkillbook","halation:HeavySnake"],"picked":"Tiny House"}],"items_purged_floors":[],"is_endless":false,"potions_floor_spawned":[6,8,10,14,16,18,30,33],"killed_by":"Orb Walker","ascension_level":0}}