{"host":"t79ymbxmbcpigau4","time":1612694184,"event":{"mods":["BaseMod","Hermit","Minty Spire (QoL Compilation)","Random Character Button","Replay The Spire","StSLib","The Bug Knight","The Cursed","everything is the same but u backflip on backflip","slay the spire mod where everything is the same but ironclad has a cowboy hat"],"gold_per_floor":[112,112,132,132,152,170,180,207,230,241,241,269,269,287,287,389,389,407,407,407],"floor_reached":19,"language":"ENG","playtime":1191,"items_purged":[],"score":181,"play_id":"246ecceb-37b8-47fe-80ee-2c2e29138306","local_time":"20210207113624","is_ascension_mode":false,"campfire_choices":[{"floor":11,"key":"REST"},{"floor":13,"key":"REST"},{"floor":15,"key":"DIG"}],"circlet_count":0,"master_deck":["hermit:Strike_Hermit+1","hermit:Strike_Hermit","hermit:Strike_Hermit","hermit:Strike_Hermit","hermit:Defend_Hermit","hermit:Defend_Hermit","hermit:Defend_Hermit","hermit:Defend_Hermit","hermit:Snapshot","hermit:Covet","hermit:Vantage+1","hermit:Headshot","hermit:Snipe","hermit:TrackingShot","hermit:Glare","hermit:BigShot","hermit:LowProfile"],"relics":["hermit:Momento","Boot","Replay:Wax Seal","Gremlin Food","Omamori","Sundial","SlaversCollar"],"acts_visited":["Exordium","TheCity"],"potions_floor_usage":[],"damage_taken":[{"damage":6,"enemies":"Jaw Worm","floor":1,"turns":4},{"damage":1,"enemies":"Cultist","floor":3,"turns":4},{"damage":2,"enemies":"2 Louse","floor":5,"turns":2},{"damage":8,"enemies":"Red Slaver","floor":6,"turns":2},{"damage":5,"enemies":"Looter","floor":7,"turns":2},{"damage":29,"enemies":"3 Sentries","floor":8,"turns":9},{"damage":9,"enemies":"3 Louse","floor":10,"turns":3},{"damage":22,"enemies":"Gremlin Nob","floor":12,"turns":4},{"damage":11,"enemies":"Lots of Slimes","floor":14,"turns":5},{"damage":22,"enemies":"The Guardian","floor":16,"turns":11},{"damage":14,"enemies":"Chosen","floor":18,"turns":6},{"damage":0,"enemies":"Spheric Guardian","floor":19,"turns":2}],"seed_played":"4014352096358650768","potions_obtained":[{"floor":2,"key":"Swift Potion"},{"floor":2,"key":"Block Potion"},{"floor":2,"key":"hermit:Eclipse"},{"floor":16,"key":"Fruit Juice"}],"is_trial":false,"path_per_floor":["M","?","M","?","M","M","M","E","T","M","R","E","R","M","R","B",null,"M","M"],"character_chosen":"HERMIT","items_purchased":[],"campfire_rested":2,"item_purchase_floors":[],"current_hp_per_floor":[76,76,75,75,73,65,60,31,31,22,46,24,48,37,37,15,82,68,68,68],"gold":407,"neow_bonus":"TEN_PERCENT_HP_BONUS","is_daily":false,"chose_seed":false,"campfire_upgraded":0,"win_rate":0.0,"timestamp":1612694184,"path_taken":["M","?","?","?","M","?","?","E","T","M","R","E","R","M","R","BOSS","M","M"],"items_purchased_type":[],"build_version":"2020-12-22","purchased_purges":0,"victory":false,"max_hp_per_floor":[82,82,82,82,82,82,82,82,82,82,82,82,82,82,82,82,82,82,82,82],"card_choices":[{"not_picked":["hermit:WideOpen","hermit:Brawl"],"picked":"hermit:Vantage","floor":1},{"not_picked":["hermit:SprayPray","hermit:EyeOfTheStorm"],"picked":"hermit:Headshot","floor":3},{"not_picked":["hermit:Malice","hermit:TakeCover"],"picked":"hermit:Snipe","floor":5},{"not_picked":["hermit:HoleUp","hermit:Virtue"],"picked":"hermit:TrackingShot","floor":6},{"not_picked":["hermit:Quickdraw","hermit:HoleUp"],"picked":"hermit:Glare","floor":7},{"not_picked":["hermit:HoleUp","hermit:TrackingShot"],"picked":"hermit:BigShot","floor":8},{"not_picked":["hermit:HighCaliber","hermit:Glare","hermit:ShadowCloak"],"picked":"SKIP","floor":10},{"not_picked":["hermit:Adapt","hermit:GoldenBullet"],"picked":"hermit:LowProfile","floor":12},{"not_picked":["hermit:Maintenance","hermit:ItchyTrigger","hermit:Coalescence"],"picked":"SKIP","floor":14},{"not_picked":["hermit:NoHoldsBarred","hermit:LuckOfTheDraw","hermit:Headshot"],"picked":"SKIP","floor":18}],"player_experience":210807,"relics_obtained":[{"floor":4,"key":"Boot"},{"floor":8,"key":"Replay:Wax Seal"},{"floor":9,"key":"Gremlin Food"},{"floor":12,"key":"Omamori"},{"floor":15,"key":"Sundial"}],"event_choices":[{"damage_healed":0,"gold_gain":0,"player_choice":"Got Potions","damage_taken":0,"max_hp_gain":0,"max_hp_loss":0,"event_name":"Lab","floor":2,"gold_loss":0},{"damage_healed":0,"gold_gain":0,"player_choice":"Relic","damage_taken":0,"max_hp_gain":0,"max_hp_loss":0,"event_name":"Wheel of Change","floor":4,"gold_loss":0}],"is_beta":false,"boss_relics":[{"not_picked":["hermit:ClaspedLocket","Replay:Drink Me"],"picked":"SlaversCollar"}],"items_purged_floors":[],"is_endless":false,"potions_floor_spawned":[3,7,10,16,18],"killed_by":"Spheric Guardian","ascension_level":0}}