{"host":"kig4ty9d1aubg29s","time":1612709753,"event":{"mods":["BaseMod","Minty Spire (QoL Compilation)","READ ME - Guardian Mod","READ ME - Snecko Mod","StSLib","The Cursed","The Gatherer","The Hierophant","The Runesmith"],"gold_per_floor":[111,111,186,336,261,295,312,325,325,337,349,373,403,415,427,513,525,547,573,585,585],"floor_reached":20,"language":"KOR","playtime":547,"items_purged":[],"score":398,"play_id":"2aa8b965-5aa5-42b9-bf16-752337ac2502","local_time":"20210207235553","is_ascension_mode":true,"campfire_choices":[{"data":"Zap","floor":10,"key":"SMITH"},{"data":"Heatsinks","floor":15,"key":"SMITH"}],"circlet_count":0,"master_deck":["AscendersBane","Strike_B","Strike_B","Strike_B","Strike_B","Defend_B","Defend_B","Defend_B","Defend_B","Zap+1","Dualcast","Sweeping Beam","Self Repair","Heatsinks+1","Stack","Sweeping Beam","Ball Lightning","Core Surge","Ball Lightning+1","Streamline"],"relics":["Cracked Core","NeowsBlessing","Bottled Flame","MawBank","Nuclear Battery"],"acts_visited":["Exordium","TheCity"],"potions_floor_usage":[16,16,19,20],"damage_taken":[{"damage":0.0,"enemies":"Jaw Worm","floor":1.0,"turns":1.0},{"damage":0.0,"enemies":"3 Sentries","floor":6.0,"turns":1.0},{"damage":0.0,"enemies":"Small Slimes","floor":7.0,"turns":1.0},{"damage":7,"enemies":"Cultist","floor":8,"turns":4},{"damage":1,"enemies":"2 Fungi Beasts","floor":12,"turns":3},{"damage":6,"enemies":"Lots of Slimes","floor":13,"turns":2},{"damage":58,"enemies":"The Guardian","floor":16,"turns":12},{"damage":28,"enemies":"3 Byrds","floor":18,"turns":5},{"damage":23,"enemies":"2 Thieves","floor":19,"turns":3},{"damage":24,"enemies":"Snake Plant","floor":20,"turns":2}],"seed_played":"3379268079148454026","potions_obtained":[{"floor":12,"key":"DistilledChaos"},{"floor":13,"key":"FearPotion"},{"floor":16,"key":"FearPotion"},{"floor":18,"key":"Energy Potion"},{"floor":19,"key":"Swift Potion"}],"is_trial":false,"path_per_floor":["M","$","?","?","?","E","M","M","T","R","?","M","M","$","R","B",null,"M","M","M"],"character_chosen":"DEFECT","items_purchased":[],"campfire_rested":0,"item_purchase_floors":[],"current_hp_per_floor":[64,64,53,53,53,53,53,53,53,53,53,59,60,60,60,9,56,35,19,0,0],"gold":585,"neow_bonus":"THREE_ENEMY_KILL","is_daily":false,"chose_seed":false,"campfire_upgraded":2,"win_rate":0.0,"timestamp":1612709753,"path_taken":["M","$","?","?","?","E","M","M","T","R","?","M","M","?","R","BOSS","M","M","M"],"items_purchased_type":[],"build_version":"2020-12-22","purchased_purges":0,"victory":false,"max_hp_per_floor":[71,71,71,71,71,71,71,71,71,71,71,71,71,71,71,71,71,71,71,71,71],"card_choices":[{"not_picked":["Rebound","Streamline"],"picked":"Sweeping Beam","floor":1.0},{"not_picked":["Chill","Sweeping Beam"],"picked":"Self Repair","floor":6.0},{"not_picked":["Auto Shields","Lockon"],"picked":"Heatsinks","floor":7},{"not_picked":["Barrage","Beam Cell"],"picked":"Stack","floor":8},{"not_picked":["Hologram","Streamline"],"picked":"Sweeping Beam","floor":12},{"not_picked":["Darkness","Rebound"],"picked":"Ball Lightning","floor":13},{"not_picked":["All For One","Seek"],"picked":"Core Surge","floor":16},{"not_picked":["Hello World","Hologram"],"picked":"Ball Lightning+1","floor":18},{"not_picked":["Conserve Battery","Tempest"],"picked":"Streamline","floor":19}],"player_experience":1966229,"relics_obtained":[{"floor":6.0,"key":"Bottled Flame"},{"floor":9,"key":"MawBank"}],"event_choices":[{"damage_healed":0.0,"max_hp_gain":0.0,"max_hp_loss":0.0,"gold_gain":75.0,"event_name":"World of Goop","player_choice":"Gather Gold","floor":3.0,"gold_loss":0.0,"damage_taken":11.0},{"damage_healed":0.0,"max_hp_gain":0.0,"max_hp_loss":0.0,"gold_gain":150.0,"event_name":"Liars Game","player_choice":"AGREE","floor":4.0,"gold_loss":0.0,"damage_taken":0.0,"cards_obtained":["Doubt"]},{"cards_removed":["Doubt"],"damage_healed":0.0,"max_hp_gain":0.0,"max_hp_loss":0.0,"gold_gain":0.0,"event_name":"The Cleric","player_choice":"Card Removal","floor":5.0,"gold_loss":75.0,"damage_taken":0.0},{"damage_healed":0,"gold_gain":0,"player_choice":"Ignored","damage_taken":0,"max_hp_gain":0,"max_hp_loss":0,"event_name":"Shining Light","floor":11,"gold_loss":0}],"is_beta":false,"boss_relics":[{"not_picked":["Runesmith:UraniumAnvil","Pandora\u0027s Box"],"picked":"Nuclear Battery"}],"items_purged_floors":[],"is_endless":false,"potions_floor_spawned":[12,13,16,18,19],"killed_by":"Snake Plant","ascension_level":20}}