{"host":"trw84khdytc0ixrp","time":1612724257,"event":{"mods":["BaseMod","Downfall","Minty Spire (QoL Compilation)","StSLib"],"gold_per_floor":[349,363,363,373,236,236,285,303,337,349,44,44,71,171,182,287,287,187,199,299,299,299,334,415,442,5,36,53,53,70,99,109,206,206,106,120,136,146,164,193,193,93,120,120,131,149,149,174,185,185,185,218,40,40,40,40,40,40],"floor_reached":56,"language":"ENG","playtime":14506,"items_purged":["Guardian:Strike_Guardian"],"score":1067,"play_id":"a3b0b68e-0304-4fd8-a9a6-0ddcfbc9b197","local_time":"20210207195737","is_ascension_mode":true,"campfire_choices":[{"data":"Guardian:TwinSlam","floor":1.0,"key":"SMITH"},{"data":"Guardian:Suspension","floor":6.0,"key":"SMITH"},{"floor":12.0,"key":"REST"},{"data":"Guardian:TimeSifter","floor":18.0,"key":"SMITH"},{"floor":29.0,"key":"RECALL"},{"data":"Guardian:FastForward","floor":35.0,"key":"SMITH"},{"data":"Guardian:FastForward","floor":42.0,"key":"SMITH"},{"data":"Guardian:StasisStrike","floor":47.0,"key":"SMITH"},{"floor":54.0,"key":"REST"}],"circlet_count":0,"master_deck":["Guardian:Defend_Guardian","Guardian:Defend_Guardian","Guardian:Defend_Guardian","Guardian:Defend_Guardian","Guardian:CurlUp","Guardian:TwinSlam+1","Guardian:PiercingHide+1","Guardian:PrimingBeam","Guardian:StasisStrike+1","Guardian:Suspension+1","Guardian:DecasProtection","Guardian:ShieldCharger","Guardian:TemporalShield","Guardian:Planning","Guardian:ShieldCharger","Guardian:TimeSifter+1","Guardian:TimeCapacitor+1","Bite+1","Bite+1","Bite+1","Bite+1","Bite+1","Guardian:TimeSifter+1","Guardian:ShieldCharger+1","Guardian:ShieldSpikes","Guardian:FastForward+1","Guardian:ChargeCore+1","Guardian:Clone","Guardian:StasisStrike+1","Guardian:Planning+1","Guardian:TimeCapacitor","Guardian:Incinerate+1","Guardian:Recover","Guardian:MultiBeam+1","Guardian:Emergency+1","Guardian:FastForward+1","Guardian:ShieldSpikes","Guardian:GatlingBeam+1","Guardian:Recover","Guardian:Clone","Guardian:TimeBomb","Guardian:ArmoredProtocol+1","Guardian:ChargeCore+1","Guardian:Suspension+1","Guardian:ShieldSpikes+1","expansioncontent:StudyTheSpire"],"relics":["Guardian:ModeShifterPlus","Orichalcum","Molten Egg 2","Ancient Tea Set","downfall:HeartBlessingGreen","Mango","Bottled Lightning","Bag of Preparation","Matryoshka","Sundial","Orrery","Toy Ornithopter","Ornamental Fan","Philosopher\u0027s Stone","downfall:HeartBlessingRed","Gremlin Horn","Oddly Smooth Stone","downfall:HeartBlessingBlue","Akabeko","Toxic Egg 2","Strawberry","Pen Nib"],"acts_visited":["Exordium","TheCity","TheBeyond","TheEnding"],"potions_floor_usage":[56],"damage_taken":[{"damage":6.0,"enemies":"Jaw Worm","floor":2.0,"turns":3.0},{"damage":0.0,"enemies":"Cultist","floor":4.0,"turns":4.0},{"damage":0.0,"enemies":"downfall:FleeingMerchant","floor":5.0,"turns":4.0},{"damage":5.0,"enemies":"Small Slimes","floor":8.0,"turns":3.0},{"damage":8.0,"enemies":"3 Sentries","floor":9.0,"turns":8.0},{"damage":0.0,"enemies":"Exordium Wildlife","floor":10.0,"turns":3.0},{"damage":10.0,"enemies":"downfall:FleeingMerchant","floor":11.0,"turns":4.0},{"damage":8.0,"enemies":"Gremlin Nob","floor":13.0,"turns":5.0},{"damage":0.0,"enemies":"2 Fungi Beasts","floor":15.0,"turns":3.0},{"damage":16.0,"enemies":"WA_ARCHETYPE_RETAIN","floor":16.0,"turns":11.0},{"damage":0.0,"enemies":"Shell Parasite","floor":19.0,"turns":5.0},{"damage":2.0,"enemies":"Colosseum Nobs","floor":20.0,"turns":4.0},{"damage":15.0,"enemies":"Gremlin Leader","floor":23.0,"turns":6.0},{"damage":3.0,"enemies":"Book of Stabbing","floor":25.0,"turns":6.0},{"damage":0.0,"enemies":"downfall:FleeingMerchant","floor":26.0,"turns":4.0},{"damage":15.0,"enemies":"Slavers","floor":27.0,"turns":6.0},{"damage":0.0,"enemies":"Spheric Guardian","floor":28.0,"turns":4.0},{"damage":0.0,"enemies":"Snecko","floor":30.0,"turns":5.0},{"damage":0.0,"enemies":"Book of Stabbing","floor":31.0,"turns":5.0},{"damage":0.0,"enemies":"Cultist and Chosen","floor":32.0,"turns":6.0},{"damage":57.0,"enemies":"DF_ARCHETYPE_CLAW","floor":33.0,"turns":14.0},{"damage":0.0,"enemies":"3 Shapes","floor":36.0,"turns":2.0},{"damage":0.0,"enemies":"3 Darklings","floor":37.0,"turns":3.0},{"damage":1.0,"enemies":"Jaw Worm Horde","floor":38.0,"turns":4.0},{"damage":14.0,"enemies":"Sphere and 2 Shapes","floor":39.0,"turns":5.0},{"damage":0.0,"enemies":"Giant Head","floor":40.0,"turns":8.0},{"damage":0.0,"enemies":"Nemesis","floor":43.0,"turns":7.0},{"damage":0.0,"enemies":"3 Darklings","floor":45.0,"turns":5.0},{"damage":0.0,"enemies":"Jaw Worm Horde","floor":46.0,"turns":4.0},{"damage":0.0,"enemies":"4 Shapes","floor":49.0,"turns":5.0},{"damage":69.0,"enemies":"SI_POISON_ARCHETYPE","floor":50.0,"turns":13.0},{"damage":102.0,"enemies":"downfall:CharBossMerchant","floor":52.0,"turns":12.0},{"damage":10.0,"enemies":"downfall:NeowBoss","floor":55.0,"turns":23.0},{"damage":115,"enemies":"downfall:NeowBossFinal","floor":56,"turns":14}],"seed_played":"-5503278847358865804","potions_obtained":[{"floor":4.0,"key":"Energy Potion"},{"floor":9.0,"key":"Explosive Potion"},{"floor":13.0,"key":"EssenceOfSteel"},{"floor":15.0,"key":"Block Potion"},{"floor":19.0,"key":"Fire Potion"},{"floor":20.0,"key":"Weak Potion"},{"floor":23.0,"key":"SkillPotion"},{"floor":27.0,"key":"hexamod:SoulburnPotion"},{"floor":32.0,"key":"Weak Potion"},{"floor":33.0,"key":"FearPotion"},{"floor":37.0,"key":"Swift Potion"},{"floor":38.0,"key":"Swift Potion"},{"floor":40.0,"key":"FearPotion"},{"floor":46.0,"key":"Ancient Potion"}],"is_trial":false,"path_per_floor":["R","M","?","M","$","R","T","M","E","M","$","R","E","?","M","B",null,"R","M","?","?","?","E","T","E","$","E","M","R","M","E","M","B",null,"R","M","M","M","M","E","T","R","E","?","M","M","R","T","M","B",null,"E","$","R","B","B"],"character_chosen":"GUARDIAN","items_purchased":["Guardian:Suspension","Molten Egg 2","Guardian:TemporalShield","Guardian:FastForward","Orrery","Guardian:TimeCapacitor","Guardian:Incinerate+1","expansioncontent:StudyTheSpire"],"campfire_rested":2,"item_purchase_floors":[5,11,11,26,26,26,26,53],"current_hp_per_floor":[56,50,50,50,50,50,50,47,41,43,35,59,53,53,55,41,80,80,80,92,92,92,82,82,91,94,94,94,94,94,94,94,54,94,94,94,94,94,80,94,94,104,104,104,104,104,104,111,111,54,111,21,21,54,84,0,0,0],"gold":40,"neow_bonus":"TWO_FIFTY_GOLD","is_daily":false,"chose_seed":false,"campfire_upgraded":6,"win_rate":0.0,"timestamp":1612724257,"path_taken":["R","M","?","M","?","R","T","M","E","M","$","R","E","?","M","BOSS","R","M","?","?","?","E","T","E","$","E","M","R","M","E","M","BOSS","R","M","?","?","M","E","T","R","E","?","M","M","R","?","M","BOSS","E","$","R","BOSS","BOSS"],"items_purchased_type":["Card","Relic","Card","Card","Relic","Card","Card","Card"],"build_version":"2020-12-22","purchased_purges":1,"victory":false,"max_hp_per_floor":[80,80,80,80,80,80,80,80,80,80,80,80,80,80,80,80,80,80,80,94,94,94,94,94,94,94,94,94,94,94,94,94,94,94,94,94,94,94,94,94,94,104,104,104,104,104,104,111,111,111,111,111,111,111,111,111,111,111],"card_choices":[{"not_picked":["Guardian:TemporalShield","Guardian:SpikerProtocol"],"picked":"Guardian:PiercingHide","floor":2.0},{"not_picked":["Guardian:CrystalBeam","Guardian:BronzeOrb"],"picked":"Guardian:PrimingBeam","floor":4.0},{"not_picked":["Guardian:Clone","Guardian:DecasProtection"],"picked":"Guardian:StasisStrike","floor":5.0},{"not_picked":["Guardian:WalkerClaw","Guardian:Harden","Guardian:Reroute"],"picked":"SKIP","floor":8.0},{"not_picked":["Guardian:DonusPower","Guardian:MultiBeam"],"picked":"Guardian:DecasProtection","floor":9.0},{"not_picked":["Guardian:Gem_Cyan","Guardian:Reroute"],"picked":"Guardian:Gem_Lightblue","floor":10.0},{"not_picked":["Guardian:Gem_Cyan","Guardian:MultiBeam"],"picked":"Guardian:ShieldCharger","floor":11.0},{"not_picked":["Guardian:SphericShield","Guardian:ArmoredProtocol"],"picked":"Guardian:Planning","floor":13.0},{"not_picked":["Guardian:Recover","Guardian:EvasiveProtocol"],"picked":"Guardian:ShieldCharger","floor":15.0},{"not_picked":["Guardian:ConstructionForm","Guardian:FierceBash+1"],"picked":"Guardian:TimeSifter","floor":16.0},{"not_picked":["Guardian:Gem_Green","Guardian:TemporalStrike+1"],"picked":"Guardian:Gem_Crimson","floor":19.0},{"not_picked":["Guardian:WalkerClaw+1","Guardian:RollAttack+1"],"picked":"Guardian:TimeCapacitor+1","floor":20.0},{"not_picked":["Guardian:Gem_Lightblue","Guardian:ShieldSpikes"],"picked":"Guardian:Gem_Yellow","floor":23.0},{"not_picked":["Guardian:Incinerate+1","Guardian:BodySlam+1"],"picked":"Guardian:ShieldCharger+1","floor":25.0},{"not_picked":["Guardian:PrimingBeam+1","Guardian:ArmoredProtocol+1"],"picked":"Guardian:ShieldSpikes","floor":26.0},{"not_picked":["Guardian:PiercingHide","Guardian:DonusPower"],"picked":"Guardian:ChargeCore+1","floor":26.0},{"not_picked":["Guardian:Harden","Guardian:CrystalBeam+1"],"picked":"Guardian:Clone","floor":26.0},{"not_picked":["Guardian:Suspension+1","Guardian:PrismaticBeam+1"],"picked":"Guardian:StasisStrike+1","floor":26.0},{"not_picked":["Guardian:WalkerClaw+1","Guardian:Gem_Fragmented"],"picked":"Guardian:Gem_Blue","floor":26.0},{"not_picked":["Guardian:Gem_Cyan","Guardian:ChargeCore+1"],"picked":"Guardian:Planning+1","floor":26.0},{"not_picked":["Guardian:Emergency","Guardian:DonusPower"],"picked":"Guardian:Recover","floor":27.0},{"not_picked":["Guardian:Incinerate+1","Guardian:WalkerClaw+1"],"picked":"Guardian:MultiBeam+1","floor":28.0},{"not_picked":["Guardian:TemporalShield","Guardian:GuardianWhirl+1"],"picked":"Guardian:Emergency+1","floor":30.0},{"not_picked":["Guardian:BronzeArmor","Guardian:RefractedBeam+1"],"picked":"Guardian:FastForward","floor":31.0},{"not_picked":["Guardian:MultiBeam+1","Guardian:Gem_Red"],"picked":"Guardian:ShieldSpikes","floor":32.0},{"not_picked":["Guardian:ExploitGems","Guardian:Gem_Synthetic"],"picked":"Guardian:GatlingBeam+1","floor":33.0},{"not_picked":["Guardian:Incinerate+1","Guardian:Orbwalk+1"],"picked":"Guardian:Recover","floor":36.0},{"not_picked":["Guardian:Gem_Yellow","Guardian:Gem_Red"],"picked":"Guardian:Clone","floor":37.0},{"not_picked":["Guardian:WalkerClaw+1","Guardian:TemporalShield"],"picked":"Guardian:TimeBomb","floor":38.0},{"not_picked":["Guardian:WalkerClaw+1","Guardian:Suspension"],"picked":"Guardian:ArmoredProtocol+1","floor":39.0},{"not_picked":["Guardian:GatlingBeam+1","Guardian:BodySlam+1"],"picked":"Guardian:ChargeCore+1","floor":40.0},{"not_picked":["Guardian:Orbwalk","Guardian:VentSteam"],"picked":"Guardian:Gem_Green","floor":43.0},{"not_picked":["Guardian:Suspension","Guardian:WalkerClaw+1"],"picked":"Guardian:Gem_Purple","floor":45.0},{"not_picked":["Guardian:Gem_Lightblue","Guardian:GuardianWhirl+1"],"picked":"Guardian:Gem_Crimson","floor":46.0},{"not_picked":["Guardian:PrimingBeam+1","Guardian:Incinerate+1"],"picked":"Guardian:Suspension+1","floor":49.0},{"not_picked":["Guardian:BronzeOrb+1","Guardian:PolyBeam+1"],"picked":"Guardian:ShieldSpikes+1","floor":52.0}],"player_experience":37089,"relics_obtained":[{"floor":7.0,"key":"Blood Vial"},{"floor":9.0,"key":"Orichalcum"},{"floor":13.0,"key":"Ancient Tea Set"},{"floor":20.0,"key":"Mango"},{"floor":20.0,"key":"Bottled Lightning"},{"floor":23.0,"key":"Bag of Preparation"},{"floor":24.0,"key":"Matryoshka"},{"floor":25.0,"key":"Sundial"},{"floor":27.0,"key":"Toy Ornithopter"},{"floor":31.0,"key":"Ornamental Fan"},{"floor":40.0,"key":"Gremlin Horn"},{"floor":41.0,"key":"Oddly Smooth Stone"},{"floor":43.0,"key":"Akabeko"},{"floor":48.0,"key":"Toxic Egg 2"},{"floor":48.0,"key":"Strawberry"},{"floor":52.0,"key":"Pen Nib"}],"event_choices":[{"damage_healed":0.0,"max_hp_gain":0.0,"max_hp_loss":0.0,"gold_gain":0.0,"event_name":"Vampires","player_choice":"Became a vampire (Vial)","floor":21.0,"relics_lost":["Blood Vial"],"gold_loss":0.0,"damage_taken":0.0,"cards_obtained":["Bite","Bite","Bite","Bite","Bite"]}],"is_beta":false,"boss_relics":[{"not_picked":["Guardian:StasisSlotReductionRelic","bronze:MakeshiftBattery"],"picked":"Guardian:ModeShifterPlus"},{"not_picked":["Black Star","Astrolabe"],"picked":"Philosopher\u0027s Stone"}],"items_purged_floors":[5],"is_endless":false,"potions_floor_spawned":[4,9,13,15,16,19,20,23,27,32,33,37,38,40,46,52],"killed_by":"downfall:NeowBossFinal","ascension_level":1}}