{"host":"3mdjmozz5rahgtdc","time":1612704118,"event":{"mods":["AchievementEnabler","BaseMod","Better Silent Start","Better-Laid Plans","Colored Map","Colored Powertips","Custom Start","DeckTracker","Emptier Cage","KOR Keyword Fix","Keyboard Shortcuts","Minty Spire (QoL Compilation)","Permanent Neow","Quick Restart","StSLib","SuperFastMode"],"gold_per_floor":[119,135,135,148,148,181,208,256,321,333,358,370,397,427,439,451,451],"floor_reached":16,"language":"KOR","playtime":530,"items_purged":[],"score":154,"play_id":"c2422dc1-aaa4-46a6-a6f4-eeaf2898dabd","local_time":"20210207222158","is_ascension_mode":true,"campfire_choices":[{"data":"Adaptation","floor":12,"key":"SMITH"},{"data":"Wallop","floor":15,"key":"SMITH"}],"circlet_count":0,"master_deck":["Strike_P","Strike_P","Strike_P","Strike_P","Defend_P+1","Defend_P","Defend_P","Defend_P","Eruption+1","Vigilance","Evaluate+1","Adaptation+1","Wallop+1","CutThroughFate","FlurryOfBlows","Adaptation"],"relics":["PureWater","Golden Idol","MawBank","Meat on the Bone","Akabeko"],"acts_visited":["Exordium"],"potions_floor_usage":[8],"damage_taken":[{"damage":2,"enemies":"Jaw Worm","floor":1,"turns":3},{"damage":0,"enemies":"2 Louse","floor":2,"turns":1},{"damage":0,"enemies":"Cultist","floor":4,"turns":3},{"damage":18,"enemies":"Lagavulin","floor":6,"turns":8},{"damage":0,"enemies":"3 Louse","floor":7,"turns":2},{"damage":12,"enemies":"3 Sentries","floor":8,"turns":9},{"damage":3,"enemies":"Exordium Wildlife","floor":11,"turns":6},{"damage":0,"enemies":"Looter","floor":13,"turns":2},{"damage":0,"enemies":"Blue Slaver","floor":14,"turns":3},{"damage":46,"enemies":"Hexaghost","floor":16,"turns":9}],"seed_played":"-591115193547257043","potions_obtained":[{"floor":2,"key":"EssenceOfSteel"},{"floor":6,"key":"FearPotion"},{"floor":8,"key":"LiquidMemories"},{"floor":11,"key":"Strength Potion"},{"floor":14,"key":"LiquidBronze"}],"is_trial":false,"path_per_floor":["M","M","?","M","?","E","M","E","T","?","M","R","M","M","R","B"],"character_chosen":"WATCHER","items_purchased":[],"campfire_rested":0,"item_purchase_floors":[],"current_hp_per_floor":[63,63,63,63,50,32,32,20,20,20,29,29,41,41,41,0,0],"gold":451,"neow_bonus":"UPGRADE_CARD","is_daily":false,"chose_seed":false,"campfire_upgraded":2,"win_rate":0.0,"timestamp":1612704118,"path_taken":["M","M","?","M","?","E","M","E","T","?","?","R","M","M","R","BOSS"],"items_purchased_type":[],"build_version":"2020-12-22","purchased_purges":0,"victory":false,"max_hp_per_floor":[72,72,67,67,67,67,67,67,67,67,67,67,67,67,67,67,67],"card_choices":[{"not_picked":["FollowUp","PathToVictory"],"picked":"Evaluate","floor":1},{"not_picked":["Vengeance","Collect","SignatureMove"],"picked":"SKIP","floor":2},{"not_picked":["FollowUp","TalkToTheHand"],"picked":"Adaptation","floor":4},{"not_picked":["JustLucky","Halt"],"picked":"Wallop","floor":6},{"not_picked":["Evaluate","Prostrate"],"picked":"CutThroughFate","floor":7},{"not_picked":["CutThroughFate","JustLucky"],"picked":"FlurryOfBlows","floor":8},{"not_picked":["CarveReality","Protect","FollowUp"],"picked":"SKIP","floor":11},{"not_picked":["Worship","CutThroughFate"],"picked":"Adaptation","floor":13},{"not_picked":["PathToVictory","FlurryOfBlows","Evaluate"],"picked":"SKIP","floor":14}],"player_experience":317137,"relics_obtained":[{"floor":6,"key":"MawBank"},{"floor":8,"key":"Meat on the Bone"},{"floor":9,"key":"Akabeko"}],"event_choices":[{"damage_healed":0,"gold_gain":0,"player_choice":"Lose Max HP","damage_taken":0,"relics_obtained":["Golden Idol"],"max_hp_gain":0,"max_hp_loss":5,"event_name":"Golden Idol","floor":3,"gold_loss":0},{"damage_healed":0,"gold_gain":0,"player_choice":"Entered Light","damage_taken":13,"max_hp_gain":0,"max_hp_loss":0,"event_name":"Shining Light","floor":5,"gold_loss":0,"cards_upgraded":["Defend_P","Evaluate"]},{"damage_healed":0,"gold_gain":0,"player_choice":"Fled","damage_taken":0,"max_hp_gain":0,"max_hp_loss":0,"event_name":"Scrap Ooze","floor":10,"gold_loss":0}],"is_beta":false,"boss_relics":[],"items_purged_floors":[],"is_endless":false,"potions_floor_spawned":[2,6,8,11,14],"killed_by":"Hexaghost","ascension_level":7}}