{"host":"w3q5ijqu8eoknil3","time":1612733462,"event":{"mods":["AchievementEnabler","BaseMod","Block Reminder","Colored Map","Colored Powertips","Curses Come First","Dark Map","Minty Spire (QoL Compilation)","Quick Restart","Relic Stats","StSLib","ojb\u0027s Better Paths Mod","ojb\u0027s Info Mod","slay the spire mod where everything is the same but ironclad has a cowboy hat"],"gold_per_floor":[117,117,11,11,11,55,55,55,55,76,76,107,120,134,134,227,227,242,242,242],"floor_reached":19,"language":"ENG","playtime":420,"items_purged":[],"score":390,"play_id":"a50a6d84-be2c-47e7-86bc-122a65968e99","local_time":"20210207213102","is_ascension_mode":true,"campfire_choices":[{"data":"Noxious Fumes","floor":8,"key":"SMITH"},{"data":"Crippling Poison","floor":11,"key":"SMITH"},{"data":"Backstab","floor":15,"key":"SMITH"}],"circlet_count":0,"master_deck":["AscendersBane","Strike_G","Strike_G+1","Strike_G","Strike_G","Defend_G","Defend_G","Defend_G","Defend_G","Defend_G","Survivor","Neutralize","Crippling Poison+1","Calculated Gamble","Poisoned Stab+1","Noxious Fumes+1","Backstab+1","Finisher+1","Underhanded Strike+1","Footwork","Malaise","Dash+1"],"relics":["Ring of the Snake","NeowsBlessing","Golden Idol","Darkstone Periapt","InkBottle","Molten Egg 2","Snecko Eye"],"acts_visited":["Exordium","TheCity"],"potions_floor_usage":[16,16],"damage_taken":[{"damage":0,"enemies":"Cultist","floor":1,"turns":1},{"damage":0,"enemies":"Lagavulin","floor":6,"turns":1},{"damage":0,"enemies":"Small Slimes","floor":10,"turns":1},{"damage":12,"enemies":"3 Sentries","floor":12,"turns":6},{"damage":0,"enemies":"2 Louse","floor":13,"turns":2},{"damage":0,"enemies":"Exordium Thugs","floor":14,"turns":3},{"damage":7,"enemies":"Slime Boss","floor":16,"turns":9},{"damage":39,"enemies":"Spheric Guardian","floor":18,"turns":7},{"damage":17,"enemies":"Masked Bandits","floor":19,"turns":2}],"seed_played":"8969094060009922569","potions_obtained":[{"floor":10,"key":"Poison Potion"},{"floor":12,"key":"GamblersBrew"}],"is_trial":false,"path_per_floor":["M","?","$","?","?","E","$","R","T","M","R","E","M","M","R","B",null,"M","?"],"character_chosen":"THE_SILENT","items_purchased":["Calculated Gamble","Poisoned Stab"],"campfire_rested":0,"item_purchase_floors":[3,3],"current_hp_per_floor":[59,59,59,41,41,41,41,41,41,41,41,29,29,29,29,22,51,12,0,0],"gold":242,"neow_bonus":"THREE_ENEMY_KILL","is_daily":false,"chose_seed":false,"campfire_upgraded":3,"win_rate":0.0,"timestamp":1612733462,"path_taken":["M","?","$","?","?","E","$","R","T","M","R","E","?","M","R","BOSS","M","?"],"items_purchased_type":["Card","Card"],"build_version":"2020-12-22","purchased_purges":0,"victory":false,"max_hp_per_floor":[66,60,60,60,60,60,60,60,60,60,60,60,60,60,60,60,60,60,60,60],"relic_stats":{"Darkstone Periapt":0,"counters":[9,32],"Golden Idol":54,"Snecko Eye":[13,18,19,24],"obtain_stats":[{"Darkstone Periapt":6,"NeowsBlessing":0,"Golden Idol":2,"Snecko Eye":17,"Molten Egg 2":12,"InkBottle":9,"Ring of the Snake":0},{"Darkstone Periapt":2,"NeowsBlessing":0,"Golden Idol":1,"Snecko Eye":7,"Molten Egg 2":4,"InkBottle":2,"Ring of the Snake":0},{"Darkstone Periapt":2,"NeowsBlessing":0,"Golden Idol":1,"Snecko Eye":23,"Molten Egg 2":9,"InkBottle":2,"Ring of the Snake":0}],"InkBottle":[8],"Ring of the Snake":[18]},"card_choices":[{"not_picked":["Cloak And Dagger","Finisher"],"picked":"Crippling Poison","floor":1},{"not_picked":["Concentrate","Crippling Poison"],"picked":"Noxious Fumes","floor":6},{"not_picked":["Dodge and Roll","Prepared"],"picked":"Backstab","floor":10},{"not_picked":["Deflect","Dodge and Roll"],"picked":"Finisher+1","floor":12},{"not_picked":["Terror","Deflect"],"picked":"Underhanded Strike+1","floor":13},{"not_picked":["Eviscerate+1","Backstab+1"],"picked":"Footwork","floor":14},{"not_picked":["Tools of the Trade","Doppelganger"],"picked":"Malaise","floor":16},{"not_picked":["Deflect","Backflip"],"picked":"Dash+1","floor":18}],"player_experience":1038394,"relics_obtained":[{"floor":6,"key":"Darkstone Periapt"},{"floor":9,"key":"InkBottle"},{"floor":12,"key":"Molten Egg 2"}],"event_choices":[{"damage_healed":0,"gold_gain":0,"player_choice":"Lose Max HP","damage_taken":0,"relics_obtained":["Golden Idol"],"max_hp_gain":0,"max_hp_loss":6,"event_name":"Golden Idol","floor":2,"gold_loss":0},{"damage_healed":0,"gold_gain":0,"player_choice":"Entered Light","damage_taken":18,"max_hp_gain":0,"max_hp_loss":0,"event_name":"Shining Light","floor":4,"gold_loss":0,"cards_upgraded":["Poisoned Stab","Strike_G"]},{"cards_removed":["Strike_G"],"damage_healed":0,"gold_gain":0,"player_choice":"Offered Basic","damage_taken":0,"max_hp_gain":0,"max_hp_loss":0,"event_name":"Bonfire Elementals","floor":5,"gold_loss":0},{"damage_healed":0,"gold_gain":0,"player_choice":"Fought Bandits","damage_taken":0,"max_hp_gain":0,"max_hp_loss":0,"event_name":"Masked Bandits","floor":19,"gold_loss":0}],"is_beta":false,"boss_relics":[{"not_picked":["Fusion Hammer","Pandora\u0027s Box"],"picked":"Snecko Eye"}],"items_purged_floors":[],"is_endless":false,"potions_floor_spawned":[10,12,14],"killed_by":"Masked Bandits","ascension_level":19}}