{"host":"37ccm3d17clopct7","time":1612693338,"event":{"mods":["BaseMod","Hermit","Lobotomy","Minty Spire (QoL Compilation)","StSLib","The Bug Knight","The Cursed","The Hierophant","The Jungle","The Runesmith"],"gold_per_floor":[113,38,55,66,85,85,85,85],"floor_reached":7,"language":"KOR","playtime":322,"items_purged":["TheCursedMod:Defend_TheCursed"],"score":45,"play_id":"4729ebf2-e089-45ec-945e-16a33ecd7d5c","local_time":"20210207192218","is_ascension_mode":true,"campfire_choices":[{"data":"TheCursedMod:FleshFromBone","floor":6,"key":"SMITH"}],"circlet_count":0,"master_deck":["TheCursedMod:Strike_TheCursed","TheCursedMod:Strike_TheCursed","TheCursedMod:Strike_TheCursed","TheCursedMod:Strike_TheCursed","TheCursedMod:Defend_TheCursed","TheCursedMod:Defend_TheCursed","TheCursedMod:Defend_TheCursed","TheCursedMod:CursedWand","TheCursedMod:CleanUpWorkshop","TheCursedMod:Dregs","TheCursedMod:FleshFromBone+1","TheCursedMod:SpreadPlague","TheCursedMod:CursedBlade","TheCursedMod:Obscuration"],"relics":["TheCursedMod:BlackMagic101"],"acts_visited":["Exordium"],"potions_floor_usage":[],"damage_taken":[{"damage":0,"enemies":"2 Louse","floor":1,"turns":4},{"damage":0,"enemies":"Cultist","floor":3,"turns":4},{"damage":3,"enemies":"Small Slimes","floor":4,"turns":3},{"damage":3,"enemies":"Exordium Thugs","floor":5,"turns":5},{"damage":93,"enemies":"Gremlin Nob","floor":7,"turns":7}],"seed_played":"-626580209197734029","potions_obtained":[{"floor":4,"key":"FearPotion"},{"floor":5,"key":"DistilledChaos"}],"is_trial":false,"path_per_floor":["M","$","M","M","M","R","E"],"character_chosen":"THE_CURSED","items_purchased":[],"campfire_rested":0,"item_purchase_floors":[],"current_hp_per_floor":[82,82,82,79,76,76,0,0],"gold":85,"neow_bonus":"TEN_PERCENT_HP_BONUS","is_daily":false,"chose_seed":false,"campfire_upgraded":1,"win_rate":0.0,"timestamp":1612693338,"path_taken":["M","$","M","M","M","R","E"],"items_purchased_type":[],"build_version":"2020-12-22","purchased_purges":1,"victory":false,"max_hp_per_floor":[82,82,82,82,82,82,82,82],"card_choices":[{"not_picked":["TheCursedMod:Wield","TheCursedMod:Stretching"],"picked":"TheCursedMod:FleshFromBone","floor":1},{"not_picked":["TheCursedMod:Stigma","TheCursedMod:CircleOfWindfury"],"picked":"TheCursedMod:SpreadPlague","floor":3},{"not_picked":["TheCursedMod:ReleasedStrength","TheCursedMod:ParallelWorld"],"picked":"TheCursedMod:CursedBlade","floor":4},{"not_picked":["TheCursedMod:RavingStaff","TheCursedMod:BlessingInDisguise"],"picked":"TheCursedMod:Obscuration","floor":5}],"player_experience":133424,"relics_obtained":[],"event_choices":[],"is_beta":false,"boss_relics":[],"items_purged_floors":[2],"is_endless":false,"potions_floor_spawned":[4,5],"killed_by":"Gremlin Nob","ascension_level":1}}