{"host":"4a0aa7b2d8dxohwr","time":1612681408,"event":{"mods":["ATMod(∞¢Ë™Mod)","Act Like it!","BaseMod","Dota2Spire","Friendly Minions","Gensokyo","GifTheSpireLib","GungeonMod","Marisa£®ÏF”Í°°ƒß¿Ì…≥£©","Minty Spire (QoL Compilation)","Reimu£®≤©¿ˆ¡È√Œ£©","Remilia£®¿Ÿ√◊¿Ú—«£©","Shop Mod","StSLib","The Senshi","The Servant 0.9.4","Youmu£®ªÍ∆«—˝√Œ£©","[IsaacMod]“‘»ˆº‚À˛"],"gold_per_floor":[114,114,114,39,54,84,84,59,134,134,149,20,20,35,35,135,135,135,135],"floor_reached":18,"language":"ZHS","playtime":372,"items_purged":["Strike_R"],"score":233,"play_id":"4beeb073-6db8-43a7-a21b-806028fe2f8d","local_time":"20210207150328","daily_mods":["Heirloom","Uncertain Future","Lethality"],"is_ascension_mode":false,"campfire_choices":[{"data":"Body Slam","floor":7.0,"key":"SMITH"},{"data":"AT_FamilyPortrait","floor":10.0,"key":"SMITH"},{"data":"Armaments","floor":15,"key":"SMITH"}],"circlet_count":0,"master_deck":["Bash","AT_FamilyPortrait+1","Body Slam+1","Armaments+1","Iron Wave","Entrench","Shrug It Off","Pommel Strike","Gensokyo:Shovel","Gensokyo:BlemishedSteel","Barricade","Searing Blow","Pommel Strike","Sword Boomerang","Bloodletting","Headbutt","Reaper","Perfected Strike","Spot Weakness","Juggernaut","Impervious"],"relics":["Burning Blood","HushsDoor","AT_ATBox","D6"],"acts_visited":["Exordium","Gensokyo:Gensokyo"],"potions_floor_usage":[16],"damage_taken":[{"damage":0.0,"enemies":"Gensokyo:Python","floor":1.0,"turns":2.0},{"damage":4.0,"enemies":"Gensokyo:Gryphon","floor":5.0,"turns":3.0},{"damage":33.0,"enemies":"Gensokyo:Aya","floor":6.0,"turns":4.0},{"damage":0.0,"enemies":"Gensokyo:2_Kodama","floor":11.0,"turns":3.0},{"damage":0,"enemies":"Gensokyo:VengefulSpirit","floor":14,"turns":2},{"damage":0,"enemies":"Gensokyo:Kokoro","floor":16,"turns":2},{"damage":20,"enemies":"Gensokyo:CosmicMonolith","floor":18,"turns":2}],"seed_played":"8884597751285247366","potions_obtained":[{"floor":6.0,"key":"PowerPotion"},{"floor":16,"key":"Explosive Potion"}],"is_trial":false,"path_per_floor":["M","?","T","$","M","E","R","$","T","R","M","COS","?","M","R","B",null,"M"],"character_chosen":"IRONCLAD","items_purchased":["Shrug It Off","Damocles","Juggernaut","Impervious"],"campfire_rested":0,"item_purchase_floors":[8,17,17,17],"current_hp_per_floor":[80,80,80,80,80,59,59,59,59,59,71,71,71,80,80,80,62,0,0],"gold":135,"neow_bonus":"","is_daily":true,"chose_seed":false,"campfire_upgraded":3,"win_rate":0.0,"timestamp":1612681408,"path_taken":["M","?","?","$","M","E","R","?","T","R","M","COS","?","M","R","BOSS","M"],"items_purchased_type":["Card","Relic","Card","Card"],"build_version":"2020-12-22","purchased_purges":1,"victory":false,"max_hp_per_floor":[80,80,80,80,80,80,80,80,80,80,80,80,80,80,80,80,62,62,62],"card_choices":[{"not_picked":["Hemokinesis","Evolve","Wild Strike"],"picked":"SKIP","floor":1.0},{"not_picked":["Clash","Combust"],"picked":"Body Slam","floor":2.0},{"not_picked":["Disarm","Warcry"],"picked":"Armaments","floor":2.0},{"not_picked":["True Grit","Berserk"],"picked":"Iron Wave","floor":5.0},{"not_picked":["Carnage","Headbutt"],"picked":"Entrench","floor":6.0},{"not_picked":["Searing Blow","Anger"],"picked":"Pommel Strike","floor":11.0},{"not_picked":["Warcry","Thunderclap","Heavy Blade"],"picked":"SKIP","floor":14},{"not_picked":["AT_Dispersion","Berserk"],"picked":"Barricade","floor":16}],"player_experience":571817,"relics_obtained":[{"floor":3.0,"key":"theSenshi:FeatherClipsRelic"},{"floor":6.0,"key":"PokeGo"},{"floor":9.0,"key":"Dota2Spire:Dagon"}],"event_choices":[],"is_beta":false,"boss_relics":[{"not_picked":["Snecko Eye","Velvet Choker"],"picked":"Pandora\u0027s Box"},{"not_picked":[]}],"items_purged_floors":[4],"is_endless":false,"potions_floor_spawned":[6,16],"killed_by":"Gensokyo:CosmicMonolith","ascension_level":0}}