{"host":"2brg86hfzr3u5cix","time":1612708303,"event":{"mods":["AchievementEnabler","Ascension Unlocker","BaseMod","CapriCore","DeckTracker","Highlight Path","Keyboard Shortcuts","Minty Spire (QoL Compilation)","Permanent Neow","Relic Stats","StSLib","Twitch Utils","Uncapped","UnlockEverythingMod"],"gold_per_floor":[118,129,54,129,129,129,142,142,189,189,218,218,190,10,10,10,10],"floor_reached":16,"language":"KOR","playtime":415,"items_purged":["Strike_G","Defend_G"],"score":216,"play_id":"7a85b694-6641-42f1-a274-9e03136ec4df","local_time":"20210207233143","is_ascension_mode":true,"campfire_choices":[{"floor":10.0,"key":"REST"},{"data":"Poisoned Stab","floor":12.0,"key":"SMITH"},{"floor":15.0,"key":"REST"}],"circlet_count":0,"master_deck":["AscendersBane","Strike_G","Strike_G","Strike_G","Strike_G","Defend_G+1","Defend_G","Defend_G","Defend_G+1","Survivor","Neutralize","Dramatic Entrance","Bouncing Flask+1","Cloak And Dagger","Poisoned Stab+1","Acrobatics","Crippling Poison","Caltrops"],"relics":["Ring of the Snake","Nunchaku","Oddly Smooth Stone"],"acts_visited":["Exordium"],"potions_floor_usage":[16],"damage_taken":[{"damage":0.0,"enemies":"2 Louse","floor":1.0,"turns":4.0},{"damage":1.0,"enemies":"Cultist","floor":2.0,"turns":3.0},{"damage":0.0,"enemies":"Gremlin Nob","floor":6.0,"turns":1.0},{"damage":6.0,"enemies":"Jaw Worm","floor":7.0,"turns":4.0},{"damage":19.0,"enemies":"3 Sentries","floor":11.0,"turns":8.0},{"damage":8.0,"enemies":"Exordium Thugs","floor":13.0,"turns":4.0},{"damage":32,"enemies":"The Guardian","floor":16,"turns":6}],"seed_played":"-3233736092366359012","potions_obtained":[{"floor":2.0,"key":"SmokeBomb"},{"floor":7.0,"key":"LiquidMemories"},{"floor":13.0,"key":"EssenceOfSteel"}],"is_trial":false,"path_per_floor":["M","M","$","?","?","E","M","?","T","R","E","R","M","$","R","B"],"character_chosen":"THE_SILENT","items_purchased":["Caltrops"],"campfire_rested":2,"item_purchase_floors":[14],"current_hp_per_floor":[59,58,58,47,27,27,21,21,21,40,21,21,13,13,32,0,0],"gold":10,"neow_bonus":"RANDOM_COLORLESS","is_daily":false,"chose_seed":false,"campfire_upgraded":1,"win_rate":0.0,"timestamp":1612708303,"path_taken":["M","M","$","?","?","E","M","?","T","R","E","R","M","$","R","BOSS"],"items_purchased_type":["Card"],"build_version":"2020-12-22","purchased_purges":2,"victory":false,"max_hp_per_floor":[66,66,66,66,66,66,66,66,66,66,66,66,66,66,66,66,66],"relic_stats":{"Nunchaku":[2],"counters":[7,30],"obtain_stats":[{"Nunchaku":9,"Oddly Smooth Stone":11,"Ring of the Snake":0},{"Nunchaku":4,"Oddly Smooth Stone":5,"Ring of the Snake":0},{"Nunchaku":12,"Oddly Smooth Stone":20,"Ring of the Snake":0}],"Ring of the Snake":[14]},"card_choices":[{"not_picked":["Impatience","Good Instincts"],"picked":"Dramatic Entrance","floor":0.0},{"not_picked":["Dagger Spray","Predator"],"picked":"Bouncing Flask","floor":1.0},{"not_picked":["Predator","Heel Hook"],"picked":"Cloak And Dagger","floor":2.0},{"not_picked":["Footwork","Flying Knee"],"picked":"Poisoned Stab","floor":7.0},{"not_picked":["Cloak And Dagger","Quick Slash"],"picked":"Acrobatics","floor":11.0},{"not_picked":["Flying Knee","Underhanded Strike"],"picked":"Crippling Poison","floor":13.0}],"player_experience":360466,"relics_obtained":[{"floor":9.0,"key":"Nunchaku"},{"floor":11.0,"key":"Oddly Smooth Stone"}],"event_choices":[{"damage_healed":0.0,"max_hp_gain":0.0,"max_hp_loss":0.0,"gold_gain":75.0,"event_name":"World of Goop","player_choice":"Gather Gold","floor":4.0,"gold_loss":0.0,"damage_taken":11.0},{"damage_healed":0.0,"max_hp_gain":0.0,"max_hp_loss":0.0,"gold_gain":0.0,"event_name":"Shining Light","player_choice":"Entered Light","floor":5.0,"gold_loss":0.0,"damage_taken":20.0,"cards_upgraded":["Defend_G","Defend_G"]},{"damage_healed":0.0,"max_hp_gain":0.0,"max_hp_loss":0.0,"gold_gain":0.0,"event_name":"Upgrade Shrine","player_choice":"Upgraded","floor":8.0,"gold_loss":0.0,"damage_taken":0.0,"cards_upgraded":["Bouncing Flask"]}],"is_beta":false,"boss_relics":[],"items_purged_floors":[3,14],"is_endless":false,"potions_floor_spawned":[2,7,13],"killed_by":"The Guardian","ascension_level":20}}