{"host":"czzthkrvfe6r7fjf","time":1612694249,"event":{"mods":["ATMod(∞¢Ë™Mod)","Act Like it!","BaseMod","Downfall","GungeonMod","Marisa£®ÏF”Í°°ƒß¿Ì…≥£©","Minty Spire (QoL Compilation)","Quick Restart","StSLib","The Servant 0.9.4","Waifu the Spire","°æπ¶ƒ‹Mod°øªÏ„Á÷Æª∑–ﬁ∏¥≤π∂°"],"gold_per_floor":[118,118,118,118,134,160,160,160,160],"floor_reached":8,"language":"ZHS","playtime":182,"items_purged":[],"score":150,"play_id":"0268158c-b596-4d36-b7d3-36c0d7a5ece0","local_time":"20210207183729","is_ascension_mode":true,"campfire_choices":[],"circlet_count":0,"master_deck":["AscendersBane","Strike_G","Strike_G","Strike_G+1","Strike_G","Defend_G","Defend_G+1","Defend_G","Defend_G","Defend_G","Survivor","Neutralize","AT_OneInchPunch","AT_WindFlip","Distraction"],"relics":["Ring of the Snake","AT_ATBox","NeowsBlessing","AT_GuinsooRageblade","InkBottle","DemoMod:JetPack"],"acts_visited":["Exordium"],"potions_floor_usage":[],"damage_taken":[{"damage":0.0,"enemies":"Small Slimes","floor":1.0,"turns":1.0},{"damage":0.0,"enemies":"Jaw Worm","floor":5.0,"turns":1.0},{"damage":0.0,"enemies":"Gremlin Nob","floor":6.0,"turns":1.0},{"damage":18,"enemies":"3 Sentries","floor":8,"turns":8}],"seed_played":"-2989042221405925187","potions_obtained":[{"floor":5.0,"key":"Guardian:BlockOnCardUsePotion"}],"is_trial":false,"path_per_floor":["M","?","?","T","M","E","T","E"],"character_chosen":"THE_SILENT","items_purchased":[],"campfire_rested":0,"item_purchase_floors":[],"current_hp_per_floor":[59,52,32,32,32,32,32,14,14],"gold":160,"neow_bonus":"THREE_ENEMY_KILL","is_daily":false,"chose_seed":false,"campfire_upgraded":0,"win_rate":0.0,"timestamp":1612694249,"path_taken":["M","?","?","?","?","E","?","E"],"items_purchased_type":[],"build_version":"2020-12-22","purchased_purges":0,"victory":false,"max_hp_per_floor":[66,66,66,66,66,66,66,66,66],"card_choices":[{"not_picked":["Deflect","Backflip"],"picked":"AT_WindFlip","floor":1.0},{"not_picked":["Dodge and Roll","Die Die Die","AT_WindFlip"],"picked":"SKIP","floor":5.0},{"not_picked":["AT_TinkerSharpsword","AT_KneejerkReflex"],"picked":"Distraction","floor":6.0}],"player_experience":504148,"relics_obtained":[{"floor":4.0,"key":"AT_GuinsooRageblade"},{"floor":6.0,"key":"InkBottle"},{"floor":7.0,"key":"DemoMod:JetPack"}],"event_choices":[{"cards_removed":["Strike_G"],"damage_healed":0.0,"max_hp_gain":0.0,"max_hp_loss":0.0,"gold_gain":0.0,"event_name":"Golden Wing","player_choice":"Card Removal","floor":2.0,"gold_loss":0.0,"damage_taken":7.0},{"damage_healed":0.0,"max_hp_gain":0.0,"max_hp_loss":0.0,"gold_gain":0.0,"event_name":"Shining Light","player_choice":"Entered Light","floor":3.0,"gold_loss":0.0,"damage_taken":20.0,"cards_upgraded":["Defend_G","Strike_G"]}],"is_beta":false,"boss_relics":[],"items_purged_floors":[],"is_endless":false,"potions_floor_spawned":[5],"killed_by":"3 Sentries","ascension_level":18}}