{"host":"824exx23qlyrdtjz","time":1612677976,"event":{"mods":["BaseMod","Colored Map","Downfall","Minty Spire (QoL Compilation)","StSLib"],"gold_per_floor":[99,115,115,107,107,148,148,173,173,273,273,294,316,334,360,462,462,462,482,482,506,506,506,506],"floor_reached":22,"language":"ENG","playtime":732,"items_purged":[],"score":186,"play_id":"530fd23b-3818-418e-898a-34a6bd7979d4","local_time":"20210207010616","is_ascension_mode":false,"campfire_choices":[{"data":"hexamod:Sear","floor":1,"key":"SMITH"},{"data":"hexamod:PhantomFireball","floor":11,"key":"SMITH"},{"data":"hexamod:HexaLevel","floor":18,"key":"SMITH"}],"circlet_count":0,"master_deck":["hexamod:Strike+1","hexamod:Strike+1","hexamod:Defend","hexamod:Defend","hexamod:Defend+1","hexamod:Defend+1","hexamod:Sear+1","hexamod:Float","hexamod:SixthSeal","hexamod:FirstSeal","hexamod:SecondSeal","hexamod:ThirdSeal","hexamod:FourthSeal","hexamod:BacktrackSmack+1","hexamod:Hexaguard+1","hexamod:PhantomFireball+1","hexamod:GhostOfSpirePresent","hexamod:HauntingEcho","hexamod:SpectersWail","hexamod:BurningTouch","hexamod:ThermalTransfer","hexamod:HeatMetal+1","hexamod:SoulSteal+1","hexamod:GiftsFromTheDead","hexamod:HexaLevel+1","hexamod:Sear+1","hexamod:HeatCrush"],"relics":["hexamod:UnbrokenSoul","Whetstone","Incense Burner","Eternal Feather"],"acts_visited":["Exordium","TheCity"],"potions_floor_usage":[8,16,16],"damage_taken":[{"damage":0,"enemies":"2 Louse","floor":2,"turns":4},{"damage":39,"enemies":"Lagavulin","floor":6,"turns":6},{"damage":4,"enemies":"Small Slimes","floor":8,"turns":5},{"damage":0,"enemies":"Jaw Worm","floor":12,"turns":4},{"damage":16,"enemies":"2 Fungi Beasts","floor":13,"turns":4},{"damage":7,"enemies":"3 Louse","floor":14,"turns":5},{"damage":22,"enemies":"Exordium Thugs","floor":15,"turns":5},{"damage":13,"enemies":"WA_ARCHETYPE_RETAIN","floor":16,"turns":6},{"damage":40,"enemies":"3 Byrds","floor":19,"turns":3},{"damage":10,"enemies":"Chosen","floor":21,"turns":5},{"damage":27,"enemies":"Centurion and Healer","floor":22,"turns":2}],"seed_played":"5153166146888196028","potions_obtained":[{"floor":6,"key":"Regen Potion"},{"floor":8,"key":"hexamod:InfernoChargePotion"},{"floor":8,"key":"Strength Potion"},{"floor":12,"key":"CultistPotion"},{"floor":19,"key":"Weak Potion"},{"floor":21,"key":"Weak Potion"}],"is_trial":false,"path_per_floor":["R","M","?","?","?","E","T","M","?","?","R","M","M","M","M","B",null,"R","M","?","M","M"],"character_chosen":"THE_SPIRIT","items_purchased":[],"campfire_rested":0,"item_purchase_floors":[],"current_hp_per_floor":[70,70,70,63,63,31,31,48,36,36,45,52,43,43,28,15,70,70,30,30,27,0,0,0],"gold":506,"neow_bonus":"ONE_RANDOM_RARE_CARD","is_daily":false,"chose_seed":false,"campfire_upgraded":3,"win_rate":0.0,"timestamp":1612677976,"path_taken":["R","M","?","?","?","E","T","?","?","?","R","M","M","M","M","BOSS","R","M","?","?","M"],"items_purchased_type":[],"build_version":"2020-12-22","purchased_purges":0,"victory":false,"max_hp_per_floor":[70,70,70,70,70,70,70,70,70,70,70,70,70,70,70,70,70,70,70,70,70,70,70,70],"card_choices":[{"not_picked":["hexamod:GhostShield","hexamod:Hexaguard"],"picked":"hexamod:NightmareStrike","floor":2},{"not_picked":["hexamod:GhostShield","hexamod:FastForward"],"picked":"hexamod:BacktrackSmack","floor":6},{"not_picked":["hexamod:AdvancingGuard","hexamod:Haunt"],"picked":"hexamod:Hexaguard","floor":6},{"not_picked":["hexamod:RetreatToShadows","hexamod:GhostOfSpirePast"],"picked":"hexamod:PhantomFireball","floor":8},{"not_picked":["hexamod:HauntingEcho","hexamod:Haunt"],"picked":"hexamod:GhostOfSpirePresent","floor":8},{"not_picked":["hexamod:NightmareGuise","hexamod:BacktrackSmack"],"picked":"hexamod:HauntingEcho","floor":12},{"not_picked":["hexamod:GhostOfSpirePast","hexamod:ThermalTransfer"],"picked":"hexamod:SpectersWail","floor":12},{"not_picked":["hexamod:SpectralAdrenaline","hexamod:BacktrackSmack"],"picked":"hexamod:BurningTouch","floor":13},{"not_picked":["hexamod:FlamesFromBeyond","hexamod:BacktrackSmack"],"picked":"hexamod:ThermalTransfer","floor":13},{"not_picked":["hexamod:FastForward","hexamod:Haunt"],"picked":"hexamod:HeatMetal","floor":14},{"not_picked":["hexamod:SpectersWail","hexamod:ThermalTransfer","hexamod:StepThrough"],"picked":"SKIP","floor":14},{"not_picked":["hexamod:RainOfEmbers","hexamod:UnleashSpirits"],"picked":"hexamod:SoulSteal","floor":15},{"not_picked":["hexamod:SwordOfDarkness","hexamod:CatchUp","hexamod:BurningTouch"],"picked":"SKIP","floor":15},{"not_picked":["hexamod:GhostflameInferno","hexamod:UnlimitedPower"],"picked":"hexamod:GiftsFromTheDead","floor":16},{"not_picked":["hexamod:WildfireWeapon","hexamod:SixthSeal"],"picked":"hexamod:HexaLevel","floor":16},{"not_picked":["hexamod:SecondSeal","hexamod:InspiringFlames","hexamod:StepThrough"],"picked":"SKIP","floor":19},{"not_picked":["hexamod:Firestarter","hexamod:SwordOfDarkness+1"],"picked":"hexamod:HeatCrush","floor":21}],"player_experience":198368,"relics_obtained":[{"floor":6,"key":"Whetstone"},{"floor":7,"key":"Incense Burner"}],"event_choices":[{"damage_healed":0,"gold_gain":0,"cards_transformed":["hexamod:Strike"],"player_choice":"Change","damage_taken":0,"max_hp_gain":0,"max_hp_loss":0,"event_name":"Living Wall","floor":5,"gold_loss":0,"cards_obtained":["hexamod:FourthSeal"]},{"damage_healed":0,"gold_gain":0,"player_choice":"Success","damage_taken":12,"relics_obtained":["Eternal Feather"],"max_hp_gain":0,"max_hp_loss":0,"event_name":"Scrap Ooze","floor":9,"gold_loss":0}],"is_beta":false,"boss_relics":[{"not_picked":["Runic Pyramid","Calling Bell"],"picked":"hexamod:UnbrokenSoul"}],"items_purged_floors":[],"is_endless":false,"potions_floor_spawned":[8],"killed_by":"Centurion and Healer","ascension_level":0}}