{"host":"c97twqu0op5dg8i4","time":1612677818,"event":{"mods":["AchievementEnabler","BaseMod","Colored Map","Minty Spire (QoL Compilation)","Permanent Neow"],"gold_per_floor":[118,118,43,43,43,91,68,93,93,125,125,178,200,219,219,353,353,380,380,49,49,77,77,109,109,144,179,38,62,89,114,114,242,242,255,327,327,347,259,259,259],"floor_reached":40,"language":"ENG","playtime":1828,"items_purged":["Strike_R","Strike_R+1","Thunderclap"],"score":624,"play_id":"cb55e4e5-c1f3-4e3b-98a7-40f675dd0bab","local_time":"20210207010338","is_ascension_mode":true,"campfire_choices":[{"floor":11,"key":"REST"},{"data":"Spot Weakness","floor":15,"key":"SMITH"},{"data":"Power Through","floor":23,"key":"SMITH"},{"data":"True Grit","floor":25,"key":"SMITH"},{"data":"True Grit","floor":32,"key":"SMITH"}],"circlet_count":0,"master_deck":["AscendersBane","Strike_R+1","Strike_R+1","Strike_R+1","Defend_R+1","Defend_R+1","Defend_R+1","Defend_R+1","Spot Weakness+1","Cleave","Reaper","Feel No Pain","Shockwave","Reaper","True Grit+1","Fire Breathing","Power Through+1","Power Through","True Grit+1","Power Through+1","Fire Breathing","Metallicize+1","Metallicize+1","Barricade","Evolve","Shrug It Off","Second Wind"],"relics":["Burning Blood","Bird Faced Urn","Golden Idol","CeramicFish","Kunai","MealTicket","Cursed Key","Membership Card","Calipers","Pen Nib","Question Card","DollysMirror","Empty Cage","Shovel"],"acts_visited":["Exordium","TheCity","TheBeyond"],"potions_floor_usage":[16,24,29,33],"damage_taken":[{"damage":8,"enemies":"Jaw Worm","floor":1,"turns":4},{"damage":54,"enemies":"Lagavulin","floor":6,"turns":8},{"damage":5,"enemies":"2 Louse","floor":8,"turns":3},{"damage":16,"enemies":"Small Slimes","floor":10,"turns":3},{"damage":19,"enemies":"3 Sentries","floor":12,"turns":6},{"damage":17,"enemies":"Blue Slaver","floor":13,"turns":5},{"damage":6,"enemies":"Lots of Slimes","floor":14,"turns":2},{"damage":63,"enemies":"Hexaghost","floor":16,"turns":8},{"damage":36,"enemies":"Spheric Guardian","floor":18,"turns":6},{"damage":44,"enemies":"3 Byrds","floor":22,"turns":7},{"damage":49,"enemies":"3 Cultists","floor":24,"turns":7},{"damage":35,"enemies":"Gremlin Leader","floor":27,"turns":10},{"damage":6,"enemies":"Shelled Parasite and Fungi","floor":29,"turns":7},{"damage":5,"enemies":"Centurion and Healer","floor":30,"turns":8},{"damage":13,"enemies":"3 Cultists","floor":31,"turns":7},{"damage":63,"enemies":"Champ","floor":33,"turns":23},{"damage":2,"enemies":"3 Shapes","floor":35,"turns":7},{"damage":4,"enemies":"Mind Bloom Boss Battle","floor":36,"turns":13},{"damage":14,"enemies":"Orb Walker","floor":38,"turns":6},{"damage":79,"enemies":"Giant Head","floor":40,"turns":11}],"seed_played":"-399627310791517709","potions_obtained":[{"floor":6,"key":"GamblersBrew"},{"floor":8,"key":"FearPotion"},{"floor":13,"key":"CultistPotion"},{"floor":16,"key":"BlessingOfTheForge"},{"floor":21,"key":"BloodPotion"},{"floor":21,"key":"Block Potion"},{"floor":27,"key":"ElixirPotion"},{"floor":30,"key":"SteroidPotion"},{"floor":31,"key":"EntropicBrew"}],"is_trial":false,"path_per_floor":["M","?","$","?","?","E","?","M","T","M","R","E","M","M","R","B",null,"M","?","$","?","M","R","M","R","T","E","$","M","M","M","R","B",null,"M","?","?","M","$","E"],"character_chosen":"IRONCLAD","items_purchased":["Membership Card","Calipers","Fire Breathing","Power Through","DollysMirror","Fire Breathing","Shrug It Off","Second Wind"],"campfire_rested":1,"item_purchase_floors":[20,20,20,20,28,28,39,39],"current_hp_per_floor":[49,49,49,49,73,25,25,26,26,16,38,48,44,64,64,22,61,51,51,66,66,50,50,49,49,49,28,43,74,74,69,69,27,62,74,74,74,74,74,0,0],"gold":259,"neow_bonus":"ONE_RARE_RELIC","is_daily":false,"chose_seed":false,"campfire_upgraded":4,"win_rate":0.0,"timestamp":1612677818,"path_taken":["M","?","$","?","?","E","?","M","T","M","R","E","M","M","R","BOSS","M","?","$","?","M","R","M","R","T","E","$","M","?","M","R","BOSS","M","?","?","M","?","E"],"items_purchased_type":["Relic","Relic","Card","Card","Relic","Card","Card","Card"],"build_version":"2020-12-22","purchased_purges":3,"victory":false,"max_hp_per_floor":[80,74,74,74,74,74,74,74,74,74,74,74,74,74,74,74,74,74,74,74,74,74,74,74,74,74,74,74,74,74,74,74,74,74,74,74,74,74,74,74,74],"card_choices":[{"not_picked":["Heavy Blade","Twin Strike"],"picked":"Spot Weakness","floor":1},{"not_picked":["Searing Blow","Warcry"],"picked":"Cleave","floor":6},{"not_picked":["Havoc","Whirlwind"],"picked":"Reaper","floor":8},{"not_picked":["Clash","Infernal Blade"],"picked":"Feel No Pain","floor":10},{"not_picked":["Perfected Strike","Infernal Blade"],"picked":"Shockwave","floor":12},{"not_picked":["Cleave","Pommel Strike"],"picked":"Thunderclap","floor":13},{"not_picked":["Dual Wield","Clothesline","Cleave"],"picked":"SKIP","floor":14},{"not_picked":["Brutality","Fiend Fire"],"picked":"Reaper","floor":16},{"not_picked":["Havoc","Thunderclap"],"picked":"True Grit","floor":18},{"not_picked":["Rupture","Wild Strike"],"picked":"Power Through","floor":22},{"not_picked":["Whirlwind","Blood for Blood"],"picked":"True Grit","floor":24},{"not_picked":["Pummel","Disarm","Warcry"],"picked":"SKIP","floor":27},{"not_picked":["Twin Strike","Pommel Strike","Combust+1","Clothesline"],"picked":"SKIP","floor":29},{"not_picked":["Searing Blow","Flex","Shrug It Off"],"picked":"Metallicize+1","floor":30},{"not_picked":["Flex","Seeing Red","Armaments"],"picked":"Metallicize+1","floor":31},{"not_picked":["Feed","Impervious","Exhume"],"picked":"Barricade","floor":33},{"not_picked":["Thunderclap","Clothesline+1","Anger+1","Pommel Strike"],"picked":"SKIP","floor":35},{"not_picked":["Anger","Armaments+1","Twin Strike"],"picked":"Evolve","floor":36},{"not_picked":["Iron Wave","Sword Boomerang+1","Thunderclap","Reckless Charge"],"picked":"SKIP","floor":38}],"player_experience":345905,"relics_obtained":[{"floor":6,"key":"CeramicFish"},{"floor":9,"key":"Kunai"},{"floor":12,"key":"MealTicket"},{"floor":26,"key":"Pen Nib"},{"floor":27,"key":"Question Card"},{"floor":36,"key":"Shovel"}],"event_choices":[{"damage_healed":0,"gold_gain":0,"player_choice":"Lose Max HP","damage_taken":0,"relics_obtained":["Golden Idol"],"max_hp_gain":0,"max_hp_loss":6,"event_name":"Golden Idol","floor":2,"gold_loss":0},{"damage_healed":0,"gold_gain":0,"player_choice":"Ignored","damage_taken":0,"max_hp_gain":0,"max_hp_loss":0,"event_name":"Liars Game","floor":4,"gold_loss":0},{"damage_healed":24,"gold_gain":0,"player_choice":"Banana","damage_taken":0,"max_hp_gain":0,"max_hp_loss":0,"event_name":"Big Fish","floor":5,"gold_loss":0},{"damage_healed":0,"gold_gain":0,"player_choice":"Left Gold","damage_taken":0,"max_hp_gain":0,"max_hp_loss":0,"event_name":"World of Goop","floor":7,"gold_loss":23},{"damage_healed":0,"gold_gain":0,"player_choice":"Simplicity","damage_taken":0,"max_hp_gain":0,"max_hp_loss":0,"event_name":"Back to Basics","floor":19,"gold_loss":0,"cards_upgraded":["Strike_R","Strike_R","Strike_R","Strike_R","Defend_R","Defend_R","Defend_R","Defend_R"]},{"damage_healed":0,"gold_gain":0,"player_choice":"Got Potions","damage_taken":0,"max_hp_gain":0,"max_hp_loss":0,"event_name":"Lab","floor":21,"gold_loss":0},{"damage_healed":0,"gold_gain":0,"player_choice":"Fight","damage_taken":0,"max_hp_gain":0,"max_hp_loss":0,"event_name":"MindBloom","floor":36,"gold_loss":0},{"damage_healed":0,"gold_gain":0,"player_choice":"Ignored","damage_taken":0,"max_hp_gain":0,"max_hp_loss":0,"event_name":"Tomb of Lord Red Mask","floor":37,"gold_loss":0}],"is_beta":false,"boss_relics":[{"not_picked":["Calling Bell","Sozu"],"picked":"Cursed Key"},{"not_picked":["Black Blood","Velvet Choker"],"picked":"Empty Cage"}],"items_purged_floors":[3,28,39],"is_endless":false,"potions_floor_spawned":[6,8,13,16,22,27,30,31],"killed_by":"Giant Head","ascension_level":10}}