{"host":"t1puqh5lxz8sp6fn","time":1612672224,"event":{"mods":["AchievementEnabler","BaseMod","Colored Powertips","Minty Spire (QoL Compilation)","Rare Cards Sparkle","Relic Stats","StSLib"],"gold_per_floor":[115,115,133,133,149,181,200,200,281,281,301,37,73,97,97,188,188,212,235,235,271,24,24,59,78,128,141,185,185,185,38,38,131,131,146,56,81,95,95,95,126,126,150,189,204,204,235,260,260,260,260],"floor_reached":50,"playtime":1842,"items_purged":["Strike_R"],"score":1023,"play_id":"12fbbc09-b7f7-4729-93cd-471272332fd9","local_time":"20210207013024","is_ascension_mode":true,"campfire_choices":[{"data":"Cleave","floor":10.0,"key":"SMITH"},{"data":"Armaments","floor":15.0,"key":"SMITH"},{"floor":23.0,"key":"REST"},{"floor":30.0,"key":"REST"},{"data":"Apotheosis","floor":32.0,"key":"SMITH"},{"floor":40,"key":"RECALL"},{"floor":42,"key":"REST"},{"floor":46,"key":"REST"},{"floor":49,"key":"REST"}],"circlet_count":0,"master_deck":["AscendersBane","Strike_R","Strike_R","Strike_R","Defend_R","Defend_R","Defend_R","Defend_R","Bash","Ghostly Armor","True Grit","Perfected Strike","Carnage","Cleave+1","Armaments+1","Demon Form","Offering","Shrug It Off","Twin Strike","Immolate","Shockwave","Power Through+1","Thunderclap","Apotheosis+1","Battle Trance","Heavy Blade+1","Dark Embrace+1","Blood for Blood","Exhume","Battle Trance","Limit Break","Dropkick","Bloodletting","True Grit+1","Sentinel+1","Rage+1","Bloodletting"],"relics":["Burning Blood","NeowsBlessing","Charon\u0027s Ashes","Golden Idol","Self Forming Clay","Red Skull","Black Star","Enchiridion","Red Mask","Bag of Marbles","Blue Candle","Shuriken","Orichalcum","Sozu","Turnip","Toy Ornithopter","Omamori","Strawberry","Smiling Mask","Meat on the Bone","Oddly Smooth Stone"],"acts_visited":["Exordium","TheCity","TheBeyond"],"potions_floor_usage":[38],"damage_taken":[{"damage":0.0,"enemies":"2 Louse","floor":1.0,"turns":1.0},{"damage":0.0,"enemies":"Jaw Worm","floor":3.0,"turns":1.0},{"damage":0.0,"enemies":"Cultist","floor":5.0,"turns":1.0},{"damage":45.0,"enemies":"Lagavulin","floor":6.0,"turns":6.0},{"damage":11.0,"enemies":"Looter","floor":7.0,"turns":3.0},{"damage":9.0,"enemies":"3 Louse","floor":11.0,"turns":2.0},{"damage":5.0,"enemies":"Gremlin Nob","floor":13.0,"turns":3.0},{"damage":0.0,"enemies":"2 Fungi Beasts","floor":14.0,"turns":3.0},{"damage":10.0,"enemies":"Slime Boss","floor":16.0,"turns":6.0},{"damage":11.0,"enemies":"Chosen","floor":18.0,"turns":3.0},{"damage":26.0,"enemies":"Spheric Guardian","floor":19.0,"turns":4.0},{"damage":7.0,"enemies":"Masked Bandits","floor":21.0,"turns":2.0},{"damage":27.0,"enemies":"Slavers","floor":24.0,"turns":6.0},{"damage":11.0,"enemies":"Snecko","floor":25.0,"turns":3.0},{"damage":25.0,"enemies":"Sentry and Sphere","floor":27.0,"turns":4.0},{"damage":19.0,"enemies":"Book of Stabbing","floor":28.0,"turns":5.0},{"damage":51.0,"enemies":"Champ","floor":33.0,"turns":7.0},{"damage":18.0,"enemies":"3 Shapes","floor":35.0,"turns":4.0},{"damage":7.0,"enemies":"Orb Walker","floor":37.0,"turns":3.0},{"damage":0,"enemies":"Jaw Worm Horde","floor":38,"turns":1},{"damage":22,"enemies":"Reptomancer","floor":41,"turns":4},{"damage":21,"enemies":"Giant Head","floor":44,"turns":5},{"damage":7,"enemies":"3 Darklings","floor":45,"turns":4},{"damage":43,"enemies":"Nemesis","floor":47,"turns":5},{"damage":10,"enemies":"4 Shapes","floor":48,"turns":3},{"damage":70,"enemies":"Time Eater","floor":50,"turns":5}],"seed_played":"894117954599252062","potions_obtained":[{"floor":3.0,"key":"BlessingOfTheForge"},{"floor":4.0,"key":"Explosive Potion"},{"floor":4.0,"key":"Explosive Potion"},{"floor":6.0,"key":"EntropicBrew"},{"floor":14.0,"key":"FairyPotion"},{"floor":33.0,"key":"Explosive Potion"}],"is_trial":false,"path_per_floor":["M","?","M","?","M","E","M","?","T","R","M","$","E","M","R","B",null,"M","M","?","?","$","R","E","M","T","M","E","?","R","$","R","B",null,"M","?","M","M","?","R","E","R","T","E","M","R","E","M","R","B"],"character_chosen":"IRONCLAD","items_purchased":["Demon Form","Offering","Shrug It Off","Apotheosis","Battle Trance","Battle Trance"],"campfire_rested":5,"item_purchase_floors":[12,12,12,22,22,31],"current_hp_per_floor":[78,78,80,80,80,41,36,36,36,36,33,33,34,40,40,36,65,60,40,24,23,23,45,24,19,19,22,9,9,31,31,31,10,58,46,46,45,51,51,51,35,57,57,49,48,72,35,43,67,0,0],"gold":260,"neow_bonus":"THREE_ENEMY_KILL","is_daily":false,"chose_seed":false,"campfire_upgraded":3,"win_rate":0.0,"timestamp":1612672224,"path_taken":["M","?","M","?","M","E","?","?","T","R","M","$","E","M","R","BOSS","M","M","?","?","$","R","E","M","T","M","E","?","R","$","R","BOSS","M","?","M","?","?","R","E","R","T","E","?","R","E","M","R","BOSS"],"items_purchased_type":["Card","Card","Card","Card","Card","Card"],"build_version":"2020-12-13","purchased_purges":1,"victory":false,"max_hp_per_floor":[80,80,80,80,80,80,80,74,74,74,74,74,74,74,74,74,74,74,74,74,74,74,74,74,74,74,74,74,74,74,74,74,74,74,74,74,74,74,74,74,74,74,74,81,81,81,81,81,81,81,81],"relic_stats":{"counters":[26,94],"Golden Idol":132,"Self Forming Clay":[180],"Blue Candle":[0],"Charon\u0027s Ashes":[293],"Orichalcum":[24],"Smiling Mask":0,"Burning Blood":140,"Sozu":3,"Shuriken":[7],"Turnip":[0],"Black Star":5,"obtain_stats":[{"NeowsBlessing":0,"Golden Idol":8,"Self Forming Clay":9,"Blue Candle":24,"Enchiridion":20,"Oddly Smooth Stone":47,"Charon\u0027s Ashes":6,"Omamori":43,"Orichalcum":28,"Smiling Mask":44,"Burning Blood":0,"Sozu":34,"Shuriken":28,"Strawberry":44,"Turnip":41,"Black Star":17,"Red Mask":21,"Bag of Marbles":24,"Red Skull":13,"Toy Ornithopter":41,"Meat on the Bone":47},{"NeowsBlessing":0,"Golden Idol":5,"Self Forming Clay":5,"Blue Candle":13,"Enchiridion":11,"Oddly Smooth Stone":24,"Charon\u0027s Ashes":4,"Omamori":21,"Orichalcum":16,"Smiling Mask":22,"Burning Blood":0,"Sozu":17,"Shuriken":16,"Strawberry":22,"Turnip":21,"Black Star":9,"Red Mask":12,"Bag of Marbles":13,"Red Skull":7,"Toy Ornithopter":21,"Meat on the Bone":24},{"NeowsBlessing":0,"Golden Idol":12,"Self Forming Clay":12,"Blue Candle":41,"Enchiridion":33,"Oddly Smooth Stone":86,"Charon\u0027s Ashes":9,"Omamori":72,"Orichalcum":53,"Smiling Mask":77,"Burning Blood":0,"Sozu":60,"Shuriken":53,"Strawberry":77,"Turnip":72,"Black Star":26,"Red Mask":35,"Bag of Marbles":41,"Red Skull":17,"Toy Ornithopter":72,"Meat on the Bone":86}],"Toy Ornithopter":0,"Meat on the Bone":12},"card_choices":[{"not_picked":["Havoc","Spot Weakness"],"picked":"Ghostly Armor","floor":1.0},{"not_picked":["Iron Wave","Burning Pact"],"picked":"True Grit","floor":3.0},{"not_picked":["Iron Wave","Second Wind"],"picked":"Perfected Strike","floor":5.0},{"not_picked":["Disarm","Body Slam"],"picked":"Carnage","floor":6.0},{"not_picked":["Body Slam","Havoc"],"picked":"Cleave","floor":7.0},{"not_picked":["Shrug It Off","Headbutt"],"picked":"Armaments","floor":11.0},{"not_picked":["Clash","Flex"],"picked":"Twin Strike","floor":13.0},{"not_picked":["Sword Boomerang","Dual Wield","Bloodletting"],"picked":"SKIP","floor":14.0},{"not_picked":["Barricade","Bludgeon"],"picked":"Immolate","floor":16.0},{"not_picked":["Armaments","Feel No Pain"],"picked":"Shockwave","floor":18.0},{"not_picked":["Power Through","Havoc","Hemokinesis+1"],"picked":"SKIP","floor":19.0},{"not_picked":["Havoc","Hemokinesis+1"],"picked":"Power Through","floor":19.0},{"not_picked":["Clothesline","Twin Strike"],"picked":"Thunderclap","floor":21.0},{"not_picked":["Twin Strike","Bloodletting"],"picked":"Heavy Blade+1","floor":24.0},{"not_picked":["Thunderclap","Shrug It Off"],"picked":"Dark Embrace+1","floor":25.0},{"not_picked":["Twin Strike","Cleave"],"picked":"Blood for Blood","floor":27.0},{"not_picked":["Flex","Iron Wave"],"picked":"Exhume","floor":28.0},{"not_picked":["Juggernaut","Brutality"],"picked":"Limit Break","floor":33.0},{"not_picked":["Clothesline","Heavy Blade"],"picked":"Dropkick","floor":35.0},{"not_picked":["Battle Trance","Warcry","Shrug It Off"],"picked":"SKIP","floor":37.0},{"not_picked":["Second Wind","True Grit","Rupture+1"],"picked":"SKIP","floor":38},{"not_picked":["Warcry","Clash+1"],"picked":"Bloodletting","floor":41},{"not_picked":["Havoc","Cleave"],"picked":"True Grit+1","floor":44},{"not_picked":["Thunderclap","Body Slam"],"picked":"Sentinel+1","floor":45},{"not_picked":["Havoc","Power Through"],"picked":"Rage+1","floor":47},{"not_picked":["Flex+1","True Grit+1"],"picked":"Bloodletting","floor":48}],"player_experience":476115,"relics_obtained":[{"floor":6.0,"key":"Charon\u0027s Ashes"},{"floor":9.0,"key":"Self Forming Clay"},{"floor":13.0,"key":"Red Skull"},{"floor":20.0,"key":"Enchiridion"},{"floor":21.0,"key":"Red Mask"},{"floor":24.0,"key":"Bag of Marbles"},{"floor":24.0,"key":"Blue Candle"},{"floor":28.0,"key":"Shuriken"},{"floor":28.0,"key":"Orichalcum"},{"floor":41,"key":"Turnip"},{"floor":41,"key":"Toy Ornithopter"},{"floor":43,"key":"Omamori"},{"floor":44,"key":"Strawberry"},{"floor":44,"key":"Smiling Mask"},{"floor":47,"key":"Meat on the Bone"},{"floor":47,"key":"Oddly Smooth Stone"}],"event_choices":[{"damage_healed":0.0,"max_hp_gain":0.0,"max_hp_loss":0.0,"gold_gain":0.0,"event_name":"The Cleric","player_choice":"Leave","floor":2.0,"gold_loss":0.0,"damage_taken":0.0},{"damage_healed":0.0,"max_hp_gain":0.0,"max_hp_loss":0.0,"gold_gain":0.0,"event_name":"Lab","player_choice":"Got Potions","floor":4.0,"gold_loss":0.0,"damage_taken":0.0},{"damage_healed":0.0,"max_hp_gain":0.0,"max_hp_loss":6.0,"gold_gain":0.0,"event_name":"Golden Idol","player_choice":"Lose Max HP","floor":8.0,"gold_loss":0.0,"damage_taken":0.0,"relics_obtained":["Golden Idol"]},{"damage_healed":0.0,"max_hp_gain":0.0,"max_hp_loss":0.0,"gold_gain":0.0,"event_name":"Cursed Tome","player_choice":"Obtained Book","floor":20.0,"gold_loss":0.0,"damage_taken":16.0},{"damage_healed":0.0,"max_hp_gain":0.0,"max_hp_loss":0.0,"gold_gain":0.0,"event_name":"Masked Bandits","player_choice":"Fought Bandits","floor":21.0,"gold_loss":0.0,"damage_taken":0.0},{"damage_healed":0.0,"max_hp_gain":0.0,"max_hp_loss":0.0,"gold_gain":0.0,"event_name":"Ghosts","player_choice":"Ignored","floor":29.0,"gold_loss":0.0,"damage_taken":0.0},{"cards_removed":["Strike_R"],"damage_healed":0.0,"max_hp_gain":0.0,"max_hp_loss":0.0,"gold_gain":0.0,"event_name":"Designer","player_choice":"Upgrade and Remove","floor":36.0,"gold_loss":90.0,"damage_taken":0.0,"cards_upgraded":["Power Through"]},{"damage_healed":0,"gold_gain":0,"player_choice":"Ignored","damage_taken":0,"max_hp_gain":0,"max_hp_loss":0,"event_name":"Duplicator","floor":39,"gold_loss":0}],"is_beta":false,"boss_relics":[{"not_picked":["Ectoplasm","Empty Cage"],"picked":"Black Star"},{"not_picked":["Tiny House","Cursed Key"],"picked":"Sozu"}],"items_purged_floors":[31],"is_endless":false,"potions_floor_spawned":[3,5,6,14,18,24,27,28,33,35,41,47],"killed_by":"Time Eater","ascension_level":13}}