{"host":"zsnmfqgcm92hlreo","time":1612676486,"event":{"mods":["AchievementEnabler","BaseMod","Bestiary","Block Reminder","Colored Map","Colored Powertips","Minty Spire (QoL Compilation)","Permanent Neow","Quick Restart","Relic Stats","StSLib","Weighted Paths"],"gold_per_floor":[134,168,80,45,104,134,134,134,134,177,210,210,246,359,359,435,435,449,122,122,122,161,216,216,216,216],"floor_reached":25,"language":"ENG","playtime":1145,"items_purged":["Strike_B"],"score":462,"play_id":"65728fd1-1129-4734-98e3-6199d21df82f","local_time":"20210206234126","is_ascension_mode":true,"campfire_choices":[{"data":"HandOfGreed","floor":8.0,"key":"SMITH"},{"floor":12.0,"key":"REST"},{"floor":15.0,"key":"REST"},{"floor":24,"key":"REST"}],"circlet_count":0,"master_deck":["AscendersBane","Strike_B","Strike_B","Defend_B","Defend_B","Defend_B","Defend_B","Zap","Dualcast","HandOfGreed+1","Coolheaded","Glacier","Coolheaded","Echo Form","Hologram","Ball Lightning","Hello World","Redo","Static Discharge","Seek","Defragment","Coolheaded","Leap"],"relics":["Cracked Core","Mango","Matryoshka","HornCleat","Sozu","Happy Flower","Enchiridion","Turnip"],"acts_visited":["Exordium","TheCity"],"potions_floor_usage":[23,23],"damage_taken":[{"damage":7.0,"enemies":"Jaw Worm","floor":1.0,"turns":4.0},{"damage":6.0,"enemies":"Small Slimes","floor":2.0,"turns":3.0},{"damage":0.0,"enemies":"2 Louse","floor":5.0,"turns":4.0},{"damage":24.0,"enemies":"Lagavulin","floor":6.0,"turns":7.0},{"damage":8.0,"enemies":"Blue Slaver","floor":10.0,"turns":2.0},{"damage":36.0,"enemies":"Gremlin Nob","floor":11.0,"turns":5.0},{"damage":11.0,"enemies":"Exordium Thugs","floor":13.0,"turns":4.0},{"damage":12.0,"enemies":"Lots of Slimes","floor":14.0,"turns":11.0},{"damage":22.0,"enemies":"Hexaghost","floor":16.0,"turns":8.0},{"damage":30,"enemies":"Shell Parasite","floor":18,"turns":6},{"damage":0,"enemies":"Chosen","floor":22,"turns":5},{"damage":20,"enemies":"Slavers","floor":23,"turns":4},{"damage":38,"enemies":"Gremlin Leader","floor":25,"turns":7}],"seed_played":"1144489364168218391","potions_obtained":[{"floor":2.0,"key":"Block Potion"},{"floor":6.0,"key":"Energy Potion"},{"floor":13.0,"key":"AttackPotion"},{"floor":14.0,"key":"Explosive Potion"},{"floor":16.0,"key":"BlessingOfTheForge"}],"is_trial":false,"path_per_floor":["M","M","$","?","M","E","?","R","T","M","E","R","M","M","R","B",null,"M","$","?","?","M","E","R","E"],"character_chosen":"DEFECT","items_purchased":["Glacier","Defragment","Happy Flower"],"campfire_rested":3,"item_purchase_floors":[3,19,19],"current_hp_per_floor":[57,51,51,64,64,54,54,54,54,46,10,33,22,10,33,11,61,31,31,10,26,26,6,29,0,0],"gold":216,"neow_bonus":"RANDOM_COLORLESS_2","is_daily":false,"chose_seed":false,"campfire_upgraded":1,"win_rate":0.0,"timestamp":1612676486,"path_taken":["M","M","$","?","M","E","?","R","T","M","E","R","M","M","R","BOSS","M","$","?","?","M","E","R","E"],"items_purchased_type":["Card","Card","Relic"],"build_version":"2020-12-22","purchased_purges":1,"victory":false,"max_hp_per_floor":[64,64,64,64,64,78,78,78,78,78,78,78,78,78,78,78,78,78,78,78,78,78,78,78,78,78],"relic_stats":{"Sozu":1,"Happy Flower":[5],"counters":[13,70],"Turnip":[4],"obtain_stats":[{"Sozu":17,"Matryoshka":9,"HornCleat":11,"Happy Flower":19,"Enchiridion":20,"Mango":6,"Turnip":23,"Cracked Core":0},{"Sozu":9,"Matryoshka":4,"HornCleat":6,"Happy Flower":10,"Enchiridion":10,"Mango":4,"Turnip":12,"Cracked Core":0},{"Sozu":48,"Matryoshka":18,"HornCleat":25,"Happy Flower":54,"Enchiridion":54,"Mango":18,"Turnip":63,"Cracked Core":0}]},"card_choices":[{"not_picked":["Metamorphosis","Panache"],"picked":"HandOfGreed","floor":0.0},{"not_picked":["Reprogram","Conserve Battery"],"picked":"Coolheaded","floor":1.0},{"not_picked":["Stack","Streamline","Gash"],"picked":"SKIP","floor":2.0},{"not_picked":["Leap","Redo"],"picked":"Coolheaded","floor":5.0},{"not_picked":["Steam","Chill"],"picked":"Echo Form","floor":6.0},{"not_picked":["Steam","Melter"],"picked":"Ball Lightning","floor":10.0},{"not_picked":["Coolheaded","Blizzard"],"picked":"Hello World","floor":11.0},{"not_picked":["Leap","Compile Driver"],"picked":"Redo","floor":13.0},{"not_picked":["Cold Snap","Ball Lightning"],"picked":"Static Discharge","floor":14.0},{"not_picked":["Multi-Cast","Amplify"],"picked":"Seek","floor":16.0},{"not_picked":["Go for the Eyes+1","Rip and Tear","Gash"],"picked":"SKIP","floor":18},{"not_picked":["Sweeping Beam+1","Leap"],"picked":"Coolheaded","floor":22},{"not_picked":["Turbo+1","Steam"],"picked":"Leap","floor":23}],"player_experience":1036602,"relics_obtained":[{"floor":6.0,"key":"Mango"},{"floor":9.0,"key":"Matryoshka"},{"floor":11.0,"key":"HornCleat"},{"floor":20,"key":"Enchiridion"},{"floor":23,"key":"Turnip"}],"event_choices":[{"damage_healed":16.0,"max_hp_gain":0.0,"max_hp_loss":0.0,"gold_gain":0.0,"event_name":"The Cleric","player_choice":"Healed","floor":4.0,"gold_loss":35.0,"damage_taken":0.0},{"damage_healed":0.0,"max_hp_gain":0.0,"max_hp_loss":0.0,"gold_gain":0.0,"cards_transformed":["Strike_B"],"event_name":"Living Wall","player_choice":"Change","floor":7.0,"gold_loss":0.0,"damage_taken":0.0,"cards_obtained":["Hologram"]},{"damage_healed":0,"gold_gain":0,"player_choice":"Obtained Book","damage_taken":21,"max_hp_gain":0,"max_hp_loss":0,"event_name":"Cursed Tome","floor":20,"gold_loss":0},{"damage_healed":16,"gold_gain":0,"player_choice":"Heal","damage_taken":0,"max_hp_gain":0,"max_hp_loss":0,"event_name":"The Library","floor":21,"gold_loss":0}],"is_beta":false,"boss_relics":[{"not_picked":["Calling Bell","Black Star"],"picked":"Sozu"}],"items_purged_floors":[19],"is_endless":false,"potions_floor_spawned":[2,6,13,14,16,23],"killed_by":"Gremlin Leader","ascension_level":20}}