{"host":"2n2g1vowfllvjtvi","time":1612686413,"event":{"mods":["AchievementEnabler","BaseMod","Custom Start","GifTheSpireLib","Keyboard Shortcuts","Minty Spire (QoL Compilation)","Quick Restart","Rare Cards Sparkle","StSLib","SuperFastMode"],"gold_per_floor":[112,112,122,122,47,47,86,86,109,124,164,164,207,222,222,353,353,372,372,372,447,447,485,485,510,534,282,282,317,337,381,381,507,507,507,507],"floor_reached":35,"language":"KOR","playtime":686,"items_purged":["Defend_P","Strike_P"],"score":609,"play_id":"eb525ed5-d055-4951-9305-847da29737b5","local_time":"20210207172653","is_ascension_mode":true,"campfire_choices":[{"data":"Eruption","floor":6.0,"key":"SMITH"},{"data":"Prostrate","floor":12.0,"key":"SMITH"},{"data":"Worship","floor":15.0,"key":"SMITH"},{"data":"Pray","floor":24.0,"key":"SMITH"},{"data":"WindmillStrike","floor":28.0,"key":"SMITH"},{"floor":32,"key":"REST"}],"circlet_count":0,"master_deck":["Strike_P","Strike_P","Defend_P+1","Defend_P","Defend_P+1","Eruption+1","Vigilance","Prostrate+1","WindmillStrike+1","Worship+1","Pray+1","Brilliance","EmptyFist","Vault"],"relics":["PureWater","NeowsBlessing","Golden Idol","StrikeDummy","War Paint","Akabeko","Juzu Bracelet","Runic Pyramid","Blood Vial","Pen Nib","Tiny Chest","Nunchaku","PreservedInsect","Snecko Eye"],"acts_visited":["Exordium","TheCity","TheBeyond"],"potions_floor_usage":[31],"damage_taken":[{"damage":0.0,"enemies":"Small Slimes","floor":1.0,"turns":1.0},{"damage":0.0,"enemies":"2 Louse","floor":3.0,"turns":1.0},{"damage":0.0,"enemies":"Gremlin Nob","floor":7.0,"turns":1.0},{"damage":0.0,"enemies":"Cultist","floor":10.0,"turns":2.0},{"damage":12.0,"enemies":"Lagavulin","floor":11.0,"turns":6.0},{"damage":2.0,"enemies":"3 Sentries","floor":13.0,"turns":5.0},{"damage":0.0,"enemies":"2 Fungi Beasts","floor":14.0,"turns":2.0},{"damage":0.0,"enemies":"Slime Boss","floor":16.0,"turns":3.0},{"damage":1.0,"enemies":"2 Thieves","floor":18.0,"turns":2.0},{"damage":0.0,"enemies":"Gremlin Leader","floor":23.0,"turns":5.0},{"damage":0.0,"enemies":"Chosen","floor":25.0,"turns":3.0},{"damage":14.0,"enemies":"Book of Stabbing","floor":29.0,"turns":4.0},{"damage":6.0,"enemies":"Shelled Parasite and Fungi","floor":30.0,"turns":2.0},{"damage":21,"enemies":"Slavers","floor":31,"turns":4},{"damage":23,"enemies":"Collector","floor":33,"turns":6},{"damage":0,"enemies":"3 Darklings","floor":35,"turns":1}],"seed_played":"2787416673519084650","potions_obtained":[{"floor":1.0,"key":"SpeedPotion"},{"floor":3.0,"key":"Block Potion"},{"floor":10.0,"key":"SpeedPotion"},{"floor":13.0,"key":"FearPotion"},{"floor":16.0,"key":"Explosive Potion"},{"floor":18.0,"key":"SteroidPotion"},{"floor":23.0,"key":"SpeedPotion"},{"floor":30.0,"key":"Ancient Potion"}],"is_trial":false,"path_per_floor":["M","?","M","?","$","R","E","?","T","M","E","R","E","M","R","B",null,"M","?","?","?","?","E","R","M","T","$","R","E","M","E","R","B",null,"M"],"character_chosen":"WATCHER","items_purchased":["Tiny Chest"],"campfire_rested":1,"item_purchase_floors":[27],"current_hp_per_floor":[72,72,72,54,54,54,54,54,54,54,42,42,40,40,40,40,72,71,71,71,64,64,64,64,66,66,66,66,54,50,31,52,31,72,72,72],"gold":507,"neow_bonus":"THREE_ENEMY_KILL","is_daily":false,"chose_seed":false,"campfire_upgraded":5,"win_rate":0.0,"timestamp":1612686413,"path_taken":["M","?","M","?","$","R","E","?","T","M","E","R","E","M","R","BOSS","M","?","?","?","?","E","R","M","T","$","R","E","M","E","R","BOSS","M"],"items_purchased_type":["Relic"],"build_version":"2020-12-22","purchased_purges":2,"victory":false,"max_hp_per_floor":[72,72,72,72,72,72,72,72,72,72,72,72,72,72,72,72,72,72,72,72,72,72,72,72,72,72,72,72,72,72,72,72,72,72,72,72],"card_choices":[{"not_picked":["BattleHymn","PathToVictory","Weave"],"picked":"SKIP","floor":1.0},{"not_picked":["FlyingSleeves","SashWhip"],"picked":"Prostrate","floor":3.0},{"not_picked":["Weave","Sanctity","Protect"],"picked":"SKIP","floor":7.0},{"not_picked":["Evaluate","ClearTheMind"],"picked":"WindmillStrike","floor":10.0},{"not_picked":["Consecrate","Protect"],"picked":"Worship","floor":11.0},{"not_picked":["Vengeance","MasterReality","EmptyBody"],"picked":"SKIP","floor":13.0},{"not_picked":["Prostrate","ClearTheMind"],"picked":"Pray","floor":14.0},{"not_picked":["MasterReality","Wish"],"picked":"Brilliance","floor":16.0},{"not_picked":["FlurryOfBlows","JustLucky","Conclude"],"picked":"SKIP","floor":18.0},{"not_picked":["DevaForm","SashWhip","Consecrate"],"picked":"SKIP","floor":23.0},{"not_picked":["Evaluate","InnerPeace"],"picked":"EmptyFist","floor":25.0},{"not_picked":["FollowUp","ConjureBlade","CrushJoints"],"picked":"SKIP","floor":29.0},{"not_picked":["Prostrate","FlurryOfBlows","Crescendo"],"picked":"SKIP","floor":30.0},{"not_picked":["BowlingBash","FollowUp","DeceiveReality"],"picked":"SKIP","floor":31},{"not_picked":["Judgement","Omniscience"],"picked":"Vault","floor":33}],"player_experience":216454,"relics_obtained":[{"floor":7.0,"key":"StrikeDummy"},{"floor":9.0,"key":"War Paint"},{"floor":11.0,"key":"Akabeko"},{"floor":13.0,"key":"Juzu Bracelet"},{"floor":23.0,"key":"Blood Vial"},{"floor":26.0,"key":"Pen Nib"},{"floor":29.0,"key":"Nunchaku"},{"floor":31,"key":"PreservedInsect"}],"event_choices":[{"damage_healed":0.0,"max_hp_gain":0.0,"max_hp_loss":0.0,"gold_gain":0.0,"event_name":"Liars Game","player_choice":"Ignored","floor":2.0,"gold_loss":0.0,"damage_taken":0.0},{"damage_healed":0.0,"max_hp_gain":0.0,"max_hp_loss":0.0,"gold_gain":0.0,"event_name":"Golden Idol","player_choice":"Take Damage","floor":4.0,"gold_loss":0.0,"damage_taken":18.0,"relics_obtained":["Golden Idol"]},{"damage_healed":0.0,"max_hp_gain":0.0,"max_hp_loss":0.0,"gold_gain":0.0,"event_name":"The Woman in Blue","player_choice":"Bought 0 Potions","floor":8.0,"gold_loss":0.0,"damage_taken":0.0},{"damage_healed":0.0,"max_hp_gain":0.0,"max_hp_loss":0.0,"gold_gain":0.0,"event_name":"Ghosts","player_choice":"Ignored","floor":19.0,"gold_loss":0.0,"damage_taken":0.0},{"cards_removed":["Strike_P"],"damage_healed":0.0,"max_hp_gain":0.0,"max_hp_loss":0.0,"gold_gain":0.0,"event_name":"Bonfire Elementals","player_choice":"Offered Basic","floor":20.0,"gold_loss":0.0,"damage_taken":0.0},{"damage_healed":0.0,"max_hp_gain":0.0,"max_hp_loss":0.0,"gold_gain":75.0,"event_name":"FaceTrader","player_choice":"Touch","floor":21.0,"gold_loss":0.0,"damage_taken":7.0},{"damage_healed":0.0,"max_hp_gain":0.0,"max_hp_loss":0.0,"gold_gain":0.0,"event_name":"The Mausoleum","player_choice":"Ignored","floor":22.0,"gold_loss":0.0,"damage_taken":0.0}],"is_beta":false,"boss_relics":[{"not_picked":["Coffee Dripper","Tiny House"],"picked":"Runic Pyramid"},{"not_picked":["Black Star","Astrolabe"],"picked":"Snecko Eye"}],"items_purged_floors":[5,27],"is_endless":false,"potions_floor_spawned":[1,3,10,13,16,18,23,30],"killed_by":"3 Darklings","ascension_level":2}}