{"host":"bf5upntvbdompq33","time":1612742247,"event":{"mods":["BaseMod","Colored Map","Colored Powertips","Curses Come First","Minty Spire (QoL Compilation)","StSLib","The Dragon Tamer","The Hierophant","The Marked","The Mystic","The Servant 0.9.4"],"gold_per_floor":[115,115,115,130,145,179,195,221,221,234,234,70,90,122,122,224,224,236,161,161,86,101,101,127,127,150,163,163,183,196,206,206,206,206],"floor_reached":33,"language":"ENG","playtime":5480,"items_purged":["Strike_P"],"score":332,"play_id":"f70178b9-9c7c-41ed-aec4-3510c9bf5bee","local_time":"20210207165727","is_ascension_mode":true,"campfire_choices":[{"floor":11,"key":"REST"},{"floor":15,"key":"REST"},{"data":"WheelKick","floor":23,"key":"SMITH"},{"floor":25,"key":"REST"},{"floor":32,"key":"REST"}],"circlet_count":0,"master_deck":["Defend_P","Defend_P","Defend_P","Defend_P","Eruption","Vigilance","ThirdEye","EmptyFist","WheelKick+1","Tantrum","BowlingBash","EmptyFist","Consecrate","FlurryOfBlows","Protect","LikeWater","Crescendo","MentalFortress","Flash of Steel","FearNoEvil","Indignation","CarveReality","Omniscience","EmptyBody","InnerPeace","WheelKick","ReachHeaven","Vengeance+1","TalkToTheHand","FearNoEvil+1","Meditate+1"],"relics":["Snecko Eye","Prayer Wheel","Bird Faced Urn","Dead Branch","Ice Cream","Blue Candle","Runic Pyramid","The Courier","Nunchaku"],"acts_visited":["Exordium","TheCity"],"potions_floor_usage":[10,16,16,24,31,33,33],"damage_taken":[{"damage":1,"enemies":"Cultist","floor":1,"turns":3},{"damage":12,"enemies":"2 Louse","floor":4,"turns":3},{"damage":0,"enemies":"Small Slimes","floor":5,"turns":2},{"damage":16,"enemies":"Gremlin Nob","floor":6,"turns":3},{"damage":12,"enemies":"Looter","floor":7,"turns":3},{"damage":15,"enemies":"Lagavulin","floor":8,"turns":3},{"damage":0,"enemies":"Exordium Wildlife","floor":10,"turns":3},{"damage":0,"enemies":"Large Slime","floor":13,"turns":2},{"damage":3,"enemies":"3 Sentries","floor":14,"turns":5},{"damage":10,"enemies":"Hexaghost","floor":16,"turns":8},{"damage":25,"enemies":"Spheric Guardian","floor":18,"turns":5},{"damage":0,"enemies":"2 Thieves","floor":22,"turns":3},{"damage":36,"enemies":"Slavers","floor":24,"turns":4},{"damage":0,"enemies":"Snecko","floor":27,"turns":1},{"damage":0,"enemies":"3 Cultists","floor":29,"turns":3},{"damage":0,"enemies":"Chosen and Byrds","floor":30,"turns":1},{"damage":6,"enemies":"Snake Plant","floor":31,"turns":3},{"damage":71,"enemies":"Automaton","floor":33,"turns":8}],"seed_played":"2073890538821812215","potions_obtained":[{"floor":5,"key":"EssenceOfSteel"},{"floor":8,"key":"BlessingOfTheForge"},{"floor":10,"key":"AttackPotion"},{"floor":16,"key":"StancePotion"},{"floor":18,"key":"Explosive Potion"},{"floor":27,"key":"Swift Potion"},{"floor":29,"key":"DuplicationPotion"},{"floor":31,"key":"PowerPotion"}],"is_trial":false,"path_per_floor":["M","?","?","M","M","E","M","E","T","M","R","$","M","E","R","B",null,"M","?","?","$","M","R","E","R","T","M","?","M","M","M","R","B"],"character_chosen":"WATCHER","items_purchased":["MentalFortress","Flash of Steel"],"campfire_rested":4,"item_purchase_floors":[12,12],"current_hp_per_floor":[71,64,57,45,45,29,17,2,2,2,23,23,23,24,45,39,72,47,47,47,47,47,47,13,34,34,34,27,33,33,29,50,0,0],"gold":206,"neow_bonus":"BOSS_RELIC","is_daily":false,"chose_seed":false,"campfire_upgraded":1,"win_rate":0.0,"timestamp":1612742247,"path_taken":["M","?","?","M","M","E","M","E","T","M","R","$","M","E","R","BOSS","M","?","?","$","?","R","E","R","T","M","?","M","?","M","R","BOSS"],"items_purchased_type":["Card","Card"],"build_version":"2020-12-22","purchased_purges":1,"victory":false,"max_hp_per_floor":[72,72,72,72,72,72,72,72,72,72,72,72,72,72,72,72,72,72,72,72,72,72,72,72,72,72,72,72,72,72,72,72,72,72],"card_choices":[{"not_picked":["Vengeance","Study"],"picked":"ThirdEye","floor":1},{"not_picked":["ClearTheMind","FlyingSleeves"],"picked":"EmptyFist","floor":4},{"not_picked":["WheelKick","Prostrate","Halt"],"picked":"SKIP","floor":4},{"not_picked":["Prostrate","Halt"],"picked":"WheelKick","floor":4},{"not_picked":["Vault","PathToVictory"],"picked":"Tantrum","floor":5},{"not_picked":["Evaluate","PathToVictory"],"picked":"BowlingBash","floor":5},{"not_picked":["SandsOfTime","Wish"],"picked":"EmptyFist","floor":6},{"not_picked":["PathToVictory","SignatureMove"],"picked":"Consecrate","floor":7},{"not_picked":["BowlingBash","EmptyBody"],"picked":"FlurryOfBlows","floor":7},{"not_picked":["Perseverance","Conclude"],"picked":"Protect","floor":8},{"not_picked":["SashWhip","EmptyFist"],"picked":"LikeWater","floor":10},{"not_picked":["Protect","FollowUp"],"picked":"Crescendo","floor":10},{"not_picked":["FlurryOfBlows","FlyingSleeves"],"picked":"FearNoEvil","floor":13},{"not_picked":["SandsOfTime","FlurryOfBlows"],"picked":"Indignation","floor":13},{"not_picked":["FearNoEvil","Collect"],"picked":"CarveReality","floor":14},{"not_picked":["Alpha","Establishment"],"picked":"Omniscience","floor":16},{"not_picked":["Halt","Tantrum"],"picked":"EmptyBody","floor":18},{"not_picked":["Protect","CrushJoints"],"picked":"InnerPeace","floor":18},{"not_picked":["CrushJoints","EmptyFist"],"picked":"WheelKick","floor":22},{"not_picked":["CrushJoints","JustLucky"],"picked":"ReachHeaven","floor":22},{"not_picked":["Evaluate","JustLucky"],"picked":"Vengeance+1","floor":24},{"not_picked":["CrushJoints","EmptyBody"],"picked":"TalkToTheHand","floor":27},{"not_picked":["Halt+1","ThirdEye","Consecrate"],"picked":"SKIP","floor":27},{"not_picked":["Crescendo","SashWhip"],"picked":"FearNoEvil+1","floor":29},{"not_picked":["FlurryOfBlows+1","InnerPeace","Prostrate"],"picked":"SKIP","floor":29},{"not_picked":["FollowUp","FlurryOfBlows"],"picked":"Meditate+1","floor":30},{"not_picked":["Protect","PathToVictory","Conclude"],"picked":"SKIP","floor":30},{"not_picked":["Brilliance","CutThroughFate","Sanctity"],"picked":"SKIP","floor":31},{"not_picked":["Halt","CutThroughFate","FollowUp"],"picked":"SKIP","floor":31}],"player_experience":1507581,"relics_obtained":[{"floor":6,"key":"Bird Faced Urn"},{"floor":8,"key":"Dead Branch"},{"floor":9,"key":"Ice Cream"},{"floor":14,"key":"Blue Candle"},{"floor":24,"key":"The Courier"},{"floor":26,"key":"Nunchaku"}],"event_choices":[{"cards_removed":["Strike_P"],"damage_healed":0,"gold_gain":0,"player_choice":"Card Removal","damage_taken":7,"max_hp_gain":0,"max_hp_loss":0,"event_name":"Golden Wing","floor":2,"gold_loss":0},{"damage_healed":0,"gold_gain":0,"player_choice":"Success","damage_taken":7,"relics_obtained":["Prayer Wheel"],"max_hp_gain":0,"max_hp_loss":0,"event_name":"Scrap Ooze","floor":3,"gold_loss":0},{"cards_removed":["Strike_P"],"damage_healed":0,"gold_gain":0,"player_choice":"Gave Gold","damage_taken":0,"max_hp_gain":0,"max_hp_loss":0,"event_name":"Beggar","floor":19,"gold_loss":75},{"cards_removed":["Strike_P"],"damage_healed":0,"gold_gain":0,"player_choice":"Elegance","damage_taken":0,"max_hp_gain":0,"max_hp_loss":0,"event_name":"Back to Basics","floor":20,"gold_loss":0},{"damage_healed":0,"gold_gain":0,"player_choice":"Damaged","damage_taken":7,"max_hp_gain":0,"max_hp_loss":0,"event_name":"Wheel of Change","floor":28,"gold_loss":0}],"is_beta":false,"boss_relics":[{"not_picked":["Sozu","SlaversCollar"],"picked":"Runic Pyramid"}],"items_purged_floors":[21],"is_endless":false,"potions_floor_spawned":[5,8,10,16,18,27,29,31],"killed_by":"Automaton","ascension_level":3}}