{"host":"ul3z8ex5o8l5j7mh","time":1612695425,"event":{"mods":["AchievementEnabler","BaseMod","Colored Map","Colored Powertips","DeckTracker","Minty Spire (QoL Compilation)","SuperFastMode"],"gold_per_floor":[113,113,133,153,153,153,169,179,179,206,219,232,246,256,256,256,256],"floor_reached":16,"language":"ENG","playtime":616,"items_purged":[],"score":124,"play_id":"568a1d9c-f766-40d8-9ccd-9840bcb8aaec","local_time":"20210207115705","is_ascension_mode":true,"campfire_choices":[{"data":"Cleave","floor":6.0,"key":"SMITH"},{"floor":15.0,"key":"REST"}],"circlet_count":0,"master_deck":["Strike_R","Strike_R","Strike_R","Strike_R","Strike_R","Defend_R","Defend_R","Defend_R","Bash","CurseOfTheBell","Clash","Cleave+1","Fire Breathing+1","Armaments","Twin Strike","Cleave","Pommel Strike","Iron Wave","Impervious","Armaments"],"relics":["Calling Bell","Pen Nib","Blue Candle","Incense Burner","Paper Frog","Matryoshka"],"acts_visited":["Exordium"],"potions_floor_usage":[16,16],"damage_taken":[{"damage":0.0,"enemies":"Small Slimes","floor":1.0,"turns":3.0},{"damage":0.0,"enemies":"Cultist","floor":3.0,"turns":2.0},{"damage":0.0,"enemies":"2 Louse","floor":4.0,"turns":2.0},{"damage":14.0,"enemies":"Red Slaver","floor":7.0,"turns":2.0},{"damage":0.0,"enemies":"3 Louse","floor":8.0,"turns":2.0},{"damage":35.0,"enemies":"Lagavulin","floor":10.0,"turns":4.0},{"damage":11.0,"enemies":"Looter","floor":11.0,"turns":4.0},{"damage":3.0,"enemies":"Blue Slaver","floor":12.0,"turns":2.0},{"damage":12.0,"enemies":"Exordium Wildlife","floor":13.0,"turns":3.0},{"damage":0.0,"enemies":"Lots of Slimes","floor":14.0,"turns":1.0},{"damage":30,"enemies":"Hexaghost","floor":16,"turns":9}],"seed_played":"4094655683482082607","potions_obtained":[{"floor":3.0,"key":"Explosive Potion"},{"floor":4.0,"key":"ColorlessPotion"},{"floor":7.0,"key":"LiquidMemories"},{"floor":12.0,"key":"Ancient Potion"},{"floor":14.0,"key":"Weak Potion"}],"is_trial":false,"path_per_floor":["M","?","M","M","?","R","M","M","T","E","M","M","M","M","R","B"],"character_chosen":"IRONCLAD","items_purchased":[],"campfire_rested":1,"item_purchase_floors":[],"current_hp_per_floor":[80,80,80,80,80,80,66,66,66,31,20,17,5,5,29,0,0],"gold":256,"neow_bonus":"BOSS_RELIC","is_daily":false,"chose_seed":false,"campfire_upgraded":1,"win_rate":0.0,"timestamp":1612695425,"path_taken":["M","?","?","M","?","R","M","M","T","E","M","M","M","M","R","BOSS"],"items_purchased_type":[],"build_version":"2020-12-22","purchased_purges":0,"victory":false,"max_hp_per_floor":[80,80,80,80,80,80,80,80,80,80,80,80,80,80,80,80,80],"card_choices":[{"not_picked":["Second Wind","Power Through"],"picked":"Clash","floor":1.0},{"not_picked":["Wild Strike","Shrug It Off"],"picked":"Cleave","floor":3.0},{"not_picked":["Spot Weakness","Battle Trance"],"picked":"Fire Breathing","floor":4.0},{"not_picked":["Offering","Clothesline"],"picked":"Armaments","floor":7.0},{"not_picked":["Disarm","Iron Wave"],"picked":"Twin Strike","floor":8.0},{"not_picked":["Hemokinesis","Intimidate"],"picked":"Cleave","floor":10.0},{"not_picked":["Cleave","True Grit"],"picked":"Pommel Strike","floor":11.0},{"not_picked":["Perfected Strike","Entrench"],"picked":"Iron Wave","floor":12.0},{"not_picked":["Wild Strike","Burning Pact"],"picked":"Impervious","floor":13.0},{"not_picked":["Heavy Blade","Cleave"],"picked":"Armaments","floor":14.0}],"player_experience":321787,"relics_obtained":[{"floor":0.0,"key":"Pen Nib"},{"floor":0.0,"key":"Blue Candle"},{"floor":0.0,"key":"Incense Burner"},{"floor":9.0,"key":"Paper Frog"},{"floor":10.0,"key":"Matryoshka"}],"event_choices":[{"cards_removed":["Defend_R"],"damage_healed":0.0,"max_hp_gain":0.0,"max_hp_loss":0.0,"gold_gain":0.0,"event_name":"Purifier","player_choice":"Purged","floor":2.0,"gold_loss":0.0,"damage_taken":0.0},{"damage_healed":0.0,"max_hp_gain":0.0,"max_hp_loss":0.0,"gold_gain":0.0,"event_name":"Living Wall","player_choice":"Grow","floor":5.0,"gold_loss":0.0,"damage_taken":0.0,"cards_upgraded":["Fire Breathing"]}],"is_beta":false,"boss_relics":[],"items_purged_floors":[],"is_endless":false,"potions_floor_spawned":[3,4,7,12,14],"killed_by":"Hexaghost","ascension_level":3}}