{"host":"c0rqchpxu0yjpthq","time":1612711691,"event":{"mods":["Arknights","BaseMod","Challenge The Spire","HololiveMod","Minty Spire (QoL Compilation)","Relic Stats","Spicy Shops","StSLib"],"gold_per_floor":[368,378,42,55,55,84,7,7,30,30,73,89,89,110,110,231,231,247,247,221,244,260,260,293,293,293,293,293,312,327,228,228,357,357,370,370,395,395,458,458,496,496,520,553,30,130,130,149,149,149,149,149,0,40,40,40],"floor_reached":55,"language":"ZHS","playtime":3380,"items_purged":["Decay","Injury"],"score":864,"play_id":"fdad1584-0b1c-45e0-8a29-56e57300ceae","local_time":"20210207232811","is_ascension_mode":true,"campfire_choices":[{"data":"Metallicize","floor":8.0,"key":"SMITH"},{"floor":15.0,"key":"REST"},{"floor":23.0,"key":"REST"},{"data":"Feel No Pain","floor":28.0,"key":"SMITH"},{"data":"Metallicize","floor":32.0,"key":"SMITH"},{"floor":40.0,"key":"REST"},{"floor":42.0,"key":"DIG"},{"floor":47.0,"key":"RECALL"},{"floor":49,"key":"DIG"},{"floor":52,"key":"DIG"}],"circlet_count":0,"master_deck":["Defend_R","Defend_R+1","Defend_R","Defend_R+1","Metallicize+1","Metallicize","Seeing Red","Searing Blow","Metallicize+1","Feel No Pain+1","Shrug It Off+1","Bite","Bite","Bite+1","Bite","Bite+1","Body Slam+1","Evolve+1","Offering","Rage+1","Rage"],"relics":["Burning Blood","Membership Card","Medical Kit","Bag of Marbles","TheAbacus","Golden Idol","War Paint","StoneCalendar","SlaversCollar","Pen Nib","Pear","Mark of Pain","Girya","Shovel","Whetstone","Happy Flower","MealTicket","Mercury Hourglass","TungstenRod","Strawberry","Lantern","ClockworkSouvenir","HornCleat","InkBottle","Shuriken","Kunai"],"acts_visited":["Exordium","TheCity","TheBeyond","TheEnding"],"potions_floor_usage":[48,48,50,55],"damage_taken":[{"damage":22.0,"enemies":"Small Slimes","floor":1.0,"turns":5.0},{"damage":7.0,"enemies":"Cultist","floor":2.0,"turns":4.0},{"damage":0.0,"enemies":"Jaw Worm","floor":4.0,"turns":5.0},{"damage":43.0,"enemies":"Gremlin Nob","floor":6.0,"turns":6.0},{"damage":0.0,"enemies":"3 Sentries","floor":11.0,"turns":13.0},{"damage":1.0,"enemies":"Blue Slaver","floor":12.0,"turns":6.0},{"damage":12.0,"enemies":"Exordium Wildlife","floor":14.0,"turns":7.0},{"damage":53.0,"enemies":"Hexaghost","floor":16.0,"turns":18.0},{"damage":12.0,"enemies":"Chosen","floor":18.0,"turns":7.0},{"damage":35.0,"enemies":"2 Thieves","floor":20.0,"turns":5.0},{"damage":18.0,"enemies":"Snake Plant","floor":21.0,"turns":7.0},{"damage":41.0,"enemies":"Cultist and Chosen","floor":22.0,"turns":7.0},{"damage":35.0,"enemies":"Slavers","floor":24.0,"turns":7.0},{"damage":12.0,"enemies":"Sentry and Sphere","floor":29.0,"turns":10.0},{"damage":0.0,"enemies":"Chosen and Byrds","floor":30.0,"turns":11.0},{"damage":54.0,"enemies":"Collector","floor":33.0,"turns":16.0},{"damage":6.0,"enemies":"Orb Walker","floor":35.0,"turns":4.0},{"damage":31.0,"enemies":"3 Darklings","floor":37.0,"turns":6.0},{"damage":65.0,"enemies":"2 Orb Walkers","floor":39.0,"turns":7.0},{"damage":27.0,"enemies":"Nemesis","floor":41.0,"turns":7.0},{"damage":72.0,"enemies":"Reptomancer","floor":44.0,"turns":10.0},{"damage":40,"enemies":"Writhing Mass","floor":48,"turns":7},{"damage":54,"enemies":"Awakened One","floor":50,"turns":25},{"damage":50,"enemies":"Shield and Spear","floor":54,"turns":9},{"damage":110,"enemies":"The Heart","floor":55,"turns":12}],"seed_played":"-1174849081828706074","potions_obtained":[{"floor":1.0,"key":"PowerPotion"},{"floor":6.0,"key":"DuplicationPotion"},{"floor":21.0,"key":"DuplicationPotion"},{"floor":29.0,"key":"Strength Potion"},{"floor":30.0,"key":"SteroidPotion"},{"floor":37.0,"key":"SteroidPotion"},{"floor":39.0,"key":"SpeedPotion"},{"floor":41.0,"key":"GamblersBrew"},{"floor":48,"key":"Energy Potion"}],"is_trial":false,"path_per_floor":["M","M","$","M","?","E","$","R","T","?","E","M","?","M","R","B",null,"M","?","M","M","M","R","E","?","T","?","R","M","M","$","R","B",null,"M","?","M","?","?","R","E","R","T","E","$","?","R","M","R","B",null,"R","$","E","B"],"character_chosen":"IRONCLAD","items_purchased":["Membership Card","Medical Kit","Metallicize","Seeing Red","TheAbacus","HeartOfIron","Mercury Hourglass","TungstenRod","Strawberry","Lantern","ClockworkSouvenir","Fire Potion","Fire Potion","Shuriken","Explosive Potion"],"campfire_rested":3,"item_purchase_floors":[3,3,3,3,7,31,45,45,45,45,45,45,45,53,53],"current_hp_per_floor":[64,63,63,69,69,32,32,32,32,32,38,43,40,34,58,11,80,74,74,52,44,17,41,24,24,34,34,34,54,66,66,66,66,66,66,66,53,53,20,39,50,50,50,38,60,60,60,61,61,73,73,73,73,67,0,0],"gold":40,"neow_bonus":"TWO_FIFTY_GOLD","is_daily":false,"chose_seed":false,"campfire_upgraded":3,"win_rate":0.0,"timestamp":1612711691,"path_taken":["M","M","$","M","?","E","?","R","T","?","E","?","?","M","R","BOSS","M","?","?","M","M","R","E","?","T","?","R","M","M","$","R","BOSS","M","?","M","?","?","R","E","R","T","E","$","?","R","M","R","BOSS","R","$","E","BOSS"],"items_purchased_type":["Relic","Relic","Card","Card","Relic","Potion","Relic","Relic","Relic","Relic","Relic","Potion","Potion","Relic","Potion"],"build_version":"2020-12-22","purchased_purges":2,"victory":false,"max_hp_per_floor":[80,80,80,80,80,80,80,80,80,80,80,80,80,80,80,80,80,80,80,80,80,80,80,80,56,66,66,66,66,66,66,66,66,66,66,66,66,66,66,66,66,66,66,66,73,73,73,73,73,73,73,73,73,73,73,73],"relic_stats":{"Happy Flower":[21],"counters":[25,221],"Golden Idol":168,"StoneCalendar":[692],"Pen Nib":[27],"Whetstone":["Bite","Bite"],"War Paint":["Defend_R","Defend_R"],"Medical Kit":[89],"Burning Blood":124,"Mercury Hourglass":[174],"TheAbacus":[426],"Shovel":3,"Shuriken":[10],"MealTicket":15,"Kunai":[5],"obtain_stats":[{"Lantern":45,"StoneCalendar":13,"Whetstone":42,"Burning Blood":0,"ClockworkSouvenir":45,"TheAbacus":7,"Shovel":41,"HornCleat":49,"Strawberry":45,"MealTicket":44,"Kunai":54,"InkBottle":52,"Girya":39,"Pear":26,"Happy Flower":43,"Golden Idol":10,"Pen Nib":24,"War Paint":11,"Medical Kit":3,"Mercury Hourglass":45,"SlaversCollar":17,"Shuriken":53,"Mark of Pain":34,"Bag of Marbles":6,"Membership Card":3,"TungstenRod":45},{"Lantern":21,"StoneCalendar":6,"Whetstone":20,"Burning Blood":0,"ClockworkSouvenir":21,"TheAbacus":4,"Shovel":20,"HornCleat":22,"Strawberry":21,"MealTicket":21,"Kunai":24,"InkBottle":23,"Girya":19,"Pear":13,"Happy Flower":20,"Golden Idol":4,"Pen Nib":13,"War Paint":5,"Medical Kit":2,"Mercury Hourglass":21,"SlaversCollar":8,"Shuriken":23,"Mark of Pain":16,"Bag of Marbles":4,"Membership Card":2,"TungstenRod":21},{"Lantern":168,"StoneCalendar":39,"Whetstone":158,"Burning Blood":0,"ClockworkSouvenir":168,"TheAbacus":20,"Shovel":158,"HornCleat":175,"Strawberry":168,"MealTicket":168,"Kunai":209,"InkBottle":200,"Girya":151,"Pear":97,"Happy Flower":158,"Golden Idol":20,"Pen Nib":97,"War Paint":33,"Medical Kit":9,"Mercury Hourglass":168,"SlaversCollar":64,"Shuriken":200,"Mark of Pain":134,"Bag of Marbles":20,"Membership Card":9,"TungstenRod":168}],"TungstenRod":55,"InkBottle":[13]},"card_choices":[{"not_picked":["Disarm","Wild Strike","Sword Boomerang"],"picked":"SKIP","floor":1.0},{"not_picked":["Iron Wave","Thunderclap"],"picked":"Metallicize","floor":2.0},{"not_picked":["Anger","Clothesline","Clash"],"picked":"SKIP","floor":4.0},{"not_picked":["Flame Barrier","Wild Strike"],"picked":"Metallicize","floor":6.0},{"not_picked":["Intimidate","Ghostly Armor","Power Through"],"picked":"SKIP","floor":11.0},{"not_picked":["Bludgeon","Combust","Pummel"],"picked":"SKIP","floor":12.0},{"not_picked":["Flex","Anger","Infernal Blade"],"picked":"SKIP","floor":14.0},{"not_picked":["Immolate","Limit Break"],"picked":"Reaper","floor":16.0},{"not_picked":["Flex","Rupture+1","Perfected Strike"],"picked":"SKIP","floor":18.0},{"not_picked":["Anger+1","Whirlwind","Wild Strike"],"picked":"SKIP","floor":20.0},{"not_picked":["Power Through","Shrug It Off","Wild Strike"],"picked":"SKIP","floor":21.0},{"not_picked":["Rupture+1","Flex","Pommel Strike"],"picked":"SKIP","floor":22.0},{"not_picked":["Berserk","Warcry"],"picked":"Shrug It Off+1","floor":24.0},{"not_picked":["Thunderclap+1","Metallicize+1"],"picked":"Body Slam+1","floor":29.0},{"not_picked":["Bloodletting+1","Thunderclap"],"picked":"Evolve+1","floor":30.0},{"not_picked":["Feed","Fiend Fire"],"picked":"Offering","floor":33.0},{"not_picked":["Anger+1","Flex","Searing Blow"],"picked":"SKIP","floor":35.0},{"not_picked":["Evolve+1","Iron Wave","Combust"],"picked":"SKIP","floor":37.0},{"not_picked":["Warcry","Flex"],"picked":"Rage+1","floor":39.0},{"not_picked":["Evolve","True Grit+1","Bludgeon"],"picked":"SKIP","floor":41.0},{"not_picked":["Feel No Pain+1","True Grit","Body Slam"],"picked":"SKIP","floor":44.0},{"not_picked":["Warcry+1","Bloodletting+1"],"picked":"Rage","floor":48},{"not_picked":["Whirlwind","Second Wind+1","Sever Soul"],"picked":"SKIP","floor":54}],"player_experience":45052,"relics_obtained":[{"floor":6.0,"key":"Bag of Marbles"},{"floor":11.0,"key":"War Paint"},{"floor":24.0,"key":"Pen Nib"},{"floor":26.0,"key":"Pear"},{"floor":39.0,"key":"Girya"},{"floor":41.0,"key":"Shovel"},{"floor":42.0,"key":"Whetstone"},{"floor":43.0,"key":"Happy Flower"},{"floor":44.0,"key":"MealTicket"},{"floor":49,"key":"HornCleat"},{"floor":52,"key":"InkBottle"},{"floor":54,"key":"Kunai"}],"event_choices":[{"damage_healed":0.0,"max_hp_gain":0.0,"max_hp_loss":0.0,"gold_gain":0.0,"cards_transformed":["Bash"],"event_name":"Transmorgrifier","player_choice":"Transformed","floor":5.0,"gold_loss":0.0,"damage_taken":0.0,"cards_obtained":["Searing Blow"]},{"damage_healed":0.0,"max_hp_gain":0.0,"max_hp_loss":0.0,"gold_gain":0.0,"event_name":"Golden Idol","player_choice":"Take Wound","floor":10.0,"gold_loss":0.0,"damage_taken":0.0,"relics_obtained":["Golden Idol"],"cards_obtained":["Injury"]},{"damage_healed":0.0,"max_hp_gain":0.0,"max_hp_loss":0.0,"gold_gain":0.0,"event_name":"Scrap Ooze","player_choice":"Success","floor":13.0,"gold_loss":0.0,"damage_taken":3.0,"relics_obtained":["StoneCalendar"]},{"damage_healed":0.0,"max_hp_gain":0.0,"max_hp_loss":0.0,"gold_gain":0.0,"event_name":"Match and Keep!","player_choice":"1 cards matched","floor":19.0,"gold_loss":0.0,"damage_taken":0.0,"cards_obtained":["Feel No Pain"]},{"damage_healed":0.0,"max_hp_gain":0.0,"max_hp_loss":24.0,"gold_gain":0.0,"event_name":"Vampires","player_choice":"Became a vampire","floor":25.0,"gold_loss":0.0,"damage_taken":0.0,"cards_obtained":["Bite","Bite","Bite","Bite","Bite"]},{"damage_healed":0.0,"max_hp_gain":0.0,"max_hp_loss":0.0,"gold_gain":0.0,"event_name":"Beggar","player_choice":"Ignored","floor":27.0,"gold_loss":0.0,"damage_taken":0.0},{"cards_removed":["Reaper"],"damage_healed":0.0,"max_hp_gain":0.0,"max_hp_loss":0.0,"gold_gain":0.0,"event_name":"Falling","player_choice":"Removed Attack","floor":36.0,"gold_loss":0.0,"damage_taken":0.0},{"damage_healed":0.0,"max_hp_gain":0.0,"max_hp_loss":0.0,"gold_gain":0.0,"event_name":"Tomb of Lord Red Mask","player_choice":"Ignored","floor":38.0,"gold_loss":0.0,"damage_taken":0.0},{"damage_healed":0.0,"max_hp_gain":0.0,"max_hp_loss":0.0,"gold_gain":0.0,"event_name":"Mysterious Sphere","player_choice":"Fight","floor":39.0,"gold_loss":0.0,"damage_taken":0.0},{"damage_healed":0.0,"max_hp_gain":0.0,"max_hp_loss":0.0,"gold_gain":100.0,"event_name":"Golden Shrine","player_choice":"Pray","floor":46.0,"gold_loss":0.0,"damage_taken":0.0}],"is_beta":false,"boss_relics":[{"not_picked":["Runic Cube","Velvet Choker"],"picked":"SlaversCollar"},{"not_picked":["Hololive_TopUpMoneyS","Hololive_Finger"],"picked":"Mark of Pain"}],"items_purged_floors":[3,31],"is_endless":false,"potions_floor_spawned":[1,6,21,29,30,37,39,41,48],"killed_by":"The Heart","ascension_level":1}}