{"host":"fm07bgoywky6j0vh","time":1612708172,"event":{"mods":["Alarm Clock","BaseMod","Minty Spire (QoL Compilation)","Replay The Spire","StSLib"],"gold_per_floor":[117,117,117,136,154,154,184,228,304,331,331,75,75,101,101,200,200,217,217,235,255,255,290,300,59,129,129,145,145,174,174,174,276,276,294,345,620,637,94,122,122,132,155,155,187,206,206,238,238,238],"floor_reached":51,"language":"KOR","playtime":2239,"items_purged":["Regret"],"score":980,"play_id":"eb91d555-ae4b-4ede-aa49-afca13ed6931","local_time":"20210207232932","is_ascension_mode":true,"campfire_choices":[{"data":"Neutralize","floor":6.0,"key":"SMITH"},{"floor":11.0,"key":"REST"},{"floor":13.0,"key":"REST"},{"data":"Envenom","floor":15.0,"key":"SMITH"},{"data":"Cloak And Dagger","floor":27.0,"key":"SMITH"},{"data":"Cloak And Dagger","floor":29.0,"key":"SMITH"},{"data":"Cloak And Dagger","floor":32.0,"key":"SMITH"},{"data":"Cloak And Dagger","floor":41.0,"key":"SMITH"},{"data":"Dagger Spray","floor":49.0,"key":"SMITH"}],"circlet_count":0,"master_deck":["Strike_G+1","Strike_G","Strike_G","Defend_G","Defend_G","Defend_G","Defend_G","Defend_G","Survivor","Neutralize+1","Neutralize+1","Dagger Spray+1","Endless Agony","Envenom+1","Poisoned Stab+1","Poisoned Stab+1","Cloak And Dagger+1","Cloak And Dagger+1","Cloak And Dagger+1","RitualDagger","Adrenaline","Backstab","Cloak And Dagger+1","Adrenaline"],"relics":["Ring of the Snake","Pen Nib","Quantum Egg","Garlic","StoneCalendar","Ninja Scroll","Ornamental Fan","Replay:Bronze Core","WarpedTongs","ReplayTheSpireMod:Lightbulb","Replay:Bottled Snecko","Paper Crane","Eternal Feather","WristBlade","WingedGreaves","Orichalcum","Medical Kit","Bag of Preparation","Centennial Puzzle","ReplayTheSpireMod:TigerMarble","Whetstone","ReplayFunnel"],"acts_visited":["Exordium","TheCity","TheBeyond"],"potions_floor_usage":[50,50,50],"damage_taken":[{"damage":3.0,"enemies":"Jaw Worm","floor":1.0,"turns":4.0},{"damage":0.0,"enemies":"Small Slimes","floor":4.0,"turns":6.0},{"damage":0.0,"enemies":"Cultist","floor":5.0,"turns":4.0},{"damage":30.0,"enemies":"3 Sentries","floor":7.0,"turns":16.0},{"damage":11.0,"enemies":"Lagavulin","floor":10.0,"turns":7.0},{"damage":5.0,"enemies":"3 Sentries","floor":14.0,"turns":7.0},{"damage":2.0,"enemies":"Fading Forest","floor":16.0,"turns":11.0},{"damage":0.0,"enemies":"Chosen","floor":18.0,"turns":3.0},{"damage":8.0,"enemies":"Spheric Guardian","floor":20.0,"turns":4.0},{"damage":4.0,"enemies":"3 Cultists","floor":21.0,"turns":4.0},{"damage":6.0,"enemies":"Book of Stabbing","floor":23.0,"turns":5.0},{"damage":0.0,"enemies":"Cultist and Chosen","floor":24.0,"turns":4.0},{"damage":0.0,"enemies":"Snecko","floor":28.0,"turns":3.0},{"damage":0.0,"enemies":"Slavers","floor":30.0,"turns":5.0},{"damage":28.0,"enemies":"Automaton","floor":33.0,"turns":7.0},{"damage":11.0,"enemies":"3 Shapes","floor":35.0,"turns":2.0},{"damage":3.0,"enemies":"2 Orb Walkers","floor":36.0,"turns":4.0},{"damage":0.0,"enemies":"Orb Walker","floor":38.0,"turns":1.0},{"damage":9.0,"enemies":"R_Hoarder","floor":40.0,"turns":5.0},{"damage":0.0,"enemies":"Sphere and 2 Shapes","floor":42.0,"turns":3.0},{"damage":4.0,"enemies":"Reptomancer","floor":45.0,"turns":4.0},{"damage":2.0,"enemies":"Transient","floor":46.0,"turns":5.0},{"damage":7.0,"enemies":"R_Hoarder","floor":48.0,"turns":4.0},{"damage":0,"enemies":"Donu and Deca","floor":50,"turns":7}],"seed_played":"-2482959876651619646","potions_obtained":[{"floor":5.0,"key":"Strength Potion"},{"floor":7.0,"key":"ColorlessPotion"},{"floor":8.0,"key":"LiquidBronze"},{"floor":10.0,"key":"Milkshake"},{"floor":21.0,"key":"SteroidPotion"},{"floor":23.0,"key":"Adrenaline Potion"},{"floor":24.0,"key":"CunningPotion"},{"floor":30.0,"key":"DistilledChaos"},{"floor":35.0,"key":"Weak Potion"},{"floor":42.0,"key":"Cursed Concoction"},{"floor":46.0,"key":"FearPotion"}],"is_trial":false,"path_per_floor":["M","?","?","M","M","R","E","?","T","E","R","$","R","E","R","B",null,"M","?","M","M","?","E","M","$","T","R","M","R","E","?","R","B",null,"M","?","?","M","$","E","R","M","T","?","E","M","?","E","R","B",null],"character_chosen":"THE_SILENT","items_purchased":["Ninja Scroll","Replay:Bottled Snecko","Orichalcum","Medical Kit","Bag of Preparation"],"campfire_rested":2,"item_purchase_floors":[12,25,39,39,39],"current_hp_per_floor":[67,60,60,60,60,60,30,13,13,2,23,23,44,39,39,37,70,70,70,62,58,58,52,52,52,52,52,52,52,52,46,58,30,70,59,56,56,56,56,47,59,59,59,59,55,53,53,46,58,58],"gold":238,"neow_bonus":"UPGRADE_CARD","is_daily":false,"chose_seed":false,"campfire_upgraded":7,"win_rate":0.0,"timestamp":1612708172,"path_taken":["M","?","?","?","M","R","E","?","T","E","R","?","R","E","R","BOSS","M","?","M","?","?","E","M","$","T","R","M","R","E","?","R","BOSS","M","?","?","?","$","E","R","M","T","?","E","?","?","E","R","BOSS"],"items_purchased_type":["Relic","Relic","Relic","Relic","Relic"],"build_version":"2020-12-22","purchased_purges":1,"victory":true,"max_hp_per_floor":[70,70,70,70,70,70,70,70,70,70,70,70,70,70,70,70,70,70,70,70,70,70,70,70,70,70,70,70,70,70,70,70,70,70,70,70,70,70,70,70,70,70,70,70,70,70,70,70,70,70],"card_choices":[{"not_picked":["Underhanded Strike","Deflect","Deadly Poison"],"picked":"SKIP","floor":1.0},{"not_picked":["Backflip","ReplayTheSpireMod:Tripwire","Flying Knee"],"picked":"SKIP","floor":4.0},{"not_picked":["Dagger Throw","Quick Slash","Reflex"],"picked":"SKIP","floor":5.0},{"not_picked":["Slice","ReplayTheSpireMod:Tripwire"],"picked":"Dagger Spray","floor":7.0},{"not_picked":["Catalyst","Eviscerate"],"picked":"Endless Agony","floor":8.0},{"not_picked":["Hidden Blade","Riddle With Holes"],"picked":"Envenom","floor":10.0},{"not_picked":["Outmaneuver","Hidden Blade"],"picked":"Poisoned Stab","floor":14.0},{"not_picked":["Slice","Quick Slash"],"picked":"Poisoned Stab+1","floor":18.0},{"not_picked":["Slice","Finisher+1"],"picked":"Cloak And Dagger","floor":20.0},{"not_picked":["Flying Knee","Predator+1"],"picked":"Cloak And Dagger","floor":21.0},{"not_picked":["Slice","Expertise","Unload"],"picked":"SKIP","floor":23.0},{"not_picked":["Sucker Punch+1","Flying Knee","Underhanded Strike+1"],"picked":"SKIP","floor":24.0},{"not_picked":["Bane","Blade Dance"],"picked":"Cloak And Dagger","floor":28.0},{"not_picked":["Backflip+1","Sucker Punch","Accuracy"],"picked":"SKIP","floor":30.0},{"not_picked":["Burst","Wraith Form v2"],"picked":"Adrenaline","floor":33.0},{"not_picked":["Outmaneuver+1","Acrobatics","Bane"],"picked":"SKIP","floor":35.0},{"not_picked":["Calculated Gamble+1","Eviscerate"],"picked":"Backstab","floor":36.0},{"not_picked":["ReplayTheSpireMod:Speed Training+1","Predator+1"],"picked":"Cloak And Dagger","floor":38.0},{"not_picked":["Flying Knee","Leg Sweep","Sneak Up"],"picked":"SKIP","floor":40.0},{"not_picked":["Outmaneuver+1","Blade Dance","Deadly Poison"],"picked":"SKIP","floor":42.0},{"not_picked":["Dagger Throw","Blade Dance"],"picked":"Adrenaline","floor":45.0},{"not_picked":["Sucker Punch","Finisher+1","Blade Dance+1"],"picked":"SKIP","floor":46.0},{"not_picked":["Underhanded Strike","Setup+1","Sucker Punch"],"picked":"SKIP","floor":48.0}],"player_experience":232617,"relics_obtained":[{"floor":7.0,"key":"Pen Nib"},{"floor":8.0,"key":"Quantum Egg"},{"floor":9.0,"key":"Garlic"},{"floor":10.0,"key":"StoneCalendar"},{"floor":14.0,"key":"Ornamental Fan"},{"floor":23.0,"key":"ReplayTheSpireMod:Lightbulb"},{"floor":26.0,"key":"Paper Crane"},{"floor":30.0,"key":"Eternal Feather"},{"floor":36.0,"key":"WingedGreaves"},{"floor":40.0,"key":"Centennial Puzzle"},{"floor":43.0,"key":"ReplayTheSpireMod:TigerMarble"},{"floor":45.0,"key":"Whetstone"},{"floor":48.0,"key":"ReplayFunnel"}],"event_choices":[{"cards_removed":["Strike_G"],"damage_healed":0.0,"max_hp_gain":0.0,"max_hp_loss":0.0,"gold_gain":0.0,"event_name":"Golden Wing","player_choice":"Card Removal","floor":2.0,"gold_loss":0.0,"damage_taken":7.0},{"damage_healed":0.0,"max_hp_gain":0.0,"max_hp_loss":0.0,"gold_gain":0.0,"event_name":"Match and Keep!","player_choice":"1 cards matched","floor":3.0,"gold_loss":0.0,"damage_taken":0.0,"cards_obtained":["Neutralize"]},{"damage_healed":0.0,"max_hp_gain":0.0,"max_hp_loss":0.0,"gold_gain":0.0,"event_name":"Accursed Blacksmith","player_choice":"Rummage","floor":19.0,"gold_loss":0.0,"damage_taken":0.0,"relics_obtained":["WarpedTongs"],"cards_obtained":["Pain"]},{"cards_removed":["Pain"],"damage_healed":0.0,"max_hp_gain":0.0,"max_hp_loss":0.0,"gold_gain":0.0,"event_name":"Back to Basics","player_choice":"Elegance","floor":22.0,"gold_loss":0.0,"damage_taken":0.0},{"damage_healed":0.0,"max_hp_gain":0.0,"max_hp_loss":0.0,"gold_gain":0.0,"event_name":"Nest","player_choice":"Joined the Cult","floor":31.0,"gold_loss":0.0,"damage_taken":6.0,"cards_obtained":["RitualDagger"]},{"damage_healed":0.0,"max_hp_gain":0.0,"max_hp_loss":0.0,"gold_gain":0.0,"event_name":"Mysterious Sphere","player_choice":"Fight","floor":36.0,"gold_loss":0.0,"damage_taken":0.0},{"damage_healed":0.0,"max_hp_gain":0.0,"max_hp_loss":0.0,"gold_gain":275.0,"event_name":"Golden Shrine","player_choice":"Desecrate","floor":37.0,"gold_loss":0.0,"damage_taken":0.0,"cards_obtained":["Regret"]},{"cards_removed":["Strike_G"],"damage_healed":0.0,"max_hp_gain":0.0,"max_hp_loss":0.0,"gold_gain":0.0,"event_name":"Purifier","player_choice":"Purged","floor":44.0,"gold_loss":0.0,"damage_taken":0.0},{"damage_healed":0.0,"max_hp_gain":0.0,"max_hp_loss":0.0,"gold_gain":0.0,"event_name":"Lab","player_choice":"Got Potions","floor":47.0,"gold_loss":0.0,"damage_taken":0.0}],"is_beta":false,"boss_relics":[{"not_picked":["Ring of the Serpent","Ectoplasm"],"picked":"Replay:Bronze Core"},{"not_picked":["ReplayTheSpireMod:DimensionalGlitch","SlaversCollar"],"picked":"WristBlade"}],"items_purged_floors":[39],"is_endless":false,"potions_floor_spawned":[5,7,10,21,23,24,30,35,36,42,46],"ascension_level":1}}