{"host":"ttx8tv95o5vka1nm","time":1612669393,"event":{"mods":["AchievementEnabler","BaseMod","Colored Map","Evolution","Infinite Spire","Minty Spire (QoL Compilation)","Relic Filter Mod","Reliquary","Robot Space Explorer","Shop Mod","Spicy Shops","StSLib","The Bug Knight","The Cursed","The Forsaken","The Hierophant","The Runesmith","TheBandit"],"gold_per_floor":[109,124,135,150,225,257,257,49,100,200,228,228,247,262,262,358,358,374,386,386,6,20,48,48,65,65,97,97,97,97,97,97],"floor_reached":30,"language":"ENG","playtime":2843,"items_purged":["Injury"],"score":380,"play_id":"8b40dd57-6a75-429b-8aad-6325ba3e0576","local_time":"20210207134313","is_ascension_mode":false,"campfire_choices":[{"data":"wariomod:MassiveParty","floor":12,"key":"SMITH"},{"floor":15,"key":"REST"},{"floor":24,"key":"REST"},{"floor":29,"key":"REST"}],"circlet_count":0,"master_deck":["wariomod:DoubleDash","wariomod:DoubleDash","wariomod:Strike","wariomod:Strike+1","wariomod:Defend+1","wariomod:Defend+1","wariomod:Defend","wariomod:Defend","wariomod:Step","wariomod:Leap","wariomod:BigUpgrade+1","wariomod:RacingSpeed","wariomod:SmackSlam","wariomod:DisarmingMoves","wariomod:OctoJump","wariomod:MassiveParty+1","wariomod:NullJump+1","wariomod:ThatsNotAll+1","wariomod:BlastDash+1","wariomod:ImFeelingLucky+1","wariomod:Enshrine","wariomod:Purify+1","wariomod:TreasureDig","wariomod:HappyHit+1","wariomod:Smackflip+1","wariomod:Immortalize","wariomod:WipeClean"],"relics":["wariomod:TheHat","EVO:Axolotl","Molten Egg 2","MerchantsRug","Boot","reliquary:Craggleroot","Lee\u0027s Waffle","Shuriken","infinitespire:PuzzleCube","infinitespire:FocusingShard","reliquary:Boomerang"],"acts_visited":["Exordium","TheCity"],"potions_floor_usage":[27],"damage_taken":[{"damage":0,"enemies":"Cultist","floor":1,"turns":3},{"damage":6,"enemies":"Jaw Worm","floor":2,"turns":4},{"damage":0,"enemies":"Small Slimes","floor":3,"turns":2},{"damage":1,"enemies":"Red Slaver","floor":4,"turns":3},{"damage":0,"enemies":"Lagavulin","floor":6,"turns":7},{"damage":0,"enemies":"Gremlin Nob","floor":11,"turns":3},{"damage":0,"enemies":"2 Fungi Beasts","floor":13,"turns":2},{"damage":7,"enemies":"Looter","floor":14,"turns":3},{"damage":0,"enemies":"Slime Boss","floor":16,"turns":6},{"damage":0,"enemies":"Spheric Guardian","floor":18,"turns":3},{"damage":27,"enemies":"2 Thieves","floor":19,"turns":3},{"damage":10,"enemies":"Centurion and Healer","floor":22,"turns":6},{"damage":52,"enemies":"Book of Stabbing","floor":23,"turns":8},{"damage":0,"enemies":"Sentry and Sphere","floor":25,"turns":3},{"damage":56,"enemies":"Slavers","floor":27,"turns":6},{"damage":32,"enemies":"Gremlin Leader","floor":30,"turns":4}],"seed_played":"-2509666329364654946","potions_obtained":[{"floor":1,"key":"Block Potion"},{"floor":2,"key":"Explosive Potion"},{"floor":11,"key":"Explosive Potion"},{"floor":13,"key":"FearPotion"},{"floor":18,"key":"Fire Potion"},{"floor":23,"key":"Block Potion"}],"is_trial":false,"path_per_floor":["M","M","M","M","?","E","?","$","T","?","E","R","M","M","R","B",null,"M","M","?","$","M","E","R","M","T","E","?","R","E"],"character_chosen":"THE_BANDIT","items_purchased":["wariomod:NullJump+1","MerchantsRug","wariomod:ThatsNotAll+1","Lee\u0027s Waffle","wariomod:TreasureDig","Shuriken","wariomod:HappyHit+1"],"campfire_rested":3,"item_purchase_floors":[8,8,8,21,21,21,21],"current_hp_per_floor":[80,74,74,73,62,62,46,46,46,46,46,46,46,39,63,63,80,80,53,38,92,82,30,57,57,57,1,1,28,0,0,0],"gold":97,"neow_bonus":"THREE_CARDS","is_daily":false,"chose_seed":false,"campfire_upgraded":1,"win_rate":0.0,"timestamp":1612669393,"path_taken":["M","M","M","M","?","E","?","$","T","?","E","R","?","M","R","BOSS","M","M","?","$","M","E","R","M","T","E","?","R","E"],"items_purchased_type":["Card","Relic","Card","Relic","Card","Relic","Card"],"build_version":"2020-12-22","purchased_purges":1,"victory":false,"max_hp_per_floor":[80,80,80,80,80,80,80,80,80,80,80,80,80,80,80,80,80,80,80,85,92,92,92,92,92,92,92,92,92,92,92,92],"card_choices":[{"not_picked":["wariomod:SmallSprint","wariomod:ChargeForth"],"picked":"wariomod:BigUpgrade","floor":0},{"not_picked":["wariomod:Hopshield","wariomod:BlastDash"],"picked":"wariomod:RacingSpeed","floor":1},{"not_picked":["wariomod:Bombshield","wariomod:BumRush"],"picked":"wariomod:SmackSlam","floor":2},{"not_picked":["wariomod:BoomBoom","wariomod:SmackSlam"],"picked":"wariomod:DisarmingMoves","floor":3},{"not_picked":["wariomod:Hopshield","wariomod:SimpleShield"],"picked":"wariomod:OctoJump","floor":4},{"not_picked":["wariomod:f+1","wariomod:EndlessBlast+1"],"picked":"wariomod:MassiveParty","floor":6},{"not_picked":["wariomod:Boomsmack+1","wariomod:EmptyMind","wariomod:DoubleDash+1"],"picked":"SKIP","floor":11},{"not_picked":["wariomod:GreaterGuard","wariomod:ThatsNotAll+1"],"picked":"wariomod:BlastDash+1","floor":13},{"not_picked":["wariomod:ChargeForth","wariomod:ForbiddenMagic"],"picked":"wariomod:ImFeelingLucky+1","floor":14},{"not_picked":["wariomod:BoomForm","wariomod:MassiveParty"],"picked":"wariomod:Enshrine","floor":16},{"not_picked":["wariomod:BigUpgrade","wariomod:BodyBlock"],"picked":"wariomod:Purify+1","floor":18},{"not_picked":["wariomod:BlastDash+1","wariomod:GreaterGuard","wariomod:DisarmingMoves"],"picked":"SKIP","floor":19},{"not_picked":["wariomod:Purify","wariomod:TreasureDig"],"picked":"wariomod:Smackflip+1","floor":22},{"not_picked":["wariomod:DeadlyDash+1","wariomod:TempestBlasts"],"picked":"wariomod:Immortalize","floor":23},{"not_picked":["wariomod:ChargeForth","wariomod:PayItForwards","wariomod:SpikeSlash+1"],"picked":"SKIP","floor":25},{"not_picked":["wariomod:DiceyMove","wariomod:EndlessBlast+1"],"picked":"wariomod:WipeClean","floor":27}],"player_experience":794389,"relics_obtained":[{"floor":6,"key":"Molten Egg 2"},{"floor":9,"key":"War Paint"},{"floor":11,"key":"Boot"},{"floor":23,"key":"infinitespire:PuzzleCube"},{"floor":26,"key":"infinitespire:FocusingShard"},{"floor":27,"key":"reliquary:Boomerang"}],"event_choices":[{"damage_healed":0,"gold_gain":75,"player_choice":"Gather Gold","damage_taken":11,"max_hp_gain":0,"max_hp_loss":0,"event_name":"World of Goop","floor":5,"gold_loss":0},{"damage_healed":0,"gold_gain":0,"player_choice":"Entered Light","damage_taken":16,"max_hp_gain":0,"max_hp_loss":0,"event_name":"Shining Light","floor":7,"gold_loss":0,"cards_upgraded":["wariomod:Strike","wariomod:BigUpgrade"]},{"damage_healed":0,"gold_gain":100,"player_choice":"Gold","damage_taken":0,"max_hp_gain":0,"max_hp_loss":0,"event_name":"Wheel of Change","floor":10,"gold_loss":0},{"damage_healed":0,"gold_gain":0,"player_choice":"Shed Blood","damage_taken":20,"max_hp_gain":5,"max_hp_loss":0,"event_name":"Forgotten Altar","floor":20,"gold_loss":0},{"damage_healed":0,"gold_gain":0,"player_choice":"Ignored","damage_taken":0,"max_hp_gain":0,"max_hp_loss":0,"event_name":"NoteForYourself","floor":28,"gold_loss":0}],"is_beta":false,"boss_relics":[{"not_picked":["wariomod:DoomHat","Ectoplasm"],"picked":"reliquary:Craggleroot"}],"items_purged_floors":[21],"is_endless":false,"potions_floor_spawned":[1,2,11,13,18,23],"killed_by":"Gremlin Leader","ascension_level":0}}