{"host":"Bilverbakes","time":1612662658,"event":{"mods":["2.2 Compatiblity","AchievementEnabler","BaseMod","Bestiary","Colored Map","Minty Spire (QoL Compilation)","Relic Stats","StSLib","ojb\u0027s Info Mod"],"gold_per_floor":[113,126,146,17,17,17,51,70,70,70,103,103,103,134,134,211,211,164,191,209,99,109,142,142,158,158,191,106,106,120,147,147,221,221,239,239,159,184,184,203,237,237,237,255,255,255,255,265,265,265,265,265,265,80,109,109],"floor_reached":57,"language":"ENG","playtime":3261,"items_purged":["Normality","Strike_G"],"score":2887,"play_id":"c4d5eae6-9813-426f-85d9-fa5994363c7a","local_time":"20210206195057","is_ascension_mode":true,"campfire_choices":[{"data":"Finisher","floor":6.0,"key":"SMITH"},{"data":"After Image","floor":10.0,"key":"SMITH"},{"floor":12.0,"key":"DIG"},{"floor":15.0,"key":"DIG"},{"floor":24.0,"key":"DIG"},{"floor":29.0,"key":"DIG"},{"floor":32.0,"key":"DIG"},{"floor":42.0,"key":"RECALL"},{"floor":45.0,"key":"DIG"},{"floor":47.0,"key":"DIG"},{"floor":49.0,"key":"DIG"},{"floor":53.0,"key":"DIG"}],"circlet_count":0,"master_deck":["AscendersBane","Strike_G","Strike_G","Strike_G","Defend_G","Defend_G","Defend_G","Defend_G","Survivor","Neutralize","Underhanded Strike","Blade Dance","Finisher+1","After Image+1","Cloak And Dagger+1","After Image","Envenom","Blade Dance+1","Blade Dance+1","Shame","Crippling Poison+1","Acrobatics+1","Well Laid Plans","Terror+1","Masterful Stab","PiercingWail+1","Leg Sweep+1","Clumsy","Accuracy","Blade Dance+1","Flash of Steel","PanicButton+1","Finisher","Acrobatics+1","Writhe","Expertise+1"],"relics":["Ring of the Snake","Prayer Wheel","Shovel","Ornamental Fan","Toxic Egg 2","TungstenRod","Bottled Lightning","Turnip","Cursed Key","Pen Nib","Anchor","MealTicket","Eternal Feather","Paper Crane","Du-Vu Doll","Juzu Bracelet","Bottled Flame","Gremlin Horn","Coffee Dripper","CaptainsWheel","Blood Vial","Incense Burner","Lantern","Boot","Shuriken","Ginger"],"acts_visited":["Exordium","TheCity","TheBeyond","TheEnding"],"potions_floor_usage":[56,56],"damage_taken":[{"damage":0.0,"enemies":"Cultist","floor":1.0,"turns":4.0},{"damage":0.0,"enemies":"2 Louse","floor":2.0,"turns":3.0},{"damage":0.0,"enemies":"Jaw Worm","floor":3.0,"turns":4.0},{"damage":22.0,"enemies":"3 Sentries","floor":7.0,"turns":6.0},{"damage":0.0,"enemies":"2 Fungi Beasts","floor":8.0,"turns":4.0},{"damage":2.0,"enemies":"Lagavulin","floor":11.0,"turns":7.0},{"damage":22.0,"enemies":"Gremlin Nob","floor":14.0,"turns":4.0},{"damage":22.0,"enemies":"Slime Boss","floor":16.0,"turns":19.0},{"damage":9.0,"enemies":"2 Thieves","floor":18.0,"turns":5.0},{"damage":0.0,"enemies":"3 Byrds","floor":20.0,"turns":5.0},{"damage":1.0,"enemies":"Snecko","floor":22.0,"turns":6.0},{"damage":5.0,"enemies":"Book of Stabbing","floor":23.0,"turns":4.0},{"damage":4.0,"enemies":"3 Cultists","floor":25.0,"turns":5.0},{"damage":12.0,"enemies":"Gremlin Leader","floor":27.0,"turns":7.0},{"damage":0.0,"enemies":"Snake Plant","floor":30.0,"turns":4.0},{"damage":0.0,"enemies":"Book of Stabbing","floor":31.0,"turns":4.0},{"damage":36.0,"enemies":"Collector","floor":33.0,"turns":5.0},{"damage":9.0,"enemies":"3 Darklings","floor":35.0,"turns":4.0},{"damage":8.0,"enemies":"Mind Bloom Boss Battle","floor":38.0,"turns":5.0},{"damage":0.0,"enemies":"Orb Walker","floor":40.0,"turns":1.0},{"damage":0.0,"enemies":"Giant Head","floor":41.0,"turns":6.0},{"damage":0.0,"enemies":"3 Darklings","floor":44.0,"turns":2.0},{"damage":0.0,"enemies":"Writhing Mass","floor":48.0,"turns":2.0},{"damage":32.0,"enemies":"Awakened One","floor":50.0,"turns":11.0},{"damage":1.0,"enemies":"Donu and Deca","floor":51.0,"turns":7.0},{"damage":2.0,"enemies":"Shield and Spear","floor":55.0,"turns":8.0},{"damage":30,"enemies":"The Heart","floor":56,"turns":8}],"seed_played":"-6631276432592734560","potions_obtained":[{"floor":1.0,"key":"GamblersBrew"},{"floor":7.0,"key":"GhostInAJar"},{"floor":22.0,"key":"Swift Potion"},{"floor":23.0,"key":"GhostInAJar"},{"floor":27.0,"key":"Fire Potion"},{"floor":38.0,"key":"SpeedPotion"},{"floor":39.0,"key":"FairyPotion"},{"floor":39.0,"key":"PowerPotion"},{"floor":55.0,"key":"Explosive Potion"}],"is_trial":false,"path_per_floor":["M","M","M","$","?","R","E","M","T","R","E","R","?","E","R","B",null,"M","T","M","$","M","E","R","M","T","E","?","R","M","E","R","B",null,"M","?","$","?","?","M","E","R","T","M","R","?","R","M","R","B","B",null,"R","$","E","B",null],"character_chosen":"THE_SILENT","items_purchased":["Strength Potion","Acrobatics+1","Well Laid Plans","Finisher","Ancient Potion"],"campfire_rested":0,"item_purchase_floors":[4,21,21,37,54],"current_hp_per_floor":[59,59,59,59,52,52,30,30,30,30,28,28,66,44,44,22,55,46,46,46,46,45,40,40,36,36,24,24,42,42,42,60,24,56,47,38,53,45,45,45,45,66,66,66,66,66,66,66,66,34,35,58,66,66,64,36],"gold":109,"neow_bonus":"ONE_RARE_RELIC","is_daily":false,"chose_seed":false,"campfire_upgraded":2,"win_rate":0.0,"timestamp":1612662657,"path_taken":["M","M","M","$","?","R","E","M","T","R","E","R","?","E","R","BOSS","M","?","?","$","M","E","R","M","T","E","?","R","M","E","R","BOSS","M","?","$","?","?","M","E","R","T","M","R","?","R","M","R","BOSS","BOSS","R","$","E","BOSS"],"items_purchased_type":["Potion","Card","Card","Card","Potion"],"build_version":"2020-12-18","purchased_purges":2,"victory":true,"max_hp_per_floor":[66,66,66,66,66,66,66,66,66,66,66,66,66,66,66,66,66,66,66,66,66,66,66,66,66,66,66,66,66,66,66,66,66,66,66,66,66,66,66,66,66,66,66,66,66,66,66,66,66,66,66,66,66,66,66,66],"relic_stats":{"Gremlin Horn":[11,11],"counters":[27,150],"Eternal Feather":65,"Pen Nib":[40],"Juzu Bracelet":1,"Ginger":[2],"Cursed Key":3,"Boot":[2],"Blood Vial":4,"Shovel":9,"Ornamental Fan":[488],"Shuriken":[15],"Prayer Wheel":13,"MealTicket":15,"Turnip":[41],"obtain_stats":[{"Lantern":47,"Gremlin Horn":32,"Juzu Bracelet":29,"Incense Burner":45,"Ginger":55,"Cursed Key":17,"Boot":49,"Blood Vial":41,"Shovel":7,"Prayer Wheel":0,"MealTicket":24,"Toxic Egg 2":11,"Ring of the Snake":0,"Eternal Feather":26,"Pen Nib":19,"Paper Crane":27,"Du-Vu Doll":28,"Anchor":23,"Bottled Flame":31,"CaptainsWheel":38,"Ornamental Fan":9,"Shuriken":53,"Turnip":15,"Coffee Dripper":34,"Bottled Lightning":14,"TungstenRod":12},{"Lantern":22,"Gremlin Horn":16,"Juzu Bracelet":14,"Incense Burner":22,"Ginger":26,"Cursed Key":8,"Boot":23,"Blood Vial":21,"Shovel":4,"Prayer Wheel":0,"MealTicket":12,"Toxic Egg 2":6,"Ring of the Snake":0,"Eternal Feather":13,"Pen Nib":9,"Paper Crane":14,"Du-Vu Doll":14,"Anchor":12,"Bottled Flame":16,"CaptainsWheel":19,"Ornamental Fan":5,"Shuriken":25,"Turnip":7,"Coffee Dripper":17,"Bottled Lightning":7,"TungstenRod":6},{"Lantern":114,"Gremlin Horn":91,"Juzu Bracelet":83,"Incense Burner":114,"Ginger":142,"Cursed Key":51,"Boot":116,"Blood Vial":112,"Shovel":17,"Prayer Wheel":0,"MealTicket":71,"Toxic Egg 2":28,"Ring of the Snake":0,"Eternal Feather":76,"Pen Nib":56,"Paper Crane":83,"Du-Vu Doll":83,"Anchor":71,"Bottled Flame":91,"CaptainsWheel":105,"Ornamental Fan":21,"Shuriken":134,"Turnip":32,"Coffee Dripper":96,"Bottled Lightning":32,"TungstenRod":28}],"TungstenRod":37,"Ring of the Snake":[55]},"card_choices":[{"not_picked":["Dagger Spray","Acrobatics"],"picked":"Endless Agony","floor":1.0},{"not_picked":["Escape Plan","Distraction"],"picked":"Underhanded Strike","floor":1.0},{"not_picked":["Flechettes","Dagger Throw"],"picked":"Blade Dance","floor":2.0},{"not_picked":["Flechettes","Slice","Acrobatics"],"picked":"SKIP","floor":2.0},{"not_picked":["Quick Slash","Dagger Throw"],"picked":"Finisher","floor":3.0},{"not_picked":["Setup","Noxious Fumes","Underhanded Strike"],"picked":"SKIP","floor":3.0},{"not_picked":["Deflect","Escape Plan","Prepared"],"picked":"SKIP","floor":7.0},{"not_picked":["Noxious Fumes","Dodge and Roll"],"picked":"After Image","floor":8.0},{"not_picked":["Bane","Flying Knee","Deadly Poison"],"picked":"SKIP","floor":8.0},{"not_picked":["Bouncing Flask+1","Catalyst+1"],"picked":"Cloak And Dagger+1","floor":11.0},{"not_picked":["Blur+1","Concentrate+1"],"picked":"After Image","floor":14.0},{"not_picked":["Wraith Form v2","Bullet Time+1"],"picked":"Envenom","floor":16.0},{"not_picked":["Calculated Gamble+1","Predator"],"picked":"Blade Dance+1","floor":18.0},{"not_picked":["Quick Slash","Deadly Poison+1"],"picked":"Blade Dance+1","floor":18.0},{"not_picked":["Slice","Endless Agony"],"picked":"Crippling Poison+1","floor":20.0},{"not_picked":["Bouncing Flask+1","Deadly Poison+1","Distraction+1"],"picked":"SKIP","floor":20.0},{"not_picked":["Flying Knee","Sucker Punch"],"picked":"Terror+1","floor":22.0},{"not_picked":["Dagger Spray","Sucker Punch","Caltrops"],"picked":"SKIP","floor":22.0},{"not_picked":["Bane","Poisoned Stab"],"picked":"Masterful Stab","floor":23.0},{"not_picked":["Outmaneuver+1","Tactician+1"],"picked":"PiercingWail+1","floor":25.0},{"not_picked":["Underhanded Strike","Predator"],"picked":"Leg Sweep+1","floor":25.0},{"not_picked":["Deflect+1","Tactician+1","Quick Slash"],"picked":"SKIP","floor":27.0},{"not_picked":["Underhanded Strike","Cloak And Dagger+1"],"picked":"Accuracy","floor":30.0},{"not_picked":["Dagger Throw","Poisoned Stab","Bouncing Flask+1"],"picked":"SKIP","floor":30.0},{"not_picked":["PiercingWail+1","Doppelganger+1"],"picked":"Blade Dance+1","floor":31.0},{"not_picked":["Masterful Stab","Terror+1","PiercingWail+1"],"picked":"SKIP","floor":35.0},{"not_picked":["Predator","Sucker Punch","Skewer+1"],"picked":"SKIP","floor":35.0},{"not_picked":["Madness+1","Dramatic Entrance"],"picked":"Flash of Steel","floor":36.0},{"not_picked":["Madness+1","The Bomb+1"],"picked":"PanicButton+1","floor":36.0},{"not_picked":["Endless Agony","Blade Dance+1"],"picked":"Acrobatics+1","floor":38.0},{"not_picked":["All Out Attack","Reflex+1","Flying Knee"],"picked":"SKIP","floor":40.0},{"not_picked":["Quick Slash+1","Underhanded Strike","Poisoned Stab"],"picked":"SKIP","floor":40.0},{"not_picked":["Sucker Punch","Cloak And Dagger+1","Concentrate+1"],"picked":"SKIP","floor":41.0},{"not_picked":["Concentrate+1","Bane+1","Acrobatics+1"],"picked":"SKIP","floor":44.0},{"not_picked":["Tactician+1","Noxious Fumes","Prepared+1"],"picked":"SKIP","floor":44.0},{"not_picked":["PiercingWail+1","Flechettes"],"picked":"Expertise+1","floor":48.0},{"not_picked":["Underhanded Strike","Endless Agony+1","Concentrate+1"],"picked":"SKIP","floor":48.0},{"not_picked":["Underhanded Strike","Skewer","Flechettes"],"picked":"SKIP","floor":55.0}],"player_experience":918153,"relics_obtained":[{"floor":7.0,"key":"Shovel"},{"floor":9.0,"key":"Ornamental Fan"},{"floor":11.0,"key":"Toxic Egg 2"},{"floor":12.0,"key":"TungstenRod"},{"floor":14.0,"key":"Bottled Lightning"},{"floor":15.0,"key":"Turnip"},{"floor":19.0,"key":"Pen Nib"},{"floor":23.0,"key":"Anchor"},{"floor":24.0,"key":"MealTicket"},{"floor":26.0,"key":"Eternal Feather"},{"floor":27.0,"key":"Paper Crane"},{"floor":29.0,"key":"Juzu Bracelet"},{"floor":31.0,"key":"Bottled Flame"},{"floor":32.0,"key":"Gremlin Horn"},{"floor":38.0,"key":"CaptainsWheel"},{"floor":41.0,"key":"Blood Vial"},{"floor":45.0,"key":"Incense Burner"},{"floor":47.0,"key":"Lantern"},{"floor":49.0,"key":"Boot"},{"floor":53.0,"key":"Shuriken"},{"floor":55.0,"key":"Ginger"}],"event_choices":[{"cards_removed":["Strike_G"],"damage_healed":0.0,"max_hp_gain":0.0,"max_hp_loss":0.0,"gold_gain":0.0,"event_name":"Golden Wing","player_choice":"Card Removal","floor":5.0,"gold_loss":0.0,"damage_taken":7.0},{"cards_removed":["Endless Agony"],"damage_healed":38.0,"max_hp_gain":0.0,"max_hp_loss":0.0,"gold_gain":0.0,"event_name":"Bonfire Elementals","player_choice":"Offered Uncommon","floor":13.0,"gold_loss":0.0,"damage_taken":0.0},{"damage_healed":0.0,"max_hp_gain":0.0,"max_hp_loss":0.0,"gold_gain":0.0,"event_name":"Addict","player_choice":"Obtained Relic","floor":28.0,"gold_loss":85.0,"damage_taken":0.0,"relics_obtained":["Du-Vu Doll"]},{"damage_healed":0.0,"max_hp_gain":0.0,"max_hp_loss":0.0,"gold_gain":0.0,"event_name":"SensoryStone","player_choice":"Memory 3","floor":36.0,"gold_loss":0.0,"damage_taken":10.0},{"damage_healed":0.0,"max_hp_gain":0.0,"max_hp_loss":0.0,"gold_gain":0.0,"event_name":"MindBloom","player_choice":"Fight","floor":38.0,"gold_loss":0.0,"damage_taken":0.0},{"damage_healed":0.0,"max_hp_gain":0.0,"max_hp_loss":0.0,"gold_gain":0.0,"event_name":"Lab","player_choice":"Got Potions","floor":39.0,"gold_loss":0.0,"damage_taken":0.0},{"cards_removed":["Defend_G"],"damage_healed":0.0,"max_hp_gain":0.0,"max_hp_loss":0.0,"gold_gain":0.0,"event_name":"Falling","player_choice":"Removed Skill","floor":46.0,"gold_loss":0.0,"damage_taken":0.0}],"is_beta":true,"boss_relics":[{"not_picked":["SacredBark","HoveringKite"],"picked":"Cursed Key"},{"not_picked":["SlaversCollar","Ring of the Serpent"],"picked":"Coffee Dripper"}],"items_purged_floors":[4,54],"is_endless":false,"potions_floor_spawned":[1,7,22,23,27,30,31,38,40,55],"ascension_level":20}}