{"host":"8oad2sh1i7kph5eo","time":1612729535,"event":{"mods":["AchievementEnabler","BaseMod","Downfall","Minty Spire (QoL Compilation)","Replay The Spire","Spicy Shops","StSLib"],"gold_per_floor":[199,211,228,19,33,33,59,77,96,111,141,141,141,141,159,255,255,255,274,274,289,14,14,39,53,102,133,133,151,151,151,167,262,262,262,276,296,57,70,70,70,70,70,89,99,99,132,146,158,158],"floor_reached":51,"language":"ENG","playtime":6669,"items_purged":["Delirium","downfall:Bewildered"],"score":771,"play_id":"5c19b412-33b3-488b-9c92-d6160567c8c8","local_time":"20210207122535","is_ascension_mode":true,"campfire_choices":[{"data":"Guardian:TwinSlam","floor":1,"key":"SMITH"},{"data":"Guardian:PrismaticBeam","floor":6,"key":"SMITH"},{"data":"Guardian:TemporalShield","floor":12,"key":"SMITH"},{"data":"Guardian:BaubleBeam","floor":18,"key":"SMITH"},{"floor":23,"key":"REST"},{"data":"Guardian:TemporalShield","floor":28,"key":"SMITH"},{"floor":30,"key":"REST"},{"data":"Guardian:GemFinder","floor":35,"key":"SMITH"},{"data":"Guardian:ExploitGems","floor":43,"key":"SMITH"}],"circlet_count":0,"master_deck":["Guardian:Strike_Guardian+1","Guardian:Defend_Guardian","Guardian:Defend_Guardian+1","Guardian:Defend_Guardian","Guardian:CurlUp+1","Guardian:TwinSlam+1","Guardian:CrystalBeam+1","Guardian:StasisField+1","Guardian:PrismaticBeam+1","Guardian:PiercingHide","Guardian:TemporalShield+1","Guardian:TemporalShield+1","Guardian:TemporalStrike+1","Guardian:BaubleBeam+1","Guardian:Recover","Finesse","Guardian:SentryBeam+1","Guardian:Recover+1","Guardian:GemFinder+1","Guardian:Planning","Guardian:ExploitGems+1","Guardian:MultiBeam+1","Guardian:Gem_Red","Guardian:Gem_Red","Guardian:TimeCapacitor","expansioncontent:PrepareCrush","expansioncontent:Chronoboost","expansioncontent:Chronoboost","Guardian:Gem_Green","Guardian:Gem_Green","Guardian:Gem_Cyan","Guardian:Gem_Cyan","Guardian:Gem_Green","Guardian:Gem_Red","Guardian:StasisEngine"],"relics":["Guardian:ModeShifter","Membership Card","Whetstone","Sundial","Ring of Hypnosis","Replay:Grab Bag","Busted Crown","ChewingGum","Ring of Chaos","sneckomod:BabySnecko","Gremlin Food","Toy Ornithopter","Bottled Flame","Replay:Kaleidoscope","Replay:Drink Me","Strawberry","War Paint","Incense Burner","Quantum Egg"],"acts_visited":["Exordium","TheCity","TheBeyond"],"potions_floor_usage":[11,16,16,32,33,44,47],"damage_taken":[{"damage":0,"enemies":"Small Slimes","floor":2,"turns":3},{"damage":3,"enemies":"Jaw Worm","floor":3,"turns":4},{"damage":0,"enemies":"downfall:FleeingMerchant","floor":4,"turns":4},{"damage":0,"enemies":"2 Louse","floor":5,"turns":2},{"damage":0,"enemies":"Large Slime","floor":8,"turns":5},{"damage":1,"enemies":"Gremlin Gang","floor":9,"turns":3},{"damage":5,"enemies":"2 Fungi Beasts","floor":10,"turns":3},{"damage":14,"enemies":"Gremlin Nob","floor":11,"turns":5},{"damage":16,"enemies":"Large Slime","floor":15,"turns":8},{"damage":13,"enemies":"IC_STATUS_ARCHETYPE","floor":16,"turns":12},{"damage":0,"enemies":"3 Byrds","floor":19,"turns":4},{"damage":8,"enemies":"Shell Parasite","floor":21,"turns":5},{"damage":10,"enemies":"downfall:FleeingMerchant","floor":22,"turns":4},{"damage":0,"enemies":"Cultist and Chosen","floor":25,"turns":6},{"damage":14,"enemies":"Slavers","floor":27,"turns":6},{"damage":6,"enemies":"Snake Plant","floor":29,"turns":3},{"damage":18,"enemies":"Centurion and Healer","floor":32,"turns":4},{"damage":28,"enemies":"DF_ARCHETYPE_CLAW","floor":33,"turns":9},{"damage":0,"enemies":"3 Darklings","floor":36,"turns":6},{"damage":8,"enemies":"3 Shapes","floor":37,"turns":4},{"damage":0,"enemies":"downfall:FleeingMerchant","floor":38,"turns":4},{"damage":1,"enemies":"Spire Growth","floor":39,"turns":4},{"damage":14,"enemies":"Writhing Mass","floor":44,"turns":6},{"damage":2,"enemies":"4 Shapes","floor":45,"turns":5},{"damage":0,"enemies":"Nemesis","floor":47,"turns":7},{"damage":0,"enemies":"Spire Growth","floor":48,"turns":5},{"damage":0,"enemies":"Sphere and 2 Shapes","floor":49,"turns":5},{"damage":8,"enemies":"WA_ARCHETYPE_DIVINITY","floor":50,"turns":32}],"seed_played":"968020942103915699","potions_obtained":[{"floor":2,"key":"Elixir"},{"floor":5,"key":"BlessingOfTheForge"},{"floor":8,"key":"Languid Potion"},{"floor":9,"key":"Elixir"},{"floor":15,"key":"Languid Potion"},{"floor":25,"key":"FairyPotion"},{"floor":29,"key":"Death Potion"},{"floor":37,"key":"AttackPotion"},{"floor":44,"key":"LiquidBronze"},{"floor":47,"key":"Explosive Potion"},{"floor":48,"key":"Fire Potion"}],"is_trial":false,"path_per_floor":["R","M","M","$","M","R","T","M","M","M","E","R","?","?","M","B",null,"R","M","?","M","$","R","T","M","?","E","R","M","R","?","M","B",null,"R","M","M","$","M","?","T","?","R","M","M","?","E","M","M","B",null],"character_chosen":"GUARDIAN","items_purchased":["Membership Card","Guardian:Gem_Green","Guardian:Gem_Red","Bronze Scales","Guardian:Recover","Finesse","Guardian:Gem_Blue","Gremlin Food","Strawberry","War Paint","Guardian:Gem_Cyan"],"campfire_rested":2,"item_purchase_floors":[4,4,4,22,22,22,22,22,38,38,38],"current_hp_per_floor":[80,80,77,77,77,77,77,77,76,71,57,57,57,57,41,28,80,80,80,80,72,62,80,80,80,80,66,66,60,80,80,67,44,60,60,60,52,59,58,68,68,58,58,49,47,39,44,44,44,36],"gold":158,"neow_bonus":"HUNDRED_GOLD","is_daily":false,"chose_seed":false,"campfire_upgraded":7,"win_rate":0.0,"timestamp":1612729535,"path_taken":["R","M","M","$","M","R","T","M","M","M","E","R","?","?","M","BOSS","R","M","?","M","$","R","T","M","?","E","R","M","R","?","M","BOSS","R","M","?","$","M","?","T","?","R","M","M","?","E","?","M","BOSS"],"items_purchased_type":["Relic","Card","Card","Relic","Card","Card","Card","Relic","Relic","Relic","Card"],"build_version":"2020-12-22","purchased_purges":2,"victory":true,"max_hp_per_floor":[80,80,80,80,80,80,80,80,80,80,80,80,80,80,80,80,80,80,80,80,80,80,80,80,80,80,80,80,80,80,80,80,80,60,60,60,60,67,67,77,77,77,77,77,77,77,77,77,77,77],"card_choices":[{"not_picked":["Guardian:PolyBeam","Guardian:ShieldSpikes"],"picked":"Guardian:CrystalBeam","floor":2},{"not_picked":["Guardian:Clone","Guardian:Incinerate"],"picked":"Guardian:Gem_Cyan","floor":3},{"not_picked":["Guardian:RefractedBeam","Guardian:TemporalStrike"],"picked":"Guardian:StasisField","floor":4},{"not_picked":["Guardian:Incinerate","Guardian:Gem_Cyan"],"picked":"Guardian:PrismaticBeam","floor":5},{"not_picked":["Guardian:SpikerProtocol","Guardian:Harden"],"picked":"Guardian:PiercingHide","floor":8},{"not_picked":["Guardian:BronzeArmor","Guardian:Incinerate"],"picked":"Guardian:TemporalShield","floor":9},{"not_picked":["Guardian:Incinerate","Guardian:ShieldCharger"],"picked":"Guardian:TemporalShield","floor":10},{"not_picked":["Guardian:Reroute","Guardian:ChargeCore"],"picked":"Guardian:TemporalStrike","floor":11},{"not_picked":["Guardian:TemporalStrike","Guardian:GuardianWhirl"],"picked":"Guardian:Gem_White","floor":15},{"not_picked":["Guardian:ExploitGems","Guardian:StasisField"],"picked":"Guardian:BaubleBeam","floor":16},{"not_picked":["Guardian:Reroute"],"picked":"SKIP","floor":19},{"not_picked":["Guardian:RollAttack"],"picked":"SKIP","floor":21},{"not_picked":[],"picked":"Guardian:Gem_Blue","floor":22},{"not_picked":[],"picked":"Guardian:SentryBeam+1","floor":25},{"not_picked":[],"picked":"Guardian:Recover","floor":26},{"not_picked":["Guardian:GuardianWhirl"],"picked":"SKIP","floor":27},{"not_picked":["Guardian:CrystalBeam"],"picked":"SKIP","floor":29},{"not_picked":["Guardian:Gem_Lightblue","Guardian:Gem_Green"],"picked":"Guardian:Gem_Cyan","floor":32},{"not_picked":[],"picked":"Guardian:Planning","floor":32},{"not_picked":["Guardian:Gem_Cyan","Guardian:Gem_Lightblue"],"picked":"Guardian:Gem_Green","floor":33},{"not_picked":[],"picked":"Guardian:ExploitGems","floor":33},{"not_picked":["Guardian:Gem_Cyan","Guardian:Gem_Green"],"picked":"Guardian:Gem_Lightblue","floor":36},{"not_picked":[],"picked":"Guardian:MultiBeam+1","floor":36},{"not_picked":["Guardian:Gem_Green","Guardian:Gem_Cyan"],"picked":"Guardian:Gem_Red","floor":37},{"not_picked":["Guardian:Recover"],"picked":"SKIP","floor":37},{"not_picked":["Guardian:Gem_Green","Guardian:Gem_Red"],"picked":"Guardian:Gem_Lightblue","floor":38},{"not_picked":["Guardian:ChargeUp+1"],"picked":"SKIP","floor":38},{"not_picked":["Guardian:Gem_Green","Guardian:Gem_Lightblue"],"picked":"Guardian:Gem_Red","floor":39},{"not_picked":[],"picked":"Guardian:TimeCapacitor","floor":39},{"not_picked":["expansioncontent:InvincibleStrength","expansioncontent:PolyBeam"],"picked":"expansioncontent:PrepareCrush","floor":42},{"not_picked":["expansioncontent:PolyBeam","expansioncontent:InvincibleStrength"],"picked":"expansioncontent:Chronoboost","floor":42},{"not_picked":["expansioncontent:PrepareCrush","expansioncontent:Hexaburn"],"picked":"expansioncontent:Chronoboost","floor":42},{"not_picked":["Guardian:Gem_Cyan","Guardian:Gem_Lightblue"],"picked":"Guardian:Gem_Green","floor":44},{"not_picked":["Guardian:GuardianWhirl+1"],"picked":"SKIP","floor":44},{"not_picked":["Guardian:Gem_Lightblue","Guardian:Gem_Red"],"picked":"Guardian:Gem_Green","floor":45},{"not_picked":[],"picked":"Guardian:Gem_Cyan","floor":45},{"not_picked":["Guardian:Gem_Lightblue","Guardian:Gem_Green"],"picked":"Guardian:Gem_Cyan","floor":47},{"not_picked":["Guardian:ShieldCharger+1"],"picked":"SKIP","floor":47},{"not_picked":["Guardian:Gem_Cyan","Guardian:Gem_Red"],"picked":"Guardian:Gem_Green","floor":48},{"not_picked":["Guardian:CrystalBeam"],"picked":"SKIP","floor":48},{"not_picked":["Guardian:Gem_Cyan","Guardian:Gem_Lightblue"],"picked":"Guardian:Gem_Red","floor":49},{"not_picked":[],"picked":"Guardian:StasisEngine","floor":49}],"player_experience":191043,"relics_obtained":[{"floor":7,"key":"Whetstone"},{"floor":11,"key":"Sundial"},{"floor":13,"key":"Ring of Hypnosis"},{"floor":24,"key":"Toy Ornithopter"},{"floor":26,"key":"Bottled Flame"},{"floor":27,"key":"Replay:Kaleidoscope"},{"floor":41,"key":"Incense Burner"},{"floor":47,"key":"Quantum Egg"}],"event_choices":[],"is_beta":false,"boss_relics":[{"not_picked":["SacredBark","Guardian:ModeShifterPlus"],"picked":"Replay:Grab Bag"},{"not_picked":["Runic Dome","Philosopher\u0027s Stone"],"picked":"Busted Crown"},{"not_picked":["ReplayTheSpireMod:Onyx Gauntlets","Velvet Choker"],"picked":"ChewingGum"},{"not_picked":["Kintsugi","Snecko Eye"],"picked":"Ring of Chaos"},{"not_picked":["ReplayTheSpireMod:DimensionalGlitch","Cursed Key"],"picked":"Replay:Drink Me"}],"items_purged_floors":[22,38],"is_endless":false,"potions_floor_spawned":[2,5,8,9,15,25,29,37,44,47,48,49],"ascension_level":2}}