{"host":"1c52r9kaxdyo25eq","time":1612670974,"event":{"mods":["AchievementEnabler","BaseMod","DeckTracker","Minty Spire (QoL Compilation)","Rare Cards Sparkle","SuperFastMode","everything is the same but u backflip on backflip"],"gold_per_floor":[110,110,125,35,35,35,65,65,88,127,153,178,200,225,237,322,334,363,389,21,39,58,58,58,58],"floor_reached":24,"language":"KOR","playtime":624,"items_purged":["Perfected Strike+1"],"score":447,"play_id":"4512661c-292f-4ad4-a34e-5598d0f6d4d6","local_time":"20210207130934","is_ascension_mode":true,"campfire_choices":[{"data":"Perfected Strike","floor":6.0,"key":"SMITH"},{"data":"Inflame","floor":8.0,"key":"SMITH"},{"floor":15.0,"key":"DIG"},{"floor":23,"key":"REST"}],"circlet_count":0,"master_deck":["AscendersBane","Strike_R","Strike_R","Strike_R","Strike_R","Defend_R","Defend_R","Defend_R","Defend_R","Bash","Second Wind","Inflame+1","Burning Pact","Shrug It Off","Immolate","Feel No Pain","Perfected Strike+1"],"relics":["Burning Blood","NeowsBlessing","CaptainsWheel","MawBank","Shovel","Matryoshka","Snecko Eye","Membership Card","Ice Cream"],"acts_visited":["Exordium","TheCity"],"potions_floor_usage":[16,16,21,22,22,24],"damage_taken":[{"damage":0.0,"enemies":"2 Louse","floor":1.0,"turns":1.0},{"damage":0.0,"enemies":"Cultist","floor":3.0,"turns":1.0},{"damage":0.0,"enemies":"Lagavulin","floor":7.0,"turns":1.0},{"damage":21.0,"enemies":"Gremlin Nob","floor":10.0,"turns":4.0},{"damage":4.0,"enemies":"Small Slimes","floor":11.0,"turns":3.0},{"damage":4.0,"enemies":"2 Fungi Beasts","floor":12.0,"turns":4.0},{"damage":15.0,"enemies":"Red Slaver","floor":13.0,"turns":3.0},{"damage":16.0,"enemies":"Blue Slaver","floor":14.0,"turns":4.0},{"damage":43,"enemies":"Slime Boss","floor":16,"turns":8},{"damage":24,"enemies":"3 Byrds","floor":18,"turns":5},{"damage":12,"enemies":"Chosen","floor":19,"turns":3},{"damage":21,"enemies":"Sentry and Sphere","floor":21,"turns":6},{"damage":21,"enemies":"Centurion and Healer","floor":22,"turns":4},{"damage":26,"enemies":"Slavers","floor":24,"turns":2}],"seed_played":"-4586377490712906681","potions_obtained":[{"floor":1.0,"key":"LiquidMemories"},{"floor":5.0,"key":"Regen Potion"},{"floor":16,"key":"SkillPotion"},{"floor":19,"key":"Fire Potion"},{"floor":21,"key":"Fire Potion"},{"floor":22,"key":"PowerPotion"}],"is_trial":false,"path_per_floor":["M","?","M","$","?","R","E","R","T","E","M","M","M","M","R","B",null,"M","M","$","M","M","R","E"],"character_chosen":"IRONCLAD","items_purchased":["Inflame","Membership Card","Ice Cream"],"campfire_rested":1,"item_purchase_floors":[4,20,20],"current_hp_per_floor":[74,74,75,75,75,75,75,75,75,60,62,64,55,45,45,23,62,44,38,38,23,8,30,4,4],"gold":58,"neow_bonus":"THREE_ENEMY_KILL","is_daily":false,"chose_seed":false,"campfire_upgraded":2,"win_rate":0.0,"timestamp":1612670974,"path_taken":["M","?","?","$","?","R","E","R","T","E","M","?","M","M","R","BOSS","M","M","$","M","M","R","E"],"items_purchased_type":["Card","Relic","Relic"],"build_version":"2020-12-22","purchased_purges":1,"victory":false,"max_hp_per_floor":[75,75,75,75,75,75,75,75,75,75,75,75,75,75,75,75,75,75,75,75,75,75,75,75,75],"card_choices":[{"not_picked":["Twin Strike","Thunderclap"],"picked":"Second Wind","floor":1.0},{"not_picked":["Whirlwind","Heavy Blade"],"picked":"Perfected Strike","floor":3.0},{"not_picked":["Pummel","Immolate"],"picked":"Burning Pact","floor":7.0},{"not_picked":["Flex","Warcry"],"picked":"Shrug It Off","floor":10.0},{"not_picked":["Metallicize","Thunderclap","Heavy Blade"],"picked":"SKIP","floor":11.0},{"not_picked":["Metallicize","Thunderclap","Heavy Blade"],"picked":"SKIP","floor":11.0},{"not_picked":["Carnage","Rampage","Rage"],"picked":"SKIP","floor":12.0},{"not_picked":["Flex","Shrug It Off","Thunderclap"],"picked":"SKIP","floor":13.0},{"not_picked":["Burning Pact","Cleave","Havoc"],"picked":"SKIP","floor":14.0},{"not_picked":["Reaper","Berserk"],"picked":"Immolate","floor":16},{"not_picked":["Cleave","Shrug It Off","Clash"],"picked":"SKIP","floor":18},{"not_picked":["Rupture","Reckless Charge"],"picked":"Feel No Pain","floor":19},{"not_picked":["Pommel Strike","Cleave","Burning Pact"],"picked":"SKIP","floor":21},{"not_picked":["Wild Strike","Combust","Sword Boomerang"],"picked":"SKIP","floor":22}],"player_experience":648447,"relics_obtained":[{"floor":7.0,"key":"CaptainsWheel"},{"floor":9.0,"key":"MawBank"},{"floor":10.0,"key":"Shovel"},{"floor":15.0,"key":"Matryoshka"}],"event_choices":[{"damage_healed":0.0,"max_hp_gain":0.0,"max_hp_loss":0.0,"gold_gain":0.0,"event_name":"Match and Keep!","player_choice":"0 cards matched","floor":2.0,"gold_loss":0.0,"damage_taken":0.0,"cards_obtained":[]},{"damage_healed":0.0,"max_hp_gain":0.0,"max_hp_loss":0.0,"gold_gain":0.0,"event_name":"Lab","player_choice":"Got Potions","floor":5.0,"gold_loss":0.0,"damage_taken":0.0}],"is_beta":false,"boss_relics":[{"not_picked":["Ectoplasm","Runic Dome"],"picked":"Snecko Eye"}],"items_purged_floors":[20],"is_endless":false,"potions_floor_spawned":[1,10,12,16,19,21,22],"killed_by":"Slavers","ascension_level":18}}