{"host":"fl6c84p0pqwjbhud","time":1612693804,"event":{"mods":["AchievementEnabler","BaseMod","Better Altar","Better Match","Better Note","Better Sensory Stone","Better Skull","Better Third Choice","Better Vampires","Better-Laid Plans","Colored Map","Defuse TimeMaze Blight","Displayed Cursed Tome","Energized Spire","Highlight Path","Minty Spire (QoL Compilation)","Permanent Neow","Quick Restart","Relic Sorter","StSLib","Synergy Search","Transform Curses"],"gold_per_floor":[114,114,114,134,134,134,134,166,238,238,273,273,283,14,14,112,171,188,148,29,38,58,58,58,58,58,98,23,57,77,17,17,114,114,126,126,37,54,113,142,142,142],"floor_reached":41,"language":"ENG","playtime":1452,"items_purged":["Caltrops","Blade Dance"],"score":667,"play_id":"af428081-5a3b-4868-a9bd-e9bf9ad90ae1","local_time":"20210207113004","daily_mods":["SealedDeck","Vintage","Allstar","Heirloom","Flight"],"is_ascension_mode":true,"campfire_choices":[{"data":"All Out Attack","floor":6,"key":"SMITH"},{"data":"Slice","floor":7,"key":"SMITH"},{"data":"Well Laid Plans","floor":10,"key":"SMITH"},{"data":"Footwork","floor":12,"key":"SMITH"},{"data":"Footwork","floor":15,"key":"SMITH"},{"floor":23,"key":"REST"},{"floor":32,"key":"REST"}],"circlet_count":0,"master_deck":["All Out Attack+1","Terror+1","Well Laid Plans+1","Prepared","Concentrate","Escape Plan","Slice+1","Footwork+1","Well Laid Plans","Footwork+1","Noxious Fumes","Escape Plan","Caltrops","Caltrops","Caltrops","Escape Plan","Noxious Fumes","Slice","Deflect+1"],"relics":["Unceasing Top","Ginger","Pantograph","Omamori","NlothsMask","Ancient Tea Set","CeramicFish","The Courier","Nunchaku","Tiny House","Bag of Preparation","StoneCalendar","Matryoshka","Eternal Feather","Bag of Marbles","Akabeko","WristBlade","Anchor","Gremlin Horn","Bottled Lightning","Sundial","TungstenRod","Kunai"],"acts_visited":["Exordium","TheCity","TheBeyond"],"potions_floor_usage":[16,16,19,22,33,40,40],"damage_taken":[{"damage":0,"enemies":"2 Louse","floor":1,"turns":1},{"damage":0,"enemies":"Cultist","floor":4,"turns":2},{"damage":0,"enemies":"Gremlin Nob","floor":8,"turns":1},{"damage":0,"enemies":"Lagavulin","floor":11,"turns":1},{"damage":0,"enemies":"Small Slimes","floor":13,"turns":1},{"damage":6,"enemies":"The Guardian","floor":16,"turns":2},{"damage":0,"enemies":"Chosen","floor":18,"turns":3},{"damage":28,"enemies":"2 Thieves","floor":22,"turns":3},{"damage":0,"enemies":"Gremlin Leader","floor":27,"turns":2},{"damage":45,"enemies":"Book of Stabbing","floor":29,"turns":4},{"damage":19,"enemies":"Shelled Parasite and Fungi","floor":30,"turns":3},{"damage":0,"enemies":"Automaton","floor":33,"turns":1},{"damage":15,"enemies":"Orb Walker","floor":35,"turns":2},{"damage":0,"enemies":"3 Darklings","floor":38,"turns":2},{"damage":0,"enemies":"Mind Bloom Boss Battle","floor":39,"turns":3},{"damage":50,"enemies":"Nemesis","floor":40,"turns":5},{"damage":37,"enemies":"2 Orb Walkers","floor":41,"turns":2}],"seed_played":"-651188806743452971","potions_obtained":[{"floor":1,"key":"Explosive Potion"},{"floor":4,"key":"SkillPotion"},{"floor":16,"key":"Weak Potion"},{"floor":17,"key":"Explosive Potion"},{"floor":18,"key":"Fire Potion"},{"floor":19,"key":"EntropicBrew"},{"floor":19,"key":"Poison Potion"},{"floor":19,"key":"BlessingOfTheForge"},{"floor":22,"key":"Strength Potion"},{"floor":29,"key":"FearPotion"},{"floor":30,"key":"DistilledChaos"}],"is_trial":true,"path_per_floor":["M","?","?","M","?","R","R","E","T","R","E","R","M","$","R","B",null,"M","?","$","?","M","R","?","$","T","E","?","E","M","$","R","B",null,"M","T","$","M","?","E","?"],"character_chosen":"THE_SILENT","items_purchased":["Well Laid Plans","Nunchaku","Footwork","Noxious Fumes","Caltrops","Caltrops","Caltrops","Slice"],"campfire_rested":2,"item_purchase_floors":[14,14,14,14,20,20,20,37],"current_hp_per_floor":[70,70,70,70,70,70,70,70,70,70,70,70,70,70,70,64,75,75,75,75,75,47,69,69,69,69,69,69,24,5,5,36,61,75,60,60,60,60,75,25,0,0],"gold":142,"neow_bonus":"","is_daily":false,"chose_seed":false,"campfire_upgraded":5,"win_rate":0.0,"timestamp":1612693804,"path_taken":["M","?","?","?","?","R","R","E","T","R","E","R","?","$","R","BOSS","M","?","?","?","?","R","?","$","T","E","?","E","?","$","R","BOSS","M","?","?","?","?","E","?"],"items_purchased_type":["Card","Relic","Card","Card","Card","Card","Card","Card"],"build_version":"2020-12-22","purchased_purges":2,"victory":false,"max_hp_per_floor":[70,70,70,70,70,70,70,70,70,70,70,70,70,70,70,70,75,75,75,75,75,75,75,75,75,75,75,75,75,75,75,75,75,75,75,75,75,75,75,75,75,75],"card_choices":[{"not_picked":["Masterful Stab","Backflip","Cloak And Dagger"],"picked":"SKIP","floor":8},{"not_picked":["Outmaneuver","Terror"],"picked":"Footwork","floor":11},{"not_picked":["Catalyst","Crippling Poison"],"picked":"Escape Plan","floor":17},{"not_picked":["Dodge and Roll","Riddle With Holes"],"picked":"Escape Plan","floor":27},{"not_picked":["Burst","Footwork"],"picked":"Noxious Fumes","floor":29},{"not_picked":["Poisoned Stab","Underhanded Strike"],"picked":"Deflect+1","floor":39},{"not_picked":["Outmaneuver+1","Dash","Expertise"],"picked":"SKIP","floor":40}],"player_experience":488564,"relics_obtained":[{"floor":1,"key":"Pantograph"},{"floor":4,"key":"Omamori"},{"floor":8,"key":"Ancient Tea Set"},{"floor":11,"key":"CeramicFish"},{"floor":13,"key":"The Courier"},{"floor":18,"key":"Bag of Preparation"},{"floor":22,"key":"StoneCalendar"},{"floor":26,"key":"Matryoshka"},{"floor":27,"key":"Eternal Feather"},{"floor":29,"key":"Bag of Marbles"},{"floor":30,"key":"Akabeko"},{"floor":35,"key":"Anchor"},{"floor":36,"key":"Gremlin Horn"},{"floor":36,"key":"Bottled Lightning"},{"floor":38,"key":"Sundial"},{"floor":39,"key":"TungstenRod"},{"floor":40,"key":"Kunai"}],"event_choices":[{"damage_healed":0,"gold_gain":0,"player_choice":"Grow","damage_taken":0,"max_hp_gain":0,"max_hp_loss":0,"event_name":"Living Wall","floor":2,"gold_loss":0,"cards_upgraded":["Terror"]},{"cards_removed":["Prepared"],"damage_healed":0,"gold_gain":0,"player_choice":"Purged","damage_taken":0,"max_hp_gain":0,"max_hp_loss":0,"event_name":"Purifier","floor":3,"gold_loss":0},{"damage_healed":0,"gold_gain":0,"player_choice":"Trade","damage_taken":0,"relics_obtained":["NlothsMask"],"max_hp_gain":0,"max_hp_loss":0,"event_name":"FaceTrader","floor":5,"gold_loss":0},{"damage_healed":0,"gold_gain":0,"player_choice":"Bought 3 Potions","damage_taken":0,"max_hp_gain":0,"max_hp_loss":0,"event_name":"The Woman in Blue","floor":19,"gold_loss":0},{"damage_healed":0,"gold_gain":0,"player_choice":"Copied","damage_taken":0,"max_hp_gain":0,"max_hp_loss":0,"event_name":"Duplicator","floor":21,"gold_loss":0,"cards_obtained":["Caltrops"]},{"damage_healed":0,"gold_gain":0,"player_choice":"Ignored","damage_taken":0,"max_hp_gain":0,"max_hp_loss":0,"event_name":"Ghosts","floor":24,"gold_loss":0},{"cards_removed":["Cloak And Dagger"],"damage_healed":0,"gold_gain":0,"player_choice":"Gave Gold","damage_taken":0,"max_hp_gain":0,"max_hp_loss":0,"event_name":"Beggar","floor":28,"gold_loss":75},{"damage_healed":0,"gold_gain":0,"player_choice":"Fight","damage_taken":0,"max_hp_gain":0,"max_hp_loss":0,"event_name":"MindBloom","floor":39,"gold_loss":0},{"damage_healed":0,"gold_gain":0,"player_choice":"Fight","damage_taken":0,"max_hp_gain":0,"max_hp_loss":0,"event_name":"Mysterious Sphere","floor":41,"gold_loss":0}],"is_beta":false,"boss_relics":[{"not_picked":["Astrolabe","energizedSpire:CursedPentagram"],"picked":"Tiny House"},{"not_picked":["HoveringKite","energizedSpire:OgreHead"],"picked":"WristBlade"}],"items_purged_floors":[31,37],"is_endless":false,"potions_floor_spawned":[1,4,16,18,22,29,30,38],"killed_by":"2 Orb Walkers","ascension_level":1}}