{"host":"8d3fefv2347kqkpz","time":1612740597,"event":{"mods":["AchievementEnabler","Act Like it!","Aspiration","BaseMod","Better Vampires","Colored Map","Colored Powertips","Conspire","Downfall","GifTheSpireLib","Highlight Path","Hubris","Mimic Mod","Minty Spire (QoL Compilation)","Quick Restart","Rare Cards Sparkle","Relic Stats","Replay The Spire","Spicy Shops","StSLib","The Jungle","Waifu the Spire"],"gold_per_floor":[99,99,99,99,99,114,141,51,51,51,51,51,79,99,111,111,111,111],"floor_reached":16,"language":"ZHS","playtime":376,"items_purged":["hexamod:Strike"],"score":121,"play_id":"db26fc9f-f499-45ee-bcea-2e560948a0cf","local_time":"20210208072957","is_ascension_mode":false,"campfire_choices":[{"floor":1,"key":"RECALL"},{"data":"hexamod:ForkedFlame","floor":9,"key":"SMITH"}],"circlet_count":0,"master_deck":["conspire:GhostlyStrike","conspire:GhostlyStrike","conspire:GhostlyStrike","conspire:GhostlyDefend","conspire:GhostlyDefend","conspire:GhostlyDefend","conspire:GhostlyDefend","hexamod:Sear","hexamod:Float","hexamod:CatchUp","hexamod:CatchUp+1","hexamod:SkipABeat","hexamod:ForkedFlame+1","hexamod:GhostOfSpirePast"],"relics":["hexamod:SpiritBrand","downfall:HeartsMalice","Oddly Smooth Stone","hubris:Towel","Replay:Wax Seal"],"acts_visited":["Exordium"],"potions_floor_usage":[16],"damage_taken":[{"damage":0,"enemies":"Jaw Worm","floor":2,"turns":1},{"damage":0,"enemies":"Cultist","floor":4,"turns":1},{"damage":0,"enemies":"Small Slimes","floor":5,"turns":1},{"damage":24,"enemies":"Exordium Thugs","floor":6,"turns":7},{"damage":5,"enemies":"downfall:FleeingMerchant","floor":8,"turns":4},{"damage":13,"enemies":"Lagavulin","floor":13,"turns":3},{"damage":3,"enemies":"Exordium Wildlife","floor":14,"turns":4},{"damage":7,"enemies":"Blue Slaver","floor":15,"turns":3},{"damage":21,"enemies":"DF_ARCHETYPE_STREAMLINE","floor":16,"turns":4}],"seed_played":"-4361114532160974815","potions_obtained":[{"floor":13,"key":"Milkshake"},{"floor":14,"key":"Energy Potion"},{"floor":15,"key":"EssenceOfSteel"}],"is_trial":false,"path_per_floor":["R","M","?","M","M","M","T","$","R","?","?","?","E","M","M","B"],"character_chosen":"THE_SPIRIT","items_purchased":[],"campfire_rested":0,"item_purchase_floors":[],"current_hp_per_floor":[70,70,70,70,70,46,46,41,41,41,41,41,28,25,18,0,0,0],"gold":111,"neow_bonus":"THREE_ENEMY_KILL","is_daily":false,"chose_seed":false,"campfire_upgraded":1,"win_rate":0.0,"timestamp":1612740597,"path_taken":["R","M","?","?","M","M","T","$","R","?","?","?","E","M","M","BOSS"],"items_purchased_type":[],"build_version":"2020-12-22","purchased_purges":1,"victory":false,"max_hp_per_floor":[70,70,70,70,70,70,70,70,70,70,70,70,70,70,70,70,70,70],"relic_stats":{"counters":[9,25],"obtain_stats":[{"Oddly Smooth Stone":7,"downfall:HeartsMalice":0,"hubris:Towel":11,"Replay:Wax Seal":13,"hexamod:SpiritBrand":0},{"Oddly Smooth Stone":4,"downfall:HeartsMalice":0,"hubris:Towel":5,"Replay:Wax Seal":6,"hexamod:SpiritBrand":0},{"Oddly Smooth Stone":7,"downfall:HeartsMalice":0,"hubris:Towel":11,"Replay:Wax Seal":14,"hexamod:SpiritBrand":0}]},"card_choices":[{"not_picked":["hexamod:BacktrackSmack","hexamod:InspiringFlames","hexamod:NightmareGuise"],"picked":"SKIP","floor":2},{"not_picked":["hexamod:Hexaguard","hexamod:NightmareStrike"],"picked":"hexamod:CatchUp","floor":4},{"not_picked":["hexamod:AdvancingGuard","hexamod:NightmareGuise"],"picked":"hexamod:CatchUp","floor":5},{"not_picked":["hexamod:SpectralAdrenaline","hexamod:ShieldOfDarkness"],"picked":"hexamod:SkipABeat","floor":6},{"not_picked":["hexamod:EtherealExpedition","hexamod:Again"],"picked":"hexamod:ForkedFlame","floor":8},{"not_picked":["hexamod:FastForward","hexamod:HeatMetal","hexamod:RainOfEmbers"],"picked":"SKIP","floor":13},{"not_picked":["hexamod:HeatCrush","hexamod:GhostShield","hexamod:AdvancingGuard"],"picked":"SKIP","floor":14},{"not_picked":["hexamod:SpectersWail","hexamod:SwordOfDarkness"],"picked":"hexamod:GhostOfSpirePast","floor":15}],"player_experience":300057,"relics_obtained":[{"floor":7,"key":"Oddly Smooth Stone"},{"floor":13,"key":"Replay:Wax Seal"}],"event_choices":[{"damage_healed":0,"gold_gain":0,"player_choice":"Agree","damage_taken":0,"max_hp_gain":0,"max_hp_loss":0,"event_name":"conspire:LoneGhost","floor":10,"gold_loss":0},{"damage_healed":0,"gold_gain":0,"player_choice":"Grow","damage_taken":0,"max_hp_gain":0,"max_hp_loss":0,"event_name":"Living Wall","floor":12,"gold_loss":0,"cards_upgraded":["hexamod:CatchUp"]}],"is_beta":false,"boss_relics":[],"items_purged_floors":[8],"is_endless":false,"potions_floor_spawned":[13,14,15],"killed_by":"DF_ARCHETYPE_STREAMLINE","ascension_level":0}}