{"host":"kjw1xhzpu9xki62g","time":1612658749,"event":{"mods":["AchievementEnabler","BaseMod","Minty Spire (QoL Compilation)","Morshu Shopkeeper","Morshu Shopkeeper - ENHANCED","Rare Cards Sparkle","Relic Sorter","Relic Stats","StSLib","everything is the same but u backflip on backflip","slay the spire mod where everything is the same but ironclad has a cowboy hat"],"gold_per_floor":[114,129,204,54,69,69,84,84,134,134,134,134,149,164,164,264,264,279,294,53,53,83,83,9,9,9,9,24,39,54,4,4,104,104,119,134,34,49,64,64,0,0,0,0,15,15,45,60,60,60],"floor_reached":51,"language":"ENG","playtime":11597,"items_purged":["EmptyBody","Armaments"],"score":639,"play_id":"889400ac-e783-4ce0-950f-5c443c392b80","local_time":"20210206184548","daily_mods":["Draft","Diverse","DeadlyEvents"],"is_ascension_mode":false,"campfire_choices":[{"data":"FollowUp","floor":6.0,"key":"SMITH"},{"data":"Crescendo","floor":8.0,"key":"SMITH"},{"data":"Flex","floor":10.0,"key":"SMITH"},{"data":"EmptyFist","floor":12.0,"key":"SMITH"},{"data":"Perseverance","floor":15.0,"key":"SMITH"},{"data":"Apotheosis","floor":23.0,"key":"SMITH"},{"data":"Lockon","floor":25.0,"key":"SMITH"},{"data":"Cold Snap","floor":27.0,"key":"SMITH"},{"floor":32.0,"key":"REST"},{"floor":40.0,"key":"REST"},{"floor":44.0,"key":"REST"},{"floor":49,"key":"REST"}],"circlet_count":0,"master_deck":["Lockon+1","Escape Plan","Perseverance+1","Prepared","Headbutt","Clash","FollowUp+1","Cold Snap+1","Pommel Strike","Clash","Intimidate","EmptyFist+1","Flex+1","Go for the Eyes","Clash","Crescendo+1","Apotheosis+1","Inflame+1","Slice+1","Deflect+1","Noxious Fumes+1"],"relics":["Ring of the Snake","TwistedFunnel","Ancient Tea Set","Busted Crown","Frozen Egg 2","Dream Catcher","Fusion Hammer","Red Mask","Centennial Puzzle","Vajra"],"acts_visited":["Exordium","TheCity","TheBeyond"],"potions_floor_usage":[50],"damage_taken":[{"damage":0.0,"enemies":"Small Slimes","floor":1.0,"turns":1.0},{"damage":0.0,"enemies":"2 Louse","floor":2.0,"turns":1.0},{"damage":0.0,"enemies":"Cultist","floor":5.0,"turns":2.0},{"damage":1.0,"enemies":"Red Slaver","floor":7.0,"turns":2.0},{"damage":0.0,"enemies":"Looter","floor":13.0,"turns":2.0},{"damage":0.0,"enemies":"3 Louse","floor":14.0,"turns":1.0},{"damage":26.0,"enemies":"The Guardian","floor":16.0,"turns":5.0},{"damage":0.0,"enemies":"Spheric Guardian","floor":18.0,"turns":1.0},{"damage":0.0,"enemies":"Chosen","floor":19.0,"turns":1.0},{"damage":6.0,"enemies":"Book of Stabbing","floor":22.0,"turns":3.0},{"damage":4.0,"enemies":"Shelled Parasite and Fungi","floor":28.0,"turns":3.0},{"damage":7.0,"enemies":"Chosen and Byrds","floor":29.0,"turns":3.0},{"damage":0.0,"enemies":"Cultist and Chosen","floor":30.0,"turns":3.0},{"damage":22.0,"enemies":"Automaton","floor":33.0,"turns":4.0},{"damage":0.0,"enemies":"3 Darklings","floor":35.0,"turns":2.0},{"damage":0.0,"enemies":"Orb Walker","floor":36.0,"turns":2.0},{"damage":6.0,"enemies":"3 Darklings","floor":38.0,"turns":2.0},{"damage":0.0,"enemies":"Spire Growth","floor":39.0,"turns":2.0},{"damage":24.0,"enemies":"Maw","floor":45.0,"turns":4.0},{"damage":21.0,"enemies":"Reptomancer","floor":47.0,"turns":3.0},{"damage":0,"enemies":"4 Shapes","floor":48,"turns":2},{"damage":72,"enemies":"Awakened One","floor":50,"turns":11}],"seed_played":"5285009320175426936","potions_obtained":[{"floor":2.0,"key":"Explosive Potion"},{"floor":5.0,"key":"CunningPotion"},{"floor":13.0,"key":"ColorlessPotion"},{"floor":18.0,"key":"LiquidBronze"},{"floor":21.0,"key":"FairyPotion"},{"floor":21.0,"key":"Fruit Juice"},{"floor":21.0,"key":"Dexterity Potion"},{"floor":33.0,"key":"GamblersBrew"},{"floor":38.0,"key":"LiquidMemories"},{"floor":48,"key":"DistilledChaos"}],"is_trial":false,"path_per_floor":["M","M","?","$","M","R","M","R","T","R","?","R","M","M","R","B",null,"M","M","$","?","E","R","$","R","T","R","M","M","M","$","R","B",null,"M","M","$","M","M","R","?","$","T","R","M","?","E","M","R","B",null],"character_chosen":"THE_SILENT","items_purchased":["TwistedFunnel","Apotheosis","Inflame+1","Explosive Potion"],"campfire_rested":4,"item_purchase_floors":[4,20,24,31],"current_hp_per_floor":[70,70,59,59,59,59,58,58,58,58,63,63,63,63,63,37,75,75,75,75,80,74,74,74,74,74,74,70,63,63,63,80,58,80,80,80,80,74,74,80,80,80,80,80,56,56,35,35,59,18],"gold":60,"neow_bonus":"","is_daily":true,"chose_seed":false,"campfire_upgraded":8,"win_rate":0.0,"timestamp":1612658748,"path_taken":["M","M","?","$","M","R","M","R","T","R","?","R","M","?","R","BOSS","M","M","$","?","?","R","$","R","T","R","M","M","M","$","R","BOSS","M","M","$","M","M","R","?","$","T","R","M","?","E","M","R","BOSS"],"items_purchased_type":["Relic","Card","Card","Potion"],"build_version":"2020-12-22","purchased_purges":2,"victory":true,"max_hp_per_floor":[70,70,70,70,70,70,70,70,70,70,75,75,75,75,75,75,75,75,75,75,80,80,80,80,80,80,80,80,80,80,80,80,80,80,80,80,80,80,80,80,80,80,80,80,80,80,80,80,80,80],"relic_stats":{"Dream Catcher":4,"Centennial Puzzle":[9],"Busted Crown":36,"counters":[22,60],"obtain_stats":[{"TwistedFunnel":4,"Dream Catcher":26,"Centennial Puzzle":43,"Busted Crown":17,"Vajra":47,"Fusion Hammer":34,"Red Mask":41,"Frozen Egg 2":22,"Ancient Tea Set":9,"Ring of the Snake":0},{"TwistedFunnel":2,"Dream Catcher":10,"Centennial Puzzle":18,"Busted Crown":7,"Vajra":20,"Fusion Hammer":14,"Red Mask":18,"Frozen Egg 2":10,"Ancient Tea Set":4,"Ring of the Snake":0},{"TwistedFunnel":2,"Dream Catcher":19,"Centennial Puzzle":40,"Busted Crown":14,"Vajra":47,"Fusion Hammer":32,"Red Mask":40,"Frozen Egg 2":19,"Ancient Tea Set":6,"Ring of the Snake":0}],"Ring of the Snake":[44]},"card_choices":[{"not_picked":["Havoc","Rupture"],"picked":"Lockon","floor":0.0},{"not_picked":["Clothesline","Iron Wave"],"picked":"Armaments","floor":0.0},{"not_picked":["PathToVictory","Hello World"],"picked":"Escape Plan","floor":0.0},{"not_picked":["Body Slam","Cloak And Dagger"],"picked":"Perseverance","floor":0.0},{"not_picked":["Clothesline","Force Field"],"picked":"Prepared","floor":0.0},{"not_picked":["Auto Shields","Gash"],"picked":"Headbutt","floor":0.0},{"not_picked":["Skewer","Blizzard"],"picked":"Clash","floor":0.0},{"not_picked":["Warcry","Cloak And Dagger"],"picked":"FollowUp","floor":0.0},{"not_picked":["Beam Cell","TalkToTheHand"],"picked":"Cold Snap","floor":0.0},{"not_picked":["Compile Driver","Entrench"],"picked":"Pommel Strike","floor":0.0},{"not_picked":["Sweeping Beam","Deadly Poison"],"picked":"Clash","floor":0.0},{"not_picked":["Quick Slash","Rip and Tear"],"picked":"Intimidate","floor":0.0},{"not_picked":["Deadly Poison","Rupture"],"picked":"EmptyBody","floor":0.0},{"not_picked":["Stack","WreathOfFlame"],"picked":"EmptyFist","floor":0.0},{"not_picked":["Wild Strike","Underhanded Strike"],"picked":"Flex","floor":0.0},{"not_picked":["Perfected Strike","SashWhip","Bane"],"picked":"SKIP","floor":1.0},{"not_picked":["Headbutt","Havoc"],"picked":"Go for the Eyes","floor":2.0},{"not_picked":["Adaptation","Shrug It Off"],"picked":"Clash","floor":5.0},{"not_picked":["Ball Lightning","SashWhip"],"picked":"Crescendo","floor":7.0},{"not_picked":["Conserve Battery","Omniscience","Evaluate"],"picked":"SKIP","floor":13.0},{"not_picked":["ThirdEye","Acrobatics","Go for the Eyes"],"picked":"SKIP","floor":14.0},{"not_picked":["ClearTheMind+1"],"picked":"SKIP","floor":18.0},{"not_picked":["Cloak And Dagger"],"picked":"SKIP","floor":19.0},{"not_picked":["InnerPeace"],"picked":"SKIP","floor":22.0},{"not_picked":["Sucker Punch"],"picked":"SKIP","floor":28.0},{"not_picked":["CutThroughFate+1"],"picked":"SKIP","floor":29.0},{"not_picked":["Sunder"],"picked":"SKIP","floor":30.0},{"not_picked":[],"picked":"Slice+1","floor":32.0},{"not_picked":["Dagger Throw"],"picked":"SKIP","floor":35.0},{"not_picked":["Clothesline"],"picked":"SKIP","floor":36.0},{"not_picked":["WreathOfFlame"],"picked":"SKIP","floor":38.0},{"not_picked":["Prepared"],"picked":"SKIP","floor":39.0},{"not_picked":[],"picked":"Deflect+1","floor":40.0},{"not_picked":["Pray"],"picked":"SKIP","floor":45.0},{"not_picked":["ForeignInfluence"],"picked":"SKIP","floor":47.0},{"not_picked":["Redo+1"],"picked":"SKIP","floor":48},{"not_picked":[],"picked":"Noxious Fumes+1","floor":49}],"player_experience":200054,"relics_obtained":[{"floor":9.0,"key":"Ancient Tea Set"},{"floor":22.0,"key":"Frozen Egg 2"},{"floor":26.0,"key":"Dream Catcher"},{"floor":43.0,"key":"Centennial Puzzle"},{"floor":47.0,"key":"Vajra"}],"event_choices":[{"damage_healed":0.0,"max_hp_gain":0.0,"max_hp_loss":0.0,"gold_gain":75.0,"event_name":"World of Goop","player_choice":"Gather Gold","floor":3.0,"gold_loss":0.0,"damage_taken":11.0},{"damage_healed":0.0,"max_hp_gain":5.0,"max_hp_loss":0.0,"gold_gain":0.0,"event_name":"Big Fish","player_choice":"Donut","floor":11.0,"gold_loss":0.0,"damage_taken":0.0},{"damage_healed":0.0,"max_hp_gain":0.0,"max_hp_loss":0.0,"gold_gain":0.0,"event_name":"Lab","player_choice":"Got Potions","floor":21.0,"gold_loss":0.0,"damage_taken":0.0},{"damage_healed":0.0,"max_hp_gain":0.0,"max_hp_loss":0.0,"gold_gain":0.0,"event_name":"Tomb of Lord Red Mask","player_choice":"Paid","floor":41.0,"gold_loss":64.0,"damage_taken":0.0,"relics_obtained":["Red Mask"]},{"damage_healed":0.0,"max_hp_gain":0.0,"max_hp_loss":0.0,"gold_gain":0.0,"event_name":"Mysterious Sphere","player_choice":"Ignored","floor":46.0,"gold_loss":0.0,"damage_taken":0.0}],"is_beta":false,"boss_relics":[{"not_picked":["Astrolabe","Sozu"],"picked":"Busted Crown"},{"not_picked":["WristBlade","Empty Cage"],"picked":"Fusion Hammer"}],"items_purged_floors":[20,37],"is_endless":false,"potions_floor_spawned":[2,5,13,18,22,33,38,48],"ascension_level":0}}