{"host":"tetk82fuf8thwxol","time":1612672577,"event":{"mods":["AchievementEnabler","BaseMod","BetterRewards","GifTheSpireLib","Hermit","Minty Spire (QoL Compilation)","Permanent Neow","Quick Restart","Shop Mod","Spicy Shops","StSLib","The Bug Knight","The Cursed","The Runesmith"],"gold_per_floor":[10009,10021,10021,9284,9296,9296,9328,9328,9409,9428,9454,9468,9496,9516,9516,9593,9593,9613,9613,9629,9653,9671,9671,9705,9705,9778,9232,9232,9242,9271,8827,8827,8901,8901,8911,8736,8736,8736,8736,8736,8768,8768,8768,8786,8786,8786,8804,8410,8410,8410,8410,8410,8104,8133,8133],"floor_reached":56,"language":"ENG","playtime":1786,"items_purged":["Strike_G","Strike_G","Defend_G","Deadly Poison","Strike_G","Defend_G","Choke","Shame","Strike_G+1"],"score":2645,"play_id":"837a3a01-44e4-4412-9c5b-60250d2ab031","local_time":"20210206223617","is_ascension_mode":true,"campfire_choices":[{"floor":6,"key":"REST"},{"floor":8,"key":"REST"},{"data":"1","floor":15,"key":"LIFT"},{"data":"2","floor":23,"key":"LIFT"},{"data":"Accuracy","floor":25,"key":"SMITH"},{"data":"Choke","floor":32,"key":"SMITH"},{"floor":40,"key":"RECALL"},{"data":"3","floor":42,"key":"LIFT"},{"floor":45,"key":"REST"},{"floor":49,"key":"REST"},{"floor":52,"key":"REST"}],"circlet_count":0,"master_deck":["AscendersBane","Strike_G+1","Defend_G+1","Defend_G+1","Survivor+1","Neutralize+1","Infinite Blades+1","Blade Dance+1","Blade Dance+1","Adrenaline+1","Cloak And Dagger+1","After Image+1","Accuracy+1","Blade Dance+1","Cloak And Dagger+1","Choke+1","Phantasmal Killer+1","Blade Dance+1","Envenom+1","Accuracy+1","After Image+1"],"relics":["Ring of the Serpent","Boot","Snake Skull","Lantern","Girya","Singing Bowl","Anchor","Shuriken","Turnip","HornCleat","TungstenRod","Bronze Scales","PreservedInsect","Ornamental Fan","Dream Catcher","Potion Belt","Pear","Question Card","Strawberry","Pen Nib","Eternal Feather","Membership Card","Blood Vial","Orichalcum","Juzu Bracelet","Nunchaku","Mercury Hourglass","Bag of Preparation","Calipers","Sling","CaptainsWheel","Sozu","Bottled Lightning","Torii","Mark of the Bloom","Gambling Chip","Darkstone Periapt","Mummified Hand","Molten Egg 2","Frozen Egg 2","Bottled Tornado","Pantograph","Bag of Marbles"],"acts_visited":["Exordium","TheCity","TheBeyond","TheEnding"],"potions_floor_usage":[7,13,16,16,55,55],"damage_taken":[{"damage":0,"enemies":"Small Slimes","floor":1,"turns":2},{"damage":0,"enemies":"2 Louse","floor":2,"turns":2},{"damage":0,"enemies":"Jaw Worm","floor":5,"turns":2},{"damage":0,"enemies":"3 Sentries","floor":7,"turns":3},{"damage":0,"enemies":"Blue Slaver","floor":10,"turns":2},{"damage":0,"enemies":"Gremlin Nob","floor":11,"turns":3},{"damage":0,"enemies":"3 Louse","floor":12,"turns":1},{"damage":0,"enemies":"Lagavulin","floor":13,"turns":4},{"damage":0,"enemies":"2 Fungi Beasts","floor":14,"turns":2},{"damage":15,"enemies":"Hexaghost","floor":16,"turns":6},{"damage":0,"enemies":"2 Thieves","floor":18,"turns":3},{"damage":0,"enemies":"Snecko","floor":20,"turns":3},{"damage":0,"enemies":"Chosen and Byrds","floor":22,"turns":3},{"damage":0,"enemies":"HollowMod:Nosk","floor":24,"turns":4},{"damage":0,"enemies":"3 Cultists","floor":29,"turns":3},{"damage":0,"enemies":"Gremlin Leader","floor":30,"turns":3},{"damage":0,"enemies":"Automaton","floor":33,"turns":3},{"damage":0,"enemies":"3 Shapes","floor":35,"turns":2},{"damage":0,"enemies":"HollowMod:StalkingDevout","floor":41,"turns":1},{"damage":0,"enemies":"Orb Walker","floor":44,"turns":1},{"damage":0,"enemies":"3 Darklings","floor":47,"turns":1},{"damage":0,"enemies":"Time Eater","floor":50,"turns":2},{"damage":0,"enemies":"Shield and Spear","floor":54,"turns":2},{"damage":0,"enemies":"The Heart","floor":55,"turns":4}],"seed_played":"-4751686112544131204","potions_obtained":[{"floor":2,"key":"Weak Potion"},{"floor":10,"key":"Regen Potion"},{"floor":13,"key":"SpeedPotion"},{"floor":14,"key":"SmokeBomb"},{"floor":20,"key":"Ancient Potion"},{"floor":24,"key":"Energy Potion"},{"floor":29,"key":"Fire Potion"}],"is_trial":false,"path_per_floor":["M","M","?","$","M","R","E","R","T","M","E","M","E","M","R","B",null,"M","?","M","T","M","R","E","R","T","$","?","M","E","$","R","B",null,"M","$","?","?","?","R","E","R","T","M","R","T","M","$","R","B",null,"R","$","E","B",null],"character_chosen":"THE_SILENT","items_purchased":["Infinite Blades","Boot","Snake Skull","PowerPotion","Lantern","Girya","Singing Bowl","Anchor","Blade Dance","Shuriken","Blade Dance","Turnip","HornCleat","TungstenRod","Bronze Scales","PreservedInsect","Ornamental Fan","Dream Catcher","Membership Card","Blood Vial","Orichalcum","Juzu Bracelet","Nunchaku","Cloak And Dagger","Bag of Preparation","Calipers","Sling","Choke","CaptainsWheel","Bottled Lightning","Torii","Molten Egg 2","Frozen Egg 2","After Image+1","Bottled Tornado","Pantograph"],"campfire_rested":5,"item_purchase_floors":[0,0,0,0,0,0,0,0,0,0,0,0,0,0,0,4,4,4,27,27,27,27,27,27,31,31,31,31,31,36,36,48,48,53,53,53],"current_hp_per_floor":[30,32,32,32,34,57,59,78,78,78,88,90,90,92,92,89,91,91,91,93,100,102,102,104,104,104,104,104,107,109,109,109,109,109,109,109,109,109,109,109,109,109,109,109,109,109,109,109,109,109,109,109,109,109,109],"gold":8133,"neow_bonus":"","is_daily":false,"chose_seed":false,"campfire_upgraded":2,"win_rate":0.0,"timestamp":1612672577,"path_taken":["M","M","?","$","M","R","E","R","T","M","E","M","E","M","R","BOSS","M","?","M","?","M","R","E","R","T","$","?","M","E","$","R","BOSS","M","$","?","?","?","R","E","R","T","M","R","?","M","$","R","BOSS","R","$","E","BOSS"],"items_purchased_type":["Card","Relic","Relic","Potion","Relic","Relic","Relic","Relic","Card","Relic","Card","Relic","Relic","Relic","Relic","Relic","Relic","Relic","Relic","Relic","Relic","Relic","Relic","Card","Relic","Relic","Relic","Card","Relic","Relic","Relic","Relic","Relic","Card","Relic","Relic"],"build_version":"2020-12-22","purchased_purges":9,"victory":true,"max_hp_per_floor":[68,70,70,70,72,74,76,78,78,78,88,90,90,92,92,92,92,92,92,94,101,103,103,105,105,105,105,105,107,109,109,109,109,109,109,109,109,109,109,109,111,111,111,113,115,115,117,117,117,117,117,117,117,119,119],"card_choices":[{"not_picked":["Blur","Backflip","Quick Slash"],"picked":"Singing Bowl","floor":1},{"not_picked":["Dodge and Roll","Prepared","Leg Sweep"],"picked":"Singing Bowl","floor":2},{"not_picked":["Bane","Poisoned Stab","Escape Plan"],"picked":"Singing Bowl","floor":5},{"not_picked":["Calculated Gamble","Slice","All Out Attack"],"picked":"Singing Bowl","floor":6},{"not_picked":["Leg Sweep","Prepared","Underhanded Strike"],"picked":"Singing Bowl","floor":7},{"not_picked":["Dodge and Roll","Finisher","Deflect"],"picked":"Singing Bowl","floor":8},{"not_picked":["Poisoned Stab","Crippling Poison"],"picked":"Adrenaline","floor":10},{"not_picked":["Bouncing Flask","Terror"],"picked":"Cloak And Dagger","floor":11},{"not_picked":["Bane","PiercingWail","Flechettes"],"picked":"Singing Bowl","floor":12},{"not_picked":["Expertise","Dash"],"picked":"Choke","floor":13},{"not_picked":["Reflex","Grand Finale","Dagger Spray","Caltrops"],"picked":"Singing Bowl","floor":14},{"not_picked":["Adrenaline","Bullet Time","Grand Finale"],"picked":"After Image","floor":16},{"not_picked":["Dodge and Roll","Footwork","Well Laid Plans"],"picked":"Accuracy","floor":18},{"not_picked":["Prepared","Backflip","PiercingWail","Riddle With Holes"],"picked":"Singing Bowl","floor":20},{"not_picked":["Corpse Explosion","Slice","Outmaneuver","Quick Slash"],"picked":"Singing Bowl","floor":22},{"not_picked":["Choke","Die Die Die","Deadly Poison","Slice+1"],"picked":"Singing Bowl","floor":24},{"not_picked":["Setup","Poisoned Stab","Deflect","A Thousand Cuts"],"picked":"Singing Bowl","floor":29},{"not_picked":["Quick Slash","Noxious Fumes","Cloak And Dagger","Underhanded Strike"],"picked":"Singing Bowl","floor":30},{"not_picked":["Burst","Corpse Explosion","A Thousand Cuts"],"picked":"Phantasmal Killer","floor":33},{"not_picked":["Flying Knee","Quick Slash+1","Footwork"],"picked":"Blade Dance","floor":35},{"not_picked":["Calculated Gamble","Setup","Dash+1","Backflip"],"picked":"Singing Bowl","floor":41},{"not_picked":["Quick Slash","Deflect+1","Sucker Punch","Acrobatics+1"],"picked":"Singing Bowl","floor":44},{"not_picked":["Deflect+1","Masterful Stab","Skewer","Blur+1"],"picked":"Singing Bowl","floor":45},{"not_picked":["Sucker Punch","Well Laid Plans","Quick Slash","Dodge and Roll"],"picked":"Singing Bowl","floor":47},{"not_picked":["Cloak And Dagger+1","Outmaneuver","Deadly Poison"],"picked":"Envenom+1","floor":49},{"not_picked":["Prepared+1","Concentrate","Poisoned Stab+1"],"picked":"Accuracy+1","floor":52},{"not_picked":["Cloak And Dagger","Underhanded Strike+1","Dodge and Roll+1","Deadly Poison"],"picked":"Singing Bowl","floor":54}],"player_experience":295017,"relics_obtained":[{"floor":7,"key":"Potion Belt"},{"floor":11,"key":"Pear"},{"floor":13,"key":"Question Card"},{"floor":21,"key":"Strawberry"},{"floor":24,"key":"Pen Nib"},{"floor":26,"key":"Eternal Feather"},{"floor":30,"key":"Mercury Hourglass"},{"floor":41,"key":"Gambling Chip"},{"floor":43,"key":"Darkstone Periapt"},{"floor":46,"key":"Mummified Hand"},{"floor":54,"key":"Bag of Marbles"}],"event_choices":[{"damage_healed":0,"gold_gain":0,"player_choice":"Ignored","damage_taken":0,"max_hp_gain":0,"max_hp_loss":0,"event_name":"Liars Game","floor":3,"gold_loss":0},{"damage_healed":0,"gold_gain":0,"player_choice":"Read","damage_taken":0,"max_hp_gain":0,"max_hp_loss":0,"event_name":"The Library","floor":19,"gold_loss":0,"cards_obtained":["Blade Dance"]},{"damage_healed":0,"gold_gain":0,"player_choice":"Ignored","damage_taken":0,"max_hp_gain":0,"max_hp_loss":0,"event_name":"Ghosts","floor":28,"gold_loss":0},{"damage_healed":0,"gold_gain":0,"player_choice":"Upgrade","damage_taken":0,"relics_obtained":["Mark of the Bloom"],"max_hp_gain":0,"max_hp_loss":0,"event_name":"MindBloom","floor":37,"gold_loss":0,"cards_upgraded":["Strike_G","Strike_G","Defend_G","Defend_G","Defend_G","Survivor","Neutralize","Infinite Blades","Blade Dance","Blade Dance","Adrenaline","Cloak And Dagger","After Image","Blade Dance","Cloak And Dagger","Phantasmal Killer","Blade Dance"]},{"cards_removed":["Defend_G"],"damage_healed":0,"gold_gain":0,"player_choice":"Removed Skill","damage_taken":0,"max_hp_gain":0,"max_hp_loss":0,"event_name":"Falling","floor":38,"gold_loss":0},{"damage_healed":0,"gold_gain":0,"player_choice":"Ignored","damage_taken":0,"max_hp_gain":0,"max_hp_loss":0,"event_name":"Mysterious Sphere","floor":39,"gold_loss":0}],"is_beta":false,"boss_relics":[{"not_picked":["Black Star","Runic Pyramid"],"picked":"Ring of the Serpent"},{"not_picked":["SlaversCollar","Fusion Hammer"],"picked":"Sozu"}],"items_purged_floors":[0,0,0,0,4,27,31,36,48],"is_endless":false,"potions_floor_spawned":[2,5,10,13,14,20,24,29,30,44,47,54],"ascension_level":14}}