{"host":"5s7sm4h73jkd9266","time":1612633894,"event":{"mods":["AchievementEnabler","Bartender","BaseMod","Better Vampires","BetterRewards","Colored Map","Colored Powertips","Conspire","Downfall","Energized Spire","Hermit","Hubris","Magitek Elite","Minty Spire (QoL Compilation)","Potion Indicator Mod","Rare Cards Sparkle","Shop Mod","StSLib","The Blue Laboratory","The Necromancer","The Witch","Virulent Crown","everything is the same but u backflip on backflip","slay the spire mod where everything is the same but ironclad has a cowboy hat"],"gold_per_floor":[109,74,74,74,86,86,117,117,189,199,199,234,244,321,321,399,399,418,432,432,7,7,7,282,301,301,301,301,328,46,66,66,141,141,155,155,155,155,24,24,50,9,34,34,34],"floor_reached":44,"language":"ENG","playtime":4276,"items_purged":[],"score":1367,"play_id":"f55bf2a5-ff3e-4569-8e50-6a65bf2ea8b5","local_time":"20210206125134","is_ascension_mode":true,"campfire_choices":[{"data":"Metamorphosis","floor":6.0,"key":"SMITH"},{"floor":8.0,"key":"REST"},{"floor":15.0,"key":"REST"},{"floor":23.0,"key":"REST"},{"floor":27.0,"key":"REST"},{"floor":32.0,"key":"REST"},{"data":"Seek","floor":40.0,"key":"SMITH"}],"circlet_count":0,"master_deck":["AscendersBane","Strike_B","Strike_B","Strike_B+1","Strike_B","Defend_B","Defend_B","Defend_B","Defend_B","Zap","Dualcast","Metamorphosis+1","Melter","Metamorphosis+1","Scrape","Genetic Algorithm","Conserve Battery","White Noise","Redo","Seek+1","Stack","Slimebound:CheckThePlaybook","downfall:Icky","Transmutation","Regret","Sweeping Beam+1","Leap","All For One","Panacea","Stack+1","Echo Form","CurseOfTheBell","conspire:SharedLibrary+1","Pain","Storm","Ball Lightning"],"relics":["Cracked Core","Juzu Bracelet","conspire:TreasureMap","hubris:BallOfYels","Kunai","DollysMirror","hubris:CrystalStatue","conspire:GlowingRock","Anchor","Silver_Glasses","Nunchaku","hubris:BottledRain","Whetstone","Singing Bowl","conspire:IceCreamScoop","Calling Bell","Angel_Ring","The Courier","hubris:CuriousFeather","WarpedTongs","hubris:Towel","Lee\u0027s Waffle","Pear","conspire:TopHat"],"acts_visited":["Exordium","TheCity","TheBeyond"],"potions_floor_usage":[],"damage_taken":[{"damage":9.0,"enemies":"Jaw Worm","floor":1.0,"turns":3.0},{"damage":2.0,"enemies":"conspire:RoseBush","floor":5.0,"turns":4.0},{"damage":29.0,"enemies":"Lagavulin","floor":7.0,"turns":4.0},{"damage":0.0,"enemies":"Cultist","floor":10.0,"turns":3.0},{"damage":10.0,"enemies":"Gremlin Nob","floor":12.0,"turns":3.0},{"damage":6.0,"enemies":"Blue Slaver","floor":13.0,"turns":3.0},{"damage":0.0,"enemies":"Slime Boss","floor":16.0,"turns":4.0},{"damage":6.0,"enemies":"Spheric Guardian","floor":18.0,"turns":3.0},{"damage":17.0,"enemies":"3 Byrds","floor":19.0,"turns":3.0},{"damage":31.0,"enemies":"Sentry and Sphere","floor":25.0,"turns":4.0},{"damage":8.0,"enemies":"conspire:Head Lice","floor":29.0,"turns":5.0},{"damage":12.0,"enemies":"Centurion and Healer","floor":31.0,"turns":5.0},{"damage":10.0,"enemies":"Automaton","floor":33.0,"turns":8.0},{"damage":22.0,"enemies":"Orb Walker","floor":35.0,"turns":4.0},{"damage":34.0,"enemies":"Giant Head","floor":41.0,"turns":6.0},{"damage":69,"enemies":"Reptomancer","floor":44,"turns":4}],"seed_played":"8415121478420519526","potions_obtained":[{"floor":1.0,"key":"FearPotion"},{"floor":11.0,"key":"blueLaboratory:RememoryPotion"},{"floor":11.0,"key":"Swift Potion"},{"floor":13.0,"key":"EssenceOfDarkness"},{"floor":18.0,"key":"PowerPotion"},{"floor":25.0,"key":"Fruit Juice"},{"floor":35.0,"key":"PotionOfCapacity"}],"is_trial":false,"path_per_floor":["M","?","?","?","M","R","E","R","T","M","?","E","M","?","R","B",null,"M","M","?","$","?","R","?","M","T","R","T","E","$","M","R","B",null,"M","?","?","?","$","R","E","$","T","E"],"character_chosen":"DEFECT","items_purchased":["Juzu Bracelet","conspire:TreasureMap","Metamorphosis","Melter","hubris:BallOfYels","Kunai","DollysMirror","Nunchaku","Transmutation","blueLaboratory:RememoryPotion","All For One","Panacea","Lee\u0027s Waffle","Ball Lightning"],"campfire_rested":5,"item_purchase_floors":[0,0,0,0,0,0,0,21,21,21,30,30,39,42],"current_hp_per_floor":[17,34,71,71,69,69,40,61,61,61,61,51,45,45,66,66,70,64,47,47,47,47,68,68,42,42,64,64,56,56,44,66,56,71,49,49,49,49,83,83,59,59,59,0,0],"gold":34,"neow_bonus":"","is_daily":false,"chose_seed":false,"campfire_upgraded":2,"win_rate":0.0,"timestamp":1612633894,"path_taken":["M","?","?","?","M","R","E","R","T","M","?","E","M","?","R","BOSS","M","M","?","$","?","R","?","M","T","R","?","E","$","M","R","BOSS","M","?","?","?","$","R","E","?","T","E"],"items_purchased_type":["Relic","Relic","Card","Card","Relic","Relic","Relic","Relic","Card","Potion","Card","Card","Relic","Card"],"build_version":"2020-12-22","purchased_purges":0,"victory":false,"max_hp_per_floor":[71,71,71,71,71,71,71,71,71,71,71,71,71,71,71,71,71,71,71,71,71,71,71,71,76,76,76,76,76,76,76,76,76,76,76,76,76,76,83,83,93,93,93,93,93],"card_choices":[{"not_picked":["Sweeping Beam","Steam"],"picked":"BootSequence","floor":1.0},{"not_picked":["Turbo","Biased Cognition"],"picked":"Scrape","floor":5.0},{"not_picked":["Leap","Conserve Battery"],"picked":"Genetic Algorithm","floor":7.0},{"not_picked":["Gash","Sweeping Beam"],"picked":"Conserve Battery","floor":10.0},{"not_picked":["Turbo","Rip and Tear"],"picked":"White Noise","floor":12.0},{"not_picked":["Amplify","Streamline"],"picked":"Redo","floor":13.0},{"not_picked":["hubris:Prefetch","Meteor Strike"],"picked":"Seek","floor":16.0},{"not_picked":["Cold Snap","Go for the Eyes"],"picked":"Sweeping Beam","floor":18.0},{"not_picked":["Turbo","Fusion"],"picked":"Stack","floor":19.0},{"not_picked":["Compile Driver","Rip and Tear"],"picked":"Sweeping Beam+1","floor":25.0},{"not_picked":["Sweeping Beam","Fusion"],"picked":"Leap","floor":29.0},{"not_picked":["Lockon","Sunder"],"picked":"Stack+1","floor":31.0},{"not_picked":["Reboot","hubris:DoWhile"],"picked":"Echo Form","floor":33.0},{"not_picked":["conspire:Rain","Sunder+1"],"picked":"conspire:SharedLibrary+1","floor":35.0},{"not_picked":["hubris:PowerSurge+1","Turbo"],"picked":"Storm","floor":41.0}],"player_experience":5535905,"relics_obtained":[{"floor":7.0,"key":"hubris:CrystalStatue"},{"floor":9.0,"key":"conspire:GlowingRock"},{"floor":12.0,"key":"Anchor"},{"floor":26.0,"key":"Whetstone"},{"floor":28.0,"key":"Singing Bowl"},{"floor":29.0,"key":"conspire:IceCreamScoop"},{"floor":34.0,"key":"Angel_Ring"},{"floor":34.0,"key":"The Courier"},{"floor":34.0,"key":"hubris:CuriousFeather"},{"floor":41.0,"key":"Pear"},{"floor":43.0,"key":"conspire:TopHat"}],"event_choices":[{"damage_healed":17.0,"max_hp_gain":0.0,"max_hp_loss":0.0,"gold_gain":0.0,"event_name":"The Cleric","player_choice":"Healed","floor":2.0,"gold_loss":35.0,"damage_taken":0.0},{"cards_removed":["BootSequence"],"damage_healed":37.0,"max_hp_gain":0.0,"max_hp_loss":0.0,"gold_gain":0.0,"event_name":"Bonfire Elementals","player_choice":"Offered Uncommon","floor":3.0,"gold_loss":0.0,"damage_taken":0.0},{"damage_healed":0.0,"max_hp_gain":0.0,"max_hp_loss":0.0,"gold_gain":0.0,"event_name":"Living Wall","player_choice":"Grow","floor":4.0,"gold_loss":0.0,"damage_taken":0.0,"cards_upgraded":["Metamorphosis"]},{"damage_healed":0.0,"max_hp_gain":0.0,"max_hp_loss":0.0,"gold_gain":0.0,"event_name":"Lab","player_choice":"Got Potions","floor":11.0,"gold_loss":0.0,"damage_taken":0.0},{"damage_healed":0.0,"max_hp_gain":0.0,"max_hp_loss":0.0,"gold_gain":77.0,"event_name":"Golden Wing","player_choice":"Gained Gold","floor":14.0,"gold_loss":0.0,"damage_taken":0.0},{"damage_healed":0.0,"max_hp_gain":0.0,"max_hp_loss":0.0,"gold_gain":0.0,"event_name":"WeMeetAgain","player_choice":"Gave Potion","floor":22.0,"gold_loss":0.0,"damage_taken":0.0,"relics_obtained":["hubris:BottledRain"]},{"damage_healed":0.0,"max_hp_gain":0.0,"max_hp_loss":0.0,"gold_gain":275.0,"event_name":"Golden Shrine","player_choice":"Desecrate","floor":24.0,"gold_loss":0.0,"damage_taken":0.0,"cards_obtained":["Regret"]},{"damage_healed":0.0,"max_hp_gain":0.0,"max_hp_loss":0.0,"gold_gain":0.0,"event_name":"Accursed Blacksmith","player_choice":"Rummage","floor":36.0,"gold_loss":0.0,"damage_taken":0.0,"relics_obtained":["WarpedTongs"],"cards_obtained":["Pain"]},{"cards_removed":["Sweeping Beam"],"damage_healed":0.0,"max_hp_gain":0.0,"max_hp_loss":0.0,"gold_gain":0.0,"event_name":"Falling","player_choice":"Removed Attack","floor":38.0,"gold_loss":0.0,"damage_taken":0.0}],"is_beta":false,"boss_relics":[{"not_picked":["hubris:RunicObelisk","Velvet Choker"],"picked":"Silver_Glasses"},{"not_picked":["conspire:SpecialSausage","conspire:SlowCooker"],"picked":"Calling Bell"}],"items_purged_floors":[],"is_endless":false,"potions_floor_spawned":[1,13,18,25,35],"killed_by":"Reptomancer","ascension_level":17}}