{"host":"640uue19m79c7wbt","time":1612735082,"event":{"mods":["BaseMod","Colored Map","Googly Eyes","Highlight Path","Minty Spire (QoL Compilation)","Quick Restart","StSLib"],"gold_per_floor":[119,119,144,144,7,7,45,45,123,161,161,161,161],"floor_reached":12,"language":"ENG","playtime":532,"items_purged":[],"score":261,"play_id":"a8028dc6-52ee-47b2-8f67-536876787e98","local_time":"20210207165802","is_ascension_mode":true,"campfire_choices":[{"data":"Venomology","floor":6.0,"key":"SMITH"},{"data":"Setup","floor":8.0,"key":"SMITH"},{"data":"Backflip","floor":11,"key":"SMITH"}],"circlet_count":0,"master_deck":["AscendersBane","Strike_G","Strike_G","Strike_G","Strike_G","Strike_G","Defend_G","Defend_G","Defend_G","Defend_G","Defend_G","Survivor","Neutralize","PiercingWail","Setup+1","Venomology+1","Dagger Spray","Backflip+1","Catalyst"],"relics":["Ring of the Snake","NeowsBlessing","Golden Idol","Eternal Feather","Blue Candle","Lantern"],"acts_visited":["Exordium"],"potions_floor_usage":[10,10,10,10,10,12,12],"damage_taken":[{"damage":0.0,"enemies":"Small Slimes","floor":1.0,"turns":1.0},{"damage":0.0,"enemies":"Jaw Worm","floor":3.0,"turns":1.0},{"damage":0.0,"enemies":"3 Sentries","floor":7.0,"turns":2.0},{"damage":0,"enemies":"Gremlin Nob","floor":10,"turns":3},{"damage":26,"enemies":"Lagavulin","floor":12,"turns":8}],"seed_played":"4924437385839824896","potions_obtained":[{"floor":1.0,"key":"Energy Potion"},{"floor":7.0,"key":"EntropicBrew"},{"floor":10,"key":"Block Potion"}],"is_trial":false,"path_per_floor":["M","?","M","?","$","R","E","R","T","E","R","E"],"character_chosen":"THE_SILENT","items_purchased":["Venomology","Dagger Spray"],"campfire_rested":0,"item_purchase_floors":[5,5],"current_hp_per_floor":[59,59,59,52,52,52,52,61,61,61,66,40,40],"gold":161,"neow_bonus":"THREE_ENEMY_KILL","is_daily":false,"chose_seed":false,"campfire_upgraded":3,"win_rate":0.0,"timestamp":1612735082,"path_taken":["M","?","M","?","$","R","E","R","T","E","R","E"],"items_purchased_type":["Card","Card"],"build_version":"2020-12-22","purchased_purges":0,"victory":false,"max_hp_per_floor":[66,66,66,66,66,66,66,66,66,66,66,66,66],"card_choices":[{"not_picked":["Prepared","Skewer"],"picked":"PiercingWail","floor":1.0},{"not_picked":["Skewer","Outmaneuver"],"picked":"Setup","floor":3.0},{"not_picked":["Dodge and Roll","Grand Finale"],"picked":"Backflip","floor":7.0},{"not_picked":["All Out Attack","Riddle With Holes"],"picked":"Catalyst","floor":10}],"player_experience":670022,"relics_obtained":[{"floor":7.0,"key":"Eternal Feather"},{"floor":9.0,"key":"Blue Candle"},{"floor":10,"key":"Lantern"}],"event_choices":[{"damage_healed":0.0,"max_hp_gain":0.0,"max_hp_loss":0.0,"gold_gain":0.0,"event_name":"Golden Idol","player_choice":"Take Wound","floor":2.0,"gold_loss":0.0,"damage_taken":0.0,"relics_obtained":["Golden Idol"],"cards_obtained":["Injury"]},{"cards_removed":["Injury"],"damage_healed":0.0,"max_hp_gain":0.0,"max_hp_loss":0.0,"gold_gain":0.0,"event_name":"Golden Wing","player_choice":"Card Removal","floor":4.0,"gold_loss":0.0,"damage_taken":7.0}],"is_beta":false,"boss_relics":[],"items_purged_floors":[],"is_endless":false,"potions_floor_spawned":[1,7,10],"killed_by":"Lagavulin","ascension_level":19}}