{"host":"lmshf3swj20gmdor","time":1612676916,"event":{"mods":["2.2 Compatiblity","BaseMod","Conspire","Downfall","Googly Eyes","Hubris","Minty Spire (QoL Compilation)","Replay The Spire","Spikes Relics","StSLib","Synergy Search","The Servant 0.9.4"],"gold_per_floor":[99,116,127,127,141,155,180,212,231,245,245,262,262,289,307,404,404,304,322,322,597,611,272,272,289,189,205,235,235,235,235,235],"floor_reached":30,"language":"ENG","playtime":1203,"items_purged":["Regret"],"score":318,"play_id":"77a359ad-1c6c-4a54-adae-0f5c5ba55bbf","local_time":"20210207054836","is_ascension_mode":true,"campfire_choices":[{"floor":13,"key":"REST"},{"floor":18,"key":"RECALL"},{"data":"bronze:RecursiveStrike","floor":26,"key":"SMITH"}],"circlet_count":0,"master_deck":["bronze:Strike","bronze:Strike","bronze:Strike","bronze:Strike","bronze:Defend","bronze:Defend","bronze:Defend","bronze:Defend","bronze:Replicate+1","bronze:Goto","bronze:BugBarrage+1","bronze:BuggyMess","bronze:FollowUp","bronze:Philosophize","bronze:Optimize","bronze:Constructor","bronze:Shield","bronze:ItsAFeature","bronze:WildBeam","bronze:RecursiveStrike+1","bronze:Separator","bronze:Philosophize","bronze:FineTuning+1"],"relics":["bronze:BronzeCore","Simple Rune","MealTicket","Anchor","RollingBoulder","Whetstone","Busted Crown","downfall:HeartBlessingGreen","Toxic Egg 2","FossilizedHelix","downfall:HeartBlessingRed","Ginger"],"acts_visited":["Exordium","TheCity"],"potions_floor_usage":[12,14,27,28,28,28],"damage_taken":[{"damage":11,"enemies":"conspire:RoseBush","floor":2,"turns":3},{"damage":5,"enemies":"Cultist","floor":3,"turns":4},{"damage":2,"enemies":"Jaw Worm","floor":5,"turns":3},{"damage":12,"enemies":"Large Slime","floor":6,"turns":6},{"damage":8,"enemies":"3 Sentries","floor":8,"turns":6},{"damage":12,"enemies":"Exordium Thugs","floor":9,"turns":5},{"damage":5,"enemies":"Blue Slaver","floor":10,"turns":3},{"damage":13,"enemies":"Exordium Wildlife","floor":12,"turns":3},{"damage":6,"enemies":"Lagavulin","floor":14,"turns":6},{"damage":0,"enemies":"Gremlin Gang","floor":15,"turns":5},{"damage":50,"enemies":"WA_ARCHETYPE_RETAIN","floor":16,"turns":8},{"damage":0,"enemies":"Shell Parasite","floor":19,"turns":4},{"damage":20,"enemies":"3 Byrds","floor":22,"turns":5},{"damage":1,"enemies":"downfall:FleeingMerchant","floor":23,"turns":4},{"damage":23,"enemies":"conspire:HollyBat","floor":25,"turns":7},{"damage":39,"enemies":"Snake Plant","floor":27,"turns":6},{"damage":0,"enemies":"conspire:Head Lice","floor":28,"turns":5},{"damage":15,"enemies":"Shelled Parasite and Fungi","floor":30,"turns":3}],"seed_played":"2986798062770562918","potions_obtained":[{"floor":5,"key":"Adrenaline Potion"},{"floor":8,"key":"Energy Potion"},{"floor":10,"key":"Weak Potion"},{"floor":14,"key":"FairyPotion"},{"floor":16,"key":"BlessingOfTheForge"},{"floor":19,"key":"ColorlessPotion"},{"floor":27,"key":"Block Potion"}],"is_trial":false,"path_per_floor":["R","M","M","?","M","M","T","E","M","M","T","M","R","E","M","B",null,"R","M","?","?","M","$","T","M","R","M","E","?","M"],"character_chosen":"THE_AUTOMATON","items_purchased":["Toxic Egg 2"],"campfire_rested":1,"item_purchase_floors":[23],"current_hp_per_floor":[70,59,54,54,52,40,40,32,20,15,15,2,23,17,17,1,70,70,70,70,70,50,64,64,41,41,2,2,2,0,0,0],"gold":235,"neow_bonus":"RANDOM_COMMON_RELIC","is_daily":false,"chose_seed":false,"campfire_upgraded":1,"win_rate":0.0,"timestamp":1612676916,"path_taken":["R","M","M","?","?","?","T","E","M","M","?","M","R","E","M","BOSS","R","M","?","?","M","$","T","?","R","M","E","?","M"],"items_purchased_type":["Relic"],"build_version":"2020-12-22","purchased_purges":1,"victory":false,"max_hp_per_floor":[70,70,70,70,70,70,70,70,70,70,70,70,70,70,70,70,70,70,70,70,70,70,70,70,70,70,70,70,70,70,70,70],"card_choices":[{"not_picked":["bronze:BronzeOrb","bronze:Refactor"],"picked":"bronze:BugBarrage","floor":2},{"not_picked":["bronze:CutThrough","bronze:DelayedSlice","bronze:NullPointer"],"picked":"SKIP","floor":3},{"not_picked":["bronze:DelayedSlice","bronze:DelayedGuard"],"picked":"bronze:BuggyMess","floor":5},{"not_picked":["bronze:Terminator","bronze:DelayedGuard"],"picked":"bronze:FollowUp","floor":6},{"not_picked":["bronze:Terminator","bronze:Iterate"],"picked":"bronze:Philosophize","floor":8},{"not_picked":["bronze:DelayedGuard","bronze:Format"],"picked":"bronze:Optimize","floor":9},{"not_picked":["bronze:WildBeam","bronze:Shield"],"picked":"bronze:Constructor","floor":10},{"not_picked":["bronze:ForLoop","bronze:CutThrough"],"picked":"bronze:Shield","floor":12},{"not_picked":["bronze:Overheat","bronze:Turbo"],"picked":"bronze:ItsAFeature","floor":14},{"not_picked":["bronze:BronzeOrb","bronze:Deprecate"],"picked":"bronze:WildBeam","floor":15},{"not_picked":["bronze:Format","bronze:Break"],"picked":"bronze:RecursiveStrike","floor":16},{"not_picked":["bronze:Overheat"],"picked":"SKIP","floor":19},{"not_picked":[],"picked":"bronze:Philosophize","floor":22},{"not_picked":["bronze:DelayedGuard"],"picked":"SKIP","floor":23},{"not_picked":["bronze:CutThrough"],"picked":"SKIP","floor":25},{"not_picked":[],"picked":"bronze:FineTuning+1","floor":27},{"not_picked":["bronze:CloningBeam"],"picked":"SKIP","floor":28}],"player_experience":790504,"relics_obtained":[{"floor":7,"key":"MealTicket"},{"floor":8,"key":"Anchor"},{"floor":11,"key":"RollingBoulder"},{"floor":14,"key":"Whetstone"},{"floor":24,"key":"FossilizedHelix"},{"floor":28,"key":"Ginger"}],"event_choices":[{"damage_healed":0,"gold_gain":0,"player_choice":"Read","damage_taken":0,"max_hp_gain":0,"max_hp_loss":0,"event_name":"The Library","floor":20,"gold_loss":0,"cards_obtained":["bronze:Separator"]}],"is_beta":false,"boss_relics":[{"not_picked":["Runic Dome","bronze:ElectromagneticCoil"],"picked":"Busted Crown"}],"items_purged_floors":[23],"is_endless":false,"potions_floor_spawned":[5,8,10,14,16,19,25,27],"killed_by":"Shelled Parasite and Fungi","ascension_level":2}}