{"host":"lehbxtjrpalkmwwj","time":1612698955,"event":{"mods":["Aspiration","BaseMod","Colored Map","Colored Powertips","Conspire","GungeonMod","KomeijiMod","Lobotomy","Minty Spire (QoL Compilation)","Quick Restart","Replay The Spire","Shop Mod","StSLib","The Cursed","The Poker Player","[IsaacMod]ÒÔÈö¼âËþ"],"gold_per_floor":[138,172,216,216,101,108,122,122],"floor_reached":7,"language":"ZHS","playtime":229,"items_purged":[],"score":95,"play_id":"31d28543-b811-4e17-9ea7-f0bd533aec2b","local_time":"20210207195555","is_ascension_mode":true,"campfire_choices":[],"circlet_count":0,"master_deck":["conspire:GhostlyStrike","conspire:GhostlyStrike","conspire:GhostlyStrike","conspire:GhostlyStrike","conspire:GhostlyDefend","conspire:GhostlyDefend","conspire:GhostlyDefend","conspire:GhostlyDefend","Zap","Dualcast","EpicFetus","Loop","BasicCrystalCard","Ball Lightning"],"relics":["HushsDoor","aspiration:FutureDiary","SalivaCoin","Happy Flower","DemoMod:GnawedKey","Golden Idol"],"acts_visited":["Exordium"],"potions_floor_usage":[7],"damage_taken":[{"damage":9,"enemies":"Jaw Worm","floor":1,"turns":5},{"damage":7,"enemies":"2 Louse","floor":2,"turns":3},{"damage":22,"enemies":"conspire:MimicChest","floor":3,"turns":4},{"damage":14,"enemies":"3 Sentries","floor":7,"turns":3}],"seed_played":"2602257045103592544","potions_obtained":[{"floor":1,"key":"ColorlessPotion"}],"is_trial":false,"path_per_floor":["M","M","?","?","$","?","E"],"character_chosen":"DEFECT","items_purchased":["DemoMod:GnawedKey"],"campfire_rested":0,"item_purchase_floors":[5],"current_hp_per_floor":[66,59,37,37,37,19,5,5],"gold":122,"neow_bonus":"BOSS_RELIC","is_daily":false,"chose_seed":false,"campfire_upgraded":0,"win_rate":0.0,"timestamp":1612698955,"path_taken":["M","M","?","?","$","?","E"],"items_purchased_type":["Relic"],"build_version":"2020-12-22","purchased_purges":0,"victory":false,"max_hp_per_floor":[75,75,75,75,75,75,75,75],"card_choices":[{"not_picked":[],"picked":"EpicFetus","floor":0.0},{"not_picked":["Cold Snap","Glacier"],"picked":"Loop","floor":1},{"not_picked":["Beam Cell","Leap"],"picked":"BasicCrystalCard","floor":2},{"not_picked":["Turbo","Go for the Eyes"],"picked":"Ball Lightning","floor":3}],"player_experience":139470,"relics_obtained":[{"floor":3,"key":"Happy Flower"}],"event_choices":[{"damage_healed":0,"gold_gain":0,"player_choice":"Agree","damage_taken":0,"max_hp_gain":0,"max_hp_loss":0,"event_name":"conspire:LoneGhost","floor":4,"gold_loss":0},{"damage_healed":0,"gold_gain":0,"player_choice":"Take Damage","damage_taken":18,"relics_obtained":["Golden Idol"],"max_hp_gain":0,"max_hp_loss":0,"event_name":"Golden Idol","floor":6,"gold_loss":0}],"is_beta":false,"boss_relics":[],"items_purged_floors":[],"is_endless":false,"potions_floor_spawned":[1],"killed_by":"3 Sentries","ascension_level":3}}