{"host":"utqe55yv0jihe4d6","time":1612720186,"event":{"mods":["2.2 Compatiblity","AchievementEnabler","BaseMod","Block Reminder","Colored Map","Colored Powertips","Minty Spire (QoL Compilation)","Quick Restart","Rare Cards Sparkle","Relic Stats","SuperFastMode"],"gold_per_floor":[116,131,141,156,166,166,192,192,192,192,209,223,223,254,254,331,331,342,38,38,38,63,63,88,88,165,191,8,8,19,19,19,95,95,111,125,140,160,179,209,209,238,292,292,321,211,53,66,66,66,66],"floor_reached":50,"language":"ENG","playtime":1708,"items_purged":["Strike_R","Strike_R"],"score":1160,"play_id":"a23a4569-860b-47e7-a225-dd3580343b27","local_time":"20210207124946","is_ascension_mode":true,"campfire_choices":[{"data":"Uppercut","floor":6.0,"key":"SMITH"},{"floor":8.0,"key":"REST"},{"data":"Dropkick","floor":10.0,"key":"SMITH"},{"data":"True Grit","floor":13.0,"key":"SMITH"},{"data":"Dual Wield","floor":15.0,"key":"SMITH"},{"floor":23.0,"key":"REST"},{"floor":25.0,"key":"REST"},{"floor":29.0,"key":"REST"},{"floor":32.0,"key":"REST"},{"floor":41.0,"key":"REST"},{"floor":49.0,"key":"RECALL"}],"circlet_count":0,"master_deck":["AscendersBane","Strike_R","Strike_R","Strike_R","Defend_R","Defend_R","Defend_R","Defend_R","Bash","Double Tap","Uppercut+1","Dropkick+1","Rampage","Dropkick","Corruption","True Grit+1","Spot Weakness","Dual Wield+1","Immolate+1","Pommel Strike+1","RitualDagger+1","Double Tap+1","Inflame","Inflame","Dropkick+1","Reaper+1","Flame Barrier","Warcry+1","Shrug It Off+1","Dark Embrace","True Grit+1","Inflame"],"relics":["Burning Blood","Molten Egg 2","Pantograph","Paper Frog","Fusion Hammer","ClockworkSouvenir","Red Mask","Blood Vial","Question Card","Nunchaku","Cursed Key","Pen Nib","Dream Catcher","Bag of Marbles","Medical Kit"],"acts_visited":["Exordium","TheCity","TheBeyond"],"potions_floor_usage":[],"damage_taken":[{"damage":7.0,"enemies":"Cultist","floor":1.0,"turns":4.0},{"damage":4.0,"enemies":"Small Slimes","floor":2.0,"turns":3.0},{"damage":9.0,"enemies":"Jaw Worm","floor":3.0,"turns":4.0},{"damage":36.0,"enemies":"Large Slime","floor":4.0,"turns":7.0},{"damage":5.0,"enemies":"2 Fungi Beasts","floor":5.0,"turns":3.0},{"damage":8.0,"enemies":"Gremlin Nob","floor":7.0,"turns":3.0},{"damage":7.0,"enemies":"Exordium Thugs","floor":11.0,"turns":5.0},{"damage":7.0,"enemies":"3 Louse","floor":12.0,"turns":4.0},{"damage":20.0,"enemies":"Lagavulin","floor":14.0,"turns":5.0},{"damage":45.0,"enemies":"Slime Boss","floor":16.0,"turns":9.0},{"damage":15.0,"enemies":"Spheric Guardian","floor":18.0,"turns":5.0},{"damage":17.0,"enemies":"Masked Bandits","floor":22.0,"turns":3.0},{"damage":38.0,"enemies":"Gremlin Leader","floor":24.0,"turns":5.0},{"damage":40.0,"enemies":"Slavers","floor":27.0,"turns":4.0},{"damage":10.0,"enemies":"Shell Parasite","floor":30.0,"turns":2.0},{"damage":46.0,"enemies":"Collector","floor":33.0,"turns":8.0},{"damage":12.0,"enemies":"Orb Walker","floor":35.0,"turns":2.0},{"damage":33.0,"enemies":"3 Darklings","floor":36.0,"turns":5.0},{"damage":32.0,"enemies":"Sphere and 2 Shapes","floor":37.0,"turns":6.0},{"damage":20.0,"enemies":"Spire Growth","floor":38.0,"turns":5.0},{"damage":5.0,"enemies":"Maw","floor":39.0,"turns":5.0},{"damage":68.0,"enemies":"Reptomancer","floor":40.0,"turns":7.0},{"damage":7.0,"enemies":"Giant Head","floor":42.0,"turns":4.0},{"damage":18.0,"enemies":"Nemesis","floor":45.0,"turns":5.0},{"damage":11.0,"enemies":"Jaw Worm Horde","floor":48.0,"turns":2.0},{"damage":95,"enemies":"Awakened One","floor":50,"turns":12}],"seed_played":"-2932362911678369778","potions_obtained":[{"floor":1.0,"key":"FearPotion"},{"floor":7.0,"key":"BlessingOfTheForge"},{"floor":11.0,"key":"AttackPotion"},{"floor":16.0,"key":"HeartOfIron"},{"floor":22.0,"key":"EssenceOfSteel"},{"floor":27.0,"key":"PowerPotion"},{"floor":30.0,"key":"Regen Potion"},{"floor":42.0,"key":"SteroidPotion"}],"is_trial":false,"path_per_floor":["M","M","M","M","M","R","E","R","T","R","M","M","R","E","R","B",null,"M","$","?","?","?","R","E","R","T","E","$","R","M","?","R","B",null,"M","M","M","M","M","E","R","E","T","?","E","?","$","M","R","B"],"character_chosen":"IRONCLAD","items_purchased":["ClockworkSouvenir","Explosive Potion","Inflame","Medical Kit"],"campfire_rested":6,"item_purchase_floors":[19,19,28,47],"current_hp_per_floor":[67,69,66,36,37,37,35,57,57,57,56,55,55,41,41,27,63,54,54,54,48,37,59,27,49,49,17,17,39,37,16,40,27,67,63,38,42,45,76,53,77,80,80,76,64,64,64,61,61,0,0],"gold":66,"neow_bonus":"ONE_RANDOM_RARE_CARD","is_daily":false,"chose_seed":false,"campfire_upgraded":4,"win_rate":0.0,"timestamp":1612720186,"path_taken":["M","?","M","M","M","R","E","R","T","R","M","M","R","E","R","BOSS","M","$","?","?","?","R","E","R","T","E","$","R","?","?","R","BOSS","M","M","M","M","M","E","R","E","T","?","E","?","$","M","R","BOSS"],"items_purchased_type":["Relic","Potion","Card","Relic"],"build_version":"2020-12-22","purchased_purges":2,"victory":false,"max_hp_per_floor":[75,75,75,75,75,75,75,75,75,75,75,75,75,75,75,75,75,75,75,75,75,75,75,75,75,75,75,75,75,75,80,80,80,80,80,80,80,80,80,80,80,80,80,76,76,76,76,76,76,76,76],"relic_stats":{"Blood Vial":24,"Nunchaku":[14],"Dream Catcher":0,"counters":[26,127],"Pantograph":63,"Pen Nib":[5],"Question Card":12,"Cursed Key":1,"Medical Kit":[0],"obtain_stats":[{"Pen Nib":40,"Question Card":26,"Cursed Key":34,"Medical Kit":47,"Burning Blood":0,"ClockworkSouvenir":19,"Blood Vial":24,"Nunchaku":27,"Dream Catcher":42,"Pantograph":9,"Molten Egg 2":7,"Fusion Hammer":17,"Red Mask":22,"Bag of Marbles":45,"Paper Frog":14},{"Pen Nib":22,"Question Card":13,"Cursed Key":16,"Medical Kit":24,"Burning Blood":0,"ClockworkSouvenir":11,"Blood Vial":13,"Nunchaku":14,"Dream Catcher":23,"Pantograph":6,"Molten Egg 2":6,"Fusion Hammer":10,"Red Mask":12,"Bag of Marbles":24,"Paper Frog":9},{"Pen Nib":104,"Question Card":60,"Cursed Key":74,"Medical Kit":113,"Burning Blood":0,"ClockworkSouvenir":52,"Blood Vial":60,"Nunchaku":64,"Dream Catcher":108,"Pantograph":24,"Molten Egg 2":24,"Fusion Hammer":47,"Red Mask":55,"Bag of Marbles":113,"Paper Frog":38}],"Burning Blood":144},"card_choices":[{"not_picked":["Body Slam","Headbutt"],"picked":"Uppercut","floor":1.0},{"not_picked":["Sword Boomerang","Clothesline"],"picked":"Dropkick","floor":2.0},{"not_picked":["Seeing Red","Iron Wave","Anger"],"picked":"SKIP","floor":3.0},{"not_picked":["Iron Wave","True Grit"],"picked":"Rampage","floor":4.0},{"not_picked":["Havoc","Pummel"],"picked":"Dropkick","floor":5.0},{"not_picked":["Intimidate","Fire Breathing"],"picked":"Corruption","floor":7.0},{"not_picked":["Iron Wave+1","Evolve"],"picked":"True Grit","floor":11.0},{"not_picked":["Shockwave","Power Through"],"picked":"Spot Weakness","floor":12.0},{"not_picked":["Clash+1","Reckless Charge+1"],"picked":"Dual Wield","floor":14.0},{"not_picked":["Limit Break","Demon Form"],"picked":"Immolate+1","floor":16.0},{"not_picked":["Searing Blow+1","Blood for Blood+1"],"picked":"Pommel Strike+1","floor":18.0},{"not_picked":["Wild Strike+1","Twin Strike+1"],"picked":"Double Tap","floor":24.0},{"not_picked":["Body Slam+1","Sentinel","Anger+1"],"picked":"Inflame","floor":27.0},{"not_picked":["True Grit","Seeing Red","Shrug It Off"],"picked":"Dropkick+1","floor":30.0},{"not_picked":["Fiend Fire+1","Juggernaut","Brutality"],"picked":"Reaper+1","floor":33.0},{"not_picked":["Seeing Red","Perfected Strike+1","Body Slam+1"],"picked":"Flame Barrier","floor":35.0},{"not_picked":["Sever Soul+1","Clothesline+1","Uppercut+1"],"picked":"Warcry+1","floor":36.0},{"not_picked":["Flex","Rage","Perfected Strike+1"],"picked":"Shrug It Off+1","floor":37.0},{"not_picked":["Armaments","Sword Boomerang+1","Rampage+1"],"picked":"Dark Embrace","floor":38.0},{"not_picked":["Metallicize","Twin Strike+1","Inflame","Perfected Strike+1"],"picked":"SKIP","floor":39.0},{"not_picked":["Havoc","Clothesline+1","Whirlwind+1","Headbutt+1"],"picked":"SKIP","floor":40.0},{"not_picked":["Infernal Blade","Double Tap","Fire Breathing+1","Pummel+1"],"picked":"SKIP","floor":42.0},{"not_picked":["Pommel Strike+1","Body Slam+1","Blood for Blood+1"],"picked":"True Grit+1","floor":45.0},{"not_picked":["Whirlwind+1","Armaments","Entrench"],"picked":"Inflame","floor":48.0}],"player_experience":3046088,"relics_obtained":[{"floor":7.0,"key":"Molten Egg 2"},{"floor":9.0,"key":"Pantograph"},{"floor":14.0,"key":"Paper Frog"},{"floor":22.0,"key":"Red Mask"},{"floor":24.0,"key":"Blood Vial"},{"floor":26.0,"key":"Question Card"},{"floor":27.0,"key":"Nunchaku"},{"floor":40.0,"key":"Pen Nib"},{"floor":42.0,"key":"Dream Catcher"},{"floor":45.0,"key":"Bag of Marbles"}],"event_choices":[{"damage_healed":0.0,"max_hp_gain":0.0,"max_hp_loss":0.0,"gold_gain":0.0,"event_name":"Ghosts","player_choice":"Ignored","floor":20.0,"gold_loss":0.0,"damage_taken":0.0},{"damage_healed":0.0,"max_hp_gain":0.0,"max_hp_loss":0.0,"gold_gain":0.0,"event_name":"Nest","player_choice":"Joined the Cult","floor":21.0,"gold_loss":0.0,"damage_taken":6.0,"cards_obtained":["RitualDagger"]},{"damage_healed":0.0,"max_hp_gain":0.0,"max_hp_loss":0.0,"gold_gain":0.0,"event_name":"Masked Bandits","player_choice":"Fought Bandits","floor":22.0,"gold_loss":0.0,"damage_taken":0.0},{"damage_healed":0.0,"max_hp_gain":5.0,"max_hp_loss":0.0,"gold_gain":0.0,"event_name":"Forgotten Altar","player_choice":"Shed Blood","floor":31.0,"gold_loss":0.0,"damage_taken":26.0},{"damage_healed":0.0,"max_hp_gain":0.0,"max_hp_loss":4.0,"gold_gain":0.0,"event_name":"Winding Halls","player_choice":"Max HP","floor":44.0,"gold_loss":0.0,"damage_taken":0.0},{"cards_removed":["Writhe"],"damage_healed":0.0,"max_hp_gain":0.0,"max_hp_loss":0.0,"gold_gain":0.0,"event_name":"Designer","player_choice":"Upgrade and Remove","floor":46.0,"gold_loss":110.0,"damage_taken":0.0,"cards_upgraded":["Double Tap"]}],"is_beta":false,"boss_relics":[{"not_picked":["Tiny House","Busted Crown"],"picked":"Fusion Hammer"},{"not_picked":["Black Star","Empty Cage"],"picked":"Cursed Key"}],"items_purged_floors":[19,28],"is_endless":false,"potions_floor_spawned":[1,7,11,12,16,22,27,30,38,39,42],"killed_by":"Awakened One","ascension_level":20}}