{"host":"iv8ljmz7si0xetfh","time":1612718321,"event":{"mods":["100% Spire Juice","BaseMod","Bestiary","Better Note","Colored Map","Colored Powertips","Dark Map","DeckTracker","Displayed Cursed Tome","Downfall","Highlight Path","Minty Spire (QoL Compilation)","Prisma Mod","Rare Cards Sparkle","Relic Stats","StSLib","The Alterego","Unceasing Turn Reminder"],"gold_per_floor":[99,111,111,121,0,27,52,78,98,118,18,47,47,67,82,153,153,53,65,118,151,165,165,216,216,242,118,128,128,128,161,172,247,274,174,191,204,204,204,204,228,239,239,239,239,311,311,321,339,425,425,458,139,139,216,296],"floor_reached":57,"language":"ENG","playtime":3443,"items_purged":["Vengeance","AscendersBane","AscendersBane","champ:EnGarde"],"score":3156,"play_id":"0e03fc5f-3b30-493c-bf14-a5b77ef3149f","local_time":"20210207171841","daily_mods":["Draft","Hoarder","Vintage","Heirloom","Time Dilation","Flight","DeadlyEvents"],"is_ascension_mode":true,"campfire_choices":[{"data":"alterego_mod:Valentines","floor":1,"key":"SMITH"},{"data":"alterego_mod:Valentines","floor":11,"key":"SMITH"},{"floor":13,"key":"RECALL"},{"data":"PrismaMod:ChloeCaladbolg","floor":18,"key":"SMITH"},{"data":"PrismaMod:ChloeCaladbolg","floor":23,"key":"SMITH"},{"data":"PrismaMod:ChloeCaladbolg","floor":25,"key":"SMITH"},{"data":"alterego_mod:Belts","floor":30,"key":"SMITH"},{"data":"alterego_mod:Belts","floor":35,"key":"SMITH"},{"data":"alterego_mod:Mirror","floor":40,"key":"SMITH"},{"data":"alterego_mod:Mirror","floor":44,"key":"SMITH"},{"data":"alterego_mod:Mirror","floor":45,"key":"SMITH"},{"data":"alterego_mod:Birthday","floor":47,"key":"SMITH"},{"data":"alterego_mod:ClassAdvantage","floor":54,"key":"SMITH"}],"circlet_count":0,"master_deck":["AscendersBane","alterego_mod:Birthday","alterego_mod:Birthday","alterego_mod:Birthday","PrismaMod:ChloeRhongomyniad","PrismaMod:ChloeRhongomyniad","PrismaMod:ChloeRhongomyniad+1","alterego_mod:Valentines","alterego_mod:Valentines+1","alterego_mod:Valentines+1","alterego_mod:BiFurious","alterego_mod:BiFurious","alterego_mod:BiFurious","PrismaMod:ChloeCaladbolg+1","PrismaMod:ChloeCaladbolg+1","PrismaMod:ChloeCaladbolg+1","alterego_mod:Birthday+1","alterego_mod:Birthday+1","alterego_mod:Birthday+1","PrismaMod:ChloeCheapDefendTwo","PrismaMod:ChloeCheapDefendTwo","PrismaMod:ChloeCheapDefendTwo","alterego_mod:Mirror+1","alterego_mod:Mirror+1","alterego_mod:Mirror+1","alterego_mod:BiFurious","alterego_mod:BiFurious","alterego_mod:BiFurious+1","alterego_mod:Belts+1","alterego_mod:Belts+1","alterego_mod:1TonWallop","alterego_mod:1TonWallop","alterego_mod:1TonWallop","alterego_mod:Bounce","alterego_mod:Bounce","alterego_mod:Bounce","PrismaMod:ChloeCheapAttackTwo","PrismaMod:ChloeCheapAttackTwo","PrismaMod:ChloeCheapAttackTwo","PrismaMod:ChloeCheapDefend","PrismaMod:ChloeCheapDefend","PrismaMod:ChloeCheapDefend+1","PrismaMod:ChloeCheapAttack","PrismaMod:ChloeCheapAttack","PrismaMod:ChloeCheapAttack","alterego_mod:Lift","alterego_mod:Lift","PrismaMod:ChloeGaeBolg+1","PrismaMod:ChloeGaeBolg+1","PrismaMod:ChloeGaeBolg+1","PrismaMod:ChloeCheapAttack+1","PrismaMod:ChloeCheapAttack+1","PrismaMod:ChloeCheapAttack+1","PrismaMod:ChloeCarnivalAttack+1","PrismaMod:ChloeCarnivalAttack+1","PrismaMod:ChloeCarnivalAttack+1","PrismaMod:ChloeExhaustTwo+1","PrismaMod:ChloeExhaustTwo+1","PrismaMod:ChloeExhaustTwo+1","alterego_mod:SakuraLabyrinth+1","alterego_mod:SakuraLabyrinth+1","alterego_mod:SakuraLabyrinth+1","alterego_mod:ClassAdvantage+1","alterego_mod:ClassAdvantage","alterego_mod:ClassAdvantage+1","alterego_mod:Bounce+1","alterego_mod:Bounce+1","alterego_mod:Bounce+1","PrismaMod:ChloeAnyPowerTrace","PrismaMod:ChloeAnyPowerTrace","PrismaMod:ChloeAnyPowerTrace"],"relics":["PrismaMod:PrismaTraceOn","Ice Cream","Prayer Wheel","Blue Candle","Oddly Smooth Stone","Nunchaku","Bag of Marbles","Odd Mushroom","downfall:HeartBlessingBlue","Omamori","Bag of Preparation","Singing Bowl","expansioncontent:StudyCardRelic","downfall:HeartBlessingRed","sneckomod:BlankCard","Slimebound:StickyStick","Lizard Tail","Molten Egg 2","Akabeko","Blood Vial","champ:Barbells","Shuriken","CeramicFish","Letter Opener","Astrolabe","downfall:HeartBlessingGreen","Bottled Lightning","Tiny Chest","HornCleat","Guardian:PocketSentry","Mummified Hand","Sundial","Strawberry","Gremlin Horn","Ginger","Bottled Tornado"],"acts_visited":["Exordium","TheCity","TheBeyond","TheEnding"],"potions_floor_usage":[32,33],"damage_taken":[{"damage":9,"enemies":"Jaw Worm","floor":2,"turns":2},{"damage":3,"enemies":"Cultist","floor":4,"turns":3},{"damage":0,"enemies":"downfall:FleeingMerchant","floor":5,"turns":4},{"damage":0,"enemies":"Lagavulin","floor":6,"turns":4},{"damage":16,"enemies":"3 Sentries","floor":8,"turns":3},{"damage":0,"enemies":"Small Slimes","floor":9,"turns":1},{"damage":4,"enemies":"The Mushroom Lair","floor":10,"turns":1},{"damage":27,"enemies":"Lagavulin","floor":12,"turns":6},{"damage":0,"enemies":"Blue Slaver","floor":14,"turns":1},{"damage":0,"enemies":"Exordium Thugs","floor":15,"turns":1},{"damage":35,"enemies":"DF_ARCHETYPE_STREAMLINE","floor":16,"turns":10},{"damage":0,"enemies":"Chosen","floor":19,"turns":2},{"damage":0,"enemies":"Gremlin Leader","floor":21,"turns":3},{"damage":4,"enemies":"3 Byrds","floor":22,"turns":1},{"damage":0,"enemies":"Slavers","floor":26,"turns":1},{"damage":8,"enemies":"downfall:FleeingMerchant","floor":27,"turns":3},{"damage":0,"enemies":"Centurion and Healer","floor":28,"turns":1},{"damage":10,"enemies":"Book of Stabbing","floor":31,"turns":2},{"damage":0,"enemies":"Snecko","floor":32,"turns":2},{"damage":15,"enemies":"SI_MIRROR_ARCHETYPE","floor":33,"turns":4},{"damage":26,"enemies":"3 Shapes","floor":36,"turns":1},{"damage":0,"enemies":"Orb Walker","floor":37,"turns":1},{"damage":0,"enemies":"Transient","floor":42,"turns":3},{"damage":9,"enemies":"4 Shapes","floor":48,"turns":1},{"damage":0,"enemies":"Spire Growth","floor":49,"turns":2},{"damage":6,"enemies":"WA_ARCHETYPE_DIVINITY","floor":50,"turns":5},{"damage":0,"enemies":"downfall:CharBossMerchant","floor":52,"turns":3},{"damage":6,"enemies":"downfall:NeowBoss","floor":55,"turns":4},{"damage":44,"enemies":"downfall:NeowBossFinal","floor":56,"turns":4}],"seed_played":"6920521633888980160","potions_obtained":[{"floor":2,"key":"LiquidMemories"},{"floor":6,"key":"Ancient Potion"},{"floor":8,"key":"GamblersBrew"},{"floor":32,"key":"FairyPotion"},{"floor":33,"key":"Dexterity Potion"}],"is_trial":true,"path_per_floor":["R","M","?","M","$","E","T","E","M","?","R","E","R","M","M","B",null,"R","M","T","E","M","R","T","R","E","$","M","$","R","E","M","B",null,"R","M","M","?","?","R","T","M","$","R","R","T","R","M","M","B",null,"E","$","R","B","B",null],"character_chosen":"CHLOE","items_purchased":["champ:Barbells","PrismaMod:ChloeCheapAttack+1","alterego_mod:Bounce+1","Bottled Tornado"],"campfire_rested":0,"item_purchase_floors":[27,27,53,53],"current_hp_per_floor":[64,57,71,68,71,71,71,57,59,55,65,55,55,62,66,50,73,73,75,75,83,79,79,79,79,79,83,85,85,85,77,83,88,89,89,63,72,72,72,72,72,83,83,83,83,83,83,96,96,96,96,98,98,98,100,68],"gold":296,"neow_bonus":"","is_daily":false,"chose_seed":false,"campfire_upgraded":12,"win_rate":0.0,"timestamp":1612718321,"path_taken":["R","M","?","M","?","?","T","E","?","?","R","?","R","?","M","BOSS","R","M","?","?","?","R","T","R","?","$","?","?","R","E","M","BOSS","R","M","M","?","?","R","T","?","$","R","R","?","R","?","M","BOSS","E","$","R","BOSS","BOSS"],"items_purchased_type":["Relic","Card","Card","Relic"],"build_version":"2020-12-22","purchased_purges":4,"victory":true,"max_hp_per_floor":[71,71,71,71,71,71,71,71,71,71,81,81,81,81,81,81,81,81,81,81,83,83,83,83,83,83,85,85,85,85,87,87,89,89,89,89,89,89,89,89,89,89,89,89,89,89,89,96,96,96,96,98,98,98,100,100],"relic_stats":{"Singing Bowl":12,"Gremlin Horn":[4,4],"counters":[29,78],"Blue Candle":[6],"CeramicFish":54,"Astrolabe":["PrismaMod:ChloeCarnivalAttack","PrismaMod:ChloeExhaustTwo","alterego_mod:SakuraLabyrinth"],"Bag of Preparation":[40],"Letter Opener":[109],"Ginger":[4],"Blood Vial":14,"Nunchaku":[28],"Lizard Tail":0,"Shuriken":[49],"Mummified Hand":[18],"Sundial":[0],"Prayer Wheel":0,"Tiny Chest":1,"obtain_stats":[{"Ice Cream":0,"Singing Bowl":15,"Gremlin Horn":49,"sneckomod:BlankCard":19,"CeramicFish":31,"downfall:HeartBlessingGreen":35,"Bag of Preparation":14,"expansioncontent:StudyCardRelic":17,"Ginger":52,"Bottled Tornado":53,"PrismaMod:PrismaTraceOn":0,"Blood Vial":26,"Nunchaku":8,"Lizard Tail":21,"HornCleat":38,"downfall:HeartBlessingBlue":11,"Slimebound:StickyStick":20,"Mummified Hand":42,"Sundial":46,"Strawberry":48,"Prayer Wheel":2,"Tiny Chest":37,"champ:Barbells":27,"downfall:HeartBlessingRed":18,"Blue Candle":4,"Astrolabe":34,"Oddly Smooth Stone":6,"Omamori":12,"Guardian:PocketSentry":41,"Letter Opener":32,"Odd Mushroom":10,"Akabeko":24,"Shuriken":28,"Molten Egg 2":22,"Bag of Marbles":9,"Bottled Lightning":36},{"Ice Cream":0,"Singing Bowl":10,"Gremlin Horn":25,"sneckomod:BlankCard":12,"CeramicFish":18,"downfall:HeartBlessingGreen":20,"Bag of Preparation":9,"expansioncontent:StudyCardRelic":11,"Ginger":27,"Bottled Tornado":27,"PrismaMod:PrismaTraceOn":0,"Blood Vial":15,"Nunchaku":5,"Lizard Tail":13,"HornCleat":22,"downfall:HeartBlessingBlue":7,"Slimebound:StickyStick":12,"Mummified Hand":23,"Sundial":23,"Strawberry":24,"Prayer Wheel":1,"Tiny Chest":22,"champ:Barbells":16,"downfall:HeartBlessingRed":11,"Blue Candle":2,"Astrolabe":20,"Oddly Smooth Stone":4,"Omamori":8,"Guardian:PocketSentry":22,"Letter Opener":19,"Odd Mushroom":7,"Akabeko":14,"Shuriken":17,"Molten Egg 2":14,"Bag of Marbles":6,"Bottled Lightning":21},{"Ice Cream":0,"Singing Bowl":26,"Gremlin Horn":62,"sneckomod:BlankCard":38,"CeramicFish":49,"downfall:HeartBlessingGreen":55,"Bag of Preparation":25,"expansioncontent:StudyCardRelic":36,"Ginger":70,"Bottled Tornado":70,"PrismaMod:PrismaTraceOn":0,"Blood Vial":43,"Nunchaku":16,"Lizard Tail":41,"HornCleat":57,"downfall:HeartBlessingBlue":18,"Slimebound:StickyStick":38,"Mummified Hand":60,"Sundial":60,"Strawberry":61,"Prayer Wheel":2,"Tiny Chest":57,"champ:Barbells":46,"downfall:HeartBlessingRed":36,"Blue Candle":5,"Astrolabe":55,"Oddly Smooth Stone":13,"Omamori":24,"Guardian:PocketSentry":57,"Letter Opener":51,"Odd Mushroom":18,"Akabeko":42,"Shuriken":47,"Molten Egg 2":42,"Bag of Marbles":17,"Bottled Lightning":56}]},"card_choices":[{"not_picked":["alterego_mod:GachaTicket","alterego_mod:TrashNCrash"],"picked":"alterego_mod:Birthday","floor":0},{"not_picked":["alterego_mod:Jiggle","alterego_mod:BiFurious"],"picked":"PrismaMod:ChloeRhongomyniad","floor":0},{"not_picked":["alterego_mod:BusterCard","alterego_mod:Cycle"],"picked":"alterego_mod:Valentines","floor":0},{"not_picked":["PrismaMod:ChloeDiscardRecovery","alterego_mod:Cycle"],"picked":"alterego_mod:BiFurious","floor":0},{"not_picked":["PrismaMod:ChloeExhaustOne","alterego_mod:PerceptionDisorder"],"picked":"PrismaMod:ChloeCaladbolg","floor":0},{"not_picked":["alterego_mod:Stockings","alterego_mod:Santa"],"picked":"PrismaMod:ChloeExhaustOne","floor":0},{"not_picked":["PrismaMod:ChloeExhaustOne","alterego_mod:MagicResistance"],"picked":"alterego_mod:Birthday","floor":0},{"not_picked":["alterego_mod:Skirt","PrismaMod:ChloeCheapAttackTwo"],"picked":"PrismaMod:ChloeCheapDefendTwo","floor":0},{"not_picked":["alterego_mod:SuperDuperMasochism","PrismaMod:ChloeCheapAttackTwo"],"picked":"alterego_mod:Mirror","floor":0},{"not_picked":["alterego_mod:BoobPocket","PrismaMod:ChloeExhaustOne"],"picked":"alterego_mod:BiFurious","floor":0},{"not_picked":["PrismaMod:ChloeCommonAOEAttack","alterego_mod:Bloomers"],"picked":"alterego_mod:Belts","floor":0},{"not_picked":["alterego_mod:Schoolgirl","alterego_mod:RidiculouslyBig"],"picked":"alterego_mod:1TonWallop","floor":0},{"not_picked":["PrismaMod:ChloeCheapAttackTwo","alterego_mod:Belts"],"picked":"alterego_mod:Bounce","floor":0},{"not_picked":["alterego_mod:HighServant","alterego_mod:GoddessCore"],"picked":"PrismaMod:ChloeCheapAttackTwo","floor":0},{"not_picked":["PrismaMod:ChloeExhaustOne","PrismaMod:ChloeCommonAOEAttack"],"picked":"PrismaMod:ChloeCheapDefend","floor":0},{"not_picked":["alterego_mod:MagicResistance","alterego_mod:Jiggle","alterego_mod:Smother"],"picked":"SKIP","floor":5},{"not_picked":["alterego_mod:Mirror","alterego_mod:Cushion","alterego_mod:Punishment"],"picked":"SKIP","floor":6},{"not_picked":["alterego_mod:Clones","alterego_mod:HighServant"],"picked":"PrismaMod:ChloeCheapAttack","floor":8},{"not_picked":["alterego_mod:PerceptionDisorder","alterego_mod:Cushion","alterego_mod:DestructionOfProperty"],"picked":"SKIP","floor":12},{"not_picked":["alterego_mod:IdEs","alterego_mod:BrynhildrRomantia"],"picked":"alterego_mod:Lift","floor":16},{"not_picked":["PrismaMod:ChloeCaladbolg","PrismaMod:ChloeCheapDefend","alterego_mod:Nekomimi"],"picked":"Singing Bowl","floor":21},{"not_picked":["alterego_mod:Undulate","PrismaMod:ChloeExhaustThree"],"picked":"PrismaMod:ChloeGaeBolg+1","floor":26},{"not_picked":["PrismaMod:ChloeGaeBolg+1","PrismaMod:ChloeUncommonDefend","alterego_mod:Mirror"],"picked":"Singing Bowl","floor":27},{"not_picked":["alterego_mod:Rip","alterego_mod:SuperDuperMasochism","alterego_mod:SakuraLabyrinth+1"],"picked":"Singing Bowl","floor":31},{"not_picked":["alterego_mod:Vow","alterego_mod:TrickOrTreatment","alterego_mod:PainIsPleasure"],"picked":"Singing Bowl","floor":33},{"not_picked":["alterego_mod:GIGAMILK","alterego_mod:Lift"],"picked":"alterego_mod:ClassAdvantage","floor":50},{"not_picked":["alterego_mod:Skirt+1","alterego_mod:Undulate","alterego_mod:PerceptionDisorder"],"picked":"Singing Bowl","floor":52},{"not_picked":["alterego_mod:STier","alterego_mod:Antipathy","PrismaMod:ChloeAnyCommonTrace"],"picked":"Singing Bowl","floor":55},{"not_picked":["alterego_mod:Valkyrie+1","PrismaMod:ChloeAnyRareTrace"],"picked":"PrismaMod:ChloeAnyPowerTrace","floor":56}],"player_experience":385494,"relics_obtained":[{"floor":2,"key":"Prayer Wheel"},{"floor":4,"key":"Blue Candle"},{"floor":6,"key":"Oddly Smooth Stone"},{"floor":8,"key":"Nunchaku"},{"floor":9,"key":"Bag of Marbles"},{"floor":10,"key":"Odd Mushroom"},{"floor":12,"key":"Omamori"},{"floor":14,"key":"Bag of Preparation"},{"floor":15,"key":"Singing Bowl"},{"floor":19,"key":"sneckomod:BlankCard"},{"floor":20,"key":"Slimebound:StickyStick"},{"floor":21,"key":"Lizard Tail"},{"floor":22,"key":"Molten Egg 2"},{"floor":24,"key":"Akabeko"},{"floor":26,"key":"Blood Vial"},{"floor":28,"key":"Shuriken"},{"floor":31,"key":"CeramicFish"},{"floor":32,"key":"Letter Opener"},{"floor":36,"key":"Bottled Lightning"},{"floor":37,"key":"Tiny Chest"},{"floor":38,"key":"HornCleat"},{"floor":41,"key":"Guardian:PocketSentry"},{"floor":42,"key":"Mummified Hand"},{"floor":46,"key":"Sundial"},{"floor":48,"key":"Strawberry"},{"floor":49,"key":"Gremlin Horn"},{"floor":52,"key":"Ginger"}],"event_choices":[{"cards_removed":["alterego_mod:Belts"],"damage_healed":14,"gold_gain":0,"player_choice":"Offered Uncommon","damage_taken":0,"max_hp_gain":0,"max_hp_loss":0,"event_name":"Bonfire Elementals","floor":3,"gold_loss":0},{"damage_healed":0,"gold_gain":0,"player_choice":"Fought Mushrooms","damage_taken":0,"max_hp_gain":0,"max_hp_loss":0,"event_name":"Mushrooms","floor":10,"gold_loss":0},{"cards_removed":["alterego_mod:Lift"],"damage_healed":0,"gold_gain":0,"player_choice":"Removed Power","damage_taken":0,"max_hp_gain":0,"max_hp_loss":0,"event_name":"Falling","floor":39,"gold_loss":0}],"is_beta":false,"boss_relics":[{"not_picked":["Empty Cage","Fusion Hammer"],"picked":"expansioncontent:StudyCardRelic"},{"not_picked":["Velvet Choker","Coffee Dripper"],"picked":"Astrolabe"}],"items_purged_floors":[5,5,27,27],"is_endless":true,"potions_floor_spawned":[2,6,8,10,16,28,32,33,36,49,50],"ascension_level":20}}