{"host":"sav7uxregyirlf69","time":1612708121,"event":{"mods":["AchievementEnabler","BaseMod","Colored Map","DeckTracker","Keyboard Shortcuts","Minty Spire (QoL Compilation)","READ ME - Guardian Mod","StSLib","SuperFastMode"],"gold_per_floor":[119,21,21,31,41,75,75,108,135,82,95,95,108,142,142,246,246,261,246,263,263,32,62,62,62,62],"floor_reached":25,"language":"KOR","playtime":445,"items_purged":["Strike_R","Strike_R"],"score":362,"play_id":"ec748b48-88a7-4b99-b0eb-1a5580297a84","local_time":"20210207232841","daily_mods":["Heirloom","Elite Swarm","Uncertain Future"],"is_ascension_mode":true,"campfire_choices":[{"data":"Fire Breathing","floor":7.0,"key":"SMITH"},{"data":"Bash","floor":12.0,"key":"SMITH"},{"data":"Spot Weakness","floor":15,"key":"SMITH"},{"floor":24,"key":"REST"}],"circlet_count":0,"master_deck":["AscendersBane","Strike_R","Strike_R","Defend_R","Defend_R","Defend_R","Defend_R","Bash+1","Fire Breathing+1","Wild Strike+1","Reckless Charge","Fiend Fire","Impervious","Shrug It Off","Spot Weakness+1","Feed","Reaper","Pommel Strike+1","Combust","Rupture","Shrug It Off","Corruption"],"relics":["Burning Blood","Ice Cream","Toy Ornithopter","Pen Nib","Boot","Black Star","Juzu Bracelet","Paper Frog"],"acts_visited":["Exordium","TheCity"],"potions_floor_usage":[18,23,23],"damage_taken":[{"damage":6.0,"enemies":"Cultist","floor":1.0,"turns":4.0},{"damage":4.0,"enemies":"Jaw Worm","floor":4.0,"turns":3.0},{"damage":3.0,"enemies":"Small Slimes","floor":5.0,"turns":3.0},{"damage":8.0,"enemies":"Gremlin Nob","floor":6.0,"turns":3.0},{"damage":15.0,"enemies":"3 Sentries","floor":8.0,"turns":4.0},{"damage":8.0,"enemies":"3 Louse","floor":11.0,"turns":4.0},{"damage":0.0,"enemies":"Lots of Slimes","floor":13.0,"turns":3.0},{"damage":20.0,"enemies":"Gremlin Nob","floor":14.0,"turns":4.0},{"damage":33,"enemies":"Hexaghost","floor":16,"turns":5},{"damage":13,"enemies":"3 Byrds","floor":18,"turns":6},{"damage":26,"enemies":"2 Thieves","floor":19,"turns":4},{"damage":16,"enemies":"Cultist and Chosen","floor":20,"turns":4},{"damage":58,"enemies":"Slavers","floor":23,"turns":5},{"damage":76,"enemies":"Gremlin Leader","floor":25,"turns":9}],"seed_played":"-1476401706907722040","potions_obtained":[{"floor":1.0,"key":"GamblersBrew"},{"floor":4.0,"key":"PowerPotion"},{"floor":11.0,"key":"FearPotion"},{"floor":13.0,"key":"Swift Potion"},{"floor":19,"key":"PowerPotion"},{"floor":20,"key":"Swift Potion"}],"is_trial":true,"path_per_floor":["M","$","?","M","M","E","R","E","T","$","M","R","M","E","R","B",null,"M","M","M","?","$","E","R","E"],"character_chosen":"IRONCLAD","items_purchased":["Wild Strike","Shrug It Off","Rupture","Shrug It Off"],"campfire_rested":1,"item_purchase_floors":[2,10,22,22],"current_hp_per_floor":[72,72,72,74,77,75,75,66,66,66,64,64,70,61,61,34,69,67,63,69,69,69,27,51,0,0],"gold":62,"neow_bonus":"","is_daily":false,"chose_seed":false,"campfire_upgraded":3,"win_rate":0.0,"timestamp":1612708121,"path_taken":["M","?","?","M","M","E","R","E","T","$","M","R","?","E","R","BOSS","M","M","M","?","$","E","R","E"],"items_purchased_type":["Card","Card","Card","Card"],"build_version":"2020-12-22","purchased_purges":2,"victory":false,"max_hp_per_floor":[80,80,80,80,80,80,80,80,80,80,80,80,80,80,80,80,80,80,80,80,80,80,80,80,80,80],"card_choices":[{"not_picked":["Rupture","Thunderclap"],"picked":"Fire Breathing","floor":1.0},{"not_picked":["Sever Soul","Clash","Rupture"],"picked":"SKIP","floor":4.0},{"not_picked":["Dark Embrace","Pommel Strike"],"picked":"Reckless Charge","floor":5.0},{"not_picked":["Brutality","Barricade"],"picked":"Fiend Fire","floor":6.0},{"not_picked":["Corruption","Exhume"],"picked":"Impervious","floor":8.0},{"not_picked":["Dual Wield","Clothesline","Cleave"],"picked":"SKIP","floor":11.0},{"not_picked":["Thunderclap","Anger"],"picked":"Spot Weakness","floor":13.0},{"not_picked":["Brutality","Impervious"],"picked":"Feed","floor":14},{"not_picked":["Corruption","Impervious"],"picked":"Reaper","floor":16},{"not_picked":["Clothesline","Sentinel"],"picked":"Pommel Strike+1","floor":18},{"not_picked":["Anger","Clothesline+1","Headbutt"],"picked":"SKIP","floor":19},{"not_picked":["Dual Wield","Anger","Clash"],"picked":"SKIP","floor":20},{"not_picked":["Exhume","Barricade"],"picked":"Corruption","floor":23}],"player_experience":1515191,"relics_obtained":[{"floor":6.0,"key":"Toy Ornithopter"},{"floor":8.0,"key":"Pen Nib"},{"floor":9.0,"key":"Boot"},{"floor":23,"key":"Juzu Bracelet"},{"floor":23,"key":"Paper Frog"}],"event_choices":[{"damage_healed":0.0,"max_hp_gain":0.0,"max_hp_loss":0.0,"gold_gain":0.0,"event_name":"Upgrade Shrine","player_choice":"Upgraded","floor":3.0,"gold_loss":0.0,"damage_taken":0.0,"cards_upgraded":["Wild Strike"]},{"damage_healed":0,"gold_gain":0,"cards_transformed":["Strike_R"],"player_choice":"Transformed","damage_taken":0,"max_hp_gain":0,"max_hp_loss":0,"event_name":"Transmorgrifier","floor":21,"gold_loss":0,"cards_obtained":["Combust"]}],"is_beta":false,"boss_relics":[{"not_picked":["Ectoplasm","Black Blood"],"picked":"Black Star"}],"items_purged_floors":[2,22],"is_endless":false,"potions_floor_spawned":[1,4,11,13,19,20],"killed_by":"Gremlin Leader","ascension_level":10}}