{"host":"kw4o7b3ro2ktmmbe","time":1612663216,"event":{"mods":["BaseMod","Bossed Relics","Evolution","Minty Spire (QoL Compilation)","StSLib","The Druid"],"gold_per_floor":[119,132,132,144,163,163,163,180,206,206,232,232,252,96,96,225,225,244,244,258,258,278,318,318,318,318],"floor_reached":25,"language":"ENG","playtime":1742,"items_purged":[],"score":279,"play_id":"d9c6348a-abbc-46d9-b647-b8b20d694116","local_time":"20210207150016","is_ascension_mode":true,"campfire_choices":[{"data":"theDruid:BlessedStrike","floor":6.0,"key":"SMITH"},{"data":"theDruid:BriarArmor","floor":10,"key":"SMITH"},{"floor":15,"key":"REST"},{"data":"theDruid:Mutilate","floor":24,"key":"SMITH"}],"circlet_count":0,"master_deck":["theDruid:BlessedStrike+1","theDruid:BlessedStrike+1","theDruid:Strike_O","theDruid:Defend_O","theDruid:Defend_O","theDruid:Defend_O","theDruid:Defend_O","theDruid:BriarArmor+1","theDruid:WildSlash","theDruid:Infestation","theDruid:FeralPlants","theDruid:Infestation","theDruid:Guidance+1","theDruid:Mutilate+1","theDruid:Infestation+1","theDruid:PlagueClaw+1","theDruid:ViralBites","theDruid:BloodiedFur+1"],"relics":["EVO:Axolotl","Black Star","Bronze Scales","Akabeko","Pen Nib","Toxic Egg 2","Golden Idol","Bag of Marbles","Runic Dome","theDruid:TigersClaw","Bottled Tornado"],"acts_visited":["Exordium","TheCity"],"potions_floor_usage":[16,23,25,25],"damage_taken":[{"damage":1.0,"enemies":"Jaw Worm","floor":1.0,"turns":4.0},{"damage":0.0,"enemies":"Cultist","floor":2.0,"turns":4.0},{"damage":6.0,"enemies":"2 Louse","floor":4.0,"turns":2.0},{"damage":4.0,"enemies":"2 Fungi Beasts","floor":5.0,"turns":4.0},{"damage":9,"enemies":"Exordium Wildlife","floor":8,"turns":4},{"damage":14,"enemies":"3 Sentries","floor":11,"turns":9},{"damage":0,"enemies":"Blue Slaver","floor":13,"turns":5},{"damage":12,"enemies":"The Guardian","floor":16,"turns":10},{"damage":6,"enemies":"Spheric Guardian","floor":18,"turns":4},{"damage":0,"enemies":"3 Byrds","floor":20,"turns":3},{"damage":3,"enemies":"Snake Plant","floor":22,"turns":4},{"damage":36,"enemies":"Gremlin Leader","floor":23,"turns":7},{"damage":20,"enemies":"Slavers","floor":25,"turns":2}],"seed_played":"3689614855565958162","potions_obtained":[{"floor":4.0,"key":"SteroidPotion"},{"floor":5.0,"key":"SteroidPotion"},{"floor":11,"key":"PowerPotion"},{"floor":18,"key":"Dexterity Potion"}],"is_trial":false,"path_per_floor":["M","M","?","M","M","R","?","M","T","R","E","?","M","$","R","B",null,"M","$","M","?","M","E","R","E"],"character_chosen":"DRUID","items_purchased":["Bag of Marbles"],"campfire_rested":1,"item_purchase_floors":[14],"current_hp_per_floor":[74,74,74,68,64,64,64,55,55,55,41,23,23,23,45,33,65,59,59,59,59,56,20,20,0,0],"gold":318,"neow_bonus":"BOSS_RELIC","is_daily":false,"chose_seed":false,"campfire_upgraded":3,"win_rate":0.0,"timestamp":1612663216,"path_taken":["M","M","?","M","?","R","?","M","T","R","E","?","?","$","R","BOSS","M","$","M","?","M","E","R","E"],"items_purchased_type":["Relic"],"build_version":"2020-12-22","purchased_purges":0,"victory":false,"max_hp_per_floor":[75,75,75,75,75,75,75,75,75,75,75,75,75,75,75,75,75,75,75,75,75,75,75,75,75,75],"card_choices":[{"not_picked":["theDruid:BrambleLash","theDruid:Starfall","theDruid:FelineGrace"],"picked":"SKIP","floor":1.0},{"not_picked":["theDruid:AstralShield","theDruid:Moonbeam"],"picked":"theDruid:Infestation","floor":2.0},{"not_picked":["theDruid:BloodiedFur","theDruid:AstralShield"],"picked":"theDruid:FeralPlants","floor":4.0},{"not_picked":["theDruid:ThornStrike","theDruid:BloodiedFur"],"picked":"theDruid:Infestation","floor":5.0},{"not_picked":["theDruid:Impale","theDruid:Gore","theDruid:FelineGrace"],"picked":"SKIP","floor":8},{"not_picked":["theDruid:BlessedStrike","theDruid:LunarScythe"],"picked":"theDruid:Guidance+1","floor":11},{"not_picked":["theDruid:BlessedStrike","theDruid:BrambleLash","theDruid:Adaptation"],"picked":"SKIP","floor":13},{"not_picked":["theDruid:WildFrenzy","theDruid:Earthquake"],"picked":"theDruid:Mutilate","floor":16},{"not_picked":["theDruid:Resupply+1","theDruid:ForestsSoul+1"],"picked":"theDruid:Infestation+1","floor":18},{"not_picked":["theDruid:ExposingSlash","theDruid:Gore"],"picked":"theDruid:PlagueClaw+1","floor":20},{"not_picked":["theDruid:BloodiedFur+1","theDruid:Swipe"],"picked":"theDruid:ViralBites","floor":22},{"not_picked":["theDruid:Slingshot","theDruid:BagofTricks+1"],"picked":"theDruid:BloodiedFur+1","floor":23}],"player_experience":1910432,"relics_obtained":[{"floor":3.0,"key":"Bronze Scales"},{"floor":9,"key":"Akabeko"},{"floor":11,"key":"Pen Nib"},{"floor":11,"key":"Toxic Egg 2"},{"floor":23,"key":"theDruid:TigersClaw"},{"floor":23,"key":"Bottled Tornado"}],"event_choices":[{"damage_healed":0.0,"max_hp_gain":0.0,"max_hp_loss":0.0,"gold_gain":0.0,"event_name":"Wheel of Change","player_choice":"Relic","floor":3.0,"gold_loss":0.0,"damage_taken":0.0},{"damage_healed":0.0,"max_hp_gain":0.0,"max_hp_loss":0.0,"gold_gain":0.0,"event_name":"Living Wall","player_choice":"Grow","floor":7.0,"gold_loss":0.0,"damage_taken":0.0,"cards_upgraded":["theDruid:BlessedStrike"]},{"damage_healed":0,"gold_gain":0,"player_choice":"Take Damage","damage_taken":18,"relics_obtained":["Golden Idol"],"max_hp_gain":0,"max_hp_loss":0,"event_name":"Golden Idol","floor":12,"gold_loss":0},{"cards_removed":["theDruid:Strike_O"],"damage_healed":0,"gold_gain":0,"player_choice":"Purged","damage_taken":0,"max_hp_gain":0,"max_hp_loss":0,"event_name":"Purifier","floor":21,"gold_loss":0}],"is_beta":false,"boss_relics":[{"not_picked":["Snecko Eye","Cursed Key"],"picked":"Runic Dome"}],"items_purged_floors":[],"is_endless":false,"potions_floor_spawned":[4,5,11,13,18,20],"killed_by":"Slavers","ascension_level":5}}