{"host":"xltl1aroowo69o4n","time":1612669444,"event":{"mods":["BaseMod","Colored Map","Colored Powertips","Downfall","Marisa????????","Minty Spire (QoL Compilation)","StSLib","The Cursed","The Hierophant","The Mystic","The Necromancer"],"gold_per_floor":[0,18,3,178,191,210,256,71,90,108,8,8,20,40,54,159,159,159,170,180,280,94,108,108,93,93,93,93],"floor_reached":27,"language":"ENG","playtime":2225,"items_purged":["Doubt"],"score":207,"play_id":"da20e5b4-ccab-4d05-a99f-b21e283ad5f4","local_time":"20210206224404","is_ascension_mode":false,"campfire_choices":[{"data":"Metamorphosis","floor":1,"key":"SMITH"},{"floor":11,"key":"REST"},{"data":"expansioncontent:StudyTheSpire","floor":18,"key":"SMITH"}],"circlet_count":0,"master_deck":["Strike_MRS","Strike_MRS","Strike_MRS","Strike_MRS","Defend_MRS","Defend_MRS","Defend_MRS","Defend_MRS","MasterSpark","UpSweep","Metamorphosis+1","6A","NonDirectionalLaser","DeepEcoloBomb","Singularity","ChargingUp","expansioncontent:StudyTheSpire+1","GalacticHalo","PowerUp","PropBag+1","DeepEcoloBomb","MillisecondPulsars","TreasureHunter","MilkyWay+1","MysteriousBeam","MilkyWay","MilkyWay","6A","WitchOfGreed"],"relics":["MiniHakkero","downfall:HeartBlessingBlue","SacredBark","Toy Ornithopter","Molten Egg 2","Sundial"],"acts_visited":["Exordium","TheCity"],"potions_floor_usage":[16,16,16,16,16,16,20,21,21,22,23,25,27],"damage_taken":[{"damage":0,"enemies":"2 Louse","floor":2,"turns":3},{"damage":10,"enemies":"downfall:FleeingMerchant","floor":3,"turns":4},{"damage":6,"enemies":"Jaw Worm","floor":5,"turns":4},{"damage":3,"enemies":"Cultist","floor":6,"turns":3},{"damage":0,"enemies":"downfall:FleeingMerchant","floor":8,"turns":4},{"damage":13,"enemies":"Red Slaver","floor":9,"turns":3},{"damage":12,"enemies":"2 Fungi Beasts","floor":10,"turns":4},{"damage":16,"enemies":"Lots of Slimes","floor":13,"turns":5},{"damage":10,"enemies":"Blue Slaver","floor":14,"turns":3},{"damage":19,"enemies":"Gremlin Gang","floor":15,"turns":5},{"damage":4,"enemies":"WA_ARCHETYPE_RETAIN","floor":16,"turns":5},{"damage":25,"enemies":"Shell Parasite","floor":19,"turns":6},{"damage":19,"enemies":"3 Byrds","floor":20,"turns":5},{"damage":19,"enemies":"downfall:LadyInBlue","floor":21,"turns":11},{"damage":0,"enemies":"downfall:FleeingMerchant","floor":22,"turns":4},{"damage":36,"enemies":"Centurion and Healer","floor":23,"turns":5},{"damage":15,"enemies":"downfall:FleeingMerchant","floor":25,"turns":4},{"damage":33,"enemies":"3 Cultists","floor":27,"turns":5}],"seed_played":"2980531383474576877","potions_obtained":[{"floor":2,"key":"hexamod:SoulburnPotion"},{"floor":6,"key":"Strength Potion"},{"floor":9,"key":"PowerPotion"},{"floor":15,"key":"EntropicBrew"},{"floor":20,"key":"DuplicationPotion"},{"floor":21,"key":"Regen Potion"},{"floor":21,"key":"Slimebound:ThreeZeroPotion"},{"floor":21,"key":"SpeedPotion"},{"floor":23,"key":"LiquidBronze"}],"is_trial":false,"path_per_floor":["R","M","$","?","M","M","T","$","M","M","R","?","M","M","M","B",null,"R","M","M","?","$","M","T","$","?","M"],"character_chosen":"MARISA","items_purchased":["expansioncontent:StudyTheSpire","StarNLove"],"campfire_rested":1,"item_purchase_floors":[8,22],"current_hp_per_floor":[75,75,65,65,59,56,56,56,43,31,66,66,50,40,21,17,85,85,60,41,22,31,34,34,24,24,0,0],"gold":93,"neow_bonus":"RANDOM_COLORLESS_2","is_daily":false,"chose_seed":false,"campfire_upgraded":2,"win_rate":0.0,"timestamp":1612669444,"path_taken":["R","M","$","?","M","M","T","$","M","M","R","?","M","M","M","BOSS","R","M","M","?","$","?","T","?","?","?"],"items_purchased_type":["Card","Potion"],"build_version":"2020-12-13","purchased_purges":1,"victory":false,"max_hp_per_floor":[75,75,75,75,75,75,75,75,75,75,85,85,85,85,85,85,85,85,85,85,85,85,85,85,85,85,85,85],"card_choices":[{"not_picked":["HandOfGreed","Violence"],"picked":"Metamorphosis","floor":0},{"not_picked":["WitchLeyline","GasGiant"],"picked":"6A","floor":2},{"not_picked":["GasGiant","WitchLeyline"],"picked":"NonDirectionalLaser","floor":3},{"not_picked":["ShootTheMoon","StarBarrage"],"picked":"DeepEcoloBomb","floor":5},{"not_picked":["DC","PowerUp"],"picked":"Singularity","floor":6},{"not_picked":["JA","LuminesStrike"],"picked":"ChargingUp","floor":8},{"not_picked":["UnstableBomb","6A"],"picked":"GalacticHalo","floor":9},{"not_picked":["SporeBomb","Acceleration"],"picked":"PowerUp","floor":10},{"not_picked":["AsteroidBelt","GravityBeat"],"picked":"PropBag","floor":13},{"not_picked":["Acceleration","GravityBeat"],"picked":"DeepEcoloBomb","floor":14},{"not_picked":["MeteoricShower","Acceleration"],"picked":"MillisecondPulsars","floor":15},{"not_picked":["MillisecondPulsars","UltimateShortwave"],"picked":"TreasureHunter","floor":16},{"not_picked":["Singularity","ShootTheMoon"],"picked":"MilkyWay+1","floor":19},{"not_picked":["WitchLeyline","AlicesGift"],"picked":"MysteriousBeam","floor":20},{"not_picked":["IllusionStar","DeepEcoloBomb"],"picked":"MilkyWay","floor":21},{"not_picked":["Singularity","AlicesGift"],"picked":"MilkyWay","floor":22},{"not_picked":["AlicesGift","Acceleration"],"picked":"6A","floor":23},{"not_picked":["ShootingEcho+1","GalacticHalo+1"],"picked":"WitchOfGreed","floor":25}],"player_experience":126265,"relics_obtained":[{"floor":21,"key":"Toy Ornithopter"},{"floor":24,"key":"Molten Egg 2"}],"event_choices":[{"damage_healed":0,"gold_gain":0,"player_choice":"Forge","damage_taken":0,"max_hp_gain":0,"max_hp_loss":0,"event_name":"Accursed Blacksmith","floor":26,"gold_loss":0,"cards_upgraded":["PropBag"]}],"is_beta":false,"boss_relics":[{"not_picked":["Velvet Choker","Cursed Key"],"picked":"SacredBark"}],"items_purged_floors":[22],"is_endless":false,"potions_floor_spawned":[2,6,9,14,15,20,23],"killed_by":"3 Cultists","ascension_level":0}}