{"host":"hs5g5f0q56ds4vmn","time":1612663556,"event":{"mods":["AchievementEnabler","BaseMod","DeckTracker","Highlight Path","Minty Spire (QoL Compilation)","SuperFastMode","everything is the same but u backflip on backflip"],"gold_per_floor":[119,137,157,169,169,201,201,235,262,282,298,298,298],"floor_reached":12,"language":"KOR","playtime":376,"items_purged":[],"score":143,"play_id":"380f82e6-5fc0-436c-85b3-7e69e40e484f","local_time":"20210207110556","is_ascension_mode":true,"campfire_choices":[{"data":"Sunder","floor":7,"key":"SMITH"}],"circlet_count":0,"master_deck":["AscendersBane","Strike_B","Strike_B","Strike_B","Strike_B","Defend_B","Defend_B","Defend_B","Defend_B","Zap","Dualcast","Sunder+1","BootSequence","BootSequence","Regret","Genetic Algorithm"],"relics":["Cracked Core","NeowsBlessing","Singing Bowl","Dream Catcher","Art of War"],"acts_visited":["Exordium"],"potions_floor_usage":[4,6,12],"damage_taken":[{"damage":0.0,"enemies":"Jaw Worm","floor":1.0,"turns":1.0},{"damage":0.0,"enemies":"Small Slimes","floor":2.0,"turns":1.0},{"damage":0.0,"enemies":"2 Louse","floor":3.0,"turns":1.0},{"damage":4,"enemies":"Lots of Slimes","floor":4,"turns":3},{"damage":21,"enemies":"3 Sentries","floor":6,"turns":5},{"damage":28,"enemies":"Gremlin Nob","floor":8,"turns":4},{"damage":2,"enemies":"2 Fungi Beasts","floor":10,"turns":2},{"damage":0,"enemies":"Looter","floor":11,"turns":2},{"damage":20,"enemies":"3 Sentries","floor":12,"turns":6}],"seed_played":"8222163524183351996","potions_obtained":[{"floor":1.0,"key":"SkillPotion"},{"floor":4,"key":"Fire Potion"},{"floor":8,"key":"SteroidPotion"},{"floor":11,"key":"CultistPotion"}],"is_trial":false,"path_per_floor":["M","M","M","M","?","E","R","E","T","M","M","E"],"character_chosen":"DEFECT","items_purchased":[],"campfire_rested":0,"item_purchase_floors":[],"current_hp_per_floor":[68,68,68,64,64,45,45,19,19,17,19,0,0],"gold":298,"neow_bonus":"THREE_ENEMY_KILL","is_daily":false,"chose_seed":false,"campfire_upgraded":1,"win_rate":0.0,"timestamp":1612663556,"path_taken":["M","M","M","M","?","E","R","E","T","M","M","E"],"items_purchased_type":[],"build_version":"2020-12-22","purchased_purges":0,"victory":false,"max_hp_per_floor":[75,75,75,75,75,77,77,79,79,79,81,81,81],"card_choices":[{"not_picked":["Rebound","Coolheaded"],"picked":"Sunder","floor":1.0},{"not_picked":["Barrage","Turbo","Gash"],"picked":"SKIP","floor":2.0},{"not_picked":["Cold Snap","Leap"],"picked":"BootSequence","floor":3.0},{"not_picked":["Redo","Barrage"],"picked":"BootSequence","floor":4},{"not_picked":["Multi-Cast","Streamline","Steam Power"],"picked":"Singing Bowl","floor":6},{"not_picked":["Turbo","Barrage","FTL"],"picked":"Singing Bowl","floor":8},{"not_picked":["Blizzard","FTL"],"picked":"Genetic Algorithm","floor":10},{"not_picked":["Tempest","Hologram","Rip and Tear"],"picked":"Singing Bowl","floor":11}],"player_experience":627209,"relics_obtained":[{"floor":6,"key":"Dream Catcher"},{"floor":8,"key":"Art of War"}],"event_choices":[{"damage_healed":0,"gold_gain":0,"player_choice":"Box","damage_taken":0,"relics_obtained":["Singing Bowl"],"max_hp_gain":0,"max_hp_loss":0,"event_name":"Big Fish","floor":5,"gold_loss":0,"cards_obtained":["Regret"]}],"is_beta":false,"boss_relics":[],"items_purged_floors":[],"is_endless":false,"potions_floor_spawned":[1,4,8,11],"killed_by":"3 Sentries","ascension_level":11}}