{"host":"vhvubw4jk4f204qs","time":1612661218,"event":{"mods":["AchievementEnabler","BaseMod","DeckTracker","GifTheSpireLib","Googly Eyes","Minty Spire (QoL Compilation)","Permanent Neow","Quick Restart","StSLib","SuperFastMode","The IronCluck","slay the spire mod where everything is the same but ironclad has a cowboy hat"],"gold_per_floor":[361,361,436,436,448,483,498,498,498,498,578,589,607,642,642,743,743,743,743],"floor_reached":18,"language":"ENG","playtime":832,"items_purged":[],"score":238,"play_id":"ebe092f2-00a8-4317-8b13-c3abc644618c","local_time":"20210206202658","is_ascension_mode":true,"campfire_choices":[{"floor":8,"key":"REST"},{"data":"Pommel Strike","floor":10,"key":"SMITH"},{"floor":15,"key":"REST"}],"circlet_count":0,"master_deck":["Strike_R","Strike_R","Strike_R","Strike_R","Strike_R","Defend_R","Defend_R","Defend_R","Defend_R","Bash","Carnage","Pommel Strike+1","Spot Weakness","Thunderclap+1","Feed+1","Demon Form"],"relics":["Burning Blood","Blue Candle","Du-Vu Doll","Pantograph","Molten Egg 2","Ancient Tea Set","Philosopher\u0027s Stone"],"acts_visited":["Exordium","TheCity"],"potions_floor_usage":[6,13,16,18],"damage_taken":[{"damage":2,"enemies":"Jaw Worm","floor":1,"turns":3},{"damage":7,"enemies":"2 Louse","floor":5,"turns":2},{"damage":47,"enemies":"Gremlin Nob","floor":6,"turns":5},{"damage":7,"enemies":"Small Slimes","floor":7,"turns":3},{"damage":7,"enemies":"Looter","floor":12,"turns":3},{"damage":14,"enemies":"Red Slaver","floor":13,"turns":2},{"damage":20,"enemies":"3 Sentries","floor":14,"turns":6},{"damage":49,"enemies":"The Guardian","floor":16,"turns":13},{"damage":67,"enemies":"3 Byrds","floor":18,"turns":5}],"seed_played":"1539615341277366576","potions_obtained":[{"floor":5,"key":"EssenceOfSteel"},{"floor":12,"key":"AttackPotion"},{"floor":14,"key":"Weak Potion"},{"floor":16,"key":"GamblersBrew"}],"is_trial":false,"path_per_floor":["M","?","?","?","M","E","M","R","T","R","T","M","M","E","R","B",null,"M"],"character_chosen":"IRONCLAD","items_purchased":[],"campfire_rested":2,"item_purchase_floors":[],"current_hp_per_floor":[76,69,58,51,50,9,8,32,32,32,32,31,23,9,33,15,64,1,1],"gold":743,"neow_bonus":"TWO_FIFTY_GOLD","is_daily":false,"chose_seed":false,"campfire_upgraded":1,"win_rate":0.0,"timestamp":1612661218,"path_taken":["M","?","?","?","M","E","M","R","T","R","?","M","M","E","R","BOSS","M"],"items_purchased_type":[],"build_version":"2020-12-22","purchased_purges":0,"victory":false,"max_hp_per_floor":[80,80,80,80,80,80,80,80,80,80,80,80,80,80,80,80,80,84,84],"card_choices":[{"not_picked":["Blood for Blood","Clothesline"],"picked":"Carnage","floor":1},{"not_picked":["Intimidate","Headbutt"],"picked":"Pommel Strike","floor":5},{"not_picked":["Havoc","Wild Strike"],"picked":"Spot Weakness","floor":6},{"not_picked":["Intimidate","Body Slam","Flex"],"picked":"SKIP","floor":7},{"not_picked":["Body Slam+1","Armaments"],"picked":"Thunderclap+1","floor":12},{"not_picked":["Burning Pact","Iron Wave+1"],"picked":"Feed+1","floor":13},{"not_picked":["Body Slam+1","Flex","Anger+1"],"picked":"SKIP","floor":14},{"not_picked":["Brutality","Berserk"],"picked":"Demon Form","floor":16}],"player_experience":777252,"relics_obtained":[{"floor":6,"key":"Du-Vu Doll"},{"floor":9,"key":"Pantograph"},{"floor":11,"key":"Molten Egg 2"},{"floor":14,"key":"Ancient Tea Set"}],"event_choices":[{"cards_removed":["Injury"],"damage_healed":0,"gold_gain":0,"player_choice":"Card Removal","damage_taken":7,"max_hp_gain":0,"max_hp_loss":0,"event_name":"Golden Wing","floor":2,"gold_loss":0},{"damage_healed":0,"gold_gain":75,"player_choice":"Gather Gold","damage_taken":11,"max_hp_gain":0,"max_hp_loss":0,"event_name":"World of Goop","floor":3,"gold_loss":0},{"damage_healed":0,"gold_gain":0,"player_choice":"Success","damage_taken":7,"relics_obtained":["Blue Candle"],"max_hp_gain":0,"max_hp_loss":0,"event_name":"Scrap Ooze","floor":4,"gold_loss":0}],"is_beta":false,"boss_relics":[{"not_picked":["Astrolabe","Ectoplasm"],"picked":"Philosopher\u0027s Stone"}],"items_purged_floors":[],"is_endless":false,"potions_floor_spawned":[5,12,14,16],"killed_by":"3 Byrds","ascension_level":8}}