{"host":"og21o26alpnbwmz8","time":1612722184,"event":{"mods":["Act Like it!","Aspiration","BaseMod","Conspire","Downfall","Halation","Hallownest","Hubris","Jedi Mod","Mimic Mod","Minty Spire (QoL Compilation)","Pale of the Ancients","Reliquary","Replay The Spire","Shop Mod","Spikes Relics","StSLib","The Alterego","The Blackbeard","The Blue Laboratory","The Death Knight","The Runesmith","Waifu the Spire"],"gold_per_floor":[99,114,130,130,150,150,150,236,254,266,276,276,311,328,343,448,448,448,463,483,483,483,513,513,542,561,561,661,671,571,584,596,698,698,698,712,121,134,152,152,152,152],"floor_reached":40,"language":"ENG","playtime":2110,"items_purged":["hubris:Disease"],"score":509,"play_id":"d143fc2c-2474-49c4-8df8-cc2411ced2e9","local_time":"20210207132304","is_ascension_mode":false,"campfire_choices":[{"data":"champ:FanOfKnives","floor":1,"key":"SMITH"},{"data":"champ:EnragedBash","floor":6,"key":"SMITH"},{"data":"champ:Taunt","floor":12,"key":"SMITH"},{"data":"champ:Duel","floor":18,"key":"SMITH"},{"floor":27,"key":"RECALL"},{"data":"champ:TripleStrike","floor":30,"key":"SMITH"},{"data":"champ:GladiatorForm","floor":35,"key":"SMITH"}],"circlet_count":0,"master_deck":["champ:Strike","champ:Strike","champ:Strike+1","champ:Strike","champ:Defend","champ:Defend","champ:Defend","champ:Defend+1","champ:Execute","champ:Taunt+1","champ:FanOfKnives+1","champ:EnragedBash+1","champ:CrookedStrike","champ:Endure","champ:Lariat","champ:BerserkersShout","champ:Endure+1","champ:Duel+1","champ:BerserkerStyle","champ:EnGarde+1","champ:Taunt","champ:AdrenalArmor","champ:SwordSigil","champ:TripleStrike+1","Flash of Steel","champ:Lariat+1","champ:GladiatorForm+1","champ:Improvising","Finesse","Parasite"],"relics":["champ:ChampionCrown","Iron Hammer","SpikesRelics:DaevaFist","Lantern","Painkiller Herb","Oddly Smooth Stone","Replay:Wax Seal","Smiling Mask","Runesmith:Locket","downfall:GremlinSack","downfall:HeartBlessingRed","halation:HeavySnake","jedi:fakemustache","Blood Vial"],"acts_visited":["Exordium","TheCity","TheBeyond"],"potions_floor_usage":[9,16,16,16,25,25],"damage_taken":[{"damage":0,"enemies":"2 Louse","floor":2,"turns":1},{"damage":0,"enemies":"Cultist","floor":3,"turns":4},{"damage":7,"enemies":"Small Slimes","floor":5,"turns":4},{"damage":25,"enemies":"Lots of Slimes","floor":9,"turns":5},{"damage":40,"enemies":"Exordium Thugs","floor":10,"turns":5},{"damage":15,"enemies":"Red Slaver","floor":11,"turns":3},{"damage":68,"enemies":"Lagavulin","floor":13,"turns":6},{"damage":35,"enemies":"Gremlin Gang","floor":14,"turns":6},{"damage":20,"enemies":"Large Slime","floor":15,"turns":2},{"damage":80,"enemies":"IC_STATUS_ARCHETYPE","floor":16,"turns":6},{"damage":57,"enemies":"Shell Parasite","floor":19,"turns":5},{"damage":45,"enemies":"Shelled Parasite and Fungi","floor":20,"turns":5},{"damage":77,"enemies":"conspire:Head Lice","floor":23,"turns":6},{"damage":56,"enemies":"Slavers","floor":25,"turns":4},{"damage":78,"enemies":"Centurion and Healer","floor":26,"turns":6},{"damage":50,"enemies":"Centurion and Healer","floor":28,"turns":3},{"damage":48,"enemies":"Sentry and Sphere","floor":29,"turns":5},{"damage":43,"enemies":"Snake Plant","floor":31,"turns":4},{"damage":53,"enemies":"3 Cultists","floor":32,"turns":4},{"damage":94,"enemies":"SI_MIRROR_ARCHETYPE","floor":33,"turns":8},{"damage":89,"enemies":"3 Darklings","floor":36,"turns":6},{"damage":51,"enemies":"downfall:FleeingMerchant","floor":37,"turns":4},{"damage":13,"enemies":"Orb Walker","floor":38,"turns":4},{"damage":108,"enemies":"Writhing Mass","floor":39,"turns":7},{"damage":56,"enemies":"R_Hoarder","floor":40,"turns":4}],"seed_played":"677621220088739583","potions_obtained":[{"floor":2,"key":"DeathKnight:RimePotion"},{"floor":3,"key":"Guardian:BlockOnCardUsePotion"},{"floor":5,"key":"blueLaboratory:PyrophylliteBrew"},{"floor":11,"key":"Reflective Coating"},{"floor":14,"key":"EntropicBrew"},{"floor":23,"key":"Swift Potion"},{"floor":25,"key":"BlessingOfTheForge"},{"floor":26,"key":"LiquidBronze"},{"floor":38,"key":"champ:TechniquePotion"}],"is_trial":false,"path_per_floor":["R","M","M","?","M","R","T","?","M","M","M","R","E","M","M","B",null,"T","?","?","?","?","E","T","E","?","T","?","?","T","?","?","B",null,"T","?","T","?","?","E"],"character_chosen":"THE_CHAMP","items_purchased":["jedi:fakemustache","Blood Vial","champ:Improvising","Finesse"],"campfire_rested":0,"item_purchase_floors":[37,37,37,37],"current_hp_per_floor":[90,90,90,90,88,88,88,88,88,78,78,78,75,70,70,70,90,90,78,78,78,78,68,68,57,50,50,44,44,44,44,44,31,90,90,68,90,87,46,0,0,0],"gold":152,"neow_bonus":"THREE_CARDS","is_daily":false,"chose_seed":false,"campfire_upgraded":6,"win_rate":0.0,"timestamp":1612722184,"path_taken":["R","M","M","?","?","R","T","?","M","?","M","R","E","M","M","BOSS","T","?","?","?","?","E","T","E","?","T","?","?","T","?","?","BOSS","T","?","T","?","?","E"],"items_purchased_type":["Relic","Relic","Card","Card"],"build_version":"2020-12-22","purchased_purges":1,"victory":false,"max_hp_per_floor":[90,90,90,90,90,90,90,90,90,90,90,90,90,90,90,90,90,90,90,90,90,90,90,90,90,90,90,90,90,90,90,90,90,90,90,90,90,90,90,90,90,90],"card_choices":[{"not_picked":["champ:Parry","champ:PreemptiveStrike"],"picked":"champ:FanOfKnives","floor":0},{"not_picked":["champ:Circumvent","champ:Backstep","champ:GutPunch"],"picked":"SKIP","floor":2},{"not_picked":["champ:DancingMaster","champ:SkillfulDodge"],"picked":"champ:EnragedBash","floor":3},{"not_picked":["champ:Haymaker","champ:BringItOn"],"picked":"champ:CrookedStrike","floor":5},{"not_picked":["champ:FocusedDefense","champ:Improvising"],"picked":"champ:Endure","floor":8},{"not_picked":["champ:Endure","champ:RisingSlash"],"picked":"champ:Lariat","floor":9},{"not_picked":["champ:DefensiveShout","champ:ViciousMockery"],"picked":"champ:BerserkersShout","floor":10},{"not_picked":["champ:EnGarde","champ:FaceSlap","champ:PreemptiveStrike"],"picked":"SKIP","floor":11},{"not_picked":["champ:TripleStrike","champ:Shatter"],"picked":"champ:Endure","floor":13},{"not_picked":["champ:TornadoPunch","champ:ShieldWall","champ:CrownThrow"],"picked":"SKIP","floor":14},{"not_picked":["champ:SetATrap","champ:CrownThrow"],"picked":"champ:Duel","floor":15},{"not_picked":["champ:DefensiveStyle","champ:ShieldSigil","champ:CrownThrow"],"picked":"SKIP","floor":19},{"not_picked":["champ:DefensiveShout","champ:PreemptiveStrike"],"picked":"champ:BerserkerStyle","floor":20},{"not_picked":["champ:Parry","champ:RageSigil","champ:AdrenalArmor"],"picked":"SKIP","floor":23},{"not_picked":["champ:Encircle","champ:AdrenalArmor","champ:ShieldWall"],"picked":"SKIP","floor":25},{"not_picked":["champ:FanOfKnives","champ:StanceDance"],"picked":"champ:EnGarde+1","floor":26},{"not_picked":["champ:RecklessLeap","champ:SwordSigil","champ:SteelEdge"],"picked":"SKIP","floor":29},{"not_picked":["champ:EnragedBash","champ:PerfectedStrike","champ:FanOfKnives"],"picked":"SKIP","floor":31},{"not_picked":["champ:DefensiveShout","champ:ShieldSlam"],"picked":"champ:Lariat+1","floor":32},{"not_picked":["champ:Devastate","champ:IgnorePain"],"picked":"champ:GladiatorForm","floor":33},{"not_picked":["champ:FanOfKnives","champ:ShieldSlam","champ:EnragedBash"],"picked":"SKIP","floor":36},{"not_picked":["champ:Haymaker","champ:GutPunch","champ:CrownThrow"],"picked":"SKIP","floor":37},{"not_picked":["champ:SkillfulDodge","champ:EnGarde","champ:BringItOn"],"picked":"SKIP","floor":38},{"not_picked":["champ:BringItOn+1","champ:SetATrap+1","champ:BerserkersShout"],"picked":"SKIP","floor":39}],"player_experience":248104,"relics_obtained":[{"floor":7,"key":"Iron Hammer"},{"floor":8,"key":"SpikesRelics:DaevaFist"},{"floor":13,"key":"Lantern"},{"floor":22,"key":"Oddly Smooth Stone"},{"floor":23,"key":"Replay:Wax Seal"},{"floor":24,"key":"Smiling Mask"},{"floor":25,"key":"Runesmith:Locket"},{"floor":28,"key":"downfall:GremlinSack"}],"event_choices":[{"damage_healed":0,"gold_gain":0,"player_choice":"Ignored","damage_taken":0,"max_hp_gain":0,"max_hp_loss":0,"event_name":"NoteForYourself","floor":4,"gold_loss":0},{"damage_healed":0,"gold_gain":0,"player_choice":"Ignored","damage_taken":0,"max_hp_gain":0,"max_hp_loss":0,"event_name":"Ghosts","floor":21,"gold_loss":0}],"is_beta":false,"boss_relics":[{"not_picked":["CosmicIsotope","Pandora\u0027s Box"],"picked":"Painkiller Herb"},{"not_picked":["Replay:Drink Me","Tiny House"],"picked":"halation:HeavySnake"}],"items_purged_floors":[37],"is_endless":false,"potions_floor_spawned":[2,3,5,11,14,23,25,26,28,33,38,39],"killed_by":"R_Hoarder","ascension_level":0}}