{"host":"utqe55yv0jihe4d6","time":1612736603,"event":{"mods":["2.2 Compatiblity","AchievementEnabler","BaseMod","Block Reminder","Colored Map","Colored Powertips","Minty Spire (QoL Compilation)","Quick Restart","Rare Cards Sparkle","Relic Stats","SuperFastMode"],"gold_per_floor":[10,29,29,47,47,47,385,385,385,408,451,451,492,513,513,607,607,620,670,684,709,162,162,206,206,206,206,79,119,137,156,156,156,156],"floor_reached":33,"language":"ENG","playtime":1116,"items_purged":["Strike_P","Defend_P"],"score":660,"play_id":"2dcb1903-cd36-4d36-8e33-a58d74d85239","local_time":"20210207172323","is_ascension_mode":true,"campfire_choices":[{"data":"BowlingBash","floor":6.0,"key":"SMITH"},{"data":"SandsOfTime","floor":8.0,"key":"SMITH"},{"data":"CrushJoints","floor":12,"key":"SMITH"},{"data":"TalkToTheHand","floor":15,"key":"SMITH"},{"floor":23,"key":"REST"},{"floor":25,"key":"REST"},{"floor":27,"key":"REST"},{"floor":32,"key":"REST"}],"circlet_count":0,"master_deck":["AscendersBane","Strike_P","Strike_P","Strike_P","Defend_P","Defend_P+1","Defend_P+1","Eruption","Vigilance","Master of Strategy+1","Consecrate","FlurryOfBlows","BowlingBash+1","SandsOfTime+1","MentalFortress","CrushJoints+1","WheelKick","TalkToTheHand+1","Scrawl","Adaptation","ThirdEye","Study","EmptyBody","TalkToTheHand","Collect+1","Nirvana+1","InnerPeace"],"relics":["PureWater","Golden Idol","Old Coin","FossilizedHelix","War Paint","Akabeko","Fusion Hammer","OrangePellets","TeardropLocket","Smiling Mask","Ancient Tea Set","Tiny Chest"],"acts_visited":["Exordium","TheCity"],"potions_floor_usage":[10,24,31,33,33],"damage_taken":[{"damage":0.0,"enemies":"Jaw Worm","floor":1.0,"turns":2.0},{"damage":3.0,"enemies":"2 Louse","floor":2.0,"turns":2.0},{"damage":0.0,"enemies":"Small Slimes","floor":4.0,"turns":2.0},{"damage":24.0,"enemies":"3 Sentries","floor":7.0,"turns":7.0},{"damage":3,"enemies":"Exordium Thugs","floor":10,"turns":3},{"damage":0,"enemies":"Lagavulin","floor":11,"turns":5},{"damage":2,"enemies":"3 Sentries","floor":13,"turns":5},{"damage":0,"enemies":"Gremlin Gang","floor":14,"turns":2},{"damage":13,"enemies":"The Guardian","floor":16,"turns":12},{"damage":0,"enemies":"2 Thieves","floor":18,"turns":4},{"damage":0,"enemies":"Spheric Guardian","floor":20,"turns":2},{"damage":0,"enemies":"3 Cultists","floor":21,"turns":2},{"damage":56,"enemies":"Slavers","floor":24,"turns":7},{"damage":4,"enemies":"Book of Stabbing","floor":29,"turns":4},{"damage":12,"enemies":"Snake Plant","floor":30,"turns":4},{"damage":0,"enemies":"Snecko","floor":31,"turns":5},{"damage":73,"enemies":"Automaton","floor":33,"turns":10}],"seed_played":"-7995108369317171020","potions_obtained":[{"floor":1.0,"key":"Strength Potion"},{"floor":2.0,"key":"StancePotion"},{"floor":4.0,"key":"SkillPotion"},{"floor":13,"key":"SpeedPotion"},{"floor":21,"key":"DuplicationPotion"},{"floor":24,"key":"LiquidMemories"},{"floor":31,"key":"Swift Potion"}],"is_trial":false,"path_per_floor":["M","M","?","M","?","R","E","R","T","M","E","R","E","M","R","B",null,"M","?","M","M","$","R","E","R","T","R","$","E","M","M","R","B"],"character_chosen":"WATCHER","items_purchased":["OrangePellets","TeardropLocket","Study","TalkToTheHand"],"campfire_rested":4,"item_purchase_floors":[22,22,22,28],"current_hp_per_floor":[61,58,58,58,58,58,34,34,34,31,31,31,29,29,29,16,51,51,51,51,51,51,62,6,24,24,42,42,38,26,26,44,0,0],"gold":156,"neow_bonus":"RANDOM_COLORLESS_2","is_daily":false,"chose_seed":false,"campfire_upgraded":4,"win_rate":0.0,"timestamp":1612736603,"path_taken":["M","M","?","M","?","R","E","R","T","M","E","R","E","M","R","BOSS","M","?","M","M","$","R","E","R","T","R","?","E","?","M","R","BOSS"],"items_purchased_type":["Relic","Relic","Card","Card"],"build_version":"2020-12-22","purchased_purges":2,"victory":false,"max_hp_per_floor":[68,68,68,68,62,62,62,62,62,62,62,62,62,62,62,62,62,62,62,62,62,62,62,62,62,62,62,62,62,62,62,62,62,62],"relic_stats":{"OrangePellets":[1],"counters":[17,78],"Golden Idol":89,"Tiny Chest":0,"War Paint":["Defend_P","Defend_P"],"Smiling Mask":50,"obtain_stats":[{"OrangePellets":22,"Golden Idol":5,"Tiny Chest":29,"Fusion Hammer":17,"TeardropLocket":22,"PureWater":0,"War Paint":11,"Smiling Mask":24,"Ancient Tea Set":26,"FossilizedHelix":9,"Akabeko":13,"Old Coin":7},{"OrangePellets":12,"Golden Idol":3,"Tiny Chest":14,"Fusion Hammer":9,"TeardropLocket":12,"PureWater":0,"War Paint":6,"Smiling Mask":13,"Ancient Tea Set":13,"FossilizedHelix":4,"Akabeko":7,"Old Coin":4},{"OrangePellets":48,"Golden Idol":6,"Tiny Chest":59,"Fusion Hammer":40,"TeardropLocket":48,"PureWater":0,"War Paint":21,"Smiling Mask":55,"Ancient Tea Set":55,"FossilizedHelix":13,"Akabeko":26,"Old Coin":13}]},"card_choices":[{"not_picked":["Thinking Ahead","Magnetism"],"picked":"Master of Strategy","floor":0.0},{"not_picked":["LikeWater","InnerPeace"],"picked":"Consecrate","floor":1.0},{"not_picked":["Crescendo","FlyingSleeves"],"picked":"FlurryOfBlows","floor":2.0},{"not_picked":["Consecrate","Weave"],"picked":"BowlingBash","floor":4.0},{"not_picked":["LikeWater","Prostrate"],"picked":"SandsOfTime","floor":7.0},{"not_picked":["FlurryOfBlows","WaveOfTheHand"],"picked":"MentalFortress","floor":10},{"not_picked":["Consecrate","Study"],"picked":"CrushJoints","floor":11},{"not_picked":["Evaluate","Crescendo"],"picked":"WheelKick","floor":13},{"not_picked":["DevaForm","LikeWater"],"picked":"TalkToTheHand","floor":14},{"not_picked":["Blasphemy","ConjureBlade"],"picked":"Scrawl","floor":16},{"not_picked":["Prostrate","JustLucky"],"picked":"Adaptation","floor":18},{"not_picked":["SashWhip","FollowUp"],"picked":"ThirdEye","floor":20},{"not_picked":["Prostrate","FlurryOfBlows","JustLucky"],"picked":"SKIP","floor":21},{"not_picked":["WheelKick","Worship"],"picked":"EmptyBody","floor":24},{"not_picked":["Weave","ForeignInfluence"],"picked":"Collect+1","floor":29},{"not_picked":["FlyingSleeves","WreathOfFlame"],"picked":"Nirvana+1","floor":30},{"not_picked":["Crescendo","ForeignInfluence"],"picked":"InnerPeace","floor":31}],"player_experience":3054943,"relics_obtained":[{"floor":7.0,"key":"Old Coin"},{"floor":9.0,"key":"FossilizedHelix"},{"floor":11,"key":"War Paint"},{"floor":13,"key":"Akabeko"},{"floor":24,"key":"Smiling Mask"},{"floor":26,"key":"Ancient Tea Set"},{"floor":29,"key":"Tiny Chest"}],"event_choices":[{"damage_healed":0.0,"max_hp_gain":0.0,"max_hp_loss":0.0,"gold_gain":0.0,"event_name":"Living Wall","player_choice":"Grow","floor":3.0,"gold_loss":0.0,"damage_taken":0.0,"cards_upgraded":["Master of Strategy"]},{"damage_healed":0.0,"max_hp_gain":0.0,"max_hp_loss":6.0,"gold_gain":0.0,"event_name":"Golden Idol","player_choice":"Lose Max HP","floor":5.0,"gold_loss":0.0,"damage_taken":0.0,"relics_obtained":["Golden Idol"]},{"damage_healed":0,"gold_gain":100,"player_choice":"Bet on Murderer","damage_taken":0,"max_hp_gain":0,"max_hp_loss":0,"event_name":"The Joust","floor":19,"gold_loss":50}],"is_beta":false,"boss_relics":[{"not_picked":["Tiny House","Empty Cage"],"picked":"Fusion Hammer"}],"items_purged_floors":[22,28],"is_endless":false,"potions_floor_spawned":[1,2,4,13,21,24,31],"killed_by":"Automaton","ascension_level":20}}