{"host":"bvp2uifzy1c463d9","time":1612658573,"event":{"mods":["AchievementEnabler","BaseMod","Block Reminder","ChefMod","Colored Map","Colored Powertips","Hermit","Highlight Path","Infinite Spire","Minty Spire (QoL Compilation)","Random Character Button","Relic Sorter","Relic Stats","Reliquary","Replay The Spire","StSLib","The Jungle","The Servant 0.9.4"],"gold_per_floor":[111,122,122,47,47,75,92,131,131,131,160,194,18,49,49,67,67],"floor_reached":16,"language":"ENG","playtime":911,"items_purged":["Regret"],"score":167,"play_id":"29dbd1c6-8df5-4247-925f-8578cf707161","local_time":"20210206184253","is_ascension_mode":true,"campfire_choices":[{"data":"ReplayTheSpireMod:LeadingStrike","floor":10,"key":"SMITH"},{"data":"infinitespire:OneForAll","floor":15,"key":"SMITH"}],"circlet_count":0,"master_deck":["Strike_R","Strike_R","Strike_R","Strike_R","Strike_R","Defend_R","Defend_R","Defend_R","Defend_R","Bash","ReplayTheSpireMod:Strike From Hell","infinitespire:OneForAll+1","ReplayTheSpireMod:LeadingStrike+1","Battle Trance","Inflame","Headbutt","Seeing Red","Pummel"],"relics":["Burning Blood","NeowsBlessing","ReplayTheSpireMod:Lightbulb","Mirror","CeramicFish","Meat on the Bone","infinitespire:Midas Blood","Membership Card"],"acts_visited":["Exordium"],"potions_floor_usage":[12,16],"damage_taken":[{"damage":0,"enemies":"2 Louse","floor":1,"turns":1},{"damage":0,"enemies":"Small Slimes","floor":2,"turns":1},{"damage":0,"enemies":"Lagavulin","floor":6,"turns":1},{"damage":6,"enemies":"Cultist","floor":7,"turns":3},{"damage":46,"enemies":"Gremlin Nob","floor":8,"turns":5},{"damage":15,"enemies":"3 Louse","floor":11,"turns":4},{"damage":30,"enemies":"3 Sentries","floor":12,"turns":6},{"damage":13,"enemies":"Blue Slaver","floor":14,"turns":2},{"damage":37,"enemies":"The Guardian","floor":16,"turns":8}],"seed_played":"-1966033220917738702","potions_obtained":[{"floor":6,"key":"SpeedPotion"},{"floor":8,"key":"PowerPotion"},{"floor":12,"key":"Flashbang"},{"floor":14,"key":"FearPotion"}],"is_trial":false,"path_per_floor":["M","M","?","$","?","E","M","E","T","R","M","E","$","M","R","B"],"character_chosen":"IRONCLAD","items_purchased":["Membership Card","Seeing Red"],"campfire_rested":0,"item_purchase_floors":[13,13],"current_hp_per_floor":[80,80,80,80,80,80,80,40,40,40,43,31,31,36,36,0,0],"gold":67,"neow_bonus":"THREE_ENEMY_KILL","is_daily":false,"chose_seed":false,"campfire_upgraded":2,"win_rate":0.0,"timestamp":1612658573,"path_taken":["M","M","?","$","?","E","M","E","T","R","M","E","$","M","R","BOSS"],"items_purchased_type":["Relic","Card"],"build_version":"2020-12-22","purchased_purges":1,"victory":false,"max_hp_per_floor":[80,80,80,80,80,80,80,80,80,80,80,80,80,80,80,80,80],"relic_stats":{"counters":[9,31],"CeramicFish":45,"obtain_stats":[{"NeowsBlessing":0,"CeramicFish":8,"Membership Card":13,"ReplayTheSpireMod:Lightbulb":3,"Mirror":6,"Burning Blood":0,"Meat on the Bone":9,"infinitespire:Midas Blood":12},{"NeowsBlessing":0,"CeramicFish":5,"Membership Card":7,"ReplayTheSpireMod:Lightbulb":2,"Mirror":3,"Burning Blood":0,"Meat on the Bone":5,"infinitespire:Midas Blood":7},{"NeowsBlessing":0,"CeramicFish":11,"Membership Card":21,"ReplayTheSpireMod:Lightbulb":2,"Mirror":3,"Burning Blood":0,"Meat on the Bone":11,"infinitespire:Midas Blood":21}],"Burning Blood":30,"Meat on the Bone":36},"card_choices":[{"not_picked":["Run Through","Warcry"],"picked":"ReplayTheSpireMod:Strike From Hell","floor":1},{"not_picked":["ReplayReversal","Rage"],"picked":"infinitespire:OneForAll","floor":2},{"not_picked":["Anger","Clothesline"],"picked":"ReplayTheSpireMod:LeadingStrike","floor":6},{"not_picked":["Cleave","Rupture","Warcry"],"picked":"SKIP","floor":7},{"not_picked":["Thunderclap","Berserk"],"picked":"Battle Trance","floor":8},{"not_picked":["Anger","Blood for Blood"],"picked":"Inflame","floor":11},{"not_picked":["Replay:Undeath\u0027s Touch","Anger"],"picked":"Headbutt","floor":12},{"not_picked":["Carnage","Reckless Charge"],"picked":"Pummel","floor":14}],"player_experience":278728,"relics_obtained":[{"floor":6,"key":"Mirror"},{"floor":8,"key":"CeramicFish"},{"floor":9,"key":"Meat on the Bone"},{"floor":12,"key":"infinitespire:Midas Blood"}],"event_choices":[{"damage_healed":0,"gold_gain":0,"player_choice":"Box","damage_taken":0,"relics_obtained":["ReplayTheSpireMod:Lightbulb"],"max_hp_gain":0,"max_hp_loss":0,"event_name":"Big Fish","floor":3,"gold_loss":0,"cards_obtained":["Regret"]},{"damage_healed":0,"gold_gain":0,"player_choice":"Leave","damage_taken":0,"max_hp_gain":0,"max_hp_loss":0,"event_name":"The Cleric","floor":5,"gold_loss":0}],"is_beta":false,"boss_relics":[],"items_purged_floors":[4],"is_endless":false,"potions_floor_spawned":[6,8,12,14],"killed_by":"The Guardian","ascension_level":3}}