{"host":"815dqs41i1y8uxms","time":1612728781,"event":{"mods":["2.2 Compatiblity","A Penny For Your Troubles","Act Like it!","BaseMod","Dark Map","Elementarium","Fox Events","Jorbs\u0027s Wanderer Trilogy","Minty Spire (QoL Compilation)","Rare Cards Sparkle","Shop Mod","Spire Arcade","StSLib","The Jungle","The Marked"],"gold_per_floor":[17,17,92,23,43,69,69,99,124,399,411,446,446,87,87,189,189,203,203,203,222,40,40,40,40],"floor_reached":24,"language":"ENG","playtime":1547,"items_purged":["Regret"],"score":210,"play_id":"97a9984f-1add-4207-98c0-51c6ab5dd522","local_time":"20210207211301","is_ascension_mode":false,"campfire_choices":[{"floor":7,"key":"REST"},{"floor":13,"key":"REST"},{"floor":15,"key":"REST"}],"circlet_count":0,"master_deck":["theMarked:Strike+1","theMarked:Strike","theMarked:Strike","theMarked:Strike+1","theMarked:Strike+1","theMarked:Defend","theMarked:Defend","theMarked:Defend+1","theMarked:Defend","theMarked:SoldierOfQuellstein","theMarked:Levitate","theMarked:TwofoldDefense","theMarked:Overcharge","theMarked:MuscleMemory","theMarked:SuspiciousRaven","theMarked:Pokerface","theMarked:SwordAndMagic","theMarked:TunnelVision+1","theMarked:Opportunist","Enlightenment","theMarked:BindingBlade","theMarked:TakeCover","theMarked:Standoff","theMarked:RogueSparks","Writhe"],"relics":["theMarked:ArtifactOfAir","Toy Ornithopter","Happy Flower","Molten Egg 2","MerchantsRug","theJungle:WildMango","Blood Vial","Medical Kit","Shovel"],"acts_visited":["Exordium","Exordium"],"potions_floor_usage":[8,12],"damage_taken":[{"damage":1,"enemies":"Jaw Worm","floor":1,"turns":4},{"damage":0,"enemies":"Small Slimes","floor":5,"turns":2},{"damage":35,"enemies":"Lagavulin","floor":6,"turns":13},{"damage":11,"enemies":"3 Sentries","floor":8,"turns":10},{"damage":2,"enemies":"Cultist","floor":11,"turns":4},{"damage":12,"enemies":"Lagavulin","floor":12,"turns":4},{"damage":34,"enemies":"Hexaghost","floor":16,"turns":8},{"damage":14,"enemies":"theJungle:GiantWrat","floor":18,"turns":5},{"damage":25,"enemies":"theJungle:MUSHROOMGANG","floor":21,"turns":4},{"damage":62,"enemies":"theJungle:JungleHuntersEncounter","floor":24,"turns":9}],"seed_played":"-7744028773769166386","potions_obtained":[{"floor":6,"key":"SneckoOil"},{"floor":8,"key":"LiquidBronze"},{"floor":16,"key":"GamblersBrew"}],"is_trial":false,"path_per_floor":["M","?","?","$","M","E","R","E","T","?","M","E","R","$","R","B",null,"M","?","?","M","$","?","M"],"character_chosen":"THE_DEFAULT","items_purchased":["theMarked:Overcharge","MerchantsRug","theMarked:Opportunist","Enlightenment","Blood Vial","Medical Kit","theMarked:RogueSparks"],"campfire_rested":3,"item_purchase_floors":[4,14,14,14,22,22,22],"current_hp_per_floor":[69,55,44,44,44,9,30,24,24,24,22,15,36,36,57,23,70,56,65,79,54,54,54,0,0],"gold":40,"neow_bonus":"THREE_RARE_CARDS","is_daily":false,"chose_seed":false,"campfire_upgraded":0,"win_rate":0.0,"timestamp":1612728781,"path_taken":["M","?","?","$","M","E","R","E","T","?","M","E","R","$","R","BOSS","M","?","?","M","$","?","M"],"items_purchased_type":["Card","Relic","Card","Card","Relic","Relic","Card"],"build_version":"2020-12-22","purchased_purges":1,"victory":false,"max_hp_per_floor":[70,70,70,70,70,70,70,70,70,70,70,70,70,70,70,70,70,70,70,84,84,84,84,84,84],"card_choices":[{"not_picked":["theMarked:BindingBlade","theMarked:TurnInvisible"],"picked":"theMarked:Levitate","floor":0},{"not_picked":["theMarked:SwordAndMagic","theMarked:Electrocute"],"picked":"theMarked:TwofoldDefense","floor":1},{"not_picked":["theMarked:BanishingWave","theMarked:BanishingStrike"],"picked":"theMarked:MuscleMemory","floor":5},{"not_picked":["theMarked:ElectricStrings","theMarked:Aftermath"],"picked":"theMarked:SuspiciousRaven","floor":6},{"not_picked":["theMarked:ResourceFulStrike","theMarked:HeightenedSenses"],"picked":"theMarked:Pokerface","floor":8},{"not_picked":["theMarked:FavorableWinds","theMarked:Overcharge"],"picked":"theMarked:SwordAndMagic","floor":11},{"not_picked":["theMarked:Parkour+1","theMarked:Abjuration+1"],"picked":"theMarked:TunnelVision+1","floor":12},{"not_picked":["theMarked:Abjuration+1","theMarked:Vacuum+1"],"picked":"theMarked:BindingBlade","floor":16},{"not_picked":[],"picked":"theMarked:TakeCover","floor":18},{"not_picked":[],"picked":"theMarked:Standoff","floor":21}],"player_experience":3885761,"relics_obtained":[{"floor":6,"key":"Toy Ornithopter"},{"floor":8,"key":"Whetstone"},{"floor":9,"key":"Happy Flower"},{"floor":12,"key":"Molten Egg 2"}],"event_choices":[{"damage_healed":0,"gold_gain":0,"player_choice":"Entered Light","damage_taken":14,"max_hp_gain":0,"max_hp_loss":0,"event_name":"Shining Light","floor":2,"gold_loss":0,"cards_upgraded":["theMarked:Defend","theMarked:Strike"]},{"damage_healed":0,"gold_gain":75,"player_choice":"Gather Gold","damage_taken":11,"max_hp_gain":0,"max_hp_loss":0,"event_name":"World of Goop","floor":3,"gold_loss":0},{"damage_healed":0,"gold_gain":275,"player_choice":"Desecrate","damage_taken":0,"max_hp_gain":0,"max_hp_loss":0,"event_name":"Golden Shrine","floor":10,"gold_loss":0,"cards_obtained":["Regret"]}],"is_beta":false,"boss_relics":[{"not_picked":["Velvet Choker","Runic Dome"],"picked":"Busted Crown"}],"items_purged_floors":[14],"is_endless":false,"potions_floor_spawned":[6,8,16],"killed_by":"theJungle:JungleHuntersEncounter","ascension_level":0}}