{"host":"hzswyuuwdl03wwzr","time":1612673305,"event":{"mods":["100% Spire Juice","ATMod(∞¢Ë™Mod)","AchievementEnabler","Act Like it!","BaseMod","Gensokyo","Hallownest","Marisa£®ÏF”Í°°ƒß¿Ì…≥£©","Minty Spire (QoL Compilation)","Reliquary","Remilia_Scarlet Moed£®¿Ÿ√◊¿Ú—«°§Àπø®¿◊Ãÿ£©3.3.5","Replay The Spire","StSLib","The Bug Knight","The Cursed","The Senshi","The Servant 0.9.4","Yakumo Yukari mod","Youmu£®ªÍ∆«—˝√Œ£©","Yuyuko","°æπ¶ƒ‹Mod°øªÏ„Á÷Æª∑–ﬁ∏¥≤π∂°","°æ“≈ŒÔø®≈∆°øREMEMod"],"gold_per_floor":[109,127,127,146,123,123,133,133,133,151,151,167,167,178,178,178,178],"floor_reached":16,"language":"ZHS","playtime":362,"items_purged":[],"score":94,"play_id":"4f8e7582-a195-4f20-b515-2303b302aa0f","local_time":"20210207124825","is_ascension_mode":false,"campfire_choices":[{"data":"Moonworks:ForcedRevival","floor":6,"key":"SMITH"},{"data":"Moonworks:EvilSpyWorkPreparation","floor":8,"key":"SMITH"},{"data":"Moonworks:EvilSpyWorkPreparation","floor":13,"key":"SMITH"},{"data":"Moonworks:DeployBits","floor":15,"key":"SMITH"}],"circlet_count":0,"master_deck":["Moonworks:Strike","Moonworks:Strike","Moonworks:Strike","Moonworks:Strike","Moonworks:Defend","Moonworks:Defend","Moonworks:Defend","Moonworks:Defend","Moonworks:Ambush","Moonworks:LongDistanceShot","Moonworks:ForcedRevival+1","Moonworks:SakisCookie","Moonworks:CloudOfSeagulls","Moonworks:EvilSpyWorkPreparation+1","Moonworks:SakisCookie","Moonworks:EvilSpyWorkPreparation+1","Moonworks:EvilSpyWorkPreparation+1","Moonworks:DeployBits+1"],"relics":["Moonworks:BrokenBomb","Moonworks:Homemark","AT_ATBox","REME_ComplimentaryCards","NeowsBlessing","Hallownest:DreamNailRelic"],"acts_visited":["Hallownest:Greenpath"],"potions_floor_usage":[16,16,16],"damage_taken":[{"damage":0,"enemies":"Hallownest:monsterHuskWarrior","floor":1,"turns":1},{"damage":0,"enemies":"2_ Uuma","floor":2,"turns":1},{"damage":0,"enemies":"Hallownest:2_MossCreeps","floor":4,"turns":1},{"damage":5,"enemies":"Hallownest:monsterMossCharger","floor":7,"turns":4},{"damage":24,"enemies":"Hallownest:1_Baldur_1_Crawlid_1_Warrior","floor":10,"turns":5},{"damage":15,"enemies":"Hallownest:MossCreep_and_Mosskin","floor":12,"turns":4},{"damage":9,"enemies":"Hallownest:Guard_and_Warrior","floor":14,"turns":3},{"damage":60,"enemies":"Hallownest:BossHornet","floor":16,"turns":5}],"seed_played":"-3272946749260898121","potions_obtained":[{"floor":2,"key":"BlessingOfTheForge"},{"floor":10,"key":"LifebloodPotion"},{"floor":12,"key":"LiquidMemories"},{"floor":14,"key":"CultistPotion"}],"is_trial":false,"path_per_floor":["M","M","?","M","$","R","M","R","T","M","?","M","R","M","R","B"],"character_chosen":"THE_STARBREAKER","items_purchased":["Moonworks:EvilSpyWorkPreparation"],"campfire_rested":0,"item_purchase_floors":[5],"current_hp_per_floor":[60,60,60,60,60,60,55,55,55,41,41,34,34,27,27,0,0],"gold":178,"neow_bonus":"THREE_ENEMY_KILL","is_daily":false,"chose_seed":false,"campfire_upgraded":4,"win_rate":0.0,"timestamp":1612673305,"path_taken":["M","?","?","M","$","R","?","R","T","M","?","M","R","M","R","BOSS"],"items_purchased_type":["Card"],"build_version":"2020-12-22","purchased_purges":0,"victory":false,"max_hp_per_floor":[60,60,60,60,60,60,60,60,60,60,60,60,60,60,60,60,60],"card_choices":[{"not_picked":["Moonworks:BigMagnum","Moonworks:DeployBits"],"picked":"Moonworks:ForcedRevival","floor":1},{"not_picked":["Moonworks:JonathanRush","Moonworks:ScrambledEve"],"picked":"Moonworks:SakisCookie","floor":2},{"not_picked":["Moonworks:ForcedRevival","Moonworks:MixPhenomenon"],"picked":"Moonworks:CloudOfSeagulls","floor":4},{"not_picked":["Moonworks:Assault","Moonworks:IndiscriminateFireSupport"],"picked":"Moonworks:SakisCookie","floor":7},{"not_picked":["Moonworks:JonathanRush","Moonworks:UnluckyCharm"],"picked":"Moonworks:EvilSpyWorkPreparation","floor":10},{"not_picked":["Moonworks:Dinner","Moonworks:SweetBattle"],"picked":"Moonworks:EvilSpyWorkPreparation","floor":12},{"not_picked":["Moonworks:CloudOfSeagulls","Moonworks:Assault"],"picked":"Moonworks:DeployBits","floor":14}],"player_experience":37296,"relics_obtained":[],"event_choices":[],"is_beta":false,"boss_relics":[],"items_purged_floors":[],"is_endless":false,"potions_floor_spawned":[2,10,12,14],"killed_by":"Hallownest:BossHornet","ascension_level":0}}