{"host":"x730sfaw5rd1mxd8","time":1612669130,"event":{"mods":["BaseMod","BetterRewards","Colored Powertips","Highlight Path","Minty Spire (QoL Compilation)","Relic Sorter","Relic Stats","Replay The Spire","StSLib"],"gold_per_floor":[118,118,138,153,73,73,99,99,149,149,184,194,204,236,236,310,310,328,178,191,208,219,250,270,300,300,300,300,342,342,342,342,407,407,502,502,538,581,581,623,114,158,190,245,245,310,373,207,270,311,311,335,365,365,365,52,104,138],"floor_reached":59,"language":"ENG","playtime":3719,"items_purged":["Strike_R","Strike_R","Strike_R","Strike_R","Defend_R"],"score":2978,"play_id":"3a3488eb-8e41-42fe-9b55-efd76c719813","local_time":"20210206223850","is_ascension_mode":true,"campfire_choices":[{"data":"Whirlwind","floor":6,"key":"SMITH"},{"data":"Flame Barrier","floor":8,"key":"SMITH"},{"data":"True Grit","floor":15,"key":"SMITH"},{"data":"Brutality","floor":27,"key":"SMITH"},{"data":"Rupture","floor":32,"key":"SMITH"},{"floor":34,"key":"REST"},{"floor":51,"key":"RECALL"},{"data":"Feel No Pain","floor":55,"key":"SMITH"}],"circlet_count":0,"master_deck":["AscendersBane","Strike_R+1","Defend_R","Defend_R","Defend_R","Bash","Reaper","Rupture+1","Replay:Many Hands","Evolve","Flame Barrier+1","Feel No Pain+1","Power Through","Sword Boomerang","Whirlwind+1","Anger+1","Burning Pact","Brutality+1","Rage","True Grit+1","Eclipse","Replay:Undeath\u0027s Touch+1","Anger+1","Rupture","Berserk","Burning Pact+1","Entrench+1","Reaper","Fire Breathing+1","Disarm+1","Whirlwind+1","Shrug It Off+1","Limit Break+1","Heavy Blade+1","Offering+1","ReplayTheSpireMod:Stacked+1","Disarm+1","Limit Break+1","Battle Trance+1","Impervious+1","Good Instincts+1"],"relics":["Burning Blood","Shuriken","OrangePellets","Regal Pillow","Ginger","Omamori","ReplayTheSpireMod:Ninjato","Boot","Gremlin Horn","Juzu Bracelet","Lantern","Painkiller Herb","Counterbalance","Replay:Bandana","Toxic Egg 2","White Beast Statue","ChewingGum","Replay:WaspNest","Paper Frog","PreservedInsect","Darkstone Periapt","DollysMirror","ReplayTheSpireMod:Lightbulb","ReplayFunnel","Quantum Egg"],"acts_visited":["Exordium","TheCity","TheBeyond","TheEnding"],"potions_floor_usage":[7,11,11,21,22,25,38,42,43,44,52,58,58],"damage_taken":[{"damage":7,"enemies":"Small Slimes","floor":1,"turns":7},{"damage":2,"enemies":"Jaw Worm","floor":3,"turns":7},{"damage":0,"enemies":"Cultist","floor":4,"turns":5},{"damage":24,"enemies":"Replay:BlueRogue","floor":7,"turns":8},{"damage":8,"enemies":"Gremlin Nob","floor":11,"turns":3},{"damage":14,"enemies":"Large Slime","floor":12,"turns":4},{"damage":8,"enemies":"Looter","floor":13,"turns":3},{"damage":19,"enemies":"3 Sentries","floor":14,"turns":4},{"damage":20,"enemies":"Hexaghost","floor":16,"turns":8},{"damage":13,"enemies":"Chosen","floor":18,"turns":4},{"damage":14,"enemies":"Spheric Guardian","floor":20,"turns":5},{"damage":9,"enemies":"Snake Plant","floor":21,"turns":4},{"damage":9,"enemies":"Cultist and Chosen","floor":22,"turns":4},{"damage":2,"enemies":"Gremlin Leader","floor":23,"turns":3},{"damage":27,"enemies":"Shelled Parasite and Fungi","floor":24,"turns":7},{"damage":26,"enemies":"Slavers","floor":25,"turns":3},{"damage":32,"enemies":"Centurion and Healer","floor":29,"turns":4},{"damage":39,"enemies":"Gremlin Leader","floor":33,"turns":5},{"damage":23,"enemies":"Collector","floor":35,"turns":7},{"damage":2,"enemies":"3 Shapes","floor":37,"turns":2},{"damage":6,"enemies":"3 Darklings","floor":38,"turns":3},{"damage":5,"enemies":"Maw","floor":40,"turns":6},{"damage":44,"enemies":"Giant Head","floor":42,"turns":8},{"damage":28,"enemies":"Jaw Worm Horde","floor":43,"turns":4},{"damage":27,"enemies":"R_Hoarder","floor":44,"turns":7},{"damage":26,"enemies":"Giant Head","floor":46,"turns":5},{"damage":13,"enemies":"3 Darklings","floor":47,"turns":3},{"damage":22,"enemies":"R_Hoarder","floor":49,"turns":5},{"damage":25,"enemies":"4 Shapes","floor":50,"turns":4},{"damage":32,"enemies":"Replay:Hell Engine","floor":52,"turns":5},{"damage":46,"enemies":"Donu and Deca","floor":53,"turns":5},{"damage":30,"enemies":"Shield and Spear","floor":57,"turns":7},{"damage":64,"enemies":"The Heart","floor":58,"turns":5}],"seed_played":"6262821410854930863","potions_obtained":[{"floor":3,"key":"SteroidPotion"},{"floor":4,"key":"SneckoOil"},{"floor":7,"key":"Strength Potion"},{"floor":13,"key":"SteroidPotion"},{"floor":14,"key":"BloodPotion"},{"floor":21,"key":"Swift Potion"},{"floor":22,"key":"Energy Potion"},{"floor":25,"key":"PowerPotion"},{"floor":38,"key":"ElixirPotion"},{"floor":40,"key":"LifebloodPotion"},{"floor":42,"key":"FearPotion"},{"floor":43,"key":"Explosive Potion"},{"floor":44,"key":"ElixirPotion"},{"floor":46,"key":"Milkshake"},{"floor":49,"key":"Swift Potion"}],"is_trial":false,"path_per_floor":["M","?","M","M","$","R","E","R","T","?","E","M","M","E","R","B",null,"?","T","?","?","?","E","?","E","T","T","?","?","PTL","PTL","T","E","T","B",null,"?","?","?","?","T","E","?","E","T","E","?","T","E","?","T","B","B",null,"T","T","E","B",null],"character_chosen":"IRONCLAD","items_purchased":["Shuriken","Reaper","Rupture","OrangePellets","Regal Pillow","Replay:Many Hands","Evolve","Flame Barrier","Omamori","ReplayTheSpireMod:Ninjato","Feel No Pain","Power Through","Whirlwind","Replay:WaspNest","Shrug It Off+1","DollysMirror","ReplayFunnel","Good Instincts+1","PowerPotion"],"campfire_rested":1,"item_purchase_floors":[0,0,0,0,0,0,0,0,0,0,0,0,5,41,41,48,56,56,56],"current_hp_per_floor":[71,53,62,68,68,68,55,55,55,32,36,38,41,28,28,19,61,60,60,52,69,72,75,57,73,73,73,73,57,57,57,57,39,75,75,75,75,75,71,71,71,33,42,45,45,52,71,71,71,69,69,71,59,68,68,68,65,71],"gold":138,"neow_bonus":"","is_daily":false,"chose_seed":false,"campfire_upgraded":6,"win_rate":0.0,"timestamp":1612669130,"path_taken":["M","?","M","M","$","R","E","R","T","?","E","M","M","E","R","BOSS","?","T","?","?","?","E","?","E","T","T","?","?","PTL","PTL","T","E","T","BOSS","?","?","?","?","T","E","?","E","T","E","?","T","E","?","T","BOSS","BOSS","T","T","E","BOSS"],"items_purchased_type":["Relic","Card","Card","Relic","Relic","Card","Card","Card","Relic","Relic","Card","Card","Card","Relic","Card","Relic","Relic","Card","Potion"],"build_version":"2020-12-22","purchased_purges":5,"victory":true,"max_hp_per_floor":[75,75,75,75,75,75,75,75,75,75,75,75,75,75,75,75,75,75,75,75,75,75,75,75,75,75,75,75,75,75,75,75,75,75,75,75,75,75,71,71,71,71,71,71,71,71,71,71,71,71,71,71,71,71,71,71,71,71],"relic_stats":{"Darkstone Periapt":0,"OrangePellets":[40],"Regal Pillow":51,"Gremlin Horn":[34,35],"counters":[510,2358],"Shuriken":[47],"PreservedInsect":891,"Juzu Bracelet":0,"Ginger":[32],"Boot":[283],"obtain_stats":[{"Golden Egg":8,"Replay:Accelerometer":52,"Whetstone":14,"Ginger":6,"Bottled Tornado":44,"Boot":53,"Sling":0,"Old Coin":47,"Blood Vial":20,"Replay:Wanted Poster":34,"Replay:Ringing Soul":54,"Sundial":28,"Replay:Bronze Core":34,"MealTicket":27,"Fusion Hammer":19,"Replay:Bottled Flurry":0,"Kunai":53,"Replay:Wax Seal":43,"Electric Blood":17,"Replay:Bottled Steam":6,"Pear":9,"Blue Candle":30,"Counterbalance":11,"Velvet Choker":19,"Eternal Feather":9,"Akabeko":27,"SlaversCollar":17,"Bird Faced Urn":12,"Pandora\u0027s Box":34,"Mark of Pain":0,"Kintsugi":17,"Abe\u0027s Treasure":17,"Unceasing Top":49,"Regal Pillow":9,"Lantern":14,"Singing Bowl":10,"Torii":0,"Magic Flower":11,"StoneCalendar":14,"Painkiller Herb":17,"Blue Doll":27,"King of Hearts":12,"Bag of Preparation":9,"Cursed Key":34,"Smiling Mask":24,"Ancient Tea Set":40,"Burning Blood":0,"Pet Ghost":23,"Replay:Rubber Ducky":0,"Matryoshka":0,"Shovel":46,"WingedGreaves":8,"Chemical X":41,"Replay:Bottled Eggs":27,"InkBottle":26,"Paper Frog":9,"Potion Belt":48,"Lee\u0027s Waffle":20,"Golden Idol":11,"Self Forming Clay":7,"Thread and Needle":50,"The Courier":14,"PreservedInsect":22,"Omamori":40,"Frozen Egg 2":0,"MawBank":26,"Busted Crown":17,"Ornamental Fan":50,"Orrery":0,"Turnip":46,"Art of War":40,"Garlic":32,"Champion Belt":56,"Bottled Lightning":9,"ReplayTheSpireMod:Lightbulb":0,"Toy Ornithopter":25,"Ice Cream":14,"Divine Protection":42,"Calipers":6,"Gremlin Horn":9,"CeramicFish":43,"Vajra":0,"Sozu":17,"Centennial Puzzle":9,"DollysMirror":43,"Strawberry":28,"Honey Jar":17,"Philosopher\u0027s Stone":17,"Iron Hammer":0,"Toxic Egg 2":9,"Girya":19,"Happy Flower":27,"ReplayTheSpireMod:CursedCoin":0,"Dead Branch":13,"Replay:Grab Bag":17,"Oddly Smooth Stone":26,"Charon\u0027s Ashes":39,"Letter Opener":25,"Replay:Kaleidoscope":50,"War Paint":8,"Question Card":0,"OrangePellets":53,"Replay:Baseball":38,"ReplayTheSpireMod:Spearhead":24,"ReplayTheSpireMod:Shallot":30,"Shuriken":55,"Bronze Scales":12,"Simple Rune":28,"Onion Ring":45,"Molten Egg 2":7,"ReplayTheSpireMod:TigerMarble":13,"Black Star":17,"Grinning Jar":25,"Pocketwatch":0,"Darkstone Periapt":5,"ReplayFunnel":19,"Iron Core":3,"Replay:PocketPolymizer":34,"Black Blood":17,"Mango":6,"Juzu Bracelet":42,"Incense Burner":12,"Replay:Mystery Machine":0,"ClockworkSouvenir":0,"Dream Catcher":43,"Nunchaku":38,"Replay:Bandana":0,"TheAbacus":0,"Chameleon Ring":24,"Mummified Hand":0,"Pantograph":23,"Gambling Chip":24,"Replay:Bottled Snecko":6,"Red Skull":6,"Runic Pyramid":34,"Gremlin Food":0,"BargainBundle":0,"ReplayTheSpireMod:Ninjato":0,"Replay:Towering Pillar of Hats":0,"Quantum Egg":32,"Guide Book":53,"Replay:WaspNest":0,"Orichalcum":48,"Odd Mushroom":10,"Medical Kit":53,"White Beast Statue":0,"Mercury Hourglass":43,"Calling Bell":34,"Anchor":10,"CaptainsWheel":49,"ChewingGum":17,"Another Sword":42,"Snack Pack":8,"Bag of Marbles":12,"Membership Card":0,"TungstenRod":40,"FossilizedHelix":28},{"Golden Egg":68,"Replay:Accelerometer":153,"Whetstone":70,"Ginger":401,"Bottled Tornado":247,"Boot":153,"Sling":360,"Old Coin":88,"Blood Vial":26,"Replay:Wanted Poster":241,"Replay:Ringing Soul":220,"Sundial":108,"Replay:Bronze Core":311,"MealTicket":58,"Fusion Hammer":456,"Replay:Bottled Flurry":251,"Kunai":153,"Replay:Wax Seal":438,"Electric Blood":51,"Replay:Bottled Steam":364,"Pear":347,"Blue Candle":30,"Counterbalance":349,"Velvet Choker":72,"Eternal Feather":255,"Akabeko":138,"SlaversCollar":24,"Bird Faced Urn":22,"Pandora\u0027s Box":208,"Mark of Pain":0,"Kintsugi":352,"Abe\u0027s Treasure":102,"Unceasing Top":120,"Regal Pillow":275,"Lantern":324,"Singing Bowl":21,"Torii":186,"Magic Flower":49,"StoneCalendar":166,"Painkiller Herb":259,"Blue Doll":358,"King of Hearts":277,"Bag of Preparation":68,"Cursed Key":31,"Smiling Mask":106,"Ancient Tea Set":437,"Burning Blood":0,"Pet Ghost":56,"Replay:Rubber Ducky":93,"Matryoshka":93,"Shovel":151,"WingedGreaves":255,"Chemical X":114,"Replay:Bottled Eggs":78,"InkBottle":377,"Paper Frog":226,"Potion Belt":119,"Lee\u0027s Waffle":340,"Golden Idol":5,"Self Forming Clay":97,"Thread and Needle":90,"The Courier":7,"PreservedInsect":11,"Omamori":245,"Frozen Egg 2":14,"MawBank":106,"Busted Crown":8,"Ornamental Fan":120,"Orrery":330,"Turnip":38,"Art of War":36,"Garlic":109,"Champion Belt":92,"Bottled Lightning":129,"ReplayTheSpireMod:Lightbulb":93,"Toy Ornithopter":306,"Ice Cream":23,"Divine Protection":148,"Calipers":294,"Gremlin Horn":20,"CeramicFish":115,"Vajra":221,"Sozu":338,"Centennial Puzzle":5,"DollysMirror":469,"Strawberry":13,"Honey Jar":231,"Philosopher\u0027s Stone":167,"Iron Hammer":155,"Toxic Egg 2":192,"Girya":134,"Happy Flower":203,"ReplayTheSpireMod:CursedCoin":155,"Dead Branch":165,"Replay:Grab Bag":279,"Oddly Smooth Stone":57,"Charon\u0027s Ashes":213,"Letter Opener":266,"Replay:Kaleidoscope":474,"War Paint":163,"Question Card":221,"OrangePellets":219,"Replay:Baseball":83,"ReplayTheSpireMod:Spearhead":202,"ReplayTheSpireMod:Shallot":206,"Shuriken":91,"Bronze Scales":6,"Simple Rune":78,"Onion Ring":116,"Molten Egg 2":226,"ReplayTheSpireMod:TigerMarble":132,"Black Star":407,"Grinning Jar":137,"Pocketwatch":41,"Darkstone Periapt":18,"ReplayFunnel":103,"Iron Core":188,"Replay:PocketPolymizer":433,"Black Blood":279,"Mango":19,"Juzu Bracelet":87,"Incense Burner":131,"Replay:Mystery Machine":93,"ClockworkSouvenir":123,"Dream Catcher":37,"Nunchaku":83,"Replay:Bandana":123,"TheAbacus":61,"Chameleon Ring":170,"Mummified Hand":155,"Pantograph":12,"Gambling Chip":27,"Replay:Bottled Snecko":161,"Red Skull":47,"Runic Pyramid":142,"Gremlin Food":155,"BargainBundle":251,"ReplayTheSpireMod:Ninjato":477,"Replay:Towering Pillar of Hats":444,"Quantum Egg":80,"Guide Book":249,"Replay:WaspNest":93,"Orichalcum":218,"Odd Mushroom":422,"Medical Kit":394,"White Beast Statue":155,"Mercury Hourglass":181,"Calling Bell":433,"Anchor":69,"CaptainsWheel":152,"ChewingGum":279,"Another Sword":181,"Snack Pack":48,"Bag of Marbles":257,"Membership Card":93,"TungstenRod":214,"FossilizedHelix":239},{"Golden Egg":270,"Replay:Accelerometer":693,"Whetstone":276,"Ginger":1860,"Bottled Tornado":1111,"Boot":693,"Sling":1690,"Old Coin":374,"Blood Vial":107,"Replay:Wanted Poster":1084,"Replay:Ringing Soul":1002,"Sundial":475,"Replay:Bronze Core":1396,"MealTicket":230,"Fusion Hammer":2097,"Replay:Bottled Flurry":1133,"Kunai":693,"Replay:Wax Seal":2016,"Electric Blood":208,"Replay:Bottled Steam":1707,"Pear":1608,"Blue Candle":123,"Counterbalance":1619,"Velvet Choker":287,"Eternal Feather":1149,"Akabeko":613,"SlaversCollar":100,"Bird Faced Urn":86,"Pandora\u0027s Box":935,"Mark of Pain":0,"Kintsugi":1635,"Abe\u0027s Treasure":449,"Unceasing Top":539,"Regal Pillow":1226,"Lantern":1469,"Singing Bowl":82,"Torii":830,"Magic Flower":200,"StoneCalendar":746,"Painkiller Herb":1169,"Blue Doll":1675,"King of Hearts":1234,"Bag of Preparation":270,"Cursed Key":130,"Smiling Mask":466,"Ancient Tea Set":2011,"Burning Blood":0,"Pet Ghost":224,"Replay:Rubber Ducky":411,"Matryoshka":411,"Shovel":679,"WingedGreaves":1149,"Chemical X":510,"Replay:Bottled Eggs":311,"InkBottle":1760,"Paper Frog":1023,"Potion Belt":538,"Lee\u0027s Waffle":1566,"Golden Idol":17,"Self Forming Clay":425,"Thread and Needle":385,"The Courier":25,"PreservedInsect":40,"Omamori":1101,"Frozen Egg 2":51,"MawBank":466,"Busted Crown":30,"Ornamental Fan":539,"Orrery":1509,"Turnip":156,"Art of War":146,"Garlic":481,"Champion Belt":400,"Bottled Lightning":578,"ReplayTheSpireMod:Lightbulb":411,"Toy Ornithopter":1366,"Ice Cream":93,"Divine Protection":660,"Calipers":1310,"Gremlin Horn":78,"CeramicFish":521,"Vajra":1010,"Sozu":1554,"Centennial Puzzle":17,"DollysMirror":2147,"Strawberry":48,"Honey Jar":1045,"Philosopher\u0027s Stone":751,"Iron Hammer":713,"Toxic Egg 2":857,"Girya":598,"Happy Flower":908,"ReplayTheSpireMod:CursedCoin":713,"Dead Branch":743,"Replay:Grab Bag":1251,"Oddly Smooth Stone":226,"Charon\u0027s Ashes":957,"Letter Opener":1198,"Replay:Kaleidoscope":2176,"War Paint":736,"Question Card":1010,"OrangePellets":999,"Replay:Baseball":343,"ReplayTheSpireMod:Spearhead":903,"ReplayTheSpireMod:Shallot":922,"Shuriken":395,"Bronze Scales":20,"Simple Rune":311,"Onion Ring":524,"Molten Egg 2":1023,"ReplayTheSpireMod:TigerMarble":589,"Black Star":1894,"Grinning Jar":609,"Pocketwatch":170,"Darkstone Periapt":65,"ReplayFunnel":454,"Iron Core":838,"Replay:PocketPolymizer":1997,"Black Blood":1251,"Mango":73,"Juzu Bracelet":367,"Incense Burner":585,"Replay:Mystery Machine":411,"ClockworkSouvenir":554,"Dream Catcher":151,"Nunchaku":343,"Replay:Bandana":554,"TheAbacus":244,"Chameleon Ring":764,"Mummified Hand":713,"Pantograph":44,"Gambling Chip":111,"Replay:Bottled Snecko":730,"Red Skull":189,"Runic Pyramid":629,"Gremlin Food":713,"BargainBundle":1133,"ReplayTheSpireMod:Ninjato":2194,"Replay:Towering Pillar of Hats":2046,"Quantum Egg":320,"Guide Book":1122,"Replay:WaspNest":411,"Orichalcum":988,"Odd Mushroom":1954,"Medical Kit":1829,"White Beast Statue":713,"Mercury Hourglass":808,"Calling Bell":1997,"Anchor":273,"CaptainsWheel":682,"ChewingGum":1251,"Another Sword":808,"Snack Pack":196,"Bag of Marbles":1159,"Membership Card":411,"TungstenRod":963,"FossilizedHelix":1074}],"Burning Blood":1635},"card_choices":[{"not_picked":["Clash","ReplayTheSpireMod:Strike From Hell","Armaments"],"picked":"SKIP","floor":1},{"not_picked":["Flex","Searing Blow","Warcry"],"picked":"SKIP","floor":3},{"not_picked":["Abandon","Life Link"],"picked":"Sword Boomerang","floor":4},{"not_picked":["Clash","Massacre"],"picked":"Anger","floor":7},{"not_picked":["Clash","Carnage"],"picked":"Burning Pact","floor":11},{"not_picked":["Rupture","Entrench"],"picked":"Brutality","floor":12},{"not_picked":["Havoc","Perfected Strike"],"picked":"Rage","floor":13},{"not_picked":["Wild Strike","Massacre"],"picked":"True Grit","floor":14},{"not_picked":["Brutality","Demonic Infusion"],"picked":"Eclipse","floor":16},{"not_picked":["Pommel Strike","Warcry"],"picked":"Replay:Undeath\u0027s Touch+1","floor":18},{"not_picked":["Abandon","Havoc","Perfected Strike"],"picked":"SKIP","floor":20},{"not_picked":["Metallicize","Wild Strike","Warcry"],"picked":"SKIP","floor":21},{"not_picked":["Body Slam","Run Through"],"picked":"Anger+1","floor":22},{"not_picked":["Shockwave","ReplayTheSpireMod:LeadingStrike"],"picked":"Rupture","floor":23},{"not_picked":["Replay:Undeath\u0027s Touch","Sever Soul"],"picked":"Berserk","floor":24},{"not_picked":["Rupture","ReplayTheSpireMod:Muscle Training","Armaments"],"picked":"SKIP","floor":25},{"not_picked":["Heavy Blade","Wild Strike"],"picked":"Burning Pact+1","floor":29},{"not_picked":["Carnage","Hemokinesis"],"picked":"Entrench+1","floor":33},{"not_picked":["Exhume+1","Brutality"],"picked":"Reaper","floor":35},{"not_picked":["Life Link","Replay:Undeath\u0027s Touch"],"picked":"Fire Breathing+1","floor":37},{"not_picked":["Pommel Strike","Carnage"],"picked":"Disarm+1","floor":38},{"not_picked":["Armaments+1","Anger"],"picked":"Whirlwind+1","floor":40},{"not_picked":["Wild Strike+1","Twin Strike+1"],"picked":"Limit Break+1","floor":42},{"not_picked":["Replay:Undeath\u0027s Touch","Seeing Red+1"],"picked":"Heavy Blade+1","floor":43},{"not_picked":["Whirlwind","Heavy Blade"],"picked":"Offering+1","floor":44},{"not_picked":["Clash","Replay:Undeath\u0027s Touch+1"],"picked":"ReplayTheSpireMod:Stacked+1","floor":46},{"not_picked":["Heavy Blade","ReplayTheSpireMod:LeadingStrike"],"picked":"Disarm+1","floor":47},{"not_picked":["Clothesline","Anger+1"],"picked":"Battle Trance+1","floor":49},{"not_picked":["Armaments+1","Perfected Strike"],"picked":"Impervious+1","floor":50},{"not_picked":["Replay:Undeath\u0027s Touch","Searing Blow","Armaments+1"],"picked":"SKIP","floor":57}],"player_experience":4103653,"relics_obtained":[{"floor":7,"key":"Gremlin Horn"},{"floor":11,"key":"Juzu Bracelet"},{"floor":14,"key":"Lantern"},{"floor":23,"key":"Counterbalance"},{"floor":25,"key":"Replay:Bandana"},{"floor":26,"key":"Toxic Egg 2"},{"floor":33,"key":"White Beast Statue"},{"floor":42,"key":"Paper Frog"},{"floor":45,"key":"PreservedInsect"},{"floor":46,"key":"Darkstone Periapt"},{"floor":49,"key":"ReplayTheSpireMod:Lightbulb"},{"floor":57,"key":"Quantum Egg"}],"event_choices":[{"damage_healed":0,"gold_gain":0,"player_choice":"Success","damage_taken":18,"relics_obtained":["Boot"],"max_hp_gain":0,"max_hp_loss":0,"event_name":"Scrap Ooze","floor":2,"gold_loss":0},{"damage_healed":0,"gold_gain":0,"player_choice":"Entered Light","damage_taken":23,"max_hp_gain":0,"max_hp_loss":0,"event_name":"Shining Light","floor":10,"gold_loss":0,"cards_upgraded":["Strike_R","Anger"]},{"damage_healed":0,"gold_gain":0,"player_choice":"Ignored","damage_taken":0,"max_hp_gain":0,"max_hp_loss":0,"event_name":"N\u0027loth","floor":28,"gold_loss":0},{"damage_healed":0,"gold_gain":0,"player_choice":"Max HP","damage_taken":0,"max_hp_gain":0,"max_hp_loss":4,"event_name":"Winding Halls","floor":39,"gold_loss":0}],"is_beta":false,"boss_relics":[{"not_picked":["Snecko Heart","Velvet Choker"],"picked":"Painkiller Herb"},{"not_picked":["Snecko Eye","Fusion Hammer"],"picked":"ChewingGum"}],"items_purged_floors":[0,0,0,19,41],"is_endless":false,"potions_floor_spawned":[3,4,7,13,14,21,22,23,25,35,37,38,40,42,43,44,46,47,49,50,57],"ascension_level":20}}