{"host":"04x9isxu4s2lvye3","time":1612735522,"event":{"mods":["BaseMod","Colored Powertips","Highlight Path","Minty Spire (QoL Compilation)"],"gold_per_floor":[112,72,92,107,121,153,153,170,193,193,228,286,286,334,334,463,463,485,510,126,126,150,197,197,240,266,266,296,326,326,356,356,496,496,515,270,303,303,335,375,375,402,402,424,13,13,52,68,68,68],"floor_reached":51,"language":"ENG","playtime":3590,"items_purged":["Strike_G","Strike_G","Strike_G"],"score":949,"play_id":"6bceeae5-acc7-45e9-b22b-69a438d1a574","local_time":"20210207170522","is_ascension_mode":true,"campfire_choices":[{"data":"Adrenaline","floor":7,"key":"SMITH"},{"data":"Flechettes","floor":15,"key":"SMITH"},{"data":"Footwork","floor":24,"key":"SMITH"},{"data":"Choke","floor":27,"key":"SMITH"},{"data":"Accuracy","floor":30,"key":"SMITH"},{"data":"Dash","floor":32,"key":"SMITH"},{"floor":41,"key":"REST"},{"data":"Night Terror","floor":46,"key":"SMITH"},{"floor":49,"key":"REST"}],"circlet_count":0,"master_deck":["Strike_G","Defend_G","Defend_G","Defend_G","Defend_G","Defend_G","Survivor","Neutralize","PiercingWail","Flying Knee","Adrenaline+1","Backflip","All Out Attack","Infinite Blades","Flechettes+1","Choke+1","After Image","Slice+1","Footwork+1","PiercingWail","Blade Dance","Dodge and Roll+1","Accuracy+1","Dash+1","Blur+1","Night Terror+1","Dodge and Roll+1","Predator+1","Prepared+1","Blade Dance","Blade Dance","Terror"],"relics":["Runic Pyramid","Boot","Art of War","CeramicFish","Bag of Marbles","Golden Idol","Pocketwatch","Philosopher\u0027s Stone","Thread and Needle","Sundial","Ginger","Orichalcum","HoveringKite","Bag of Preparation","Snake Skull","Letter Opener","Lee\u0027s Waffle","White Beast Statue"],"acts_visited":["Exordium","TheCity","TheBeyond"],"potions_floor_usage":[6,6,6,6,6,11,12,12,12,12,22,23,25,28,29,33,35,38,39,39,47,50,50,50],"damage_taken":[{"damage":0,"enemies":"Cultist","floor":1,"turns":4},{"damage":0,"enemies":"Jaw Worm","floor":3,"turns":5},{"damage":3,"enemies":"Small Slimes","floor":4,"turns":3},{"damage":0,"enemies":"Blue Slaver","floor":5,"turns":5},{"damage":2,"enemies":"Lagavulin","floor":6,"turns":7},{"damage":0,"enemies":"Lots of Slimes","floor":8,"turns":2},{"damage":12,"enemies":"Gremlin Nob","floor":11,"turns":4},{"damage":7,"enemies":"Lagavulin Event","floor":12,"turns":6},{"damage":1,"enemies":"Lagavulin","floor":14,"turns":5},{"damage":22,"enemies":"Slime Boss","floor":16,"turns":9},{"damage":0,"enemies":"Shell Parasite","floor":18,"turns":4},{"damage":0,"enemies":"Spheric Guardian","floor":19,"turns":2},{"damage":0,"enemies":"Centurion and Healer","floor":22,"turns":5},{"damage":11,"enemies":"Slavers","floor":23,"turns":5},{"damage":7,"enemies":"Book of Stabbing","floor":25,"turns":5},{"damage":0,"enemies":"Cultist and Chosen","floor":28,"turns":5},{"damage":0,"enemies":"Snake Plant","floor":29,"turns":3},{"damage":0,"enemies":"3 Cultists","floor":31,"turns":4},{"damage":44,"enemies":"Collector","floor":33,"turns":13},{"damage":3,"enemies":"3 Shapes","floor":35,"turns":4},{"damage":0,"enemies":"3 Darklings","floor":37,"turns":7},{"damage":10,"enemies":"Transient","floor":39,"turns":5},{"damage":51,"enemies":"Reptomancer","floor":40,"turns":8},{"damage":14,"enemies":"Spire Growth","floor":42,"turns":6},{"damage":5,"enemies":"Sphere and 2 Shapes","floor":44,"turns":5},{"damage":35,"enemies":"Nemesis","floor":47,"turns":7},{"damage":0,"enemies":"Maw","floor":48,"turns":4},{"damage":27,"enemies":"Awakened One","floor":50,"turns":11}],"seed_played":"6848212724761060802","potions_obtained":[{"floor":2,"key":"EntropicBrew"},{"floor":2,"key":"Energy Potion"},{"floor":2,"key":"Dexterity Potion"},{"floor":6,"key":"Poison Potion"},{"floor":8,"key":"EntropicBrew"},{"floor":12,"key":"Regen Potion"},{"floor":16,"key":"AttackPotion"},{"floor":23,"key":"LiquidBronze"},{"floor":25,"key":"SkillPotion"},{"floor":29,"key":"Ancient Potion"},{"floor":33,"key":"Swift Potion"},{"floor":37,"key":"FearPotion"},{"floor":38,"key":"Fruit Juice"},{"floor":38,"key":"FairyPotion"},{"floor":38,"key":"Fire Potion"},{"floor":39,"key":"SteroidPotion"},{"floor":47,"key":"PowerPotion"},{"floor":48,"key":"Explosive Potion"}],"is_trial":false,"path_per_floor":["M","?","M","M","M","E","R","M","T","?","E","?","?","E","R","B",null,"M","M","$","?","M","E","R","E","T","R","M","M","R","M","R","B",null,"M","$","M","?","M","E","R","M","T","M","$","R","E","M","R","B",null],"character_chosen":"THE_SILENT","items_purchased":["Thread and Needle","Bag of Preparation","Lee\u0027s Waffle","Blade Dance","Terror","Dexterity Potion"],"campfire_rested":2,"item_purchase_floors":[20,36,45,45,45,45],"current_hp_per_floor":[70,70,70,67,67,65,65,65,65,65,53,46,46,45,45,23,55,55,55,55,65,65,54,54,47,47,47,47,56,56,56,56,12,52,49,49,49,54,44,20,41,27,27,22,77,77,42,42,65,38],"gold":68,"neow_bonus":"BOSS_RELIC","is_daily":false,"chose_seed":false,"campfire_upgraded":7,"win_rate":0.0,"timestamp":1612735522,"path_taken":["M","?","M","M","?","E","R","M","T","?","E","?","?","E","R","BOSS","M","M","$","?","M","E","R","E","T","R","M","M","R","?","R","BOSS","M","$","M","?","M","E","R","M","T","M","$","R","E","M","R","BOSS"],"items_purchased_type":["Relic","Relic","Relic","Card","Card","Potion"],"build_version":"2020-12-22","purchased_purges":3,"victory":true,"max_hp_per_floor":[70,70,70,70,70,70,70,70,70,70,70,70,65,65,65,65,65,65,65,65,65,65,65,65,65,65,65,65,65,65,65,65,65,65,65,65,65,70,70,70,70,70,70,70,77,77,77,77,77,77],"card_choices":[{"not_picked":["Dodge and Roll","Backflip"],"picked":"PiercingWail","floor":1},{"not_picked":["PiercingWail","Tactician"],"picked":"Flying Knee","floor":3},{"not_picked":["Noxious Fumes","PiercingWail"],"picked":"Adrenaline","floor":4},{"not_picked":["Bane","Underhanded Strike"],"picked":"Backflip","floor":5},{"not_picked":["PiercingWail","Deadly Poison"],"picked":"All Out Attack","floor":6},{"not_picked":["Deflect","Finisher"],"picked":"Infinite Blades","floor":8},{"not_picked":["Phantasmal Killer","Underhanded Strike"],"picked":"Flechettes","floor":11},{"not_picked":["PiercingWail","Escape Plan"],"picked":"Choke","floor":14},{"not_picked":["Venomology","Tools of the Trade"],"picked":"After Image","floor":16},{"not_picked":["Dagger Spray","Quick Slash+1"],"picked":"Slice+1","floor":18},{"not_picked":["Crippling Poison","Caltrops"],"picked":"Footwork","floor":19},{"not_picked":["Choke","Acrobatics"],"picked":"PiercingWail","floor":22},{"not_picked":["Flying Knee","Acrobatics"],"picked":"Blade Dance","floor":23},{"not_picked":["Dagger Throw","Masterful Stab"],"picked":"Dodge and Roll+1","floor":25},{"not_picked":["Slice","Accuracy","Quick Slash+1"],"picked":"SKIP","floor":28},{"not_picked":["Slice","Quick Slash+1"],"picked":"Accuracy","floor":28},{"not_picked":["Glass Knife","PiercingWail"],"picked":"Dash","floor":29},{"not_picked":["Dodge and Roll","Dagger Throw+1"],"picked":"Blur+1","floor":31},{"not_picked":["Burst","Envenom"],"picked":"Night Terror","floor":33},{"not_picked":["Poisoned Stab+1","Expertise","Crippling Poison+1"],"picked":"SKIP","floor":35},{"not_picked":["Backflip+1","Deadly Poison+1"],"picked":"Dodge and Roll+1","floor":37},{"not_picked":["Heel Hook","Deflect"],"picked":"Predator+1","floor":39},{"not_picked":["Dagger Spray+1","Night Terror","Poisoned Stab+1"],"picked":"SKIP","floor":40},{"not_picked":["Acrobatics+1","Bane"],"picked":"Prepared+1","floor":42},{"not_picked":["Poisoned Stab+1","PiercingWail+1"],"picked":"Blade Dance","floor":44},{"not_picked":["Expertise+1","Well Laid Plans","Slice+1"],"picked":"SKIP","floor":47},{"not_picked":["Flying Knee","Heel Hook","Deadly Poison+1"],"picked":"SKIP","floor":48}],"player_experience":248011,"relics_obtained":[{"floor":6,"key":"Boot"},{"floor":9,"key":"Art of War"},{"floor":11,"key":"CeramicFish"},{"floor":12,"key":"Bag of Marbles"},{"floor":14,"key":"Pocketwatch"},{"floor":23,"key":"Sundial"},{"floor":25,"key":"Ginger"},{"floor":26,"key":"Orichalcum"},{"floor":40,"key":"Snake Skull"},{"floor":43,"key":"Letter Opener"},{"floor":47,"key":"White Beast Statue"}],"event_choices":[{"damage_healed":0,"gold_gain":0,"player_choice":"Bought 3 Potions","damage_taken":0,"max_hp_gain":0,"max_hp_loss":0,"event_name":"The Woman in Blue","floor":2,"gold_loss":0},{"cards_removed":["Strike_G"],"damage_healed":0,"gold_gain":0,"player_choice":"Forget","damage_taken":0,"max_hp_gain":0,"max_hp_loss":0,"event_name":"Living Wall","floor":10,"gold_loss":0},{"damage_healed":0,"gold_gain":30,"player_choice":"Searched \u00272\u0027 times","damage_taken":0,"max_hp_gain":0,"max_hp_loss":0,"event_name":"Dead Adventurer","floor":12,"gold_loss":0},{"damage_healed":0,"gold_gain":0,"player_choice":"Lose Max HP","damage_taken":0,"relics_obtained":["Golden Idol"],"max_hp_gain":0,"max_hp_loss":5,"event_name":"Golden Idol","floor":13,"gold_loss":0},{"damage_healed":10,"gold_gain":0,"player_choice":"Full Heal","damage_taken":0,"max_hp_gain":0,"max_hp_loss":0,"event_name":"Wheel of Change","floor":21,"gold_loss":0},{"damage_healed":0,"gold_gain":0,"player_choice":"Got Potions","damage_taken":0,"max_hp_gain":0,"max_hp_loss":0,"event_name":"Lab","floor":38,"gold_loss":0}],"is_beta":false,"boss_relics":[{"not_picked":["Pandora\u0027s Box","Coffee Dripper"],"picked":"Philosopher\u0027s Stone"},{"not_picked":["SacredBark","Tiny House"],"picked":"HoveringKite"}],"items_purged_floors":[20,36,45],"is_endless":false,"potions_floor_spawned":[4,6,8,12,16,23,25,29,33,37,39,47,48],"ascension_level":5}}