{"host":"f6f8cjhjgha9mpdq","time":1612716093,"event":{"mods":["BaseMod","Colored Map","DeckTracker","Keyboard Shortcuts","Minty Spire (QoL Compilation)","Permanent Neow","Quick Restart","Random Character Button","Relic Stats","StSLib","SuperFastMode"],"gold_per_floor":[113,132,145,145,168,168,168],"floor_reached":6,"language":"KOR","playtime":253,"items_purged":[],"score":72,"play_id":"a3329351-a616-4ee2-8d56-455e942ed05c","local_time":"20210208014133","is_ascension_mode":true,"campfire_choices":[],"circlet_count":0,"master_deck":["AscendersBane","Strike_R","Strike_R+1","Strike_R","Strike_R","Strike_R","Defend_R","Defend_R","Defend_R","Defend_R","Bash","Reaper","Blood for Blood","Flex","Warcry+1"],"relics":["Burning Blood","Centennial Puzzle"],"acts_visited":["Exordium"],"potions_floor_usage":[],"damage_taken":[{"damage":18,"enemies":"Cultist","floor":1,"turns":5},{"damage":8,"enemies":"2 Louse","floor":2,"turns":3},{"damage":12,"enemies":"Jaw Worm","floor":3,"turns":3},{"damage":52,"enemies":"Lagavulin","floor":6,"turns":8}],"seed_played":"-38941429671420278","potions_obtained":[{"floor":1,"key":"Fire Potion"}],"is_trial":false,"path_per_floor":["M","M","M","?","T","E"],"character_chosen":"IRONCLAD","items_purchased":[],"campfire_rested":0,"item_purchase_floors":[],"current_hp_per_floor":[56,62,62,39,39,0,0],"gold":168,"neow_bonus":"ONE_RANDOM_RARE_CARD","is_daily":false,"chose_seed":false,"campfire_upgraded":0,"win_rate":0.0,"timestamp":1612716093,"path_taken":["M","?","M","?","?","E"],"items_purchased_type":[],"build_version":"2020-12-22","purchased_purges":0,"victory":false,"max_hp_per_floor":[75,75,75,75,75,75,75],"relic_stats":{"Centennial Puzzle":[3],"counters":[4,19],"obtain_stats":[{"Centennial Puzzle":5,"Burning Blood":0},{"Centennial Puzzle":3,"Burning Blood":0},{"Centennial Puzzle":11,"Burning Blood":0}],"Burning Blood":18},"card_choices":[{"not_picked":["Warcry","Dropkick"],"picked":"Blood for Blood","floor":1},{"not_picked":["Twin Strike","Clash"],"picked":"Flex","floor":2},{"not_picked":["Clothesline","Brutality"],"picked":"Warcry","floor":3}],"player_experience":587464,"relics_obtained":[{"floor":5,"key":"Centennial Puzzle"}],"event_choices":[{"damage_healed":0,"gold_gain":0,"player_choice":"Entered Light","damage_taken":23,"max_hp_gain":0,"max_hp_loss":0,"event_name":"Shining Light","floor":4,"gold_loss":0,"cards_upgraded":["Warcry","Strike_R"]}],"is_beta":false,"boss_relics":[],"items_purged_floors":[],"is_endless":false,"potions_floor_spawned":[1],"killed_by":"Lagavulin","ascension_level":20}}