{"host":"x5w9zppki4gdwvc7","time":1612667965,"event":{"mods":["AchievementEnabler","BaseMod","Colored Powertips","DeckTracker","Minty Spire (QoL Compilation)"],"gold_per_floor":[109,125,144,162,175,205,223,241,268,268,280,305,352,364,376,518,530,566,488,520,9,9,9,34,34,34,214,71,71,71],"floor_reached":29,"language":"ENG","playtime":1648,"items_purged":["Zap+1"],"score":237,"play_id":"7b851dce-2718-4c9e-9d23-c5c826358b7e","local_time":"20210207041925","is_ascension_mode":false,"campfire_choices":[{"floor":11,"key":"REST"},{"floor":15,"key":"REST"},{"data":"Hello World","floor":23,"key":"SMITH"},{"data":"White Noise","floor":25,"key":"SMITH"}],"circlet_count":0,"master_deck":["Strike_B","Strike_B","Strike_B","Strike_B","Defend_B","Defend_B","Defend_B","Defend_B","Go for the Eyes","Conserve Battery","Hologram","Genetic Algorithm","Melter","Steam","Self Repair","Consume","Glacier","Leap","Core Surge","Undo","Hello World+1","Reinforced Body","BootSequence","Sweeping Beam","White Noise+1","Madness"],"relics":["Cracked Core","NeowsBlessing","StrikeDummy","DataDisk","MawBank","Ornamental Fan","Golden Idol","Nuclear Battery","Bag of Marbles","Lantern","InkBottle","Juzu Bracelet"],"acts_visited":["Exordium","TheCity"],"potions_floor_usage":[8,8,16,29],"damage_taken":[{"damage":0,"enemies":"2 Louse","floor":1,"turns":1},{"damage":0,"enemies":"Small Slimes","floor":2,"turns":1},{"damage":0,"enemies":"Jaw Worm","floor":3,"turns":1},{"damage":6,"enemies":"Red Slaver","floor":4,"turns":2},{"damage":1,"enemies":"Exordium Wildlife","floor":5,"turns":3},{"damage":27,"enemies":"3 Sentries","floor":6,"turns":8},{"damage":6,"enemies":"Large Slime","floor":7,"turns":6},{"damage":10,"enemies":"Gremlin Gang","floor":8,"turns":4},{"damage":1,"enemies":"2 Fungi Beasts","floor":12,"turns":4},{"damage":11,"enemies":"Lagavulin","floor":13,"turns":9},{"damage":25,"enemies":"Hexaghost","floor":16,"turns":16},{"damage":0,"enemies":"Chosen","floor":18,"turns":7},{"damage":4,"enemies":"Shell Parasite","floor":20,"turns":6},{"damage":7,"enemies":"Cultist and Chosen","floor":24,"turns":7},{"damage":49,"enemies":"Gremlin Leader","floor":29,"turns":9}],"seed_played":"5963910919471666349","potions_obtained":[{"floor":2,"key":"Regen Potion"},{"floor":3,"key":"Regen Potion"},{"floor":5,"key":"LiquidBronze"},{"floor":18,"key":"Weak Potion"},{"floor":20,"key":"Fruit Juice"},{"floor":24,"key":"SpeedPotion"}],"is_trial":false,"path_per_floor":["M","M","M","M","M","E","M","M","T","?","R","M","E","?","R","B",null,"M","?","M","$","?","R","M","R","T","?","$","E"],"character_chosen":"DEFECT","items_purchased":["Hello World","Reinforced Body","BootSequence","Sweeping Beam","Bag of Marbles","AttackPotion","Juzu Bracelet"],"campfire_rested":2,"item_purchase_floors":[21,21,21,21,21,21,28],"current_hp_per_floor":[75,75,75,69,68,41,35,37,37,12,34,40,36,18,40,37,75,75,75,75,75,75,75,68,68,68,43,43,0,0],"gold":71,"neow_bonus":"THREE_ENEMY_KILL","is_daily":false,"chose_seed":false,"campfire_upgraded":2,"win_rate":0.0,"timestamp":1612667965,"path_taken":["M","M","M","M","M","E","M","M","T","?","R","M","E","?","R","BOSS","M","?","?","$","?","R","?","R","T","?","$","E"],"items_purchased_type":["Card","Card","Card","Card","Relic","Potion","Relic"],"build_version":"2020-12-22","purchased_purges":1,"victory":false,"max_hp_per_floor":[75,75,75,75,75,75,75,75,75,75,75,75,75,75,75,75,75,75,75,75,75,75,75,75,75,75,75,75,75,75],"card_choices":[{"not_picked":["Ball Lightning","Consume"],"picked":"Go for the Eyes","floor":1},{"not_picked":["Turbo","Steam Power"],"picked":"Conserve Battery","floor":2},{"not_picked":["Stack","Cold Snap"],"picked":"Hologram","floor":3},{"not_picked":["Skim","Cold Snap"],"picked":"Genetic Algorithm","floor":4},{"not_picked":["Chill","Conserve Battery"],"picked":"Melter","floor":5},{"not_picked":["Beam Cell","Gash"],"picked":"Steam","floor":6},{"not_picked":["Cold Snap","Compile Driver"],"picked":"Self Repair","floor":7},{"not_picked":["Steam","Redo"],"picked":"Consume","floor":8},{"not_picked":["Ball Lightning","Streamline"],"picked":"Glacier","floor":12},{"not_picked":["Steam Power","Go for the Eyes"],"picked":"Leap","floor":13},{"not_picked":["Amplify","Hyperbeam"],"picked":"Core Surge","floor":16},{"not_picked":["Storm+1","Hologram","Go for the Eyes"],"picked":"SKIP","floor":18},{"not_picked":["Compile Driver+1","Doom and Gloom"],"picked":"Undo","floor":20},{"not_picked":["Streamline","Compile Driver"],"picked":"White Noise","floor":24}],"player_experience":522455,"relics_obtained":[{"floor":6,"key":"StrikeDummy"},{"floor":9,"key":"DataDisk"},{"floor":13,"key":"Ornamental Fan"},{"floor":26,"key":"InkBottle"}],"event_choices":[{"damage_healed":0,"gold_gain":0,"player_choice":"Success","damage_taken":25,"relics_obtained":["MawBank"],"max_hp_gain":0,"max_hp_loss":0,"event_name":"Scrap Ooze","floor":10,"gold_loss":0},{"damage_healed":0,"gold_gain":0,"player_choice":"Take Damage","damage_taken":18,"relics_obtained":["Golden Idol"],"max_hp_gain":0,"max_hp_loss":0,"event_name":"Golden Idol","floor":14,"gold_loss":0},{"cards_removed":["Dualcast"],"damage_healed":0,"gold_gain":0,"player_choice":"Upgrade and Remove","damage_taken":0,"max_hp_gain":0,"max_hp_loss":0,"event_name":"Designer","floor":19,"gold_loss":90,"cards_upgraded":["Zap"]},{"damage_healed":0,"gold_gain":0,"player_choice":"Gave Potion","damage_taken":0,"relics_obtained":["Lantern"],"max_hp_gain":0,"max_hp_loss":0,"event_name":"WeMeetAgain","floor":22,"gold_loss":0},{"damage_healed":0,"gold_gain":180,"player_choice":"GOLD GOLD CARD ","damage_taken":25,"max_hp_gain":0,"max_hp_loss":0,"event_name":"Knowing Skull","floor":27,"potions_obtained":[],"gold_loss":0,"cards_obtained":["Madness"]}],"is_beta":false,"boss_relics":[{"not_picked":["Ectoplasm","Runic Dome"],"picked":"Nuclear Battery"}],"items_purged_floors":[21],"is_endless":false,"potions_floor_spawned":[2,3,5,6,18,20,24],"killed_by":"Gremlin Leader","ascension_level":0}}