{"host":"moonth","time":1612708291,"event":{"mods":["BaseMod","Marisa£®ÏF”Í°°ƒß¿Ì…≥£©","Minty Spire (QoL Compilation)","Replay The Spire","StSLib","The Senshi","The Servant 0.9.4"],"gold_per_floor":[118,129,17,17,30,30,30],"floor_reached":6,"language":"ZHS","playtime":294,"items_purged":["theSenshi:SailorKick"],"score":40,"play_id":"bab4285e-822c-4660-9294-1966efc7e914","local_time":"20210207223131","is_ascension_mode":true,"campfire_choices":[],"circlet_count":0,"master_deck":["theSenshi:SailorKick","theSenshi:SailorKick","theSenshi:SailorKick","theSenshi:SailorBlock","theSenshi:SailorBlock","theSenshi:SailorBlock","theSenshi:SailorBlock","theSenshi:RoseThrow","theSenshi:MoonPrismPowerMakeUp","theSenshi:MoonsReflection","theSenshi:YouCanTalk","theSenshi:EncouragingSpeech","theSenshi:EncouragingSpeech"],"relics":["theSenshi:TransformationBroochRelic","NeowsBlessing","theSenshi:CutieMoonRodRelic"],"acts_visited":["Exordium"],"potions_floor_usage":[2],"damage_taken":[{"damage":0,"enemies":"Small Slimes","floor":1,"turns":1},{"damage":0,"enemies":"2 Louse","floor":2,"turns":2},{"damage":0,"enemies":"Cultist","floor":5,"turns":1},{"damage":41,"enemies":"Lagavulin","floor":6,"turns":9}],"seed_played":"7901465506793632371","potions_obtained":[{"floor":2,"key":"Fruit Juice"}],"is_trial":false,"path_per_floor":["M","M","$","?","M","E"],"character_chosen":"THE_SENSHI","items_purchased":["theSenshi:EncouragingSpeech"],"campfire_rested":0,"item_purchase_floors":[3],"current_hp_per_floor":[75,80,80,68,68,27,27],"gold":30,"neow_bonus":"THREE_ENEMY_KILL","is_daily":false,"chose_seed":false,"campfire_upgraded":0,"win_rate":0.0,"timestamp":1612708291,"path_taken":["M","M","$","?","M","E"],"items_purchased_type":["Card"],"build_version":"2020-12-18","purchased_purges":1,"victory":false,"max_hp_per_floor":[75,80,80,80,80,80,80],"card_choices":[{"not_picked":["theSenshi:SailorVenusAssists","theSenshi:PlutosSolemnity"],"picked":"theSenshi:MoonsReflection","floor":1},{"not_picked":["theSenshi:GatheringStrength","theSenshi:SupersonicWaves"],"picked":"theSenshi:YouCanTalk","floor":2},{"not_picked":["theSenshi:PlutosSolemnity","theSenshi:MoonTiaraMagic","theSenshi:SailorMarsAssists"],"picked":"SKIP","floor":5}],"player_experience":529064,"relics_obtained":[],"event_choices":[{"damage_healed":0,"gold_gain":0,"player_choice":"Success","damage_taken":12,"relics_obtained":["theSenshi:CutieMoonRodRelic"],"max_hp_gain":0,"max_hp_loss":0,"event_name":"Scrap Ooze","floor":4,"gold_loss":0}],"is_beta":true,"boss_relics":[],"items_purged_floors":[3],"is_endless":false,"potions_floor_spawned":[2],"killed_by":"Lagavulin","ascension_level":2}}