{"host":"t8hqdz2qn09y00vh","time":1612664458,"event":{"mods":["AchievementEnabler","BaseMod","Colored Map","Colored Powertips","Highlight Path","Infinite Spire","Minty Spire (QoL Compilation)","Quick Restart","StSLib"],"gold_per_floor":[109,128,143,143,163,190,190,218,270,290,465,465,480,490,490,595,595,614,633,644,604,604,604],"floor_reached":22,"language":"ENG","playtime":1339,"items_purged":[],"score":345,"play_id":"bdca04ea-4488-42ce-b878-a35c28fb4a77","local_time":"20210206212058","is_ascension_mode":true,"campfire_choices":[{"floor":7.0,"key":"REST"},{"data":"All For One","floor":12.0,"key":"SMITH"},{"floor":15.0,"key":"REST"}],"circlet_count":0,"master_deck":["Strike_B","Strike_B","Strike_B","Defend_B","Defend_B","Defend_B","Defend_B","Zap","Dualcast","Sweeping Beam","Ball Lightning","Conserve Battery","Conserve Battery","All For One+1","Cold Snap","Doubt","Conserve Battery","Self Repair+1","Coolheaded+1","FTL+1","Loop+1","Darkness","Gash+1"],"relics":["Cracked Core","NeowsBlessing","Nunchaku","Shuriken","Vajra","Astrolabe"],"acts_visited":["TheCity"],"potions_floor_usage":[],"damage_taken":[{"damage":0.0,"enemies":"Small Slimes","floor":1.0,"turns":1.0},{"damage":0.0,"enemies":"2 Louse","floor":2.0,"turns":1.0},{"damage":0.0,"enemies":"Cultist","floor":3.0,"turns":1.0},{"damage":1.0,"enemies":"Looter","floor":5.0,"turns":3.0},{"damage":25.0,"enemies":"Lagavulin","floor":6.0,"turns":7.0},{"damage":28.0,"enemies":"3 Sentries","floor":8.0,"turns":6.0},{"damage":0.0,"enemies":"Gremlin Gang","floor":10.0,"turns":3.0},{"damage":4.0,"enemies":"2 Fungi Beasts","floor":13.0,"turns":3.0},{"damage":8.0,"enemies":"Large Slime","floor":14.0,"turns":4.0},{"damage":27.0,"enemies":"The Guardian","floor":16.0,"turns":12.0},{"damage":13.0,"enemies":"3 Byrds","floor":18.0,"turns":5.0},{"damage":19.0,"enemies":"Spheric Guardian","floor":19.0,"turns":4.0},{"damage":29.0,"enemies":"Cultist and Chosen","floor":20.0,"turns":7.0},{"damage":48,"enemies":"Centurion and Healer","floor":22,"turns":4}],"seed_played":"-8902770389761239886","potions_obtained":[{"floor":2.0,"key":"SneckoOil"},{"floor":3.0,"key":"Explosive Potion"},{"floor":8.0,"key":"Ancient Potion"},{"floor":10.0,"key":"DistilledChaos"},{"floor":20.0,"key":"Energy Potion"},{"floor":21.0,"key":"DuplicationPotion"},{"floor":21.0,"key":"infinitespire:BlackPotion"}],"is_trial":false,"path_per_floor":["M","M","M","?","M","E","R","E","T","M","?","R","M","M","R","B",null,"M","M","M","?","M"],"character_chosen":"DEFECT","items_purchased":[],"campfire_rested":2,"item_purchase_floors":[],"current_hp_per_floor":[75,75,75,68,67,42,64,36,36,36,36,36,32,24,46,19,75,72,63,44,44,0,0],"gold":604,"neow_bonus":"THREE_ENEMY_KILL","is_daily":false,"chose_seed":false,"campfire_upgraded":1,"win_rate":0.0,"timestamp":1612664458,"path_taken":["M","M","M","?","M","E","R","E","T","M","?","R","M","M","R","BOSS","M","M","M","?","M"],"items_purchased_type":[],"build_version":"2020-12-22","purchased_purges":0,"victory":false,"max_hp_per_floor":[75,75,75,75,75,75,75,75,75,75,75,75,75,75,75,75,75,75,75,75,75,75,75],"card_choices":[{"not_picked":["Leap","Consume"],"picked":"Sweeping Beam","floor":1.0},{"not_picked":["Aggregate","Barrage"],"picked":"Ball Lightning","floor":2.0},{"not_picked":["FTL","BootSequence"],"picked":"Conserve Battery","floor":3.0},{"not_picked":["Turbo","Cold Snap"],"picked":"Conserve Battery","floor":5.0},{"not_picked":["Compile Driver","Stack"],"picked":"Go for the Eyes","floor":6.0},{"not_picked":["Blizzard","Barrage"],"picked":"All For One","floor":8.0},{"not_picked":["Compile Driver","Leap"],"picked":"Cold Snap","floor":10.0},{"not_picked":["Storm","Cold Snap"],"picked":"Sunder","floor":13.0},{"not_picked":["Steam","Compile Driver"],"picked":"Conserve Battery","floor":14.0},{"not_picked":["Multi-Cast","Hyperbeam"],"picked":"Biased Cognition","floor":16.0},{"not_picked":["Coolheaded","Leap"],"picked":"Loop+1","floor":18.0},{"not_picked":["Glacier","Cold Snap"],"picked":"Darkness","floor":19.0},{"not_picked":["White Noise","Go for the Eyes"],"picked":"Gash+1","floor":20.0}],"player_experience":260105,"relics_obtained":[{"floor":6.0,"key":"Nunchaku"},{"floor":8.0,"key":"Shuriken"},{"floor":9.0,"key":"Vajra"}],"event_choices":[{"cards_removed":["Strike_B"],"damage_healed":0.0,"max_hp_gain":0.0,"max_hp_loss":0.0,"gold_gain":0.0,"event_name":"Golden Wing","player_choice":"Card Removal","floor":4.0,"gold_loss":0.0,"damage_taken":7.0},{"damage_healed":0.0,"max_hp_gain":0.0,"max_hp_loss":0.0,"gold_gain":175.0,"event_name":"Liars Game","player_choice":"AGREE","floor":11.0,"gold_loss":0.0,"damage_taken":0.0,"cards_obtained":["Doubt"]},{"damage_healed":0.0,"max_hp_gain":0.0,"max_hp_loss":0.0,"gold_gain":0.0,"event_name":"The Woman in Blue","player_choice":"Bought 3 Potions","floor":21.0,"gold_loss":0.0,"damage_taken":0.0}],"is_beta":false,"boss_relics":[{"not_picked":["Nuclear Battery","Snecko Eye"],"picked":"Astrolabe"}],"items_purged_floors":[],"is_endless":false,"potions_floor_spawned":[2,3,8,10,20],"killed_by":"Centurion and Healer","ascension_level":3}}