{"host":"vumwfieg2b2mnrfl","time":1612734253,"event":{"mods":["AchievementEnabler","BaseMod","Minty Spire (QoL Compilation)","Rare Cards Sparkle","Relic Stats"],"gold_per_floor":[118,130,146,104,104,104,134,134,134,164,181,206,219,61,61,134,134,147,197,197,35,47,47,47],"floor_reached":23,"language":"ENG","playtime":825,"items_purged":[],"score":418,"play_id":"f768a028-4ddf-43f2-87f0-f95b6173f9df","local_time":"20210207154413","is_ascension_mode":true,"campfire_choices":[{"data":"Storm of Steel","floor":6,"key":"SMITH"},{"floor":8,"key":"REST"},{"floor":15,"key":"REST"}],"circlet_count":0,"master_deck":["AscendersBane","Strike_G","Strike_G","Strike_G","Strike_G","Strike_G","Defend_G","Defend_G","Defend_G","Defend_G","Defend_G","Survivor","Neutralize","Decay","Storm of Steel+1","PiercingWail","Bouncing Flask","Dagger Throw","Accuracy","Storm of Steel","Backflip","Prepared","Deflect","Envenom","Leg Sweep","Envenom","Blade Dance","Catalyst","Footwork"],"relics":["Ring of the Snake","Gremlin Horn","Mercury Hourglass","Art of War","Oddly Smooth Stone","HornCleat","Fusion Hammer"],"acts_visited":["Exordium","TheCity"],"potions_floor_usage":[7,12,23,23],"damage_taken":[{"damage":0,"enemies":"Cultist","floor":1,"turns":3},{"damage":8,"enemies":"Jaw Worm","floor":2,"turns":8},{"damage":7,"enemies":"2 Louse","floor":3,"turns":5},{"damage":17,"enemies":"Gremlin Nob","floor":7,"turns":4},{"damage":14,"enemies":"3 Sentries","floor":10,"turns":4},{"damage":6,"enemies":"Exordium Wildlife","floor":11,"turns":3},{"damage":29,"enemies":"Lagavulin","floor":12,"turns":6},{"damage":6,"enemies":"Large Slime","floor":13,"turns":4},{"damage":19,"enemies":"The Guardian","floor":16,"turns":12},{"damage":0,"enemies":"3 Byrds","floor":18,"turns":5},{"damage":16,"enemies":"Shell Parasite","floor":22,"turns":8},{"damage":36,"enemies":"Slavers","floor":23,"turns":4}],"seed_played":"4969321508614845570","potions_obtained":[{"floor":2,"key":"Block Potion"},{"floor":11,"key":"Regen Potion"},{"floor":12,"key":"FearPotion"},{"floor":16,"key":"EssenceOfSteel"}],"is_trial":false,"path_per_floor":["M","M","M","$","T","R","E","R","T","E","M","E","M","$","R","B",null,"M","?","?","$","M","E"],"character_chosen":"THE_SILENT","items_purchased":["Accuracy","Envenom","Leg Sweep","Catalyst","Footwork"],"campfire_rested":2,"item_purchase_floors":[4,14,14,21,21],"current_hp_per_floor":[59,51,44,44,44,44,27,46,46,32,26,12,6,6,25,6,51,51,51,51,51,35,0,0],"gold":47,"neow_bonus":"THREE_RARE_CARDS","is_daily":false,"chose_seed":false,"campfire_upgraded":1,"win_rate":0.0,"timestamp":1612734253,"path_taken":["M","M","M","$","?","R","E","R","T","E","M","E","M","$","R","BOSS","M","?","?","?","M","E"],"items_purchased_type":["Card","Card","Card","Card","Card"],"build_version":"2020-12-22","purchased_purges":0,"victory":false,"max_hp_per_floor":[66,66,66,66,66,66,66,66,66,66,66,66,66,66,66,66,66,66,66,66,66,66,66,66],"relic_stats":{"Gremlin Horn":[7,7],"counters":[12,65],"Art of War":[8],"obtain_stats":[{"HornCleat":12,"Gremlin Horn":5,"Oddly Smooth Stone":10,"Fusion Hammer":17,"Art of War":9,"Ring of the Snake":0,"Mercury Hourglass":7},{"HornCleat":7,"Gremlin Horn":3,"Oddly Smooth Stone":5,"Fusion Hammer":9,"Art of War":4,"Ring of the Snake":0,"Mercury Hourglass":4},{"HornCleat":33,"Gremlin Horn":16,"Oddly Smooth Stone":24,"Fusion Hammer":49,"Art of War":20,"Ring of the Snake":0,"Mercury Hourglass":20}],"Ring of the Snake":[24],"Mercury Hourglass":[172]},"card_choices":[{"not_picked":["Phantasmal Killer","Bullet Time"],"picked":"Storm of Steel","floor":0},{"not_picked":["Heel Hook","Prepared"],"picked":"PiercingWail","floor":1},{"not_picked":["Tactician","Slice"],"picked":"Bouncing Flask","floor":2},{"not_picked":["PiercingWail","Bane"],"picked":"Dagger Throw","floor":3},{"not_picked":["Deadly Poison","Slice"],"picked":"Storm of Steel","floor":7},{"not_picked":["Flying Knee","Quick Slash","Riddle With Holes"],"picked":"SKIP","floor":10},{"not_picked":["Dagger Throw","Grand Finale"],"picked":"Backflip","floor":11},{"not_picked":["Slice","Crippling Poison"],"picked":"Prepared","floor":12},{"not_picked":["Underhanded Strike","Dagger Spray"],"picked":"Deflect","floor":13},{"not_picked":["Grand Finale","Storm of Steel"],"picked":"Envenom","floor":16},{"not_picked":["Slice","Prepared+1"],"picked":"Blade Dance","floor":18},{"not_picked":["Underhanded Strike","Dagger Throw","Dodge and Roll"],"picked":"SKIP","floor":22}],"player_experience":532687,"relics_obtained":[{"floor":5,"key":"Gremlin Horn"},{"floor":7,"key":"Mercury Hourglass"},{"floor":9,"key":"Art of War"},{"floor":10,"key":"Oddly Smooth Stone"},{"floor":12,"key":"HornCleat"}],"event_choices":[{"damage_healed":0,"gold_gain":50,"player_choice":"Stole From Cult","damage_taken":0,"max_hp_gain":0,"max_hp_loss":0,"event_name":"Nest","floor":19,"gold_loss":0},{"damage_healed":0,"gold_gain":0,"player_choice":"Ignored","damage_taken":0,"max_hp_gain":0,"max_hp_loss":0,"event_name":"Cursed Tome","floor":20,"gold_loss":0}],"is_beta":false,"boss_relics":[{"not_picked":["HoveringKite","Coffee Dripper"],"picked":"Fusion Hammer"}],"items_purged_floors":[],"is_endless":false,"potions_floor_spawned":[2,11,12,16,22],"killed_by":"Slavers","ascension_level":20}}