{"host":"65a95dzim48ko8ke","time":1612688843,"event":{"mods":["AchievementEnabler","Aspiration","BaseMod","Block Reminder","Bossed Relics","Colored Powertips","Conspire","Curses Come First","DeckTracker","Energized Spire","Halation","Hubris","Jedi Mod","Minty Spire (QoL Compilation)","MostiFishMod","Permanent Neow","Quick Restart","Random Character Button","Rare Cards Sparkle","Relic Sorter","Reliquary","Replay The Spire","RumiaBox-òIïƒ?ìIê_îÈ·¥éq","Spicy Shops","StSLib","Synergy Search","TestMod","The Blue Laboratory","Trackpad","Åy?ï®?îvÅzREMEMod"],"gold_per_floor":[109,139,152,170,190,190,190],"floor_reached":6,"language":"ENG","playtime":534,"items_purged":[],"score":55,"play_id":"e8d370da-061d-4ff1-9677-ebff2c980f9c","local_time":"20210207180723","is_ascension_mode":true,"campfire_choices":[],"circlet_count":0,"master_deck":["Strike_G","Strike_G","Strike_G","Strike_G","Strike_G","Defend_G","Defend_G","Defend_G","Defend_G","Defend_G","Survivor","Neutralize","Creative AI","MostiFishMod:PerfectParry","Poisoned Stab","Flying Knee","Bouncing Flask","Footwork"],"relics":["DaveBox","testmod-TestBox","REME_ComplimentaryCards","testmod-CyclicPeriapt","energizedSpire:SpiderWeb","Eternal Feather"],"acts_visited":["Exordium"],"potions_floor_usage":[6],"damage_taken":[{"damage":5,"enemies":"Small Slimes","floor":1,"turns":5},{"damage":12,"enemies":"conspire:MimicChest","floor":2,"turns":5},{"damage":3,"enemies":"Jaw Worm","floor":3,"turns":6},{"damage":0,"enemies":"Cultist","floor":4,"turns":5},{"damage":7,"enemies":"2 Fungi Beasts","floor":5,"turns":6},{"damage":51,"enemies":"Gremlin Nob","floor":6,"turns":4}],"seed_played":"-4759687142810246743","potions_obtained":[{"floor":2,"key":"Strength Potion"},{"floor":5,"key":"Energy Potion"}],"is_trial":false,"path_per_floor":["M","?","M","M","M","E"],"character_chosen":"THE_SILENT","items_purchased":[],"campfire_rested":0,"item_purchase_floors":[],"current_hp_per_floor":[58,46,43,43,36,0,0],"gold":190,"neow_bonus":"BOSS_RELIC","is_daily":false,"chose_seed":false,"campfire_upgraded":0,"win_rate":0.0,"timestamp":1612688843,"path_taken":["M","?","M","?","M","E"],"items_purchased_type":[],"build_version":"2020-12-22","purchased_purges":0,"victory":false,"max_hp_per_floor":[70,70,70,70,70,70,70],"card_choices":[{"not_picked":["Dodge and Roll","Accuracy"],"picked":"MostiFishMod:PerfectParry","floor":1},{"not_picked":["PiercingWail","Calculated Gamble"],"picked":"Poisoned Stab","floor":2},{"not_picked":["hubris:SlightOfHand","PiercingWail"],"picked":"Flying Knee","floor":3},{"not_picked":["jedi:acidrain","ReplayTheSpireMod:The Works"],"picked":"Bouncing Flask","floor":4},{"not_picked":["Predator","Deflect"],"picked":"Footwork","floor":5}],"player_experience":387361,"relics_obtained":[{"floor":2,"key":"Eternal Feather"}],"event_choices":[],"is_beta":false,"boss_relics":[],"items_purged_floors":[],"is_endless":false,"potions_floor_spawned":[2,5],"killed_by":"Gremlin Nob","ascension_level":9}}