{"host":"9n6i2vl93jt4o42q","time":1612719826,"event":{"mods":["BaseMod","Minty Spire (QoL Compilation)","Relic Stats"],"gold_per_floor":[369,369,4,18,32,32,43,75,75,90,40,40,65,79,79,153,153,165,184,184,195,213,213,269,269,269,302,302,10,10,44,44,115,115,133,133,150,150,175,175,193,193,193,193,21,49,62,92,92,92,92,92,92,6,37,37,37],"floor_reached":56,"language":"ENG","playtime":5576,"items_purged":["Defend_B"],"score":2085,"play_id":"0ad13b8d-6159-4786-9fcc-3128f1639ddd","local_time":"20210207184346","is_ascension_mode":true,"campfire_choices":[{"data":"Zap","floor":6.0,"key":"SMITH"},{"floor":12.0,"key":"REST"},{"data":"Undo","floor":15.0,"key":"SMITH"},{"floor":23.0,"key":"REST"},{"floor":25.0,"key":"REST"},{"floor":28.0,"key":"RECALL"},{"floor":32.0,"key":"REST"},{"data":"1","floor":40.0,"key":"LIFT"},{"data":"2","floor":42.0,"key":"LIFT"},{"data":"3","floor":44.0,"key":"LIFT"},{"floor":49.0,"key":"REST"},{"floor":53,"key":"REST"}],"circlet_count":0,"master_deck":["AscendersBane","Zap+1","Dualcast","FTL","Sweeping Beam","Undo+1","Ball Lightning","Cold Snap","Beam Cell","Gash","Hologram+1","Coolheaded+1","Compile Driver","Fusion+1","All For One","Conserve Battery+1","Go for the Eyes","Machine Learning","Coolheaded+1","Reinforced Body+1","Good Instincts+1","Panache","Hologram+1","Hyperbeam","Biased Cognition","Heatsinks","Stack+1","Defragment","Meteor Strike","Hyperbeam","Streamline+1","Madness+1","Madness+1","Steam Power+1","Violence+1","Secret Technique+1","Trip+1","Skim+1","Gash+1","Aggregate+1","Stack+1","Auto Shields+1"],"relics":["Cracked Core","Toolbox","Anchor","Toxic Egg 2","StoneCalendar","Fusion Hammer","Mercury Hourglass","Juzu Bracelet","White Beast Statue","Pandora\u0027s Box","Girya","Runic Capacitor","Regal Pillow","StrikeDummy","HornCleat"],"acts_visited":["Exordium","TheCity","TheBeyond","TheEnding"],"potions_floor_usage":[50,55,55,56],"damage_taken":[{"damage":3.0,"enemies":"Small Slimes","floor":1.0,"turns":3.0},{"damage":0.0,"enemies":"2 Louse","floor":4.0,"turns":2.0},{"damage":0.0,"enemies":"Cultist","floor":5.0,"turns":3.0},{"damage":1.0,"enemies":"3 Louse","floor":7.0,"turns":2.0},{"damage":28.0,"enemies":"Gremlin Nob","floor":8.0,"turns":4.0},{"damage":0.0,"enemies":"Looter","floor":10.0,"turns":2.0},{"damage":15.0,"enemies":"Lagavulin","floor":13.0,"turns":6.0},{"damage":0.0,"enemies":"Blue Slaver","floor":14.0,"turns":4.0},{"damage":19.0,"enemies":"Hexaghost","floor":16.0,"turns":11.0},{"damage":12.0,"enemies":"3 Byrds","floor":18.0,"turns":3.0},{"damage":0.0,"enemies":"Chosen","floor":19.0,"turns":3.0},{"damage":10.0,"enemies":"Shelled Parasite and Fungi","floor":21.0,"turns":3.0},{"damage":9.0,"enemies":"Cultist and Chosen","floor":22.0,"turns":7.0},{"damage":7.0,"enemies":"3 Cultists","floor":24.0,"turns":5.0},{"damage":13.0,"enemies":"Book of Stabbing","floor":27.0,"turns":5.0},{"damage":1.0,"enemies":"Gremlin Leader","floor":31.0,"turns":6.0},{"damage":19.0,"enemies":"Champ","floor":33.0,"turns":10.0},{"damage":0.0,"enemies":"3 Shapes","floor":35.0,"turns":3.0},{"damage":0.0,"enemies":"Orb Walker","floor":37.0,"turns":2.0},{"damage":0.0,"enemies":"Mind Bloom Boss Battle","floor":39.0,"turns":6.0},{"damage":0.0,"enemies":"Transient","floor":41.0,"turns":6.0},{"damage":0.0,"enemies":"Nemesis","floor":46.0,"turns":5.0},{"damage":16.0,"enemies":"Writhing Mass","floor":47.0,"turns":5.0},{"damage":0.0,"enemies":"Giant Head","floor":48.0,"turns":4.0},{"damage":28,"enemies":"Time Eater","floor":50,"turns":6},{"damage":1,"enemies":"Donu and Deca","floor":51,"turns":6},{"damage":58,"enemies":"Shield and Spear","floor":55,"turns":6},{"damage":63,"enemies":"The Heart","floor":56,"turns":2}],"seed_played":"-4755843257364370230","potions_obtained":[{"floor":1.0,"key":"ColorlessPotion"},{"floor":5.0,"key":"SpeedPotion"},{"floor":10.0,"key":"Regen Potion"},{"floor":18.0,"key":"SkillPotion"},{"floor":27.0,"key":"LiquidBronze"},{"floor":33.0,"key":"Swift Potion"},{"floor":41.0,"key":"BlessingOfTheForge"},{"floor":46.0,"key":"PowerPotion"},{"floor":48.0,"key":"LiquidMemories"},{"floor":55,"key":"Strength Potion"}],"is_trial":false,"path_per_floor":["M","?","$","M","M","R","M","E","T","M","$","R","E","M","R","B",null,"M","M","?","M","M","R","M","R","T","E","R","$","?","E","R","B",null,"M","?","M","?","?","R","M","R","T","R","$","E","M","E","R","B","B",null,"R","$","E","B"],"character_chosen":"DEFECT","items_purchased":["Sweeping Beam","Undo","Toolbox","Coolheaded+1","Good Instincts+1","Panache","Runic Capacitor","Regen Potion"],"campfire_rested":6,"item_purchase_floors":[3,3,3,11,29,29,45,54],"current_hp_per_floor":[43,36,36,36,36,36,35,7,7,7,7,28,13,25,25,6,55,43,43,43,33,24,45,38,59,59,46,46,46,46,45,66,47,65,65,52,52,42,42,42,42,42,42,42,42,42,26,26,62,34,33,62,71,71,25,0,0],"gold":37,"neow_bonus":"TWO_FIFTY_GOLD","is_daily":false,"chose_seed":false,"campfire_upgraded":2,"win_rate":0.0,"timestamp":1612719826,"path_taken":["M","?","$","M","M","R","M","E","T","M","$","R","E","M","R","BOSS","M","M","?","M","?","R","M","R","T","E","R","$","?","E","R","BOSS","M","?","M","?","?","R","M","R","T","R","$","E","M","E","R","BOSS","BOSS","R","$","E","BOSS"],"items_purchased_type":["Card","Card","Relic","Card","Card","Card","Relic","Potion"],"build_version":"2020-12-22","purchased_purges":1,"victory":false,"max_hp_per_floor":[71,71,71,71,71,71,71,71,71,71,71,71,71,71,71,71,71,71,71,71,71,71,71,71,71,71,71,71,71,71,71,71,71,71,71,71,71,71,71,71,71,71,71,71,71,71,71,71,71,71,71,71,71,71,71,71,71],"relic_stats":{"Regal Pillow":15,"counters":[28,130],"StoneCalendar":[104],"Pandora\u0027s Box":["Biased Cognition","Heatsinks","Stack","Defragment","Meteor Strike","Hyperbeam"],"Juzu Bracelet":0,"obtain_stats":[{"Girya":39,"Regal Pillow":46,"StoneCalendar":13,"Juzu Bracelet":27,"Runic Capacitor":45,"White Beast Statue":31,"Mercury Hourglass":26,"Anchor":8,"HornCleat":55,"Toolbox":3,"Pandora\u0027s Box":34,"Fusion Hammer":17,"Toxic Egg 2":9,"Cracked Core":0,"StrikeDummy":48},{"Girya":20,"Regal Pillow":22,"StoneCalendar":7,"Juzu Bracelet":15,"Runic Capacitor":21,"White Beast Statue":16,"Mercury Hourglass":14,"Anchor":5,"HornCleat":27,"Toolbox":1,"Pandora\u0027s Box":17,"Fusion Hammer":9,"Toxic Egg 2":5,"Cracked Core":0,"StrikeDummy":24},{"Girya":90,"Regal Pillow":101,"StoneCalendar":22,"Juzu Bracelet":63,"Runic Capacitor":96,"White Beast Statue":69,"Mercury Hourglass":58,"Anchor":14,"HornCleat":128,"Toolbox":3,"Pandora\u0027s Box":79,"Fusion Hammer":37,"Toxic Egg 2":14,"Cracked Core":0,"StrikeDummy":110}],"Mercury Hourglass":[217]},"card_choices":[{"not_picked":["Lockon","Chaos"],"picked":"FTL","floor":1.0},{"not_picked":["Leap","Double Energy"],"picked":"Ball Lightning","floor":4.0},{"not_picked":["Undo","Steam Power"],"picked":"Cold Snap","floor":5.0},{"not_picked":["Steam Power","Rebound"],"picked":"Beam Cell","floor":7.0},{"not_picked":["White Noise","Echo Form"],"picked":"Gash","floor":8.0},{"not_picked":["Beam Cell","Rebound"],"picked":"Hologram+1","floor":10.0},{"not_picked":["Darkness+1","FTL"],"picked":"Compile Driver","floor":13.0},{"not_picked":["Consume+1","Go for the Eyes"],"picked":"Fusion+1","floor":14.0},{"not_picked":["Core Surge","Creative AI"],"picked":"All For One","floor":16.0},{"not_picked":["Redo+1","Double Energy+1"],"picked":"Conserve Battery+1","floor":18.0},{"not_picked":["Ball Lightning","Beam Cell"],"picked":"Go for the Eyes","floor":19.0},{"not_picked":["Beam Cell","Ball Lightning+1"],"picked":"Coolheaded+1","floor":21.0},{"not_picked":["Streamline","Leap+1","Double Energy+1"],"picked":"SKIP","floor":22.0},{"not_picked":["Barrage","Cold Snap","FTL"],"picked":"SKIP","floor":24.0},{"not_picked":["Meteor Strike","Storm+1"],"picked":"Reinforced Body+1","floor":27.0},{"not_picked":["Ball Lightning","Consume+1"],"picked":"Hologram+1","floor":31.0},{"not_picked":["Amplify+1","Creative AI"],"picked":"Hyperbeam","floor":33.0},{"not_picked":["Defragment+1","Sweeping Beam"],"picked":"Streamline+1","floor":35.0},{"not_picked":["Capacitor","Turbo+1"],"picked":"Steam Power+1","floor":37.0},{"not_picked":["Swift Strike","Sadistic Nature"],"picked":"Violence+1","floor":38.0},{"not_picked":["Trip+1","Finesse+1"],"picked":"Secret Technique+1","floor":38.0},{"not_picked":["Master of Strategy+1","Panacea+1"],"picked":"Trip+1","floor":38.0},{"not_picked":["Coolheaded+1","Double Energy+1"],"picked":"Skim+1","floor":39.0},{"not_picked":["Double Energy+1","Lockon"],"picked":"Gash+1","floor":41.0},{"not_picked":["Go for the Eyes","Sweeping Beam"],"picked":"Aggregate+1","floor":46.0},{"not_picked":["Sunder+1","Double Energy+1"],"picked":"Stack+1","floor":47.0},{"not_picked":["Static Discharge","Ball Lightning","Aggregate+1"],"picked":"SKIP","floor":48.0},{"not_picked":["Sweeping Beam","Doom and Gloom"],"picked":"Auto Shields+1","floor":55}],"player_experience":2510564,"relics_obtained":[{"floor":8.0,"key":"Anchor"},{"floor":9.0,"key":"Toxic Egg 2"},{"floor":13.0,"key":"StoneCalendar"},{"floor":26.0,"key":"Mercury Hourglass"},{"floor":27.0,"key":"Juzu Bracelet"},{"floor":31.0,"key":"White Beast Statue"},{"floor":39.0,"key":"Girya"},{"floor":46.0,"key":"Regal Pillow"},{"floor":48.0,"key":"StrikeDummy"},{"floor":55,"key":"HornCleat"}],"event_choices":[{"cards_removed":["Strike_B"],"damage_healed":0.0,"max_hp_gain":0.0,"max_hp_loss":0.0,"gold_gain":0.0,"event_name":"Golden Wing","player_choice":"Card Removal","floor":2.0,"gold_loss":0.0,"damage_taken":7.0},{"damage_healed":0.0,"max_hp_gain":0.0,"max_hp_loss":0.0,"gold_gain":0.0,"event_name":"Match and Keep!","player_choice":"1 cards matched","floor":20.0,"gold_loss":0.0,"damage_taken":0.0,"cards_obtained":["Machine Learning"]},{"damage_healed":0.0,"max_hp_gain":0.0,"max_hp_loss":0.0,"gold_gain":0.0,"event_name":"The Mausoleum","player_choice":"Ignored","floor":30.0,"gold_loss":0.0,"damage_taken":0.0},{"damage_healed":0.0,"max_hp_gain":0.0,"max_hp_loss":0.0,"gold_gain":0.0,"event_name":"Winding Halls","player_choice":"Embrace Madness","floor":36.0,"gold_loss":0.0,"damage_taken":13.0,"cards_obtained":["Madness","Madness"]},{"damage_healed":0.0,"max_hp_gain":0.0,"max_hp_loss":0.0,"gold_gain":0.0,"event_name":"SensoryStone","player_choice":"Memory 3","floor":38.0,"gold_loss":0.0,"damage_taken":10.0},{"damage_healed":0.0,"max_hp_gain":0.0,"max_hp_loss":0.0,"gold_gain":0.0,"event_name":"MindBloom","player_choice":"Fight","floor":39.0,"gold_loss":0.0,"damage_taken":0.0}],"is_beta":false,"boss_relics":[{"not_picked":["Cursed Key","Snecko Eye"],"picked":"Fusion Hammer"},{"not_picked":["Sozu","Coffee Dripper"],"picked":"Pandora\u0027s Box"}],"items_purged_floors":[3],"is_endless":false,"potions_floor_spawned":[1,5,10,13,18,27,33,35,37,39,41,46,47,48,55],"killed_by":"The Heart","ascension_level":20}}