{"host":"88sw61cmk1203zgj","time":1612677065,"event":{"mods":["BaseMod","Minty Spire (QoL Compilation)"],"gold_per_floor":[116,134,145,2,21,21,38,38,38,38,57,84,84,116,116,192,192,211,225,235,53,72,72,101,117,117,117,91,91,19,38,38,112,112,130,8,26,42,42,75,93,30,55,70,85,119,137,167,167,167],"floor_reached":51,"language":"ENG","playtime":3227,"items_purged":["Strike_G","Strike_G","Strike_G"],"score":1284,"play_id":"a468a0af-01df-43b4-afd8-9a28180dad95","local_time":"20210207005105","is_ascension_mode":true,"campfire_choices":[{"data":"Cloak And Dagger","floor":6.0,"key":"SMITH"},{"data":"Slice","floor":8.0,"key":"SMITH"},{"data":"Footwork","floor":10.0,"key":"SMITH"},{"data":"Dash","floor":13.0,"key":"SMITH"},{"data":"Cloak And Dagger","floor":15.0,"key":"SMITH"},{"data":"Wraith Form v2","floor":23.0,"key":"SMITH"},{"data":"Footwork","floor":27.0,"key":"SMITH"},{"floor":32,"key":"REST"},{"floor":49,"key":"RECALL"}],"circlet_count":0,"master_deck":["AscendersBane","Strike_G","Defend_G","Defend_G","Defend_G","Defend_G+1","Defend_G","Survivor+1","Neutralize","Slice+1","Cloak And Dagger+1","PiercingWail","Dash+1","Footwork+1","Cloak And Dagger+1","Wraith Form v2+1","Infinite Blades","Acrobatics","Footwork+1","Slice","Leg Sweep","Envenom","PiercingWail","Accuracy+1","Escape Plan+1","Burst","Blur","Blade Dance"],"relics":["WristBlade","Vajra","Pear","InkBottle","War Paint","Sozu","Membership Card","Dream Catcher","Torii","NlothsMask","PreservedInsect","Runic Pyramid","Orrery","Oddly Smooth Stone","Juzu Bracelet","Smiling Mask"],"acts_visited":["Exordium","TheCity","TheBeyond"],"potions_floor_usage":[],"damage_taken":[{"damage":6.0,"enemies":"Cultist","floor":1.0,"turns":4.0},{"damage":1.0,"enemies":"Small Slimes","floor":2.0,"turns":3.0},{"damage":0.0,"enemies":"2 Louse","floor":3.0,"turns":3.0},{"damage":7.0,"enemies":"Lots of Slimes","floor":5.0,"turns":5.0},{"damage":2.0,"enemies":"Blue Slaver","floor":7.0,"turns":3.0},{"damage":0.0,"enemies":"2 Fungi Beasts","floor":11.0,"turns":3.0},{"damage":17.0,"enemies":"3 Sentries","floor":12.0,"turns":9.0},{"damage":7.0,"enemies":"Gremlin Nob","floor":14.0,"turns":4.0},{"damage":17.0,"enemies":"Hexaghost","floor":16.0,"turns":11.0},{"damage":0.0,"enemies":"Chosen","floor":18.0,"turns":4.0},{"damage":2.0,"enemies":"Shell Parasite","floor":19.0,"turns":4.0},{"damage":0.0,"enemies":"Snecko","floor":20.0,"turns":4.0},{"damage":4.0,"enemies":"Sentry and Sphere","floor":22.0,"turns":4.0},{"damage":15.0,"enemies":"Slavers","floor":24.0,"turns":7.0},{"damage":2.0,"enemies":"Chosen and Byrds","floor":25.0,"turns":5.0},{"damage":9,"enemies":"Centurion and Healer","floor":31,"turns":6},{"damage":34,"enemies":"Automaton","floor":33,"turns":14},{"damage":0,"enemies":"3 Shapes","floor":35,"turns":5},{"damage":0,"enemies":"Orb Walker","floor":37,"turns":4},{"damage":10,"enemies":"Spire Growth","floor":38,"turns":6},{"damage":1,"enemies":"Giant Head","floor":40,"turns":7},{"damage":2,"enemies":"3 Darklings","floor":41,"turns":6},{"damage":0,"enemies":"Transient","floor":44,"turns":5},{"damage":14,"enemies":"Maw","floor":45,"turns":8},{"damage":1,"enemies":"Nemesis","floor":46,"turns":5},{"damage":6,"enemies":"Writhing Mass","floor":47,"turns":10},{"damage":0,"enemies":"Giant Head","floor":48,"turns":6},{"damage":25,"enemies":"Awakened One","floor":50,"turns":18}],"seed_played":"-1888626771413550545","potions_obtained":[{"floor":5.0,"key":"GamblersBrew"},{"floor":7.0,"key":"Fruit Juice"}],"is_trial":false,"path_per_floor":["M","M","M","$","M","R","M","R","T","R","M","E","R","E","R","B",null,"M","M","M","$","M","R","E","M","T","R","$","?","$","M","R","B",null,"M","$","M","M","?","E","M","$","T","M","M","E","M","E","R","B",null],"character_chosen":"THE_SILENT","items_purchased":["Vajra","Membership Card","Slice","PreservedInsect","Orrery"],"campfire_rested":1,"item_purchase_floors":[4,21,28,30,36],"current_hp_per_floor":[57,56,56,56,49,49,47,47,57,57,57,40,40,33,33,16,64,64,62,62,62,63,63,48,46,46,46,46,46,46,37,62,28,71,71,71,71,61,61,60,58,58,58,58,44,43,37,37,37,12],"gold":167,"neow_bonus":"BOSS_RELIC","is_daily":false,"chose_seed":false,"campfire_upgraded":7,"win_rate":0.0,"timestamp":1612677065,"path_taken":["M","M","M","$","M","R","M","R","T","R","?","E","R","E","R","BOSS","M","?","M","?","M","R","E","M","T","R","$","?","$","M","R","BOSS","M","$","?","M","?","E","M","$","T","?","M","E","M","E","R","BOSS"],"items_purchased_type":["Relic","Relic","Card","Relic","Relic"],"build_version":"2020-12-22","purchased_purges":3,"victory":true,"max_hp_per_floor":[70,70,70,70,70,70,70,70,80,80,80,80,80,80,80,80,80,80,80,80,80,85,85,85,85,85,85,85,85,85,85,85,85,85,85,85,85,85,85,85,85,85,85,85,85,85,85,85,85,85],"card_choices":[{"not_picked":["Acrobatics","Leg Sweep"],"picked":"Slice","floor":1.0},{"not_picked":["Sucker Punch","PiercingWail"],"picked":"Cloak And Dagger","floor":2.0},{"not_picked":["Heel Hook","Prepared"],"picked":"PiercingWail","floor":3.0},{"not_picked":["Concentrate","Tactician"],"picked":"Dash","floor":5.0},{"not_picked":["Backflip","Acrobatics"],"picked":"Footwork","floor":7.0},{"not_picked":["Masterful Stab","All Out Attack","Setup"],"picked":"SKIP","floor":11.0},{"not_picked":["Backflip","Acrobatics","Prepared"],"picked":"SKIP","floor":12.0},{"not_picked":["Deflect","Acrobatics"],"picked":"Cloak And Dagger","floor":14.0},{"not_picked":["Bullet Time","Doppelganger"],"picked":"Wraith Form v2","floor":16.0},{"not_picked":["Prepared","Bane"],"picked":"Infinite Blades","floor":18.0},{"not_picked":["Bane","Poisoned Stab","Crippling Poison"],"picked":"SKIP","floor":19.0},{"not_picked":["Poisoned Stab","Crippling Poison","Outmaneuver"],"picked":"SKIP","floor":20.0},{"not_picked":["Poisoned Stab","Crippling Poison","Outmaneuver"],"picked":"SKIP","floor":20.0},{"not_picked":["Masterful Stab","Dagger Throw","Cloak And Dagger+1"],"picked":"SKIP","floor":22.0},{"not_picked":["Masterful Stab","Dagger Throw","Cloak And Dagger+1"],"picked":"SKIP","floor":22.0},{"not_picked":["Quick Slash","Deflect+1"],"picked":"Acrobatics","floor":24.0},{"not_picked":["Dagger Throw","Deflect"],"picked":"Footwork","floor":25.0},{"not_picked":["Deadly Poison","Well Laid Plans"],"picked":"Leg Sweep","floor":31},{"not_picked":["Grand Finale","Unload"],"picked":"Envenom","floor":33},{"not_picked":["Calculated Gamble","Dagger Spray+1","Deadly Poison"],"picked":"SKIP","floor":35},{"not_picked":["Caltrops+1","All Out Attack+1"],"picked":"PiercingWail","floor":36},{"not_picked":["Terror","Escape Plan"],"picked":"Accuracy+1","floor":37},{"not_picked":["Backflip","A Thousand Cuts"],"picked":"Escape Plan+1","floor":38},{"not_picked":["Flying Knee","Caltrops+1"],"picked":"Burst","floor":40},{"not_picked":["Poisoned Stab+1","Riddle With Holes","Flying Knee+1"],"picked":"SKIP","floor":41},{"not_picked":["PiercingWail","Slice","Endless Agony"],"picked":"SKIP","floor":44},{"not_picked":["Bouncing Flask","Infinite Blades","Choke"],"picked":"SKIP","floor":45},{"not_picked":["Crippling Poison","Dagger Throw"],"picked":"Blur","floor":46},{"not_picked":["Sucker Punch","Deflect"],"picked":"Blade Dance","floor":47},{"not_picked":["Catalyst","Underhanded Strike+1","Acrobatics"],"picked":"SKIP","floor":48}],"player_experience":1566633,"relics_obtained":[{"floor":9.0,"key":"Pear"},{"floor":12.0,"key":"InkBottle"},{"floor":14.0,"key":"War Paint"},{"floor":24.0,"key":"Dream Catcher"},{"floor":26.0,"key":"Torii"},{"floor":40,"key":"Oddly Smooth Stone"},{"floor":46,"key":"Juzu Bracelet"},{"floor":48,"key":"Smiling Mask"}],"event_choices":[{"damage_healed":0.0,"max_hp_gain":0.0,"max_hp_loss":0.0,"gold_gain":0.0,"event_name":"FaceTrader","player_choice":"Trade","floor":29.0,"gold_loss":0.0,"damage_taken":0.0,"relics_obtained":["NlothsMask"]},{"cards_removed":["Strike_G"],"damage_healed":0,"gold_gain":0,"player_choice":"Offered Basic","damage_taken":0,"max_hp_gain":0,"max_hp_loss":0,"event_name":"Bonfire Elementals","floor":39,"gold_loss":0}],"is_beta":false,"boss_relics":[{"not_picked":["Fusion Hammer","Tiny House"],"picked":"Sozu"},{"not_picked":["Astrolabe","SacredBark"],"picked":"Runic Pyramid"}],"items_purged_floors":[21,36,42],"is_endless":false,"potions_floor_spawned":[5,7,14,16,18,19,22,25,38,41,45,46,47,48],"ascension_level":13}}