{"host":"aq3xpixvif6gmjmv","time":1612661113,"event":{"mods":["BaseMod","CapriCore","Colored Map","Colored Powertips","Friendly Minions","Minty Spire (QoL Compilation)","StSLib","SuperFastMode","The Hierophant"],"gold_per_floor":[109,109,120,45,45,45,73,73,119,148,160,160,187,187,187,289,289,306,61,75,75,75,110,141,141,141,160,191,291,291,291,291,386,386,405,62,62,117,39,39,65,65,65,80,80,106,106,137,137,137],"floor_reached":51,"language":"KOR","playtime":1739,"items_purged":["Strike_R","Defend_R"],"score":891,"play_id":"854f8ce8-8a29-459d-9506-398b1bb4dcd2","local_time":"20210207102513","daily_mods":["Heirloom","Flight"],"is_ascension_mode":true,"campfire_choices":[{"data":"Bash","floor":6.0,"key":"SMITH"},{"data":"Infernal Blade","floor":8.0,"key":"SMITH"},{"data":"Warcry","floor":12.0,"key":"SMITH"},{"data":"Ghostly Armor","floor":15.0,"key":"SMITH"},{"data":"Fiend Fire","floor":25,"key":"SMITH"},{"data":"Seeing Red","floor":30,"key":"SMITH"},{"data":"Bloodletting","floor":32,"key":"SMITH"},{"data":"Offering","floor":40,"key":"SMITH"},{"data":"1","floor":42,"key":"LIFT"},{"data":"Inflame","floor":45,"key":"SMITH"},{"data":"2","floor":47,"key":"LIFT"},{"data":"3","floor":49,"key":"LIFT"}],"circlet_count":0,"master_deck":["Strike_R","Strike_R","Defend_R","Defend_R","Defend_R","Bash+1","Clothesline","Bloodletting+1","Infernal Blade+1","Warcry+1","Ghostly Armor+1","Fiend Fire+1","Pommel Strike+1","Pummel+1","Inflame","Feed","Seeing Red+1","Offering+1","Heavy Blade","Inflame+1","Fiend Fire","Pommel Strike+1"],"relics":["Black Blood","Dead Branch","Vajra","Art of War","Potion Belt","Bottled Lightning","Champion Belt","MealTicket","Meat on the Bone","Enchiridion","Turnip","Omamori","InkBottle","Bottled Flame","Charon\u0027s Ashes","Pear","Cursed Key","Paper Frog","Kunai","Shovel","Girya","White Beast Statue","Pantograph","Dream Catcher"],"acts_visited":["Exordium","TheCity","TheBeyond"],"potions_floor_usage":[50,50,50],"damage_taken":[{"damage":5.0,"enemies":"Jaw Worm","floor":1.0,"turns":5.0},{"damage":1.0,"enemies":"Cultist","floor":3.0,"turns":3.0},{"damage":9.0,"enemies":"Gremlin Nob","floor":7.0,"turns":3.0},{"damage":15.0,"enemies":"3 Sentries","floor":10.0,"turns":5.0},{"damage":5.0,"enemies":"Small Slimes","floor":11.0,"turns":2.0},{"damage":19.0,"enemies":"Lagavulin","floor":13.0,"turns":5.0},{"damage":39.0,"enemies":"The Guardian","floor":16.0,"turns":11.0},{"damage":26,"enemies":"3 Byrds","floor":18,"turns":6},{"damage":11,"enemies":"Shell Parasite","floor":20,"turns":5},{"damage":56,"enemies":"Slavers","floor":23,"turns":6},{"damage":25,"enemies":"Book of Stabbing","floor":24,"turns":6},{"damage":3,"enemies":"Snecko","floor":27,"turns":2},{"damage":38,"enemies":"Slavers","floor":28,"turns":6},{"damage":10,"enemies":"Colosseum Slavers","floor":29,"turns":3},{"damage":17,"enemies":"Colosseum Nobs","floor":29,"turns":4},{"damage":23,"enemies":"Collector","floor":33,"turns":3},{"damage":17,"enemies":"3 Shapes","floor":35,"turns":3},{"damage":3,"enemies":"2 Orb Walkers","floor":38,"turns":2},{"damage":3,"enemies":"Nemesis","floor":41,"turns":1},{"damage":0,"enemies":"3 Darklings","floor":44,"turns":1},{"damage":2,"enemies":"Reptomancer","floor":46,"turns":2},{"damage":15,"enemies":"Giant Head","floor":48,"turns":2},{"damage":83,"enemies":"Awakened One","floor":50,"turns":5}],"seed_played":"4327275956418125284","potions_obtained":[{"floor":1.0,"key":"FearPotion"},{"floor":3.0,"key":"ColorlessPotion"},{"floor":7.0,"key":"ElixirPotion"},{"floor":13.0,"key":"ElixirPotion"},{"floor":24,"key":"Strength Potion"},{"floor":33,"key":"ColorlessPotion"},{"floor":44,"key":"Block Potion"},{"floor":46,"key":"SneckoOil"}],"is_trial":true,"path_per_floor":["M","?","M","$","?","R","E","R","T","E","M","R","E","?","R","B",null,"M","$","M","$","?","E","E","R","T","M","E","?","R","?","R","B",null,"M","$","T","?","$","R","E","R","T","M","R","E","R","E","R","B",null],"character_chosen":"IRONCLAD","items_purchased":["Meat on the Bone","Paper Frog","Inflame"],"campfire_rested":0,"item_purchase_floors":[19,36,39],"current_hp_per_floor":[80,73,78,78,78,78,75,75,75,66,67,67,54,54,54,21,80,66,80,80,80,64,32,31,31,31,52,38,69,69,69,69,58,90,85,90,90,93,93,93,93,93,93,93,93,93,93,90,90,34],"gold":137,"neow_bonus":"","is_daily":false,"chose_seed":false,"campfire_upgraded":9,"win_rate":0.0,"timestamp":1612661113,"path_taken":["M","?","M","$","?","R","E","R","T","E","?","R","E","?","R","BOSS","BOSS","M","$","?","?","?","E","E","R","T","M","E","?","R","?","R","BOSS","M","$","?","?","$","R","E","R","T","M","R","E","R","E","R","BOSS"],"items_purchased_type":["Relic","Relic","Card"],"build_version":"2020-12-22","purchased_purges":2,"victory":true,"max_hp_per_floor":[80,80,80,80,80,80,80,80,80,80,80,80,80,80,80,80,80,80,80,80,80,80,80,80,80,80,80,80,90,90,90,90,90,90,90,90,90,93,93,93,93,93,93,93,93,93,93,93,93,93],"card_choices":[{"not_picked":["Disarm","Clothesline","Rampage"],"picked":"SKIP","floor":1.0},{"not_picked":["Combust","Rage"],"picked":"Clothesline","floor":3.0},{"not_picked":["Anger","Cleave"],"picked":"Infernal Blade","floor":7.0},{"not_picked":["Disarm","Rupture","Wild Strike"],"picked":"SKIP","floor":10.0},{"not_picked":["Pommel Strike","Infernal Blade"],"picked":"Warcry","floor":11.0},{"not_picked":["Combust","Clothesline"],"picked":"Ghostly Armor","floor":13.0},{"not_picked":["Juggernaut","Corruption"],"picked":"Fiend Fire","floor":16.0},{"not_picked":["Flame Barrier","Anger","Shockwave+1"],"picked":"SKIP","floor":18},{"not_picked":["Rupture","Warcry"],"picked":"Pommel Strike+1","floor":20},{"not_picked":["Wild Strike","True Grit+1"],"picked":"Pummel+1","floor":23},{"not_picked":["Thunderclap","Ghostly Armor"],"picked":"Inflame","floor":24},{"not_picked":["Iron Wave","Thunderclap","Flex"],"picked":"SKIP","floor":27},{"not_picked":["Warcry","Armaments+1"],"picked":"Feed","floor":28},{"not_picked":["Twin Strike","Dual Wield"],"picked":"Seeing Red","floor":29},{"not_picked":["Fiend Fire","Bludgeon"],"picked":"Offering","floor":33},{"not_picked":["Warcry","Clothesline+1","Thunderclap+1"],"picked":"SKIP","floor":35},{"not_picked":["Thunderclap+1","Searing Blow"],"picked":"Heavy Blade","floor":38},{"not_picked":["Entrench+1","Rupture"],"picked":"Fiend Fire","floor":41},{"not_picked":["Clothesline+1","Metallicize+1"],"picked":"Pommel Strike+1","floor":44},{"not_picked":["Clash","Uppercut","Thunderclap"],"picked":"SKIP","floor":46},{"not_picked":["Ghostly Armor+1","Anger","Thunderclap"],"picked":"SKIP","floor":48}],"player_experience":418452,"relics_obtained":[{"floor":7.0,"key":"Art of War"},{"floor":9.0,"key":"Potion Belt"},{"floor":10.0,"key":"Bottled Lightning"},{"floor":13.0,"key":"Champion Belt"},{"floor":22,"key":"Enchiridion"},{"floor":23,"key":"Turnip"},{"floor":24,"key":"Omamori"},{"floor":26,"key":"InkBottle"},{"floor":28,"key":"Bottled Flame"},{"floor":29,"key":"Charon\u0027s Ashes"},{"floor":29,"key":"Pear"},{"floor":37,"key":"Kunai"},{"floor":38,"key":"Shovel"},{"floor":41,"key":"Girya"},{"floor":43,"key":"White Beast Statue"},{"floor":46,"key":"Pantograph"},{"floor":48,"key":"Dream Catcher"}],"event_choices":[{"damage_healed":0.0,"max_hp_gain":0.0,"max_hp_loss":0.0,"gold_gain":0.0,"event_name":"Scrap Ooze","player_choice":"Success","floor":2.0,"gold_loss":0.0,"damage_taken":7.0,"relics_obtained":["Vajra"]},{"damage_healed":0.0,"max_hp_gain":0.0,"max_hp_loss":0.0,"gold_gain":0.0,"cards_transformed":["Strike_R"],"event_name":"Transmorgrifier","player_choice":"Transformed","floor":5.0,"gold_loss":0.0,"damage_taken":0.0,"cards_obtained":["Bloodletting"]},{"damage_healed":0.0,"max_hp_gain":0.0,"max_hp_loss":0.0,"gold_gain":0.0,"event_name":"WeMeetAgain","player_choice":"Gave Potion","floor":14.0,"gold_loss":0.0,"damage_taken":0.0,"relics_obtained":["MealTicket"]},{"damage_healed":0,"gold_gain":0,"player_choice":"Obtained Book","damage_taken":16,"max_hp_gain":0,"max_hp_loss":0,"event_name":"Cursed Tome","floor":22,"gold_loss":0},{"damage_healed":0,"gold_gain":0,"player_choice":"Fight","damage_taken":0,"max_hp_gain":0,"max_hp_loss":0,"event_name":"Colosseum","floor":29,"gold_loss":0},{"damage_healed":0,"gold_gain":0,"player_choice":"Fought Nobs","damage_taken":0,"max_hp_gain":0,"max_hp_loss":0,"event_name":"Colosseum","floor":29,"gold_loss":0},{"cards_removed":["Strike_R"],"damage_healed":0,"gold_gain":0,"player_choice":"Card Removal","damage_taken":0,"max_hp_gain":0,"max_hp_loss":0,"event_name":"Wheel of Change","floor":31,"gold_loss":0},{"damage_healed":0,"gold_gain":0,"player_choice":"Fight","damage_taken":0,"max_hp_gain":0,"max_hp_loss":0,"event_name":"Mysterious Sphere","floor":38,"gold_loss":0}],"is_beta":false,"boss_relics":[{"not_picked":["Ectoplasm","Busted Crown"],"picked":"Black Blood"},{"not_picked":["SlaversCollar","Pandora\u0027s Box"],"picked":"Cursed Key"}],"items_purged_floors":[4,36],"is_endless":false,"potions_floor_spawned":[1,3,7,13,24,29,33,44,46,48],"ascension_level":1}}