{"host":"i2ntsfwoh5q5m216","time":1612730552,"event":{"mods":["BaseMod","Colored Map","Downfall","Minty Spire (QoL Compilation)","StSLib"],"gold_per_floor":[117,217,236,236,246,246,259,274,274,290,302,312,312,326,326,326,326],"floor_reached":16,"language":"ENG","playtime":359,"items_purged":[],"score":98,"play_id":"69677bad-b52c-4807-90aa-96efa492def9","local_time":"20210207144232","is_ascension_mode":false,"campfire_choices":[{"data":"Dualcast","floor":6,"key":"SMITH"},{"floor":13,"key":"REST"},{"data":"Redo","floor":15,"key":"SMITH"}],"circlet_count":0,"master_deck":["Strike_B","Strike_B","Strike_B","Defend_B","Defend_B","Defend_B","Defend_B","Zap+1","Dualcast+1","Coolheaded","Static Discharge","Gash","Gash","Gash","Redo+1"],"relics":["Cracked Core","Pantograph"],"acts_visited":["Exordium"],"potions_floor_usage":[11],"damage_taken":[{"damage":6,"enemies":"Jaw Worm","floor":1,"turns":3},{"damage":4,"enemies":"Cultist","floor":3,"turns":3},{"damage":5,"enemies":"Small Slimes","floor":5,"turns":4},{"damage":7,"enemies":"Exordium Wildlife","floor":7,"turns":3},{"damage":6,"enemies":"Red Slaver","floor":8,"turns":4},{"damage":3,"enemies":"Looter","floor":10,"turns":3},{"damage":22,"enemies":"Large Slime","floor":11,"turns":4},{"damage":8,"enemies":"Lots of Slimes","floor":12,"turns":4},{"damage":3,"enemies":"Looter","floor":14,"turns":3},{"damage":58,"enemies":"Slime Boss","floor":16,"turns":7}],"seed_played":"-1524622472066554534","potions_obtained":[{"floor":1,"key":"Swift Potion"},{"floor":7,"key":"Ancient Potion"},{"floor":11,"key":"FearPotion"}],"is_trial":false,"path_per_floor":["M","?","M","?","M","R","M","M","T","M","M","M","R","M","R","B"],"character_chosen":"DEFECT","items_purchased":[],"campfire_rested":1,"item_purchase_floors":[],"current_hp_per_floor":[69,69,65,65,60,60,53,47,47,44,22,14,36,33,33,0,0],"gold":326,"neow_bonus":"TRANSFORM_CARD","is_daily":false,"chose_seed":false,"campfire_upgraded":2,"win_rate":0.0,"timestamp":1612730552,"path_taken":["M","?","?","?","M","R","M","M","T","M","M","?","R","M","R","BOSS"],"items_purchased_type":[],"build_version":"2020-12-22","purchased_purges":0,"victory":false,"max_hp_per_floor":[75,75,75,75,75,75,75,75,75,75,75,75,75,75,75,75,75],"card_choices":[{"not_picked":["Loop","Leap"],"picked":"Static Discharge","floor":1},{"not_picked":["Aggregate","Sweeping Beam","Rip and Tear"],"picked":"SKIP","floor":3},{"not_picked":["Leap","Steam"],"picked":"Gash","floor":5},{"not_picked":["Barrage","Darkness","Leap"],"picked":"SKIP","floor":7},{"not_picked":["Coolheaded","Fission","Glacier"],"picked":"SKIP","floor":8},{"not_picked":["Genetic Algorithm","Tempest"],"picked":"Gash","floor":10},{"not_picked":["Chaos","Conserve Battery","Steam"],"picked":"SKIP","floor":11},{"not_picked":["Barrage","Cold Snap"],"picked":"Gash","floor":12},{"not_picked":["Scrape","Creative AI"],"picked":"Redo","floor":14}],"player_experience":51368,"relics_obtained":[{"floor":9,"key":"Pantograph"}],"event_choices":[{"damage_healed":0,"gold_gain":100,"player_choice":"Pray","damage_taken":0,"max_hp_gain":0,"max_hp_loss":0,"event_name":"Golden Shrine","floor":2,"gold_loss":0},{"damage_healed":0,"gold_gain":0,"player_choice":"Upgraded","damage_taken":0,"max_hp_gain":0,"max_hp_loss":0,"event_name":"Upgrade Shrine","floor":4,"gold_loss":0,"cards_upgraded":["Zap"]}],"is_beta":false,"boss_relics":[],"items_purged_floors":[],"is_endless":false,"potions_floor_spawned":[1,7,11],"killed_by":"Slime Boss","ascension_level":0}}