{"host":"xp5rvh2jwe2ejyfm","time":1612734707,"event":{"mods":["2.2 Compatiblity","Aspiration","BaseMod","Better Altar","Better Match","Better Note","Better Sensory Stone","Better Skull","BetterRewards","Colored Powertips","Conspire","Downfall","GifTheSpireLib","Gremlin Mod","GungeonMod","Hermit","Hubris","Jorbs\u0027s Wanderer Trilogy","Minty Spire (QoL Compilation)","Potionbrewer","Quick Restart","Replay The Spire","Robot Space Explorer","Shade Mod","Somnambulant","StSLib","The Bug Knight","The Clintock","The Construct","The Cursed","The Disciple","The Forsaken","The Hierophant","The Necromancer","The Runesmith","The Servant 0.9.4","The Valiant","The Witch","TheFirefly","thorton"],"gold_per_floor":[118,135,147,147,161,161,87,105,105,105,105],"floor_reached":10,"language":"ENG","playtime":411,"items_purged":[],"score":60,"play_id":"6de696ad-aea1-4dbb-9b7c-2c13f5068245","local_time":"20210207165147","is_ascension_mode":false,"campfire_choices":[{"floor":6,"key":"REST"}],"circlet_count":0,"master_deck":["DemoMod:Strike_Huntress","DemoMod:Strike_Huntress","DemoMod:Defend_Huntress","DemoMod:Defend_Huntress","DemoMod:Defend_Huntress","DemoMod:Defend_Huntress","DemoMod:Roll","DemoMod:ManualReload","DemoMod:RustySidearm","DemoMod:CrossBow","DemoMod:StickyCrossBow","DemoMod:ChanceBullets","DemoMod:ChanceBullets","ReplayTheSpireMod:Scrap Shanks","ReplayTheSpireMod:Necrosis","Strike_G","DemoMod:ChanceBullets","DemoMod:GunslingerForm","DemoMod:DirectionalPad"],"relics":["DemoMod:Dog"],"acts_visited":["Exordium"],"potions_floor_usage":[8],"damage_taken":[{"damage":2,"enemies":"2 Louse","floor":1,"turns":4},{"damage":8,"enemies":"Cultist","floor":2,"turns":4},{"damage":9,"enemies":"Small Slimes","floor":3,"turns":3},{"damage":34,"enemies":"Exordium Thugs","floor":5,"turns":6},{"damage":9,"enemies":"Lots of Slimes","floor":8,"turns":6},{"damage":42,"enemies":"Lagavulin","floor":10,"turns":7}],"seed_played":"8851591054195935010","potions_obtained":[{"floor":2,"key":"DemoMod:LeadSkinPotion"}],"is_trial":false,"path_per_floor":["M","M","M","?","M","R","$","M","T","E"],"character_chosen":"HUNTRESS","items_purchased":["DemoMod:ChanceBullets","DemoMod:FastSwitch","DemoMod:GunslingerForm"],"campfire_rested":1,"item_purchase_floors":[0,0,7],"current_hp_per_floor":[68,60,51,51,17,38,38,29,29,0,0],"gold":105,"neow_bonus":"","is_daily":false,"chose_seed":false,"campfire_upgraded":0,"win_rate":0.0,"timestamp":1612734707,"path_taken":["M","M","M","?","M","R","?","?","T","E"],"items_purchased_type":["Card","Card","Card"],"build_version":"2020-12-22","purchased_purges":0,"victory":false,"max_hp_per_floor":[70,70,70,70,70,70,70,70,70,70,70],"card_choices":[{"not_picked":["DemoMod:AC15","DemoMod:MachoBrace"],"picked":"DemoMod:StickyCrossBow","floor":1},{"not_picked":["DemoMod:BoxingGlove","DemoMod:Camera"],"picked":"DemoMod:ChanceBullets","floor":2},{"not_picked":["DemoMod:DoubleSwitch","DemoMod:SkilledReload"],"picked":"DemoMod:ChanceBullets","floor":3},{"not_picked":["DemoMod:BattleInHaste","DemoMod:AC15"],"picked":"DemoMod:ChanceBullets","floor":5},{"not_picked":["DemoMod:MachoBrace","DemoMod:FeignSurrender"],"picked":"DemoMod:DirectionalPad","floor":8}],"player_experience":464853,"relics_obtained":[],"event_choices":[],"is_beta":false,"boss_relics":[],"items_purged_floors":[],"is_endless":false,"potions_floor_spawned":[2],"killed_by":"Lagavulin","ascension_level":0}}