{"host":"hnrafgucdht3qvsp","time":1612722960,"event":{"mods":["BaseMod","Bestiary","Colored Map","Downfall","Minty Spire (QoL Compilation)","Relic Stats","StSLib"],"gold_per_floor":[99,111,111,21,37,37,37,137,137,1,11,24,24,53,73,177,177,177,190,209,209,209,209,234,134,134,19,29,55,74,91,101,101,101,101],"floor_reached":33,"language":"ENG","playtime":2579,"items_purged":["Pain","downfall:Malfunctioning","Pain"],"score":267,"play_id":"012e5f67-db97-49cf-b858-4e3ff92c6ac3","local_time":"20210207133600","is_ascension_mode":false,"campfire_choices":[{"data":"champ:Taunt","floor":1.0,"key":"SMITH"},{"data":"champ:StanceDance","floor":9.0,"key":"SMITH"},{"data":"champ:FaceSlap","floor":13.0,"key":"SMITH"},{"data":"champ:Devastate","floor":18.0,"key":"SMITH"},{"floor":25.0,"key":"RECALL"}],"circlet_count":0,"master_deck":["champ:Strike+1","champ:Strike","champ:Strike","champ:Strike","champ:Defend","champ:Defend","champ:Defend","champ:Defend+1","champ:Execute","champ:Taunt+1","champ:CheapShot+1","champ:ShieldSlam+1","champ:StanceDance+1","champ:FaceSlap+1","champ:AdrenalArmor","champ:FancyFootwork","champ:Duel","champ:StanceDance+1","champ:Devastate+1","champ:Lariat+1","champ:BringItOn","champ:DefensiveShout","champ:GladiatorForm","champ:BringItOn","champ:ShieldWall"],"relics":["champ:ChampionCrown","WarpedTongs","The Courier","PreservedInsect","Black Star","Blood Vial","downfall:HeartBlessingBlue","Lantern","hexamod:Sixitude"],"acts_visited":["Exordium","TheCity"],"potions_floor_usage":[33,33,33],"damage_taken":[{"damage":14.0,"enemies":"2 Louse","floor":2.0,"turns":3.0},{"damage":16.0,"enemies":"downfall:FleeingMerchant","floor":4.0,"turns":5.0},{"damage":20.0,"enemies":"Cultist","floor":5.0,"turns":3.0},{"damage":10.0,"enemies":"downfall:FleeingMerchant","floor":10.0,"turns":5.0},{"damage":10.0,"enemies":"Small Slimes","floor":11.0,"turns":2.0},{"damage":10.0,"enemies":"Blue Slaver","floor":12.0,"turns":2.0},{"damage":46.0,"enemies":"3 Sentries","floor":14.0,"turns":7.0},{"damage":20.0,"enemies":"Large Slime","floor":15.0,"turns":3.0},{"damage":80.0,"enemies":"WA_ARCHETYPE_RETAIN","floor":16.0,"turns":7.0},{"damage":25.0,"enemies":"Chosen","floor":19.0,"turns":4.0},{"damage":35.0,"enemies":"3 Byrds","floor":20.0,"turns":5.0},{"damage":36.0,"enemies":"downfall:FleeingMerchant","floor":27.0,"turns":5.0},{"damage":44.0,"enemies":"Shelled Parasite and Fungi","floor":28.0,"turns":5.0},{"damage":75.0,"enemies":"Gremlin Leader","floor":29.0,"turns":6.0},{"damage":25,"enemies":"Cultist and Chosen","floor":30,"turns":6},{"damage":25,"enemies":"Snake Plant","floor":31,"turns":5},{"damage":34,"enemies":"Centurion and Healer","floor":32,"turns":6},{"damage":54,"enemies":"SI_MIRROR_ARCHETYPE","floor":33,"turns":4}],"seed_played":"-2586903598350573598","potions_obtained":[{"floor":2.0,"key":"bronze:BurnAndBuffPotion"},{"floor":11.0,"key":"SteroidPotion"},{"floor":12.0,"key":"champ:CounterPotion"},{"floor":28.0,"key":"Strength Potion"},{"floor":30,"key":"Ancient Potion"}],"is_trial":false,"path_per_floor":["R","M","?","$","M","?","T","?","R","$","M","M","R","E","M","B",null,"R","M","M","?","?","T","T","R","?","$","M","E","M","M","M","B"],"character_chosen":"THE_CHAMP","items_purchased":["champ:AdrenalArmor"],"campfire_rested":0,"item_purchase_floors":[10],"current_hp_per_floor":[90,86,86,80,80,80,80,80,80,80,80,80,80,79,79,39,90,90,90,80,80,80,80,80,90,90,86,64,46,38,40,38,0,0,0],"gold":101,"neow_bonus":"ONE_RANDOM_RARE_CARD","is_daily":false,"chose_seed":false,"campfire_upgraded":4,"win_rate":0.0,"timestamp":1612722960,"path_taken":["R","M","?","?","M","?","T","?","R","$","M","M","R","E","M","BOSS","R","M","M","?","?","?","T","R","?","$","?","E","M","M","M","BOSS"],"items_purchased_type":["Card"],"build_version":"2020-12-22","purchased_purges":3,"victory":false,"max_hp_per_floor":[90,90,90,90,90,90,90,90,90,90,90,90,90,90,90,90,90,90,90,90,90,90,90,90,100,100,100,100,100,100,100,100,100,100,100],"relic_stats":{"Blood Vial":14,"counters":[18,83],"PreservedInsect":86,"Black Star":1,"obtain_stats":[{"Blood Vial":23,"Lantern":29,"downfall:HeartBlessingBlue":25,"hexamod:Sixitude":29,"champ:ChampionCrown":0,"The Courier":7,"PreservedInsect":14,"Black Star":17,"WarpedTongs":3},{"Blood Vial":11,"Lantern":14,"downfall:HeartBlessingBlue":11,"hexamod:Sixitude":14,"champ:ChampionCrown":0,"The Courier":3,"PreservedInsect":7,"Black Star":9,"WarpedTongs":1},{"Blood Vial":46,"Lantern":62,"downfall:HeartBlessingBlue":46,"hexamod:Sixitude":62,"champ:ChampionCrown":0,"The Courier":11,"PreservedInsect":27,"Black Star":37,"WarpedTongs":3}],"WarpedTongs":[80]},"card_choices":[{"not_picked":["champ:FanOfKnives","champ:Backstep"],"picked":"champ:ShieldSlam","floor":2.0},{"not_picked":["champ:TornadoPunch","champ:Encircle","champ:Shatter"],"picked":"SKIP","floor":4.0},{"not_picked":["champ:GutPunch","champ:CrookedStrike"],"picked":"champ:StanceDance","floor":5.0},{"not_picked":["champ:PreciseThrust","champ:DeathBlow"],"picked":"champ:FaceSlap","floor":10.0},{"not_picked":["champ:FanOfKnives","champ:FalseCounter","champ:EnGarde"],"picked":"SKIP","floor":11.0},{"not_picked":["champ:TornadoPunch","champ:Haymaker"],"picked":"champ:FancyFootwork","floor":12.0},{"not_picked":["champ:TornadoPunch","champ:BerserkersShout"],"picked":"champ:Duel","floor":14.0},{"not_picked":["champ:CrownThrow","champ:BladeFlurry"],"picked":"champ:StanceDance","floor":15.0},{"not_picked":["champ:LastStand","champ:HoldFirm"],"picked":"champ:Devastate","floor":16.0},{"not_picked":["champ:Backstep+1","champ:Encircle"],"picked":"champ:Lariat+1","floor":19.0},{"not_picked":["champ:EnGarde","champ:ArenaPreparation","champ:RisingSlash"],"picked":"SKIP","floor":20.0},{"not_picked":["champ:PerfectedStrike","champ:CrownThrow","champ:EnGarde"],"picked":"SKIP","floor":27.0},{"not_picked":["champ:Lariat","champ:Encircle"],"picked":"champ:DefensiveShout","floor":28.0},{"not_picked":["champ:PreemptiveStrike","champ:RapidStrikes"],"picked":"champ:GladiatorForm","floor":29.0},{"not_picked":["champ:BladeFlurry+1","champ:SetATrap+1"],"picked":"champ:BringItOn","floor":30},{"not_picked":["champ:Circumvent","champ:GutPunch"],"picked":"champ:ShieldWall","floor":31},{"not_picked":["champ:FlashCut","champ:GutPunch+1","champ:PreemptiveStrike"],"picked":"SKIP","floor":32}],"player_experience":623240,"relics_obtained":[{"floor":7.0,"key":"The Courier"},{"floor":14.0,"key":"PreservedInsect"},{"floor":23.0,"key":"Blood Vial"},{"floor":29.0,"key":"Lantern"},{"floor":29.0,"key":"hexamod:Sixitude"}],"event_choices":[{"damage_healed":0.0,"max_hp_gain":0.0,"max_hp_loss":0.0,"gold_gain":0.0,"event_name":"Accursed Blacksmith","player_choice":"Rummage","floor":3.0,"gold_loss":0.0,"damage_taken":0.0,"relics_obtained":["WarpedTongs"],"cards_obtained":["Pain"]},{"damage_healed":0.0,"max_hp_gain":0.0,"max_hp_loss":0.0,"gold_gain":0.0,"event_name":"The Library","player_choice":"Read","floor":21.0,"gold_loss":0.0,"damage_taken":0.0,"cards_obtained":["champ:BringItOn"]},{"damage_healed":0.0,"max_hp_gain":0.0,"max_hp_loss":0.0,"gold_gain":0.0,"event_name":"Vampires","player_choice":"Ignored","floor":22.0,"gold_loss":0.0,"damage_taken":0.0}],"is_beta":false,"boss_relics":[{"not_picked":["Empty Cage","Velvet Choker"],"picked":"Black Star"}],"items_purged_floors":[4,10,27],"is_endless":false,"potions_floor_spawned":[2,11,12,14,28,30,31],"killed_by":"SI_MIRROR_ARCHETYPE","ascension_level":0}}