{"host":"lddajdu6cqgaqcx3","time":1612721209,"event":{"mods":["Act Like it!","BaseMod","Bossed Relics","Colored Map","Downfall","Gensokyo","Marisa£®ÏF”Í°°ƒß¿Ì…≥£©","Minty Spire (QoL Compilation)","Reimu£®≤©¿ˆ¡È√Œ£©","Remilia£®¿Ÿ√◊¿Ú—«£©","Replay The Spire","StSLib"],"gold_per_floor":[114,139,139,168,194,240,240,240,240,274,294,319,4,4,4,144,144,197,209,35,35,72,72,128,128,154,154,179,237,294,351,351,491,491,526,506,559,574,619,619,656,656,656,656,27,70,138,176,176,176],"floor_reached":51,"language":"ZHS","playtime":5050,"items_purged":["Strike_MRS","Singularity"],"score":762,"play_id":"b6195016-5221-4459-b2b8-0b3d3ec217df","local_time":"20210208020649","is_ascension_mode":false,"campfire_choices":[{"floor":8.0,"key":"REST"},{"floor":15.0,"key":"REST"},{"data":"DragonMeteor","floor":23.0,"key":"SMITH"},{"data":"MysteriousBeam","floor":27.0,"key":"SMITH"},{"floor":32.0,"key":"REST"},{"data":"MysteriousBeam","floor":40.0,"key":"SMITH"},{"data":"DragonMeteor","floor":42.0,"key":"SMITH"},{"data":"UpSweep","floor":44.0,"key":"SMITH"},{"data":"FinalSpark","floor":49.0,"key":"SMITH"}],"circlet_count":0,"master_deck":["Strike_MRS","Defend_MRS","Defend_MRS","Defend_MRS","Defend_MRS","MasterSpark+1","UpSweep+1","WitchOfGreed","DoubleSpark+1","DragonMeteor+1","MagicChant+1","MysteriousBeam+1","MagicAbsorber+1","Acceleration+1","WitchOfGreed+1","Acceleration+1","PropBag+1","FinalSpark+1","MilkyWay+1","DragonMeteor+1","IllusionStar+1","MysteriousBeam+1","Acceleration+1","EarthLightRay+1","Acceleration+1","MilkyWay+1","UltimateShortwave+1","PulseMagic+1","DoubleSpark+1","IllusionStar+1","Acceleration+1","PowerUp+1","UltimateShortwave+1","PowerUp+1","Parasite","Parasite","Sadistic Nature","PowerUp+1","IllusionStar+1","DarkSpark+1"],"relics":["MiniHakkero","Toxic Egg 2","Replay:Bottled Snecko","Whetstone","Replay:Bronze Core","Pen Nib","Bottled Tornado","Honey Jar","FossilizedHelix","ShroomBag","Letter Opener"],"acts_visited":["Exordium","TheCity","TheBeyond"],"potions_floor_usage":[50,50,50],"damage_taken":[{"damage":1.0,"enemies":"Jaw Worm","floor":1.0,"turns":3.0},{"damage":0.0,"enemies":"Small Slimes","floor":2.0,"turns":3.0},{"damage":0.0,"enemies":"2 Louse","floor":4.0,"turns":2.0},{"damage":13.0,"enemies":"Exordium Thugs","floor":5.0,"turns":5.0},{"damage":22.0,"enemies":"Lagavulin","floor":6.0,"turns":5.0},{"damage":19.0,"enemies":"Blue Slaver","floor":10.0,"turns":4.0},{"damage":1.0,"enemies":"2 Fungi Beasts","floor":11.0,"turns":2.0},{"damage":6.0,"enemies":"3 Louse","floor":12.0,"turns":3.0},{"damage":6.0,"enemies":"Fading Forest","floor":16.0,"turns":11.0},{"damage":0.0,"enemies":"3 Byrds","floor":18.0,"turns":4.0},{"damage":7.0,"enemies":"Shell Parasite","floor":19.0,"turns":2.0},{"damage":25.0,"enemies":"Snecko","floor":22.0,"turns":4.0},{"damage":4.0,"enemies":"Centurion and Healer","floor":24.0,"turns":4.0},{"damage":13.0,"enemies":"Cultist and Chosen","floor":28.0,"turns":6.0},{"damage":8.0,"enemies":"Snecko","floor":30.0,"turns":4.0},{"damage":12.0,"enemies":"Centurion and Healer","floor":31.0,"turns":4.0},{"damage":10.0,"enemies":"Pondfish","floor":33.0,"turns":5.0},{"damage":0.0,"enemies":"Orb Walker","floor":35.0,"turns":2.0},{"damage":0.0,"enemies":"3 Shapes","floor":37.0,"turns":3.0},{"damage":15.0,"enemies":"Jaw Worm Horde","floor":38.0,"turns":3.0},{"damage":0.0,"enemies":"4 Shapes","floor":39.0,"turns":4.0},{"damage":17.0,"enemies":"Maw","floor":41.0,"turns":5.0},{"damage":13.0,"enemies":"Jaw Worm Horde","floor":46.0,"turns":3.0},{"damage":0.0,"enemies":"Giant Head","floor":47.0,"turns":5.0},{"damage":0.0,"enemies":"Writhing Mass","floor":48.0,"turns":4.0},{"damage":51,"enemies":"Awakened One","floor":50,"turns":6}],"seed_played":"-1890150919424783620","potions_obtained":[{"floor":2.0,"key":"BottledSpark"},{"floor":2.0,"key":"bronze:BurnAndBuffPotion"},{"floor":4.0,"key":"champ:CounterPotion"},{"floor":5.0,"key":"ColorlessPotion"},{"floor":6.0,"key":"PowerPotion"},{"floor":10.0,"key":"FearPotion"},{"floor":12.0,"key":"SpeedPotion"},{"floor":16.0,"key":"Regen Potion"},{"floor":16.0,"key":"PowerPotion"},{"floor":19.0,"key":"ZuzhouPotion:ReiMu"},{"floor":22.0,"key":"ColorlessPotion"},{"floor":24.0,"key":"Strength Potion"},{"floor":29.0,"key":"FearPotion"},{"floor":30.0,"key":"Strength Potion"},{"floor":30.0,"key":"Milkshake"},{"floor":31.0,"key":"BlessingOfTheForge"},{"floor":31.0,"key":"SkillPotion"},{"floor":33.0,"key":"champ:CounterPotion"},{"floor":35.0,"key":"Fire Potion"},{"floor":36.0,"key":"Block Potion"},{"floor":37.0,"key":"SteroidPotion"},{"floor":37.0,"key":"Weak Potion"},{"floor":39.0,"key":"Dexterity Potion"},{"floor":41.0,"key":"Energy Potion"},{"floor":46.0,"key":"Adrenaline Potion"},{"floor":47.0,"key":"Weak Potion"},{"floor":47.0,"key":"Energy Potion"},{"floor":48.0,"key":"FearPotion"},{"floor":48.0,"key":"Dexterity Potion"}],"is_trial":false,"path_per_floor":["M","M","?","M","M","E","?","R","T","M","M","M","$","?","R","B",null,"M","M","$","?","M","R","M","?","T","R","M","?","M","M","R","B",null,"M","?","M","M","M","R","M","R","T","R","$","M","E","M","R","B",null],"character_chosen":"MARISA","items_purchased":["WitchOfGreed+1","Whetstone","Acceleration+1","PropBag+1","IllusionStar+1","MysteriousBeam","UltimateShortwave+1","PowerUp+1","ShroomBag","Sadistic Nature"],"campfire_rested":3,"item_purchase_floors":[13,13,13,13,20,20,45,45,45,45],"current_hp_per_floor":[74,74,79,79,66,44,44,68,68,49,48,42,42,42,66,80,80,80,73,73,73,53,53,49,49,49,49,36,36,34,28,52,48,80,80,80,80,68,74,74,63,63,63,63,63,58,68,78,78,35],"gold":176,"neow_bonus":"","is_daily":false,"chose_seed":false,"campfire_upgraded":6,"win_rate":0.0,"timestamp":1612721209,"path_taken":["M","M","?","M","M","E","?","R","T","M","M","M","$","?","R","BOSS","M","M","$","?","M","R","M","?","T","R","M","?","M","M","R","BOSS","M","?","?","M","M","R","M","R","T","R","$","M","E","M","R","BOSS"],"items_purchased_type":["Card","Relic","Card","Card","Card","Card","Card","Card","Relic","Card"],"build_version":"2020-12-22","purchased_purges":2,"victory":true,"max_hp_per_floor":[75,75,80,80,80,80,80,80,80,80,80,80,80,80,80,80,80,80,80,80,80,80,80,80,80,80,80,80,80,80,80,80,80,80,80,80,80,80,80,80,80,80,80,80,80,80,80,80,80,80],"card_choices":[{"not_picked":["LuminesStrike","StarBarrage"],"picked":"WitchOfGreed","floor":1.0},{"not_picked":["MeteoricShower","UnstableBomb"],"picked":"DoubleSpark","floor":2.0},{"not_picked":["GrandCross","DoubleSpark"],"picked":"DragonMeteor","floor":4.0},{"not_picked":["SporeBomb","IllusionStar"],"picked":"Singularity","floor":5.0},{"not_picked":["DC","GalacticHalo+1"],"picked":"MagicChant+1","floor":6.0},{"not_picked":["ShootTheMoon","MagicChant+1"],"picked":"MysteriousBeam","floor":10.0},{"not_picked":["EventHorizon","GravityBeat"],"picked":"MagicAbsorber+1","floor":11.0},{"not_picked":["DC","6A"],"picked":"Acceleration+1","floor":12.0},{"not_picked":["StarDustReverie+1","AbsoluteMagnitude"],"picked":"FinalSpark","floor":16.0},{"not_picked":["6A+1","SporeBomb+1"],"picked":"MilkyWay+1","floor":18.0},{"not_picked":["GravityBeat","EnergyRecoil+1"],"picked":"DragonMeteor","floor":19.0},{"not_picked":["AsteroidBelt+1","MagicAbsorber+1"],"picked":"Acceleration+1","floor":22.0},{"not_picked":["MagicChant+1","EnergyFlow"],"picked":"EarthLightRay+1","floor":24.0},{"not_picked":["Occultation+1","WitchOfGreed","EventHorizon+1"],"picked":"SKIP","floor":28.0},{"not_picked":["SporeBomb+1","Robbery+1"],"picked":"Acceleration+1","floor":29.0},{"not_picked":["MachineGunSpark","LuminesStrike","GrandCross"],"picked":"SKIP","floor":30.0},{"not_picked":["Occultation+1","SatelliteIllusion"],"picked":"MilkyWay+1","floor":31.0},{"not_picked":["BigCrunch+1","EscapeVelocity"],"picked":"UltimateShortwave+1","floor":33.0},{"not_picked":["MysteriousBeam","ShootingEcho","WitchLeyline"],"picked":"PulseMagic+1","floor":35.0},{"not_picked":["GrandCross","GravityBeat","PowerUp+1"],"picked":"DoubleSpark+1","floor":37.0},{"not_picked":["DragonMeteor+1","EventHorizon","PowerUp+1"],"picked":"IllusionStar+1","floor":38.0},{"not_picked":["ShootingEcho+1","6A+1","GasGiant+1"],"picked":"Acceleration+1","floor":39.0},{"not_picked":["ShootingEcho","FairyDestructionRay","LuminesStrike"],"picked":"PowerUp+1","floor":41.0},{"not_picked":["OpenUniverse+1","ManaRampage+1","DarkSpark"],"picked":"PowerUp+1","floor":46.0},{"not_picked":["DoubleSpark","MysteriousBeam+1","WitchLeyline+1"],"picked":"IllusionStar+1","floor":47.0},{"not_picked":["ShootTheMoon","WitchOfGreed","DC+1"],"picked":"DarkSpark+1","floor":48.0}],"player_experience":0,"relics_obtained":[{"floor":6.0,"key":"Toxic Egg 2"},{"floor":9.0,"key":"Replay:Bottled Snecko"},{"floor":26.0,"key":"Pen Nib"},{"floor":29.0,"key":"Bottled Tornado"},{"floor":43.0,"key":"FossilizedHelix"},{"floor":47.0,"key":"Letter Opener"}],"event_choices":[{"damage_healed":0.0,"max_hp_gain":5.0,"max_hp_loss":0.0,"gold_gain":0.0,"event_name":"Big Fish","player_choice":"Donut","floor":3.0,"gold_loss":0.0,"damage_taken":0.0},{"damage_healed":0.0,"max_hp_gain":0.0,"max_hp_loss":0.0,"gold_gain":0.0,"event_name":"Shining Light","player_choice":"Ignored","floor":7.0,"gold_loss":0.0,"damage_taken":0.0},{"cards_removed":["Strike_MRS"],"damage_healed":0.0,"max_hp_gain":0.0,"max_hp_loss":0.0,"gold_gain":0.0,"event_name":"Purifier","player_choice":"Purged","floor":14.0,"gold_loss":0.0,"damage_taken":0.0},{"damage_healed":0.0,"max_hp_gain":0.0,"max_hp_loss":0.0,"gold_gain":0.0,"event_name":"Ghosts","player_choice":"Ignored","floor":21.0,"gold_loss":0.0,"damage_taken":0.0},{"cards_removed":["Strike_MRS"],"damage_healed":0.0,"max_hp_gain":0.0,"max_hp_loss":0.0,"gold_gain":0.0,"event_name":"Back to Basics","player_choice":"Elegance","floor":25.0,"gold_loss":0.0,"damage_taken":0.0},{"damage_healed":0.0,"max_hp_gain":0.0,"max_hp_loss":0.0,"gold_gain":0.0,"event_name":"The Woman in Blue","player_choice":"Bought 1 Potion","floor":36.0,"gold_loss":0.0,"damage_taken":0.0}],"is_beta":false,"boss_relics":[{"not_picked":["Ectoplasm","Runic Dome"],"picked":"Replay:Bronze Core"},{"not_picked":["Calling Bell","Replay:Ancient Bell"],"picked":"Honey Jar"}],"items_purged_floors":[20,45],"is_endless":false,"potions_floor_spawned":[2,5,6,16,19,24,30,31,35,37,47,48],"ascension_level":0}}