{"host":"w7pthw6r6331n954","time":1612675233,"event":{"mods":["AchievementEnabler","Act Like it!","BaseMod","BetterRewards","Card Forge","Colored Map","Colored Powertips","Custom Start","Jorbs\u0027s Wanderer Trilogy","Minty Spire (QoL Compilation)","Replay The Spire","Shop Mod","StSLib","SuperFastMode"],"gold_per_floor":[117,130,149,149,6,6,25,25,25],"floor_reached":8,"language":"ENG","playtime":544,"items_purged":[],"score":73,"play_id":"3a75192e-16cb-47b4-af4c-9791ed42d692","local_time":"20210207002033","is_ascension_mode":false,"campfire_choices":[{"floor":6,"key":"RECALL"}],"circlet_count":0,"master_deck":["Strike_B+1","Strike_B+1","Strike_B+1","Strike_B+1","Defend_B+1","Defend_B+1","Defend_B+1","Defend_B+1","Zap+1","Dualcast+1","Aggregate+1","Double Energy+1","Fission+1","Meteor Strike+1","Seek+1","DeusExMachina+1","DevaForm+1","Echo Form+1","ReplayTheSpireMod:Private Reserves+1","Thinking Ahead+1","Aggregate+1","Double Energy+1","Echo Form+1","Fission+1","Meteor Strike+1","Seek+1","DeusExMachina+1","Master of Strategy+1","ReplayTheSpireMod:Private Reserves+1","Thinking Ahead+1","Aggregate+1","Double Energy+1","Fission+1","Meteor Strike+1","Seek+1","ReplayTheSpireMod:Private Reserves+1","Thinking Ahead+1"],"relics":["Cracked Core","Hammer of Thor","Seething Fire","Anvil of the Gods","MerchantsRug"],"acts_visited":["Exordium"],"potions_floor_usage":[],"damage_taken":[{"damage":0,"enemies":"Small Slimes","floor":1,"turns":1},{"damage":0,"enemies":"Cultist","floor":2,"turns":1},{"damage":0,"enemies":"2 Louse","floor":3,"turns":2},{"damage":0,"enemies":"2 Fungi Beasts","floor":7,"turns":1},{"damage":2,"enemies":"Lagavulin","floor":8,"turns":3}],"seed_played":"-539457128088014663","potions_obtained":[{"floor":7,"key":"Explosive Potion"}],"is_trial":false,"path_per_floor":["M","M","M","?","$","R","M","E"],"character_chosen":"DEFECT","items_purchased":["MerchantsRug"],"campfire_rested":0,"item_purchase_floors":[5],"current_hp_per_floor":[82,82,82,82,82,82,82,80,80],"gold":25,"neow_bonus":"TEN_PERCENT_HP_BONUS","is_daily":false,"chose_seed":false,"campfire_upgraded":0,"win_rate":0.0,"timestamp":1612675233,"path_taken":["M","M","M","?","$","R","?","E"],"items_purchased_type":["Relic"],"build_version":"2020-12-22","purchased_purges":0,"victory":false,"max_hp_per_floor":[82,82,82,82,82,82,82,82,82],"card_choices":[{"not_picked":["Cold Snap","White Noise","FIFO Queue"],"picked":"SKIP","floor":1},{"not_picked":["Doom and Gloom","Ball Lightning","BasicCrystalCard"],"picked":"SKIP","floor":2},{"not_picked":["Genetic Algorithm","BasicCrystalCard","Aggregate"],"picked":"SKIP","floor":3},{"not_picked":["Cold Snap","ReplayTheSpireMod:GoodbyeWorld","Conserve Battery"],"picked":"SKIP","floor":7}],"player_experience":1215926,"relics_obtained":[],"event_choices":[{"damage_healed":0,"gold_gain":0,"player_choice":"Ignored","damage_taken":0,"max_hp_gain":0,"max_hp_loss":0,"event_name":"Accursed Blacksmith","floor":4,"gold_loss":0}],"is_beta":false,"boss_relics":[],"items_purged_floors":[],"is_endless":false,"potions_floor_spawned":[3,7],"killed_by":"Lagavulin","ascension_level":0}}