{"host":"pke0xxyzw0teju56","time":1612728614,"event":{"mods":["BaseMod","Bestiary","Colored Powertips","Highlight Path","Minty Spire (QoL Compilation)","Relic Stats","Slay the Relics Exporter","StSLib","ojb\u0027s Info Mod"],"gold_per_floor":[116,116,17,17,0,27,27,53,53,71,71,101,101,121,121,198,198,211,15,195,213,11,11,38,38,87,87,19,33,60,74,74,146,146,166,186,69,0,13,38,38,50,131,149,183,201,201,226,226,226,226,226,226,9,43,43],"floor_reached":57,"language":"ENG","playtime":7878,"items_purged":["Collect","Consecrate","BattleHymn+1"],"score":3132,"play_id":"b2d22c3d-d033-476c-9c7c-66f0eb5d5ab8","local_time":"20210207151014","is_ascension_mode":true,"campfire_choices":[{"data":"WheelKick","floor":11.0,"key":"SMITH"},{"data":"DeusExMachina","floor":13.0,"key":"SMITH"},{"data":"BattleHymn","floor":15.0,"key":"SMITH"},{"floor":23.0,"key":"REST"},{"data":"Scrawl","floor":27.0,"key":"SMITH"},{"data":"ThirdEye","floor":32.0,"key":"SMITH"},{"floor":41.0,"key":"REST"},{"floor":47.0,"key":"RECALL"},{"floor":49.0,"key":"REST"},{"data":"EmptyMind","floor":53,"key":"SMITH"}],"circlet_count":0,"master_deck":["AscendersBane","Eruption+1","Vigilance","WheelKick+1","EmptyBody","DeceiveReality+1","Consecrate+1","DeusExMachina+1","Scrawl+1","FlyingSleeves+1","SashWhip+1","DevaForm+1","Pray+1","Swivel+1","Consecrate+1","EmptyBody+1","JustLucky+1","TalkToTheHand+1","Evaluate+1","Tantrum+1","TalkToTheHand+1","ThirdEye+1","Vault+1","LessonLearned+1","CurseOfTheBell","Ragnarok+1","TalkToTheHand+1","Tantrum+1","DeusExMachina+1","EmptyMind+1","Dark Shackles"],"relics":["PureWater","NeowsBlessing","Akabeko","Blue Candle","Molten Egg 2","The Courier","Pandora\u0027s Box","Membership Card","Lantern","Frozen Eye","Regal Pillow","Yang","Damaru","DollysMirror","Strawberry","Calling Bell","MealTicket","Letter Opener","Unceasing Top","Red Mask","Bag of Marbles","Shuriken","Ice Cream","Melange","Toy Ornithopter"],"acts_visited":["Exordium","TheCity","TheBeyond","TheEnding"],"potions_floor_usage":[56],"damage_taken":[{"damage":0.0,"enemies":"Small Slimes","floor":1.0,"turns":1.0},{"damage":0.0,"enemies":"3 Sentries","floor":6.0,"turns":1.0},{"damage":0.0,"enemies":"Lagavulin","floor":8.0,"turns":1.0},{"damage":0.0,"enemies":"2 Louse","floor":10.0,"turns":1.0},{"damage":0.0,"enemies":"Gremlin Nob","floor":12.0,"turns":3.0},{"damage":0.0,"enemies":"Jaw Worm","floor":14.0,"turns":2.0},{"damage":0.0,"enemies":"Slime Boss","floor":16.0,"turns":4.0},{"damage":21.0,"enemies":"Shell Parasite","floor":18.0,"turns":3.0},{"damage":0.0,"enemies":"Chosen","floor":21.0,"turns":3.0},{"damage":10.0,"enemies":"Book of Stabbing","floor":24.0,"turns":4.0},{"damage":0.0,"enemies":"Sentry and Sphere","floor":29.0,"turns":1.0},{"damage":0.0,"enemies":"Gremlin Leader","floor":30.0,"turns":1.0},{"damage":0.0,"enemies":"3 Cultists","floor":31.0,"turns":2.0},{"damage":0.0,"enemies":"Champ","floor":33.0,"turns":7.0},{"damage":5.0,"enemies":"3 Shapes","floor":35.0,"turns":6.0},{"damage":9.0,"enemies":"3 Darklings","floor":36.0,"turns":4.0},{"damage":4.0,"enemies":"Jaw Worm Horde","floor":39.0,"turns":5.0},{"damage":51.0,"enemies":"Reptomancer","floor":40.0,"turns":4.0},{"damage":0.0,"enemies":"Spire Growth","floor":42.0,"turns":4.0},{"damage":1.0,"enemies":"3 Darklings","floor":44.0,"turns":4.0},{"damage":2.0,"enemies":"Giant Head","floor":45.0,"turns":6.0},{"damage":18.0,"enemies":"4 Shapes","floor":46.0,"turns":9.0},{"damage":1.0,"enemies":"Mind Bloom Boss Battle","floor":48.0,"turns":5.0},{"damage":18.0,"enemies":"Awakened One","floor":50.0,"turns":11.0},{"damage":20,"enemies":"Time Eater","floor":51,"turns":9},{"damage":7,"enemies":"Shield and Spear","floor":55,"turns":4},{"damage":57,"enemies":"The Heart","floor":56,"turns":8}],"seed_played":"602381239466364825","potions_obtained":[{"floor":1.0,"key":"EssenceOfSteel"},{"floor":8.0,"key":"LiquidBronze"},{"floor":18.0,"key":"Strength Potion"},{"floor":29.0,"key":"Explosive Potion"},{"floor":30.0,"key":"CultistPotion"},{"floor":42.0,"key":"Block Potion"},{"floor":44.0,"key":"Regen Potion"},{"floor":45.0,"key":"AttackPotion"},{"floor":48.0,"key":"Energy Potion"}],"is_trial":false,"path_per_floor":["M","?","$","?","?","E","?","E","T","M","R","E","R","M","R","B",null,"M","$","?","M","$","R","E","?","T","R","$","M","E","M","R","B",null,"M","M","$","?","M","E","R","M","T","M","E","M","R","?","R","B","B",null,"R","$","E","B",null],"character_chosen":"WATCHER","items_purchased":["Consecrate","WheelKick","Membership Card","Lantern","TalkToTheHand+1","Frozen Eye","Regal Pillow","DollysMirror","Ragnarok+1","PowerPotion","Melange","Dark Shackles","Weak Potion"],"campfire_rested":3,"item_purchase_floors":[3,3,19,19,22,22,22,28,37,54,54,54,54],"current_hp_per_floor":[61,41,41,34,34,34,34,34,34,34,34,34,34,34,34,34,60,39,39,20,20,20,55,45,45,45,45,45,45,52,52,52,52,69,64,55,70,70,66,15,52,52,52,51,64,46,46,45,75,57,37,66,66,75,68,16],"gold":43,"neow_bonus":"THREE_ENEMY_KILL","is_daily":false,"chose_seed":false,"campfire_upgraded":6,"win_rate":0.0,"timestamp":1612728614,"path_taken":["M","?","$","?","?","E","?","E","T","M","R","E","R","M","R","BOSS","M","$","?","?","?","R","E","?","T","R","$","M","E","M","R","BOSS","M","M","$","?","M","E","R","M","T","M","E","M","R","?","R","BOSS","BOSS","R","$","E","BOSS"],"items_purchased_type":["Card","Card","Relic","Relic","Card","Relic","Relic","Relic","Card","Potion","Relic","Card","Potion"],"build_version":"2020-12-22","purchased_purges":3,"victory":true,"max_hp_per_floor":[68,68,68,68,68,68,68,68,68,68,68,68,68,68,68,68,68,68,68,68,68,68,68,68,68,68,68,68,68,75,75,75,75,75,75,75,75,75,75,75,75,75,75,75,75,75,75,75,75,75,75,75,75,75,75,75],"relic_stats":{"Regal Pillow":38,"counters":[27,113],"Shuriken":[22],"Blue Candle":[12],"Melange":[6],"Pandora\u0027s Box":["Collect","FlyingSleeves","SashWhip","DevaForm","Pray","Swivel","Consecrate"],"Yang":[225],"MealTicket":24,"Letter Opener":[243],"obtain_stats":[{"Ice Cream":48,"Lantern":19,"Regal Pillow":22,"Melange":54,"Yang":24,"Frozen Eye":22,"DollysMirror":28,"Strawberry":30,"MealTicket":34,"Red Mask":38,"NeowsBlessing":0,"Blue Candle":8,"Damaru":26,"The Courier":12,"Letter Opener":34,"Akabeko":6,"Calling Bell":34,"Shuriken":45,"Molten Egg 2":9,"Pandora\u0027s Box":17,"Bag of Marbles":40,"Membership Card":19,"PureWater":0,"Unceasing Top":34,"Toy Ornithopter":55},{"Ice Cream":23,"Lantern":8,"Regal Pillow":9,"Melange":25,"Yang":10,"Frozen Eye":9,"DollysMirror":10,"Strawberry":12,"MealTicket":14,"Red Mask":16,"NeowsBlessing":0,"Blue Candle":3,"Damaru":10,"The Courier":5,"Letter Opener":14,"Akabeko":2,"Calling Bell":14,"Shuriken":21,"Molten Egg 2":3,"Pandora\u0027s Box":7,"Bag of Marbles":18,"Membership Card":8,"PureWater":0,"Unceasing Top":14,"Toy Ornithopter":26},{"Ice Cream":81,"Lantern":16,"Regal Pillow":19,"Melange":101,"Yang":23,"Frozen Eye":19,"DollysMirror":23,"Strawberry":25,"MealTicket":34,"Red Mask":44,"NeowsBlessing":0,"Blue Candle":3,"Damaru":23,"The Courier":7,"Letter Opener":34,"Akabeko":2,"Calling Bell":34,"Shuriken":67,"Molten Egg 2":3,"Pandora\u0027s Box":13,"Bag of Marbles":53,"Membership Card":16,"PureWater":0,"Unceasing Top":34,"Toy Ornithopter":105}],"Unceasing Top":[24],"Toy Ornithopter":5},"card_choices":[{"not_picked":["Perseverance","PathToVictory","Prostrate"],"picked":"SKIP","floor":1.0},{"not_picked":["Alpha","ClearTheMind"],"picked":"EmptyBody","floor":6.0},{"not_picked":["Prostrate","Swivel"],"picked":"DeceiveReality","floor":8.0},{"not_picked":["JustLucky+1","Evaluate"],"picked":"Consecrate+1","floor":10.0},{"not_picked":["ClearTheMind","CutThroughFate+1"],"picked":"DeusExMachina","floor":12.0},{"not_picked":["Evaluate","Vengeance"],"picked":"BattleHymn","floor":14.0},{"not_picked":["DeusExMachina","ConjureBlade"],"picked":"Scrawl","floor":16.0},{"not_picked":["Protect","Conclude+1"],"picked":"EmptyBody","floor":18.0},{"not_picked":["ClearTheMind","ReachHeaven+1"],"picked":"JustLucky+1","floor":21.0},{"not_picked":["Adaptation","JustLucky+1"],"picked":"Evaluate","floor":24.0},{"not_picked":["SashWhip+1","Prostrate"],"picked":"ThirdEye","floor":29.0},{"not_picked":["Crescendo","Prostrate","Consecrate+1"],"picked":"SKIP","floor":30.0},{"not_picked":["Crescendo","Prostrate","Consecrate+1"],"picked":"SKIP","floor":30.0},{"not_picked":["Protect","InnerPeace"],"picked":"Vault","floor":31.0},{"not_picked":["Brilliance+1","DevaForm"],"picked":"LessonLearned+1","floor":33.0},{"not_picked":["BowlingBash+1","Sanctity","Evaluate"],"picked":"SKIP","floor":35.0},{"not_picked":["CrushJoints+1","BattleHymn","FlyingSleeves+1"],"picked":"SKIP","floor":36.0},{"not_picked":["MentalFortress","FlyingSleeves+1","Swivel"],"picked":"SKIP","floor":39.0},{"not_picked":["FlurryOfBlows+1","Protect","Evaluate"],"picked":"SKIP","floor":40.0},{"not_picked":["CutThroughFate+1","Prostrate"],"picked":"TalkToTheHand+1","floor":42.0},{"not_picked":["ReachHeaven+1","PathToVictory"],"picked":"Tantrum+1","floor":44.0},{"not_picked":["JustLucky+1","FlyingSleeves+1"],"picked":"DeusExMachina","floor":45.0},{"not_picked":["BowlingBash+1","ThirdEye"],"picked":"EmptyMind","floor":46.0},{"not_picked":["Consecrate+1","Crescendo","WindmillStrike+1"],"picked":"SKIP","floor":55}],"player_experience":5313087,"relics_obtained":[{"floor":6.0,"key":"Akabeko"},{"floor":8.0,"key":"Blue Candle"},{"floor":9.0,"key":"Molten Egg 2"},{"floor":12.0,"key":"The Courier"},{"floor":24.0,"key":"Yang"},{"floor":26.0,"key":"Damaru"},{"floor":30.0,"key":"Strawberry"},{"floor":34.0,"key":"MealTicket"},{"floor":34.0,"key":"Letter Opener"},{"floor":34.0,"key":"Unceasing Top"},{"floor":40.0,"key":"Bag of Marbles"},{"floor":45.0,"key":"Shuriken"},{"floor":48.0,"key":"Ice Cream"},{"floor":55,"key":"Toy Ornithopter"}],"event_choices":[{"damage_healed":0.0,"max_hp_gain":0.0,"max_hp_loss":0.0,"gold_gain":0.0,"event_name":"Shining Light","player_choice":"Entered Light","floor":2.0,"gold_loss":0.0,"damage_taken":20.0,"cards_upgraded":["Strike_P","Defend_P"]},{"cards_removed":["Defend_P"],"damage_healed":0.0,"max_hp_gain":0.0,"max_hp_loss":0.0,"gold_gain":0.0,"event_name":"Golden Wing","player_choice":"Card Removal","floor":4.0,"gold_loss":0.0,"damage_taken":7.0},{"damage_healed":0.0,"max_hp_gain":0.0,"max_hp_loss":0.0,"gold_gain":0.0,"event_name":"World of Goop","player_choice":"Left Gold","floor":5.0,"gold_loss":17.0,"damage_taken":0.0},{"damage_healed":0.0,"max_hp_gain":0.0,"max_hp_loss":0.0,"gold_gain":0.0,"event_name":"Living Wall","player_choice":"Grow","floor":7.0,"gold_loss":0.0,"damage_taken":0.0,"cards_upgraded":["Eruption"]},{"damage_healed":0.0,"max_hp_gain":0.0,"max_hp_loss":0.0,"gold_gain":180.0,"event_name":"Knowing Skull","player_choice":"GOLD GOLD ","floor":20.0,"potions_obtained":[],"gold_loss":0.0,"damage_taken":19.0,"cards_obtained":[]},{"damage_healed":0.0,"max_hp_gain":0.0,"max_hp_loss":0.0,"gold_gain":0.0,"event_name":"The Library","player_choice":"Read","floor":25.0,"gold_loss":0.0,"damage_taken":0.0,"cards_obtained":["Tantrum"]},{"damage_healed":0.0,"max_hp_gain":0.0,"max_hp_loss":0.0,"gold_gain":0.0,"event_name":"Tomb of Lord Red Mask","player_choice":"Paid","floor":38.0,"gold_loss":69.0,"damage_taken":0.0,"relics_obtained":["Red Mask"]},{"damage_healed":0.0,"max_hp_gain":0.0,"max_hp_loss":0.0,"gold_gain":0.0,"event_name":"MindBloom","player_choice":"Fight","floor":48.0,"gold_loss":0.0,"damage_taken":0.0}],"is_beta":false,"boss_relics":[{"not_picked":["VioletLotus","Astrolabe"],"picked":"Pandora\u0027s Box"},{"not_picked":["HolyWater","Busted Crown"],"picked":"Calling Bell"}],"items_purged_floors":[22,37,54],"is_endless":false,"potions_floor_spawned":[1,8,18,29,30,42,44,45,48,55],"ascension_level":20}}