{"host":"2js2pxuugveqjuf7","time":1612667403,"event":{"mods":["BaseMod","Colored Map","Minty Spire (QoL Compilation)","Quick Restart","Random Character Button","Relic Stats","StSLib"],"gold_per_floor":[112,124,138,138,14,14,39,39,39,39,39,39,54,73,73,177,177,190,206,219,219,219,219,219,219,219,239,239,239],"floor_reached":28,"language":"ENG","playtime":2170,"items_purged":[],"score":321,"play_id":"9a7ec439-6f68-49c5-b3e9-dbd2170ad252","local_time":"20210206211003","is_ascension_mode":true,"campfire_choices":[{"data":"Eruption","floor":6.0,"key":"SMITH"},{"data":"Omniscience","floor":8.0,"key":"SMITH"},{"floor":15.0,"key":"REST"},{"floor":23,"key":"REST"},{"data":"CrushJoints","floor":25,"key":"SMITH"}],"circlet_count":0,"master_deck":["Strike_P","Strike_P","Strike_P","Defend_P","Eruption+1","Vigilance","Prostrate+1","EmptyBody+1","JustLucky+1","Evaluate","Ragnarok","CrushJoints+1","Ragnarok+1","ThirdEye","Omniscience+1","Nirvana","DeceiveReality","CutThroughFate","DevaForm","ClearTheMind+1","Indignation","JustLucky","Nirvana"],"relics":["Astrolabe","StoneCalendar","Calipers","Ice Cream","Philosopher\u0027s Stone","Mercury Hourglass"],"acts_visited":["Exordium","TheCity"],"potions_floor_usage":[24],"damage_taken":[{"damage":0.0,"enemies":"Cultist","floor":1.0,"turns":3.0},{"damage":0.0,"enemies":"Jaw Worm","floor":2.0,"turns":3.0},{"damage":1.0,"enemies":"2 Louse","floor":3.0,"turns":2.0},{"damage":31.0,"enemies":"3 Sentries","floor":7.0,"turns":11.0},{"damage":34.0,"enemies":"Exordium Thugs","floor":13.0,"turns":6.0},{"damage":0.0,"enemies":"3 Louse","floor":14.0,"turns":2.0},{"damage":3.0,"enemies":"The Guardian","floor":16.0,"turns":9.0},{"damage":24.0,"enemies":"2 Thieves","floor":18.0,"turns":4.0},{"damage":1.0,"enemies":"Shell Parasite","floor":19.0,"turns":5.0},{"damage":34,"enemies":"Chosen and Byrds","floor":20,"turns":6},{"damage":26,"enemies":"Gremlin Leader","floor":24,"turns":6},{"damage":0,"enemies":"Centurion and Healer","floor":27,"turns":3},{"damage":9,"enemies":"Slavers","floor":28,"turns":1}],"seed_played":"-2719260813170410616","potions_obtained":[{"floor":2.0,"key":"LiquidMemories"},{"floor":7.0,"key":"Block Potion"},{"floor":16.0,"key":"SmokeBomb"}],"is_trial":false,"path_per_floor":["M","M","M","?","$","R","E","R","T","T","?","?","M","M","R","B",null,"M","M","M","?","?","R","E","R","T","M","E"],"character_chosen":"WATCHER","items_purchased":["Ragnarok","ThirdEye"],"campfire_rested":2,"item_purchase_floors":[5,5],"current_hp_per_floor":[65,65,64,69,69,69,38,38,38,38,38,38,4,4,27,24,64,40,39,5,5,5,28,2,2,2,2,0,0],"gold":239,"neow_bonus":"BOSS_RELIC","is_daily":false,"chose_seed":false,"campfire_upgraded":3,"win_rate":0.0,"timestamp":1612667403,"path_taken":["M","M","M","?","$","R","E","R","T","?","?","?","M","M","R","BOSS","M","M","M","?","?","R","E","R","T","M","E"],"items_purchased_type":["Card","Card"],"build_version":"2020-12-22","purchased_purges":0,"victory":false,"max_hp_per_floor":[72,72,72,77,77,77,77,77,77,77,77,77,77,77,77,77,77,77,77,77,77,77,77,77,77,77,77,77,77],"relic_stats":{"counters":[13,61],"Astrolabe":["Prostrate","EmptyBody","JustLucky"],"StoneCalendar":[52],"obtain_stats":[{"Ice Cream":10,"Calipers":9,"Astrolabe":0,"StoneCalendar":7,"Philosopher\u0027s Stone":17,"PureWater":0,"Mercury Hourglass":26},{"Ice Cream":4,"Calipers":4,"Astrolabe":0,"StoneCalendar":4,"Philosopher\u0027s Stone":7,"PureWater":0,"Mercury Hourglass":11},{"Ice Cream":19,"Calipers":19,"Astrolabe":0,"StoneCalendar":19,"Philosopher\u0027s Stone":36,"PureWater":0,"Mercury Hourglass":57}],"Mercury Hourglass":[24]},"card_choices":[{"not_picked":["PathToVictory","EmptyFist"],"picked":"Evaluate","floor":1.0},{"not_picked":["FollowUp","Swivel"],"picked":"Ragnarok","floor":2.0},{"not_picked":["EmptyFist","BowlingBash"],"picked":"CrushJoints","floor":3.0},{"not_picked":["Evaluate","Nirvana"],"picked":"Omniscience","floor":7.0},{"not_picked":["EmptyBody","FlyingSleeves"],"picked":"DeceiveReality","floor":13.0},{"not_picked":["CarveReality","Protect"],"picked":"CutThroughFate","floor":14.0},{"not_picked":["Devotion","SpiritShield"],"picked":"DevaForm","floor":16.0},{"not_picked":["FollowUp+1","Protect"],"picked":"ClearTheMind+1","floor":18.0},{"not_picked":["FearNoEvil","EmptyBody"],"picked":"Indignation","floor":19.0},{"not_picked":["CrushJoints","BowlingBash"],"picked":"JustLucky","floor":20},{"not_picked":["FlurryOfBlows","Consecrate"],"picked":"Nirvana","floor":27}],"player_experience":385354,"relics_obtained":[{"floor":7.0,"key":"StoneCalendar"},{"floor":9.0,"key":"Calipers"},{"floor":10.0,"key":"Ice Cream"},{"floor":26,"key":"Mercury Hourglass"}],"event_choices":[{"damage_healed":0.0,"max_hp_gain":5.0,"max_hp_loss":0.0,"gold_gain":0.0,"event_name":"Big Fish","player_choice":"Donut","floor":4.0,"gold_loss":0.0,"damage_taken":0.0},{"damage_healed":0.0,"max_hp_gain":0.0,"max_hp_loss":0.0,"gold_gain":0.0,"cards_transformed":["Strike_P"],"event_name":"Living Wall","player_choice":"Change","floor":11.0,"gold_loss":0.0,"damage_taken":0.0,"cards_obtained":["Nirvana"]},{"damage_healed":0.0,"max_hp_gain":0.0,"max_hp_loss":0.0,"gold_gain":0.0,"event_name":"Upgrade Shrine","player_choice":"Upgraded","floor":12.0,"gold_loss":0.0,"damage_taken":0.0,"cards_upgraded":["Ragnarok"]},{"damage_healed":0,"gold_gain":0,"player_choice":"Smashed Altar","damage_taken":0,"max_hp_gain":0,"max_hp_loss":0,"event_name":"Forgotten Altar","floor":21,"gold_loss":0,"cards_obtained":["Decay"]},{"cards_removed":["Decay"],"damage_healed":0,"gold_gain":0,"player_choice":"Elegance","damage_taken":0,"max_hp_gain":0,"max_hp_loss":0,"event_name":"Back to Basics","floor":22,"gold_loss":0}],"is_beta":false,"boss_relics":[{"not_picked":["Runic Dome","Velvet Choker"],"picked":"Philosopher\u0027s Stone"}],"items_purged_floors":[],"is_endless":false,"potions_floor_spawned":[2,7,16,24],"killed_by":"Slavers","ascension_level":7}}