{"host":"640uue19m79c7wbt","time":1612738317,"event":{"mods":["BaseMod","Colored Map","Googly Eyes","Highlight Path","Minty Spire (QoL Compilation)","Quick Restart","StSLib"],"gold_per_floor":[115,135,135,135,9,38,56,81,156,173,186,186,46,76,76,150,150,167,199,212,21,40,70,70,88,113,113,139,139,156,206,206,206,206],"floor_reached":33,"language":"ENG","playtime":1714,"items_purged":["Strike_G"],"score":644,"play_id":"50f61295-b553-4737-927e-b69c50cb4243","local_time":"20210207175157","is_ascension_mode":true,"campfire_choices":[{"data":"Footwork","floor":12.0,"key":"SMITH"},{"data":"Crippling Poison","floor":15.0,"key":"SMITH"},{"data":"Tools of the Trade","floor":24,"key":"SMITH"},{"floor":27,"key":"REST"},{"floor":29,"key":"REST"},{"floor":32,"key":"REST"}],"circlet_count":0,"master_deck":["AscendersBane","Strike_G","Strike_G","Strike_G","Strike_G","Defend_G","Defend_G","Defend_G","Defend_G","Defend_G","Survivor","Neutralize","Eviscerate+1","PiercingWail","Well Laid Plans","Crippling Poison+1","Dash","Footwork+1","Escape Plan","Blade Dance","Footwork","Heel Hook","Tools of the Trade+1","Underhanded Strike","Accuracy","Underhanded Strike","Dagger Throw+1","Bullet Time","Cloak And Dagger","Eviscerate"],"relics":["Ring of the Snake","NeowsBlessing","Gambling Chip","Juzu Bracelet","Paper Crane","Ornamental Fan","HoveringKite","Red Mask","Omamori","Happy Flower","Pear"],"acts_visited":["Exordium","TheCity"],"potions_floor_usage":[16,23,28],"damage_taken":[{"damage":0.0,"enemies":"Small Slimes","floor":1.0,"turns":1.0},{"damage":0.0,"enemies":"2 Louse","floor":2.0,"turns":1.0},{"damage":0.0,"enemies":"Lagavulin","floor":6.0,"turns":1.0},{"damage":0.0,"enemies":"Cultist","floor":7.0,"turns":2.0},{"damage":7.0,"enemies":"3 Sentries","floor":8.0,"turns":3.0},{"damage":1.0,"enemies":"Looter","floor":10.0,"turns":4.0},{"damage":0.0,"enemies":"2 Fungi Beasts","floor":11.0,"turns":2.0},{"damage":1.0,"enemies":"Gremlin Nob","floor":14.0,"turns":3.0},{"damage":21,"enemies":"Hexaghost","floor":16,"turns":11},{"damage":4,"enemies":"Shell Parasite","floor":18,"turns":7},{"damage":4,"enemies":"Masked Bandits","floor":19,"turns":4},{"damage":0,"enemies":"3 Byrds","floor":20,"turns":4},{"damage":5,"enemies":"Centurion and Healer","floor":22,"turns":5},{"damage":11,"enemies":"Slavers","floor":23,"turns":5},{"damage":2,"enemies":"Snake Plant","floor":25,"turns":4},{"damage":41,"enemies":"Book of Stabbing","floor":28,"turns":7},{"damage":13,"enemies":"Shelled Parasite and Fungi","floor":30,"turns":4},{"damage":83,"enemies":"Collector","floor":33,"turns":10}],"seed_played":"7774237976436503939","potions_obtained":[{"floor":1.0,"key":"ColorlessPotion"},{"floor":4.0,"key":"GamblersBrew"},{"floor":7.0,"key":"Strength Potion"},{"floor":8.0,"key":"SteroidPotion"},{"floor":14.0,"key":"AttackPotion"},{"floor":19,"key":"FairyPotion"},{"floor":22,"key":"ColorlessPotion"},{"floor":25,"key":"Energy Potion"}],"is_trial":false,"path_per_floor":["M","M","?","?","$","E","M","E","T","M","M","R","$","E","R","B",null,"M","?","M","$","M","E","R","M","T","R","E","R","M","?","R","B"],"character_chosen":"THE_SILENT","items_purchased":["Well Laid Plans","Crippling Poison","Blade Dance","Footwork","Accuracy","Underhanded Strike"],"campfire_rested":3,"item_purchase_floors":[5,5,13,13,21,21],"current_hp_per_floor":[59,59,59,59,59,59,59,52,52,51,51,51,51,50,50,29,57,53,49,49,49,44,33,33,31,31,50,19,41,28,28,50,0,0],"gold":206,"neow_bonus":"THREE_ENEMY_KILL","is_daily":false,"chose_seed":false,"campfire_upgraded":3,"win_rate":0.0,"timestamp":1612738317,"path_taken":["M","M","?","?","$","E","?","E","T","M","M","R","$","E","R","BOSS","M","?","M","$","M","E","R","M","T","R","E","R","M","?","R","BOSS"],"items_purchased_type":["Card","Card","Card","Card","Card","Card"],"build_version":"2020-12-22","purchased_purges":1,"victory":false,"max_hp_per_floor":[66,66,66,66,66,66,66,66,66,66,66,66,66,66,66,66,66,66,66,66,66,66,66,66,66,66,66,76,76,76,76,76,76,76],"card_choices":[{"not_picked":["Prepared","Backflip"],"picked":"Eviscerate","floor":1.0},{"not_picked":["Sucker Punch","Masterful Stab"],"picked":"PiercingWail","floor":2.0},{"not_picked":["Blade Dance","Deflect"],"picked":"Dash","floor":6.0},{"not_picked":["PiercingWail","Dash","Outmaneuver"],"picked":"SKIP","floor":7.0},{"not_picked":["Masterful Stab","Deadly Poison","All Out Attack"],"picked":"SKIP","floor":8.0},{"not_picked":["Outmaneuver","Blade Dance"],"picked":"Footwork","floor":10.0},{"not_picked":["Quick Slash","Deadly Poison"],"picked":"Escape Plan","floor":11.0},{"not_picked":["Well Laid Plans","Prepared"],"picked":"Heel Hook","floor":14.0},{"not_picked":["Wraith Form v2","Storm of Steel"],"picked":"Tools of the Trade","floor":16},{"not_picked":["Sucker Punch","Deadly Poison","Dodge and Roll"],"picked":"SKIP","floor":18},{"not_picked":["Flying Knee","Backstab"],"picked":"Underhanded Strike","floor":19},{"not_picked":["Distraction","All Out Attack","PiercingWail"],"picked":"SKIP","floor":20},{"not_picked":["Heel Hook","All Out Attack"],"picked":"Dagger Throw+1","floor":22},{"not_picked":["Backstab","Heel Hook"],"picked":"Bullet Time","floor":23},{"not_picked":["Bane","Sucker Punch"],"picked":"Cloak And Dagger","floor":25},{"not_picked":["Envenom","Bane"],"picked":"Eviscerate","floor":28},{"not_picked":["Quick Slash","Backflip","PiercingWail"],"picked":"SKIP","floor":30}],"player_experience":671724,"relics_obtained":[{"floor":6.0,"key":"Gambling Chip"},{"floor":8.0,"key":"Juzu Bracelet"},{"floor":9.0,"key":"Paper Crane"},{"floor":14.0,"key":"Ornamental Fan"},{"floor":19,"key":"Red Mask"},{"floor":23,"key":"Omamori"},{"floor":26,"key":"Happy Flower"},{"floor":28,"key":"Pear"}],"event_choices":[{"damage_healed":0.0,"max_hp_gain":0.0,"max_hp_loss":0.0,"gold_gain":0.0,"event_name":"Living Wall","player_choice":"Grow","floor":3.0,"gold_loss":0.0,"damage_taken":0.0,"cards_upgraded":["Eviscerate"]},{"damage_healed":0.0,"max_hp_gain":0.0,"max_hp_loss":0.0,"gold_gain":0.0,"event_name":"Lab","player_choice":"Got Potions","floor":4.0,"gold_loss":0.0,"damage_taken":0.0},{"damage_healed":0,"gold_gain":0,"player_choice":"Fought Bandits","damage_taken":0,"max_hp_gain":0,"max_hp_loss":0,"event_name":"Masked Bandits","floor":19,"gold_loss":0},{"damage_healed":0,"gold_gain":100,"player_choice":"Bet on Murderer","damage_taken":0,"max_hp_gain":0,"max_hp_loss":0,"event_name":"The Joust","floor":31,"gold_loss":50}],"is_beta":false,"boss_relics":[{"not_picked":["Velvet Choker","Tiny House"],"picked":"HoveringKite"}],"items_purged_floors":[21],"is_endless":false,"potions_floor_spawned":[1,7,8,14,19,22,25],"killed_by":"Collector","ascension_level":19}}