{"host":"9v3x998ddbx8o276","time":1612660424,"event":{"mods":["AchievementEnabler","BaseMod","Colored Map","Colored Powertips","Highlight Path","Minty Spire (QoL Compilation)","Quick Restart","Rare Cards Sparkle"],"gold_per_floor":[116,116,126,126,143,176,176,193,193,193,193,222,222,237,237,314,314,326,326,326,276,47,47,74,99,99,127,149,161,16,33,33,111,111,122,172,182,193,29,60,60,79,79,92,92,108,126,126,126,126,126,126],"floor_reached":51,"language":"ENG","playtime":13026,"items_purged":[],"score":1418,"play_id":"a8d3eced-1b16-4870-a26a-6d72779d983b","local_time":"20210207114344","is_ascension_mode":true,"campfire_choices":[{"floor":7.0,"key":"REST"},{"floor":10.0,"key":"REST"},{"data":"Wraith Form v2","floor":13.0,"key":"SMITH"},{"floor":15.0,"key":"REST"},{"floor":23.0,"key":"REST"},{"floor":29.0,"key":"REST"},{"floor":32.0,"key":"REST"},{"floor":41.0,"key":"REST"},{"floor":49.0,"key":"RECALL"}],"circlet_count":0,"master_deck":["AscendersBane","Survivor","Skewer","Tools of the Trade","Grand Finale","Wraith Form v2+1","Unload","Bouncing Flask","Noxious Fumes","Endless Agony","Infinite Blades","Prepared","Dash","Dash","Cloak And Dagger+1","Accuracy","Blur+1","Deflect+1","Night Terror+1","Leg Sweep+1","Catalyst+1","Expertise+1","PiercingWail+1","Phantasmal Killer+1","Burst+1","Blade Dance+1","Terror+1","Backflip+1","Dagger Spray+1","Backflip+1","Catalyst+1","Cloak And Dagger+1","Doubt"],"relics":["Pandora\u0027s Box","CultistMask","Toxic Egg 2","Gambling Chip","Lizard Tail","Vajra","SlaversCollar","Molten Egg 2","TwistedFunnel","Blood Vial","InkBottle","MawBank","Frozen Eye","Fusion Hammer","Anchor","Incense Burner"],"acts_visited":["Exordium","TheCity","TheBeyond"],"potions_floor_usage":[],"damage_taken":[{"damage":9.0,"enemies":"Jaw Worm","floor":1.0,"turns":3.0},{"damage":0.0,"enemies":"Cultist","floor":3.0,"turns":3.0},{"damage":4.0,"enemies":"2 Louse","floor":5.0,"turns":2.0},{"damage":22.0,"enemies":"3 Sentries","floor":6.0,"turns":7.0},{"damage":4.0,"enemies":"Lots of Slimes","floor":8.0,"turns":5.0},{"damage":0.0,"enemies":"Gremlin Nob","floor":12.0,"turns":3.0},{"damage":7.0,"enemies":"3 Louse","floor":14.0,"turns":3.0},{"damage":15.0,"enemies":"Slime Boss","floor":16.0,"turns":6.0},{"damage":13.0,"enemies":"Spheric Guardian","floor":18.0,"turns":6.0},{"damage":7.0,"enemies":"2 Thieves","floor":21.0,"turns":5.0},{"damage":4.0,"enemies":"Gremlin Leader","floor":25.0,"turns":6.0},{"damage":11.0,"enemies":"Centurion and Healer","floor":27.0,"turns":6.0},{"damage":27.0,"enemies":"Snake Plant","floor":28.0,"turns":4.0},{"damage":9.0,"enemies":"Chosen and Byrds","floor":31.0,"turns":4.0},{"damage":32.0,"enemies":"Collector","floor":33.0,"turns":6.0},{"damage":6.0,"enemies":"3 Shapes","floor":35.0,"turns":4.0},{"damage":13.0,"enemies":"3 Darklings","floor":37.0,"turns":8.0},{"damage":22.0,"enemies":"Jaw Worm Horde","floor":38.0,"turns":5.0},{"damage":16.0,"enemies":"Giant Head","floor":40.0,"turns":5.0},{"damage":0.0,"enemies":"Writhing Mass","floor":42.0,"turns":5.0},{"damage":0.0,"enemies":"4 Shapes","floor":44.0,"turns":4.0},{"damage":0.0,"enemies":"Transient","floor":46.0,"turns":6.0},{"damage":17.0,"enemies":"3 Darklings","floor":47.0,"turns":4.0},{"damage":62.0,"enemies":"Donu and Deca","floor":50.0,"turns":9.0},{"damage":56,"enemies":"Awakened One","floor":51,"turns":12}],"seed_played":"-7555036826280688381","potions_obtained":[{"floor":3.0,"key":"BlessingOfTheForge"},{"floor":8.0,"key":"DuplicationPotion"},{"floor":14.0,"key":"GamblersBrew"},{"floor":18.0,"key":"Explosive Potion"},{"floor":25.0,"key":"Block Potion"},{"floor":27.0,"key":"Explosive Potion"},{"floor":33.0,"key":"ColorlessPotion"},{"floor":35.0,"key":"Block Potion"},{"floor":38.0,"key":"EntropicBrew"},{"floor":46.0,"key":"EssenceOfSteel"}],"is_trial":false,"path_per_floor":["M","?","M","?","M","E","R","M","T","R","?","E","R","M","R","B",null,"M","?","T","M","$","R","T","E","T","M","M","R","$","M","R","B",null,"M","?","M","M","$","E","R","M","T","M","?","M","M","?","R","B","B"],"character_chosen":"THE_SILENT","items_purchased":["TwistedFunnel","AttackPotion","Frozen Eye","Anchor"],"campfire_rested":7,"item_purchase_floors":[22,22,30,39],"current_hp_per_floor":[50,50,50,50,46,24,43,39,39,58,47,47,47,40,59,44,61,48,48,48,41,41,60,60,58,58,49,24,43,43,36,55,25,56,52,52,41,21,21,7,26,28,28,30,30,32,17,66,66,4,0,0],"gold":126,"neow_bonus":"BOSS_RELIC","is_daily":false,"chose_seed":false,"campfire_upgraded":1,"win_rate":0.0,"timestamp":1612660424,"path_taken":["M","?","?","?","?","E","R","M","T","R","?","E","R","M","R","BOSS","M","?","?","M","$","R","?","E","T","M","M","R","$","M","R","BOSS","M","?","M","M","?","E","R","M","T","M","?","M","M","?","R","BOSS","BOSS"],"items_purchased_type":["Relic","Potion","Relic","Relic"],"build_version":"2020-12-22","purchased_purges":0,"victory":false,"max_hp_per_floor":[66,66,66,66,66,66,66,66,66,66,66,66,66,66,66,66,66,66,66,66,66,66,66,66,66,66,66,66,66,66,66,66,66,66,66,66,66,66,66,66,66,66,66,66,66,66,66,66,66,66,66,66],"card_choices":[{"not_picked":["Infinite Blades","Flying Knee"],"picked":"Prepared","floor":1.0},{"not_picked":["Poisoned Stab","Cloak And Dagger"],"picked":"Dash","floor":3.0},{"not_picked":["Outmaneuver","Poisoned Stab"],"picked":"Dash","floor":5.0},{"not_picked":["After Image","Sucker Punch"],"picked":"Cloak And Dagger+1","floor":6.0},{"not_picked":["Flechettes","Tactician+1"],"picked":"Accuracy","floor":8.0},{"not_picked":["Prepared+1","Cloak And Dagger+1"],"picked":"Blur+1","floor":12.0},{"not_picked":["Slice","Underhanded Strike"],"picked":"Deflect+1","floor":14.0},{"not_picked":["Wraith Form v2","Malaise+1"],"picked":"Night Terror+1","floor":16.0},{"not_picked":["Noxious Fumes","Outmaneuver+1"],"picked":"Leg Sweep+1","floor":18.0},{"not_picked":["Dagger Spray+1","Underhanded Strike+1"],"picked":"Catalyst+1","floor":21.0},{"not_picked":["Dash+1","Bane+1"],"picked":"Expertise+1","floor":25.0},{"not_picked":["Flying Knee+1","Infinite Blades","Skewer+1"],"picked":"SKIP","floor":27.0},{"not_picked":["Quick Slash+1","Poisoned Stab+1"],"picked":"PiercingWail+1","floor":28.0},{"not_picked":["PiercingWail+1","Acrobatics+1"],"picked":"Phantasmal Killer+1","floor":31.0},{"not_picked":["Bullet Time+1","Grand Finale+1"],"picked":"Burst+1","floor":33.0},{"not_picked":["Backstab+1","Sucker Punch+1"],"picked":"Blade Dance+1","floor":35.0},{"not_picked":["Underhanded Strike+1","Blur+1"],"picked":"Terror+1","floor":37.0},{"not_picked":["Dodge and Roll+1","Prepared+1"],"picked":"Backflip+1","floor":38.0},{"not_picked":["Expertise+1","Unload+1"],"picked":"Dagger Spray+1","floor":40.0},{"not_picked":["Dodge and Roll+1","Cloak And Dagger+1"],"picked":"Finisher+1","floor":42.0},{"not_picked":["Concentrate+1","Outmaneuver+1"],"picked":"Backflip+1","floor":44.0},{"not_picked":["Skewer+1","Accuracy"],"picked":"Catalyst+1","floor":46.0},{"not_picked":["Endless Agony+1","Predator+1"],"picked":"Cloak And Dagger+1","floor":47.0}],"player_experience":2222274,"relics_obtained":[{"floor":6.0,"key":"Toxic Egg 2"},{"floor":9.0,"key":"Gambling Chip"},{"floor":12.0,"key":"Vajra"},{"floor":20.0,"key":"Molten Egg 2"},{"floor":24.0,"key":"Blood Vial"},{"floor":25.0,"key":"InkBottle"},{"floor":26.0,"key":"MawBank"},{"floor":40.0,"key":"Incense Burner"}],"event_choices":[{"cards_removed":["Endless Agony"],"damage_healed":0.0,"max_hp_gain":0.0,"max_hp_loss":0.0,"gold_gain":0.0,"event_name":"Wheel of Change","player_choice":"Card Removal","floor":2.0,"gold_loss":0.0,"damage_taken":0.0},{"damage_healed":0.0,"max_hp_gain":0.0,"max_hp_loss":0.0,"gold_gain":0.0,"event_name":"FaceTrader","player_choice":"Trade","floor":4.0,"gold_loss":0.0,"damage_taken":0.0,"relics_obtained":["CultistMask"]},{"damage_healed":0.0,"max_hp_gain":0.0,"max_hp_loss":0.0,"gold_gain":0.0,"event_name":"Scrap Ooze","player_choice":"Success","floor":11.0,"gold_loss":0.0,"damage_taken":11.0,"relics_obtained":["Lizard Tail"]},{"cards_removed":["Neutralize"],"damage_healed":0.0,"max_hp_gain":0.0,"max_hp_loss":0.0,"gold_gain":0.0,"event_name":"Back to Basics","player_choice":"Elegance","floor":19.0,"gold_loss":0.0,"damage_taken":0.0},{"damage_healed":0.0,"max_hp_gain":0.0,"max_hp_loss":0.0,"gold_gain":50.0,"event_name":"Golden Shrine","player_choice":"Pray","floor":36.0,"gold_loss":0.0,"damage_taken":0.0},{"cards_removed":["Finisher"],"damage_healed":0.0,"max_hp_gain":0.0,"max_hp_loss":0.0,"gold_gain":0.0,"event_name":"Falling","player_choice":"Removed Attack","floor":45.0,"gold_loss":0.0,"damage_taken":0.0},{"damage_healed":49.0,"max_hp_gain":0.0,"max_hp_loss":0.0,"gold_gain":0.0,"event_name":"MindBloom","player_choice":"Heal","floor":48.0,"gold_loss":0.0,"damage_taken":0.0,"cards_obtained":["Doubt"]}],"is_beta":false,"boss_relics":[{"not_picked":["Sozu","Philosopher\u0027s Stone"],"picked":"SlaversCollar"},{"not_picked":["Tiny House","HoveringKite"],"picked":"Fusion Hammer"}],"items_purged_floors":[],"is_endless":false,"potions_floor_spawned":[3,8,14,18,25,27,28,33,35,38,40,42,46],"killed_by":"Awakened One","ascension_level":20}}