{"host":"dvpvhz1t6etneyb3","time":1612663177,"event":{"mods":["AchievementEnabler","BaseMod","Colored Map","Highlight Path","Minty Spire (QoL Compilation)","Permanent Neow","Quick Restart"],"gold_per_floor":[110,125,141,161,175,175,201,201,224,253,253,263,263,33,33,107,107,117,143,43,43,58,58,58],"floor_reached":23,"language":"ENG","playtime":1167,"items_purged":["Strike_G","Strike_G"],"score":427,"play_id":"0a4a23b8-9126-4a3e-9011-26a81a1dc37c","local_time":"20210206205937","is_ascension_mode":true,"campfire_choices":[{"floor":6.0,"key":"REST"},{"floor":8.0,"key":"REST"},{"data":"Noxious Fumes","floor":11.0,"key":"SMITH"},{"data":"Leg Sweep","floor":15.0,"key":"SMITH"}],"circlet_count":0,"master_deck":["AscendersBane","Defend_G","Defend_G","Defend_G","Defend_G","Defend_G","Survivor","Neutralize+1","Predator+1","Dagger Throw","Noxious Fumes+1","Tools of the Trade","Poisoned Stab+1","Leg Sweep+1","Glass Knife","Crippling Poison","Burst","Bite","Bite","Bite","Bite","Bite"],"relics":["Ring of the Snake","Whetstone","Centennial Puzzle","Omamori","Singing Bowl","Cursed Key","Red Mask"],"acts_visited":["Exordium","TheCity"],"potions_floor_usage":[22,23],"damage_taken":[{"damage":1.0,"enemies":"Cultist","floor":1.0,"turns":4.0},{"damage":0.0,"enemies":"Jaw Worm","floor":2.0,"turns":3.0},{"damage":0.0,"enemies":"2 Louse","floor":3.0,"turns":2.0},{"damage":11.0,"enemies":"Lots of Slimes","floor":4.0,"turns":7.0},{"damage":16.0,"enemies":"Large Slime","floor":5.0,"turns":7.0},{"damage":26.0,"enemies":"Lagavulin","floor":7.0,"turns":7.0},{"damage":24.0,"enemies":"Gremlin Nob","floor":10.0,"turns":4.0},{"damage":2.0,"enemies":"Red Slaver","floor":12.0,"turns":3.0},{"damage":16.0,"enemies":"The Guardian","floor":16.0,"turns":12.0},{"damage":1.0,"enemies":"3 Byrds","floor":18.0,"turns":5.0},{"damage":32.0,"enemies":"Masked Bandits","floor":19.0,"turns":4.0},{"damage":4,"enemies":"Chosen","floor":22,"turns":5},{"damage":38,"enemies":"Slavers","floor":23,"turns":4}],"seed_played":"-8403633622163878839","potions_obtained":[{"floor":2.0,"key":"Dexterity Potion"},{"floor":3.0,"key":"SteroidPotion"},{"floor":16.0,"key":"PowerPotion"},{"floor":19.0,"key":"EssenceOfSteel"}],"is_trial":false,"path_per_floor":["M","M","M","M","M","R","E","R","T","E","R","M","T","$","R","B",null,"M","?","$","?","M","E"],"character_chosen":"THE_SILENT","items_purchased":["Glass Knife","Crippling Poison"],"campfire_rested":2,"item_purchase_floors":[14,14],"current_hp_per_floor":[58,58,58,47,31,50,24,43,43,19,19,17,17,17,17,1,50,51,21,21,21,31,0,0],"gold":58,"neow_bonus":"UPGRADE_CARD","is_daily":false,"chose_seed":false,"campfire_upgraded":2,"win_rate":0.0,"timestamp":1612663177,"path_taken":["M","M","?","M","M","R","E","R","T","E","R","M","?","$","R","BOSS","M","?","$","?","M","E"],"items_purchased_type":["Card","Card"],"build_version":"2020-12-22","purchased_purges":2,"victory":false,"max_hp_per_floor":[66,66,66,66,66,66,66,66,66,66,66,66,66,66,66,66,66,68,70,70,49,51,51,51],"card_choices":[{"not_picked":["Cloak And Dagger","Leg Sweep"],"picked":"Predator","floor":1.0},{"not_picked":["Backflip","Dodge and Roll"],"picked":"Dagger Throw","floor":2.0},{"not_picked":["Dash","Distraction"],"picked":"Noxious Fumes","floor":3.0},{"not_picked":["Prepared","Acrobatics"],"picked":"Tools of the Trade","floor":4.0},{"not_picked":["Calculated Gamble","Blur","Reflex"],"picked":"SKIP","floor":5.0},{"not_picked":["Terror","Grand Finale"],"picked":"Poisoned Stab","floor":7.0},{"not_picked":["Bane","Poisoned Stab","Quick Slash"],"picked":"SKIP","floor":10.0},{"not_picked":["Cloak And Dagger","Masterful Stab"],"picked":"Leg Sweep","floor":12.0},{"not_picked":["Night Terror","Storm of Steel"],"picked":"Burst","floor":16.0},{"not_picked":["Acrobatics","Dash","Dagger Throw"],"picked":"Singing Bowl","floor":18.0},{"not_picked":["Masterful Stab","Dagger Throw","Poisoned Stab+1"],"picked":"Singing Bowl","floor":19.0},{"not_picked":["Dagger Throw+1","Deadly Poison","Doppelganger"],"picked":"Singing Bowl","floor":22}],"player_experience":2159970,"relics_obtained":[{"floor":7.0,"key":"Whetstone"},{"floor":9.0,"key":"Centennial Puzzle"},{"floor":10.0,"key":"Omamori"},{"floor":13.0,"key":"Singing Bowl"},{"floor":19.0,"key":"Red Mask"}],"event_choices":[{"damage_healed":0.0,"max_hp_gain":0.0,"max_hp_loss":0.0,"gold_gain":0.0,"event_name":"Masked Bandits","player_choice":"Fought Bandits","floor":19.0,"gold_loss":0.0,"damage_taken":0.0},{"damage_healed":0.0,"max_hp_gain":0.0,"max_hp_loss":21.0,"gold_gain":0.0,"event_name":"Vampires","player_choice":"Became a vampire","floor":21.0,"gold_loss":0.0,"damage_taken":0.0,"cards_obtained":["Bite","Bite","Bite","Bite","Bite"]}],"is_beta":false,"boss_relics":[{"not_picked":["Runic Dome","Black Star"],"picked":"Cursed Key"}],"items_purged_floors":[14,20],"is_endless":false,"potions_floor_spawned":[2,3,16,19],"killed_by":"Slavers","ascension_level":20}}