{"host":"kda2p2afd6bvz6qo","time":1612738597,"event":{"mods":["BaseMod","Colored Map","Minty Spire (QoL Compilation)","Relic Stats"],"gold_per_floor":[109,119,134,35,53,80,80,105,105,133,152,152,182,199,199,303,303,284,309,309,105,125,159,159,189,189,217,317,332,332,350,350,448,448,466,482,500,306,316,348,358,384,396,437,794,806,325,547,547,547,547,547,117,150,150],"floor_reached":56,"language":"ENG","playtime":4379,"items_purged":["Pain","Strike_B","Strike_B"],"score":1705,"play_id":"81a87ead-c4ec-45d9-8375-b3e77e1d5c06","local_time":"20210207225637","is_ascension_mode":true,"campfire_choices":[{"floor":7.0,"key":"REST"},{"floor":12.0,"key":"REST"},{"data":"Reprogram","floor":15.0,"key":"SMITH"},{"floor":24.0,"key":"REST"},{"floor":30.0,"key":"REST"},{"data":"Reprogram","floor":32.0,"key":"SMITH"},{"floor":46,"key":"RECALL"},{"data":"Seek","floor":49,"key":"SMITH"},{"data":"Machine Learning","floor":52,"key":"SMITH"}],"circlet_count":0,"master_deck":["Strike_B+1","Defend_B","Defend_B","Defend_B","Defend_B","Reprogram+1","Undo","Beam Cell","Go for the Eyes","Sweeping Beam","BootSequence","Genetic Algorithm","Streamline","Conserve Battery","Seek+1","Genetic Algorithm+1","Rainbow+1","Aggregate+1","Dramatic Entrance+1","Streamline","Reprogram+1","All For One","Gash+1","Beam Cell+1","Machine Learning+1","Scrape+1","Reprogram+1","Recycle+1","Hologram+1","All For One","Forethought+1","Purity+1"],"relics":["Black Star","Shuriken","HornCleat","StoneCalendar","WingedGreaves","CaptainsWheel","Centennial Puzzle","Dream Catcher","Strawberry","Incense Burner","Astrolabe","Red Mask","WarpedTongs","Bag of Preparation","Juzu Bracelet","Mummified Hand","Bird Faced Urn","Sundial","The Courier","Boot","Unceasing Top","Toxic Egg 2","SlaversCollar","Medical Kit","Darkstone Periapt","Mercury Hourglass","MawBank","Whetstone","Bronze Scales","Thread and Needle","Old Coin","Vajra","Bag of Marbles","Strange Spoon","Kunai","Happy Flower","Turnip","Blood Vial"],"acts_visited":["Exordium","TheCity","TheBeyond","TheEnding"],"potions_floor_usage":[55],"damage_taken":[{"damage":14.0,"enemies":"Jaw Worm","floor":1.0,"turns":5.0},{"damage":8.0,"enemies":"2 Louse","floor":2.0,"turns":3.0},{"damage":0.0,"enemies":"Cultist","floor":3.0,"turns":5.0},{"damage":1.0,"enemies":"Blue Slaver","floor":5.0,"turns":7.0},{"damage":26.0,"enemies":"3 Sentries","floor":6.0,"turns":11.0},{"damage":14.0,"enemies":"Gremlin Nob","floor":8.0,"turns":5.0},{"damage":10.0,"enemies":"3 Sentries","floor":10.0,"turns":7.0},{"damage":0.0,"enemies":"2 Fungi Beasts","floor":11.0,"turns":4.0},{"damage":2.0,"enemies":"Lagavulin","floor":13.0,"turns":4.0},{"damage":0.0,"enemies":"Looter","floor":14.0,"turns":3.0},{"damage":0.0,"enemies":"The Guardian","floor":16.0,"turns":9.0},{"damage":2.0,"enemies":"2 Thieves","floor":18.0,"turns":4.0},{"damage":12.0,"enemies":"Masked Bandits","floor":19.0,"turns":7.0},{"damage":0.0,"enemies":"Chosen","floor":22.0,"turns":6.0},{"damage":24.0,"enemies":"Gremlin Leader","floor":23.0,"turns":9.0},{"damage":5.0,"enemies":"Book of Stabbing","floor":25.0,"turns":7.0},{"damage":1.0,"enemies":"Slavers","floor":27.0,"turns":5.0},{"damage":1.0,"enemies":"Colosseum Slavers","floor":28.0,"turns":7.0},{"damage":0.0,"enemies":"Colosseum Nobs","floor":28.0,"turns":5.0},{"damage":16.0,"enemies":"Snecko","floor":29.0,"turns":7.0},{"damage":0.0,"enemies":"Centurion and Healer","floor":31.0,"turns":7.0},{"damage":0.0,"enemies":"Champ","floor":33.0,"turns":9.0},{"damage":0.0,"enemies":"3 Darklings","floor":35.0,"turns":7.0},{"damage":0.0,"enemies":"Orb Walker","floor":36.0,"turns":4.0},{"damage":0.0,"enemies":"Spire Growth","floor":37.0,"turns":4.0},{"damage":0.0,"enemies":"3 Darklings","floor":39.0,"turns":5.0},{"damage":0.0,"enemies":"Giant Head","floor":40.0,"turns":6.0},{"damage":15,"enemies":"Jaw Worm Horde","floor":41,"turns":3},{"damage":1,"enemies":"Nemesis","floor":42,"turns":7},{"damage":0,"enemies":"Giant Head","floor":44,"turns":5},{"damage":0,"enemies":"2 Orb Walkers","floor":45,"turns":3},{"damage":11,"enemies":"Awakened One","floor":50,"turns":5},{"damage":13,"enemies":"Shield and Spear","floor":54,"turns":2},{"damage":2,"enemies":"The Heart","floor":55,"turns":8}],"seed_played":"6647898287540185926","potions_obtained":[{"floor":1.0,"key":"SteroidPotion"},{"floor":3.0,"key":"PowerPotion"},{"floor":5.0,"key":"FocusPotion"},{"floor":13.0,"key":"Fire Potion"},{"floor":18.0,"key":"Weak Potion"},{"floor":25.0,"key":"GamblersBrew"},{"floor":28.0,"key":"Fire Potion"},{"floor":29.0,"key":"FearPotion"},{"floor":33.0,"key":"EntropicBrew"},{"floor":41,"key":"Regen Potion"}],"is_trial":false,"path_per_floor":["M","M","M","$","M","E","R","E","T","E","M","R","E","M","R","B",null,"M","?","?","$","M","E","R","E","T","E","?","M","R","M","R","B",null,"M","M","M","$","M","E","M","E","T","E","?","R","$","?","R","B",null,"R","$","E","B",null],"character_chosen":"DEFECT","items_purchased":["Beam Cell","Go for the Eyes","Dramatic Entrance","Streamline","Medical Kit","Vajra","Bag of Marbles","Forethought+1","Purity+1","Strange Spoon","Kunai","Happy Flower"],"campfire_rested":4,"item_purchase_floors":[4,4,21,21,38,47,47,47,47,53,53,53],"current_hp_per_floor":[61,53,53,53,52,26,48,34,34,24,24,46,51,51,51,51,82,80,68,68,68,68,44,68,63,63,62,61,45,69,69,69,69,82,82,82,82,82,82,82,67,68,68,70,70,70,70,70,70,61,82,82,82,69,82],"gold":150,"neow_bonus":"BOSS_RELIC","is_daily":false,"chose_seed":false,"campfire_upgraded":4,"win_rate":0.0,"timestamp":1612738597,"path_taken":["M","M","M","$","M","E","R","E","T","E","M","R","E","M","R","BOSS","M","?","?","$","?","E","R","E","T","E","?","M","R","M","R","BOSS","M","M","M","$","M","E","M","E","T","E","?","R","$","?","R","BOSS","R","$","E","BOSS"],"items_purchased_type":["Card","Card","Card","Card","Relic","Relic","Relic","Card","Card","Relic","Relic","Relic"],"build_version":"2020-12-22","purchased_purges":3,"victory":true,"max_hp_per_floor":[75,75,75,75,75,75,75,75,75,75,75,75,82,82,82,82,82,82,82,82,82,82,82,82,82,82,82,82,82,82,82,82,82,82,82,82,82,82,82,82,82,82,82,82,82,82,82,82,82,82,82,82,82,82,82],"relic_stats":{"Darkstone Periapt":0,"StoneCalendar":[297],"Bag of Preparation":[38],"Juzu Bracelet":0,"Whetstone":["Strike_B","Dramatic Entrance"],"Boot":[37],"Blood Vial":2,"Centennial Puzzle":[39],"Dream Catcher":3,"Mummified Hand":[16],"Sundial":[10],"Kunai":[11],"Happy Flower":[3],"counters":[34,195],"Astrolabe":["Genetic Algorithm","Rainbow","Aggregate"],"Medical Kit":[3],"MawBank":60,"WarpedTongs":[121],"Mercury Hourglass":[117],"Strange Spoon":[8],"Shuriken":[74],"Bird Faced Urn":[8],"Bronze Scales":[135],"Turnip":[2],"Black Star":11,"obtain_stats":[{"Darkstone Periapt":40,"Vajra":47,"StoneCalendar":8,"Incense Burner":13,"Bag of Preparation":23,"Juzu Bracelet":23,"Whetstone":42,"Boot":27,"Old Coin":45,"Blood Vial":54,"Centennial Puzzle":10,"Dream Catcher":10,"HornCleat":6,"Mummified Hand":25,"Sundial":26,"Strawberry":13,"WingedGreaves":8,"Red Mask":19,"Kunai":53,"Toxic Egg 2":28,"Cracked Core":0,"Happy Flower":53,"Astrolabe":17,"Thread and Needle":44,"The Courier":27,"Medical Kit":38,"MawBank":42,"WarpedTongs":20,"Mercury Hourglass":40,"SlaversCollar":34,"Strange Spoon":53,"CaptainsWheel":9,"Shuriken":6,"Bird Faced Urn":25,"Bronze Scales":44,"Turnip":54,"Black Star":0,"Bag of Marbles":47,"Unceasing Top":28},{"Darkstone Periapt":27,"Vajra":31,"StoneCalendar":6,"Incense Burner":9,"Bag of Preparation":15,"Juzu Bracelet":15,"Whetstone":29,"Boot":17,"Old Coin":31,"Blood Vial":33,"Centennial Puzzle":7,"Dream Catcher":7,"HornCleat":5,"Mummified Hand":16,"Sundial":16,"Strawberry":9,"WingedGreaves":6,"Red Mask":13,"Kunai":32,"Toxic Egg 2":19,"Cracked Core":0,"Happy Flower":32,"Astrolabe":11,"Thread and Needle":30,"The Courier":17,"Medical Kit":25,"MawBank":29,"WarpedTongs":13,"Mercury Hourglass":27,"SlaversCollar":22,"Strange Spoon":32,"CaptainsWheel":6,"Shuriken":5,"Bird Faced Urn":16,"Bronze Scales":30,"Turnip":33,"Black Star":0,"Bag of Marbles":31,"Unceasing Top":19},{"Darkstone Periapt":162,"Vajra":180,"StoneCalendar":36,"Incense Burner":51,"Bag of Preparation":89,"Juzu Bracelet":89,"Whetstone":172,"Boot":101,"Old Coin":180,"Blood Vial":187,"Centennial Puzzle":43,"Dream Catcher":43,"HornCleat":31,"Mummified Hand":96,"Sundial":96,"Strawberry":51,"WingedGreaves":36,"Red Mask":74,"Kunai":185,"Toxic Egg 2":113,"Cracked Core":0,"Happy Flower":185,"Astrolabe":63,"Thread and Needle":177,"The Courier":101,"Medical Kit":151,"MawBank":172,"WarpedTongs":74,"Mercury Hourglass":162,"SlaversCollar":136,"Strange Spoon":185,"CaptainsWheel":36,"Shuriken":31,"Bird Faced Urn":96,"Bronze Scales":177,"Turnip":187,"Black Star":0,"Bag of Marbles":180,"Unceasing Top":113}],"Unceasing Top":[51]},"card_choices":[{"not_picked":["Rip and Tear","BootSequence"],"picked":"Reprogram","floor":1.0},{"not_picked":["Stack","Leap","Undo"],"picked":"SKIP","floor":2.0},{"not_picked":["Stack","Leap"],"picked":"Undo","floor":2.0},{"not_picked":["Ball Lightning","Glacier","Defragment"],"picked":"SKIP","floor":3.0},{"not_picked":["Turbo","Go for the Eyes","Stack"],"picked":"SKIP","floor":5.0},{"not_picked":["Barrage","Ball Lightning"],"picked":"Sweeping Beam","floor":6.0},{"not_picked":["Beam Cell","Electrodynamics"],"picked":"BootSequence","floor":8.0},{"not_picked":["Capacitor","Steam"],"picked":"Genetic Algorithm","floor":10.0},{"not_picked":["Beam Cell","Turbo","Force Field"],"picked":"SKIP","floor":11.0},{"not_picked":["Cold Snap","Ball Lightning"],"picked":"Streamline","floor":12.0},{"not_picked":["Coolheaded","Creative AI"],"picked":"Conserve Battery","floor":13.0},{"not_picked":["Reinforced Body","Cold Snap","Steam"],"picked":"SKIP","floor":14.0},{"not_picked":["Electrodynamics","Machine Learning"],"picked":"Seek","floor":16.0},{"not_picked":["Steam","Coolheaded+1","Stack"],"picked":"SKIP","floor":18.0},{"not_picked":["Ball Lightning+1","Undo"],"picked":"Reprogram","floor":22.0},{"not_picked":["White Noise","Chill","Defragment+1"],"picked":"SKIP","floor":23.0},{"not_picked":["Rebound+1","Conserve Battery+1"],"picked":"All For One","floor":24.0},{"not_picked":["Thunder Strike","Defragment","Stack+1"],"picked":"SKIP","floor":25.0},{"not_picked":["Streamline","Force Field+1","Static Discharge+1"],"picked":"SKIP","floor":27.0},{"not_picked":["Go for the Eyes+1","Compile Driver","BootSequence+1"],"picked":"SKIP","floor":29.0},{"not_picked":["Hologram+1","Rebound"],"picked":"Gash+1","floor":30.0},{"not_picked":["Compile Driver+1","Rainbow+1"],"picked":"Beam Cell+1","floor":31.0},{"not_picked":["Thunder Strike","Rainbow+1"],"picked":"Machine Learning","floor":33.0},{"not_picked":["Capacitor+1","Hello World+1","Streamline"],"picked":"SKIP","floor":35.0},{"not_picked":["Static Discharge","BootSequence+1"],"picked":"Scrape+1","floor":36.0},{"not_picked":["Rebound+1","Steam+1","Darkness+1"],"picked":"SKIP","floor":37.0},{"not_picked":["Coolheaded+1","Turbo+1"],"picked":"Reprogram+1","floor":39.0},{"not_picked":["Go for the Eyes","BootSequence+1","Loop"],"picked":"SKIP","floor":40.0},{"not_picked":["Chill+1","Static Discharge+1"],"picked":"Recycle+1","floor":41},{"not_picked":["Static Discharge+1","Streamline+1","Cold Snap"],"picked":"SKIP","floor":42},{"not_picked":["Heatsinks","Compile Driver"],"picked":"Hologram+1","floor":44},{"not_picked":["Beam Cell+1","Cold Snap+1"],"picked":"All For One","floor":45},{"not_picked":["Beam Cell+1","Sunder","Stack+1"],"picked":"SKIP","floor":54}],"player_experience":225225,"relics_obtained":[{"floor":6.0,"key":"Shuriken"},{"floor":6.0,"key":"HornCleat"},{"floor":8.0,"key":"StoneCalendar"},{"floor":8.0,"key":"WingedGreaves"},{"floor":9.0,"key":"CaptainsWheel"},{"floor":10.0,"key":"Centennial Puzzle"},{"floor":10.0,"key":"Dream Catcher"},{"floor":13.0,"key":"Strawberry"},{"floor":13.0,"key":"Incense Burner"},{"floor":19.0,"key":"Red Mask"},{"floor":23.0,"key":"Bag of Preparation"},{"floor":23.0,"key":"Juzu Bracelet"},{"floor":25.0,"key":"Mummified Hand"},{"floor":25.0,"key":"Bird Faced Urn"},{"floor":26.0,"key":"Sundial"},{"floor":27.0,"key":"The Courier"},{"floor":27.0,"key":"Boot"},{"floor":28.0,"key":"Unceasing Top"},{"floor":28.0,"key":"Toxic Egg 2"},{"floor":40.0,"key":"Darkstone Periapt"},{"floor":40.0,"key":"Mercury Hourglass"},{"floor":42,"key":"MawBank"},{"floor":42,"key":"Whetstone"},{"floor":44,"key":"Bronze Scales"},{"floor":44,"key":"Thread and Needle"},{"floor":45,"key":"Old Coin"},{"floor":54,"key":"Turnip"},{"floor":54,"key":"Blood Vial"}],"event_choices":[{"damage_healed":0.0,"max_hp_gain":0.0,"max_hp_loss":0.0,"gold_gain":0.0,"event_name":"Masked Bandits","player_choice":"Fought Bandits","floor":19.0,"gold_loss":0.0,"damage_taken":0.0},{"damage_healed":0.0,"max_hp_gain":0.0,"max_hp_loss":0.0,"gold_gain":0.0,"event_name":"Accursed Blacksmith","player_choice":"Rummage","floor":20.0,"gold_loss":0.0,"damage_taken":0.0,"relics_obtained":["WarpedTongs"],"cards_obtained":["Pain"]},{"damage_healed":0.0,"max_hp_gain":0.0,"max_hp_loss":0.0,"gold_gain":0.0,"event_name":"Colosseum","player_choice":"Fight","floor":28.0,"gold_loss":0.0,"damage_taken":0.0},{"damage_healed":0.0,"max_hp_gain":0.0,"max_hp_loss":0.0,"gold_gain":0.0,"event_name":"Colosseum","player_choice":"Fought Nobs","floor":28.0,"gold_loss":0.0,"damage_taken":0.0},{"damage_healed":0,"gold_gain":0,"player_choice":"Fight","damage_taken":0,"max_hp_gain":0,"max_hp_loss":0,"event_name":"Mysterious Sphere","floor":45,"gold_loss":0},{"damage_healed":0,"gold_gain":222,"player_choice":"Wore Mask","damage_taken":0,"max_hp_gain":0,"max_hp_loss":0,"event_name":"Tomb of Lord Red Mask","floor":48,"gold_loss":0}],"is_beta":false,"boss_relics":[{"not_picked":["SacredBark","Snecko Eye"],"picked":"Astrolabe"},{"not_picked":["Pandora\u0027s Box","Coffee Dripper"],"picked":"SlaversCollar"}],"items_purged_floors":[21,38,47],"is_endless":false,"potions_floor_spawned":[1,3,5,13,18,25,28,29,33,35,36,41,44,45],"ascension_level":4}}