{"host":"d7fiu2yjkssjxoz6","time":1612686053,"event":{"mods":["AchievementEnabler","BaseMod","Duelist Mod","Minty Spire (QoL Compilation)","StSLib"],"gold_per_floor":[140,158,178,195,206,231,231,250,250,267,267,277,277,288,288,361,361,373,373,373,388,388,388],"floor_reached":22,"language":"ENG","playtime":894,"items_purged":[],"score":365,"play_id":"8ba10790-ef1f-4f14-a931-1477c480b29b","local_time":"20210207002053","is_ascension_mode":true,"campfire_choices":[{"floor":11,"key":"REST"},{"floor":13,"key":"REST"},{"floor":15,"key":"RECALL"}],"circlet_count":0,"master_deck":["theDuelist:CastleWalls","theDuelist:LightningDarts","theDuelist:Sparks","theDuelist:ClownZombie","theDuelist:FluteKuriboh","theDuelist:SolemnStrike","theDuelist:CurseAnubis","theDuelist:WeepingIdol","theDuelist:ShallowGrave","theDuelist:AttackTheMoon","theDuelist:SummonedSkull","theDuelist:CastleWalls","theDuelist:MagicalStone+1","theDuelist:AttackTheMoon","theDuelist:ArmoredZombie","theDuelist:YamiForm","AscendersBane","theDuelist:DestroyerGolem","theDuelist:ArchfiendSoldier","theDuelist:WormKing","theDuelist:PatricianDarkness","theDuelist:TrapHole","theDuelist:MagicCylinder","theDuelist:FluteKuriboh"],"relics":["theDuelist:MillenniumPuzzle","theDuelist:CardPoolRelic","theDuelist:CardPoolBasicRelic","theDuelist:BoosterPackPoolRelic","theDuelist:CardPoolAddRelic","theDuelist:CardPoolMinusRelic","theDuelist:CardPoolSaveRelic","theDuelist:CardPoolOptionsRelic","theDuelist:GamblerChip","theDuelist:SummonAnchor"],"acts_visited":["Exordium","TheCity"],"potions_floor_usage":[16,22],"damage_taken":[{"damage":2.0,"enemies":"Cultist","floor":1.0,"turns":3.0},{"damage":6.0,"enemies":"Small Slimes","floor":2.0,"turns":4.0},{"damage":4.0,"enemies":"Jaw Worm","floor":3.0,"turns":3.0},{"damage":5.0,"enemies":"Blue Slaver","floor":4.0,"turns":3.0},{"damage":4.0,"enemies":"2 Fungi Beasts","floor":5.0,"turns":4.0},{"damage":38.0,"enemies":"Gremlin Nob","floor":6.0,"turns":5.0},{"damage":1.0,"enemies":"Looter","floor":8.0,"turns":3.0},{"damage":9,"enemies":"Large Slime","floor":10,"turns":7},{"damage":16,"enemies":"Lots of Slimes","floor":12,"turns":4},{"damage":1,"enemies":"2 Fungi Beasts","floor":14,"turns":4},{"damage":32,"enemies":"Slime Boss","floor":16,"turns":9},{"damage":17,"enemies":"Shell Parasite","floor":18,"turns":5},{"damage":30,"enemies":"2 Thieves","floor":21,"turns":4},{"damage":13,"enemies":"Snake Plant","floor":22,"turns":2}],"seed_played":"312654901792760131","potions_obtained":[{"floor":1.0,"key":"theDuelist:WaterBottle"},{"floor":3.0,"key":"Fire Potion"},{"floor":5.0,"key":"Ancient Potion"},{"floor":8.0,"key":"DistilledChaos"},{"floor":14,"key":"BlessingOfTheForge"},{"floor":21,"key":"PowerPotion"}],"is_trial":false,"path_per_floor":["M","M","M","M","M","E","?","M","T","M","R","M","R","M","R","B",null,"M","?","?","M","M"],"character_chosen":"THE_DUELIST","items_purchased":[],"campfire_rested":2,"item_purchase_floors":[],"current_hp_per_floor":[75,69,65,60,56,18,18,17,17,8,33,17,42,41,41,9,65,48,40,40,10,0,0],"gold":388,"neow_bonus":"TWENTY_PERCENT_HP_BONUS","is_daily":false,"chose_seed":false,"campfire_upgraded":0,"win_rate":0.0,"timestamp":1612686053,"path_taken":["M","M","M","M","M","E","?","M","T","M","R","?","R","M","R","BOSS","M","?","?","?","M"],"items_purchased_type":[],"build_version":"2020-12-22","purchased_purges":0,"victory":false,"max_hp_per_floor":[84,84,84,84,84,84,84,84,84,84,84,84,84,84,84,84,84,84,84,84,84,84,84],"card_choices":[{"not_picked":["theDuelist:ClearKuriboh","theDuelist:RedHeadedOni","theDuelist:MagicHoleGolem","theDuelist:RainbowBridge"],"picked":"theDuelist:WeepingIdol","floor":1.0},{"not_picked":["theDuelist:DokiDoki","theDuelist:DummyGolem","theDuelist:EarthEffigy","theDuelist:PowerGiant"],"picked":"theDuelist:DestroyerGolem","floor":2.0},{"not_picked":["theDuelist:Hinotama","theDuelist:FlyingSaucer","theDuelist:WormApocalypse","theDuelist:SilverApples"],"picked":"theDuelist:AttackTheMoon","floor":3.0},{"not_picked":["theDuelist:LightningDarts","theDuelist:MudGolem","theDuelist:PowerGiant","theDuelist:Hinotama"],"picked":"theDuelist:AttackTheMoon","floor":4.0},{"not_picked":["theDuelist:ClearKuriboh","theDuelist:OneForOne+1","theDuelist:SphereKuriboh","theDuelist:Wiretap"],"picked":"theDuelist:MagicalStone+1","floor":5.0},{"not_picked":["theDuelist:DummyGolem","theDuelist:MagicHoleGolem","theDuelist:RainbowBridge","theDuelist:RedHeadedOni","theDuelist:PurplePainOni"],"picked":"SKIP","floor":6.0},{"not_picked":["theDuelist:BattleOx","theDuelist:MudragonSwamp","theDuelist:PowerGiant","theDuelist:Hinotama"],"picked":"theDuelist:WormKing","floor":8.0},{"not_picked":["theDuelist:BigFire","theDuelist:Hinotama","theDuelist:ScrapFactory","theDuelist:HeavyStorm"],"picked":"theDuelist:FluteKuriboh","floor":10},{"not_picked":["theDuelist:Cloning","theDuelist:Hinotama+1","theDuelist:OneForOne+1","theDuelist:Wiretap"],"picked":"theDuelist:LightningDarts","floor":12},{"not_picked":["theDuelist:Cloning","theDuelist:RadiantMirrorForce","theDuelist:RainbowLife","theDuelist:RainbowJar"],"picked":"theDuelist:SolemnStrike","floor":14},{"not_picked":["theDuelist:Blockman","theDuelist:Mathematician","theDuelist:Solidarity","theDuelist:UltraPolymerization"],"picked":"theDuelist:YamiForm","floor":16},{"not_picked":["theDuelist:WormKing","theDuelist:PotAvarice+1","theDuelist:Sangan","theDuelist:Blockman"],"picked":"theDuelist:TrapHole","floor":18},{"not_picked":["theDuelist:LightningVortex","theDuelist:Terraforming","theDuelist:CatapultZone","theDuelist:ReleaseFromStone"],"picked":"theDuelist:FluteKuriboh","floor":21}],"player_experience":345873,"relics_obtained":[{"floor":6.0,"key":"Omamori"}],"event_choices":[{"damage_healed":0.0,"max_hp_gain":0.0,"max_hp_loss":0.0,"gold_gain":0.0,"event_name":"Visit from Anubis","player_choice":"Scored: 2055","duelist":true,"floor":7.0,"gold_loss":0.0,"damage_taken":0.0},{"damage_healed":0,"gold_gain":0,"player_choice":"Dig - random Duelist relic","duelist":true,"damage_taken":0,"max_hp_gain":0,"max_hp_loss":0,"event_name":"Aknamkanon\u0027s Tomb","floor":19,"gold_loss":0},{"damage_healed":0,"gold_gain":0,"cards_transformed":["theDuelist:Sparks"],"player_choice":"Transformed","damage_taken":0,"max_hp_gain":0,"max_hp_loss":0,"event_name":"Transmorgrifier","floor":20,"gold_loss":0,"cards_obtained":["theDuelist:MagicCylinder"]}],"is_beta":false,"boss_relics":[{"not_picked":["Runic Cube","Sozu"],"picked":"theDuelist:GamblerChip"}],"items_purged_floors":[],"is_endless":false,"potions_floor_spawned":[1,3,5,8,14,21],"killed_by":"Snake Plant","ascension_level":18}}