{"host":"i2ntsfwoh5q5m216","time":1612658049,"event":{"mods":["BaseMod","Colored Map","Downfall","Minty Spire (QoL Compilation)","StSLib"],"gold_per_floor":[112,127,127,127,53,53,83,102,102,133,143,156,181,191,191,191,191],"floor_reached":16,"language":"ENG","playtime":606,"items_purged":[],"score":122,"play_id":"27194c09-a8ec-4763-bc18-92f57246274a","local_time":"20210206183409","is_ascension_mode":false,"campfire_choices":[{"data":"True Grit","floor":6,"key":"SMITH"},{"data":"Feed","floor":15,"key":"SMITH"}],"circlet_count":0,"master_deck":["Strike_R","Strike_R","Strike_R","Strike_R","Strike_R+1","Defend_R","Defend_R","Defend_R","Defend_R","Bash+1","Madness","Thunderclap","True Grit+1","Flex","Shrug It Off","Iron Wave","Power Through","Feed+1","Dropkick","Feel No Pain","Iron Wave","Ghostly Armor"],"relics":["Burning Blood","Shovel","Sundial","Bronze Scales","White Beast Statue"],"acts_visited":["Exordium"],"potions_floor_usage":[10,16,16,16],"damage_taken":[{"damage":0,"enemies":"Cultist","floor":1,"turns":3},{"damage":0,"enemies":"Small Slimes","floor":2,"turns":4},{"damage":23,"enemies":"Gremlin Nob","floor":7,"turns":4},{"damage":0,"enemies":"2 Louse","floor":8,"turns":3},{"damage":20,"enemies":"Lagavulin","floor":10,"turns":8},{"damage":2,"enemies":"2 Fungi Beasts","floor":11,"turns":5},{"damage":1,"enemies":"3 Louse","floor":12,"turns":4},{"damage":18,"enemies":"3 Sentries","floor":13,"turns":8},{"damage":0,"enemies":"Blue Slaver","floor":14,"turns":3},{"damage":55,"enemies":"Hexaghost","floor":16,"turns":14}],"seed_played":"-3064509805379682882","potions_obtained":[{"floor":8,"key":"DuplicationPotion"},{"floor":10,"key":"LiquidMemories"},{"floor":11,"key":"EssenceOfSteel"},{"floor":14,"key":"PowerPotion"}],"is_trial":false,"path_per_floor":["M","M","?","?","$","R","E","M","T","E","M","M","E","M","R","B"],"character_chosen":"IRONCLAD","items_purchased":["Flex","Shrug It Off"],"campfire_rested":0,"item_purchase_floors":[5,5],"current_hp_per_floor":[80,80,64,64,64,64,47,53,53,39,43,51,42,51,51,0,0],"gold":191,"neow_bonus":"RANDOM_COLORLESS","is_daily":false,"chose_seed":false,"campfire_upgraded":2,"win_rate":0.0,"timestamp":1612658049,"path_taken":["M","?","?","?","$","R","E","M","T","E","M","M","E","?","R","BOSS"],"items_purchased_type":["Card","Card"],"build_version":"2020-12-22","purchased_purges":0,"victory":false,"max_hp_per_floor":[80,80,80,80,80,80,80,80,80,80,80,83,86,89,89,89,89],"card_choices":[{"not_picked":["Bandage Up","Deep Breath"],"picked":"Madness","floor":0},{"not_picked":["Iron Wave","Dark Embrace"],"picked":"Thunderclap","floor":1},{"not_picked":["Shockwave","Pommel Strike"],"picked":"True Grit","floor":2},{"not_picked":["Warcry","Body Slam"],"picked":"Iron Wave","floor":7},{"not_picked":["Heavy Blade","Armaments"],"picked":"Power Through","floor":8},{"not_picked":["Twin Strike","Warcry"],"picked":"Feed","floor":10},{"not_picked":["Bloodletting","Clothesline"],"picked":"Dropkick","floor":11},{"not_picked":["Pommel Strike","Clash"],"picked":"Feel No Pain","floor":12},{"not_picked":["Berserk","Sword Boomerang"],"picked":"Iron Wave","floor":13},{"not_picked":["Armaments","Entrench"],"picked":"Ghostly Armor","floor":14}],"player_experience":34538,"relics_obtained":[{"floor":7,"key":"Shovel"},{"floor":9,"key":"Sundial"},{"floor":10,"key":"Bronze Scales"},{"floor":13,"key":"White Beast Statue"}],"event_choices":[{"damage_healed":0,"gold_gain":0,"player_choice":"Entered Light","damage_taken":16,"max_hp_gain":0,"max_hp_loss":0,"event_name":"Shining Light","floor":3,"gold_loss":0,"cards_upgraded":["Bash","Strike_R"]},{"damage_healed":0,"gold_gain":0,"player_choice":"0 cards matched","damage_taken":0,"max_hp_gain":0,"max_hp_loss":0,"event_name":"Match and Keep!","floor":4,"gold_loss":0,"cards_obtained":[]}],"is_beta":false,"boss_relics":[],"items_purged_floors":[],"is_endless":false,"potions_floor_spawned":[8,10,11,14],"killed_by":"Hexaghost","ascension_level":0}}