{"host":"sxnl403xm2xmiyj1","time":1612711368,"event":{"mods":["AchievementEnabler","BaseMod","Colored Map","Keyboard Shortcuts","Minty Spire (QoL Compilation)","Quick Restart","StSLib","SuperFastMode"],"gold_per_floor":[115,115,8,26,37,37,72,72,72,84,111,127,139,20,20,115,115,127,138,138,152,168,168,193,193,218,218,218],"floor_reached":27,"language":"KOR","playtime":513,"items_purged":[],"score":448,"play_id":"499e7de0-fcaf-4d3e-adb5-e98bee6c2c39","local_time":"20210208002248","is_ascension_mode":true,"campfire_choices":[{"data":"Evolve","floor":6,"key":"SMITH"},{"data":"Fire Breathing","floor":8,"key":"SMITH"},{"data":"Rampage","floor":15,"key":"SMITH"},{"floor":23,"key":"REST"},{"data":"Barricade","floor":25,"key":"SMITH"}],"circlet_count":0,"master_deck":["Strike_R","Strike_R","Strike_R","Strike_R","Strike_R","Defend_R","Defend_R","Defend_R","Bash","Power Through","Fire Breathing+1","Ghostly Armor","Evolve+1","Wild Strike","True Grit","Burning Pact","Battle Trance","Rampage+1","Evolve","Barricade+1","CurseOfTheBell","Bloodletting+1","Wild Strike"],"relics":["Burning Blood","NeowsBlessing","Mercury Hourglass","Darkstone Periapt","Tiny Chest","Calling Bell","Happy Flower","Ornamental Fan","Unceasing Top","Letter Opener","MealTicket"],"acts_visited":["Exordium","TheCity"],"potions_floor_usage":[11,16,16,22,22,22,24,24,24],"damage_taken":[{"damage":0,"enemies":"Small Slimes","floor":1,"turns":1},{"damage":0,"enemies":"Cultist","floor":4,"turns":1},{"damage":0,"enemies":"Jaw Worm","floor":5,"turns":1},{"damage":0,"enemies":"3 Sentries","floor":7,"turns":4},{"damage":8,"enemies":"Exordium Thugs","floor":10,"turns":5},{"damage":23,"enemies":"Gremlin Nob","floor":11,"turns":4},{"damage":8,"enemies":"Blue Slaver","floor":12,"turns":4},{"damage":7,"enemies":"3 Louse","floor":13,"turns":3},{"damage":0,"enemies":"Slime Boss","floor":16,"turns":5},{"damage":48,"enemies":"3 Byrds","floor":18,"turns":5},{"damage":20,"enemies":"Shell Parasite","floor":19,"turns":6},{"damage":19,"enemies":"Centurion and Healer","floor":21,"turns":7},{"damage":9,"enemies":"Snake Plant","floor":22,"turns":9},{"damage":27,"enemies":"Gremlin Leader","floor":24,"turns":8},{"damage":0,"enemies":"Slavers","floor":27,"turns":1}],"seed_played":"-8742202343527409168","potions_obtained":[{"floor":4,"key":"SpeedPotion"},{"floor":7,"key":"Ancient Potion"},{"floor":10,"key":"CultistPotion"},{"floor":11,"key":"SteroidPotion"},{"floor":16,"key":"ElixirPotion"},{"floor":21,"key":"EntropicBrew"},{"floor":22,"key":"Block Potion"}],"is_trial":false,"path_per_floor":["M","?","$","M","M","R","E","R","T","M","E","M","M","$","R","B",null,"M","M","?","M","M","R","E","R","T","E"],"character_chosen":"IRONCLAD","items_purchased":["Fire Breathing","Ghostly Armor","Rampage","Evolve"],"campfire_rested":1,"item_purchase_floors":[3,3,14,14],"current_hp_per_floor":[78,78,78,80,80,80,80,80,80,78,61,59,58,58,58,64,82,40,26,26,13,10,35,14,14,14,14,14],"gold":218,"neow_bonus":"THREE_ENEMY_KILL","is_daily":false,"chose_seed":false,"campfire_upgraded":4,"win_rate":0.0,"timestamp":1612711368,"path_taken":["M","?","$","M","M","R","E","R","T","M","E","M","?","$","R","BOSS","M","M","?","M","M","R","E","R","T","E"],"items_purchased_type":["Card","Card","Card","Card"],"build_version":"2020-12-22","purchased_purges":0,"victory":false,"max_hp_per_floor":[80,80,80,80,80,80,80,80,80,80,80,80,80,80,80,80,86,86,86,86,86,86,86,86,86,86,86,86],"card_choices":[{"not_picked":["Clothesline","Havoc"],"picked":"Power Through","floor":1},{"not_picked":["Pommel Strike","Heavy Blade"],"picked":"Evolve","floor":4},{"not_picked":["Rage","Flex","Rupture"],"picked":"SKIP","floor":5},{"not_picked":["Clothesline","Heavy Blade","Perfected Strike"],"picked":"SKIP","floor":7},{"not_picked":["Impervious","Clash"],"picked":"Wild Strike","floor":10},{"not_picked":["Armaments","Berserk"],"picked":"True Grit","floor":11},{"not_picked":["Havoc","Anger"],"picked":"Burning Pact","floor":12},{"not_picked":["Havoc","Infernal Blade"],"picked":"Battle Trance","floor":13},{"not_picked":["Brutality","Exhume"],"picked":"Barricade","floor":16},{"not_picked":["Immolate","Clothesline"],"picked":"Bloodletting+1","floor":18},{"not_picked":["Pommel Strike","Dropkick"],"picked":"Wild Strike","floor":19},{"not_picked":["Twin Strike","Perfected Strike","Inflame"],"picked":"SKIP","floor":21},{"not_picked":["Thunderclap+1","Flex","Iron Wave"],"picked":"SKIP","floor":22},{"not_picked":["Dual Wield+1","Combust","Bludgeon"],"picked":"SKIP","floor":24}],"player_experience":194745,"relics_obtained":[{"floor":7,"key":"Mercury Hourglass"},{"floor":9,"key":"Darkstone Periapt"},{"floor":11,"key":"Tiny Chest"},{"floor":17,"key":"Happy Flower"},{"floor":17,"key":"Ornamental Fan"},{"floor":17,"key":"Unceasing Top"},{"floor":24,"key":"Letter Opener"},{"floor":26,"key":"MealTicket"}],"event_choices":[{"damage_healed":0,"gold_gain":0,"cards_transformed":["Defend_R"],"player_choice":"Transformed","damage_taken":0,"max_hp_gain":0,"max_hp_loss":0,"event_name":"Transmorgrifier","floor":2,"gold_loss":0,"cards_obtained":["Anger"]},{"cards_removed":["Anger"],"damage_healed":0,"gold_gain":0,"player_choice":"Purged","damage_taken":0,"max_hp_gain":0,"max_hp_loss":0,"event_name":"Purifier","floor":20,"gold_loss":0}],"is_beta":false,"boss_relics":[{"not_picked":["Runic Dome","Coffee Dripper"],"picked":"Calling Bell"}],"items_purged_floors":[],"is_endless":false,"potions_floor_spawned":[4,7,10,11,16,21,22],"killed_by":"Slavers","ascension_level":8}}