{"host":"d744ndivyohnro60","time":1612724048,"event":{"mods":["BaseMod","Bestiary","Colored Powertips","Minty Spire (QoL Compilation)","Relic Stats"],"gold_per_floor":[160,172,20,36,49,82,82,257,257,257,257],"floor_reached":10,"language":"ENG","playtime":410,"items_purged":["Zap"],"score":85,"play_id":"6b371bc9-cfb5-4e8f-a9db-80ee53cfebda","local_time":"20210207135408","is_ascension_mode":true,"campfire_choices":[{"data":"Reprogram","floor":7,"key":"SMITH"}],"circlet_count":0,"master_deck":["Strike_B","Strike_B","Strike_B","Strike_B+1","Defend_B","Defend_B","Defend_B","Defend_B","Dualcast","Steam","Beam Cell","Turbo","Melter","Auto Shields","Gash","Reprogram+1","Doubt"],"relics":["Tiny House","MealTicket","Cables"],"acts_visited":["Exordium"],"potions_floor_usage":[2,5,5,6],"damage_taken":[{"damage":1,"enemies":"Cultist","floor":1,"turns":3},{"damage":0,"enemies":"2 Louse","floor":2,"turns":1},{"damage":1,"enemies":"Jaw Worm","floor":4,"turns":3},{"damage":0,"enemies":"Lots of Slimes","floor":5,"turns":1},{"damage":29,"enemies":"Lagavulin","floor":6,"turns":8},{"damage":72,"enemies":"Gremlin Nob","floor":10,"turns":5}],"seed_played":"-147020704898681046","potions_obtained":[{"floor":0,"key":"Explosive Potion"},{"floor":1,"key":"Explosive Potion"},{"floor":2,"key":"Swift Potion"},{"floor":5,"key":"Fruit Juice"}],"is_trial":false,"path_per_floor":["M","M","$","M","M","E","R","?","T","E"],"character_chosen":"DEFECT","items_purchased":["Melter"],"campfire_rested":0,"item_purchase_floors":[3],"current_hp_per_floor":[79,79,79,78,83,54,54,54,54,0,0],"gold":257,"neow_bonus":"BOSS_RELIC","is_daily":false,"chose_seed":false,"campfire_upgraded":1,"win_rate":0.0,"timestamp":1612724048,"path_taken":["M","M","$","M","M","E","R","?","T","E"],"items_purchased_type":["Card"],"build_version":"2020-12-22","purchased_purges":1,"victory":false,"max_hp_per_floor":[80,80,80,80,85,85,85,85,85,85,85],"relic_stats":{"counters":[6,21],"MealTicket":0,"obtain_stats":[{"Tiny House":0,"MealTicket":6,"Cracked Core":0,"Cables":9},{"Tiny House":0,"MealTicket":5,"Cracked Core":0,"Cables":5},{"Tiny House":0,"MealTicket":16,"Cracked Core":0,"Cables":16}],"Cables":[0,0,0,0,0]},"card_choices":[{"not_picked":["Fusion","Redo"],"picked":"Steam","floor":0},{"not_picked":["Steam","Rip and Tear"],"picked":"Beam Cell","floor":1},{"not_picked":["Compile Driver","Redo"],"picked":"Turbo","floor":2},{"not_picked":["Streamline","Tempest"],"picked":"Auto Shields","floor":4},{"not_picked":["Fusion","Glacier"],"picked":"Gash","floor":5},{"not_picked":["Tempest","Cold Snap"],"picked":"Reprogram","floor":6}],"player_experience":214589,"relics_obtained":[{"floor":6,"key":"MealTicket"},{"floor":9,"key":"Cables"}],"event_choices":[{"damage_healed":0,"gold_gain":175,"player_choice":"AGREE","damage_taken":0,"max_hp_gain":0,"max_hp_loss":0,"event_name":"Liars Game","floor":8,"gold_loss":0,"cards_obtained":["Doubt"]}],"is_beta":false,"boss_relics":[],"items_purged_floors":[3],"is_endless":false,"potions_floor_spawned":[1,2,5],"killed_by":"Gremlin Nob","ascension_level":5}}