{"host":"7qoz5gmva6til3yp","time":1612690504,"event":{"mods":["2.2 Compatiblity","Astrologer","BaseMod","Marisa£¨Ùöéë¡¡Øª×âÞÞ£©","Minty Spire (QoL Compilation)","StSLib","SuperFastMode"],"gold_per_floor":[118,118,135,135,145,145,133,133,201,201,214,214,246,28,28,133,133,153,153,164,179,278,278,313,313,392,392,403,435,435,435],"floor_reached":30,"language":"KOR","playtime":810,"items_purged":["astrologer:Strike"],"score":295,"play_id":"8afa1cce-4b22-4c28-bf37-db324fe9d263","local_time":"20210207183504","is_ascension_mode":true,"campfire_choices":[{"data":"astrologer:Moonlight","floor":6,"key":"SMITH"},{"data":"astrologer:Strike","floor":8,"key":"SMITH"},{"data":"astrologer:CometStrike","floor":12,"key":"SMITH"},{"data":"astrologer:Confirmation","floor":15,"key":"SMITH"},{"floor":23,"key":"REST"},{"floor":25,"key":"REST"},{"floor":27,"key":"REST"}],"circlet_count":0,"master_deck":["astrologer:Strike+1","astrologer:Defend","astrologer:NorthStar","astrologer:TheFool","astrologer:Moonlight+1","astrologer:CometStrike+1","astrologer:Confirmation+1","astrologer:Alignment","astrologer:Still+1","astrologer:Nova+1","astrologer:CometStrike+1","astrologer:Strength","astrologer:Moonlight","astrologer:Opposition","astrologer:TheEmperor+1","astrologer:Divination"],"relics":["astrologer:SkyMirror","NeowsBlessing","Art of War","Shuriken","Ancient Tea Set","Lantern","Astrolabe","PreservedInsect","Bottled Lightning","Toy Ornithopter"],"acts_visited":["Exordium","TheCity"],"potions_floor_usage":[13,16,24],"damage_taken":[{"damage":0,"enemies":"Small Slimes","floor":1,"turns":1},{"damage":0,"enemies":"Jaw Worm","floor":3,"turns":1},{"damage":0,"enemies":"2 Louse","floor":5,"turns":1},{"damage":9,"enemies":"Exordium Thugs","floor":7,"turns":4},{"damage":0,"enemies":"Gremlin Gang","floor":11,"turns":4},{"damage":13,"enemies":"Lagavulin","floor":13,"turns":5},{"damage":22,"enemies":"Hexaghost","floor":16,"turns":8},{"damage":12,"enemies":"2 Thieves","floor":18,"turns":3},{"damage":10,"enemies":"Shell Parasite","floor":20,"turns":5},{"damage":19,"enemies":"Sentry and Sphere","floor":21,"turns":5},{"damage":35,"enemies":"Book of Stabbing","floor":24,"turns":5},{"damage":13,"enemies":"3 Cultists","floor":28,"turns":4},{"damage":28,"enemies":"Slavers","floor":29,"turns":4},{"damage":14,"enemies":"Centurion and Healer","floor":30,"turns":3}],"seed_played":"8552453653075974729","potions_obtained":[{"floor":3,"key":"Energy Potion"},{"floor":7,"key":"SteroidPotion"},{"floor":11,"key":"Swift Potion"},{"floor":18,"key":"Block Potion"},{"floor":21,"key":"SmokeBomb"},{"floor":29,"key":"Dexterity Potion"}],"is_trial":false,"path_per_floor":["M","?","M","?","M","R","M","R","T","?","M","R","E","$","R","B",null,"M","?","M","M","?","R","E","R","T","R","M","E","M"],"character_chosen":"ASTROLOGER","items_purchased":["Lantern"],"campfire_rested":3,"item_purchase_floors":[14],"current_hp_per_floor":[70,58,58,58,58,58,49,49,49,42,42,42,29,29,29,7,70,58,45,35,16,16,38,3,25,25,47,34,6,0,0],"gold":435,"neow_bonus":"THREE_ENEMY_KILL","is_daily":false,"chose_seed":false,"campfire_upgraded":4,"win_rate":0.0,"timestamp":1612690504,"path_taken":["M","?","M","?","M","R","M","R","T","?","M","R","E","$","R","BOSS","M","?","M","M","?","R","E","R","T","R","?","E","M"],"items_purchased_type":["Relic"],"build_version":"2020-12-22","purchased_purges":1,"victory":false,"max_hp_per_floor":[70,70,70,70,70,70,70,70,70,70,70,70,70,70,70,70,70,70,75,75,75,75,75,75,75,75,75,75,75,75,75],"card_choices":[{"not_picked":["astrologer:Prismatic","astrologer:Still"],"picked":"astrologer:Moonlight","floor":1},{"not_picked":["astrologer:Stardust","astrologer:FrozenStar","astrologer:Prestidigitation"],"picked":"SKIP","floor":3},{"not_picked":["astrologer:Conjunction","astrologer:ReadTheStars","astrologer:GlassStar"],"picked":"SKIP","floor":5},{"not_picked":["astrologer:Stardust","astrologer:FrozenStar","astrologer:Conjunction"],"picked":"SKIP","floor":7},{"not_picked":["astrologer:Premeditation","astrologer:HeatDeath"],"picked":"astrologer:CometStrike","floor":11},{"not_picked":["astrologer:SpaceDust","astrologer:MeteorShower"],"picked":"astrologer:Confirmation","floor":13},{"not_picked":["astrologer:TheWorld","astrologer:TheMagician"],"picked":"astrologer:Alignment","floor":16},{"not_picked":["astrologer:CosmicExpanse","astrologer:MeteorShower+1"],"picked":"astrologer:Strength","floor":18},{"not_picked":["astrologer:TheHangedMan","astrologer:Stardust"],"picked":"astrologer:Moonlight","floor":20},{"not_picked":["astrologer:LonelyStar","astrologer:Eclipse+1"],"picked":"astrologer:Opposition","floor":21},{"not_picked":["astrologer:ReadTheStars+1","astrologer:CometStrike+1"],"picked":"astrologer:TheEmperor+1","floor":24},{"not_picked":["astrologer:Conjunction","astrologer:Still","astrologer:MeteorShower"],"picked":"SKIP","floor":28},{"not_picked":["astrologer:CometStrike+1","astrologer:TheHangedMan"],"picked":"astrologer:Divination","floor":29}],"player_experience":489184,"relics_obtained":[{"floor":9,"key":"Shuriken"},{"floor":13,"key":"Ancient Tea Set"},{"floor":24,"key":"PreservedInsect"},{"floor":26,"key":"Bottled Lightning"},{"floor":29,"key":"Toy Ornithopter"}],"event_choices":[{"damage_healed":0,"gold_gain":0,"player_choice":"Success","damage_taken":12,"relics_obtained":["Art of War"],"max_hp_gain":0,"max_hp_loss":0,"event_name":"Scrap Ooze","floor":2,"gold_loss":0},{"cards_removed":["astrologer:Defend"],"damage_healed":0,"gold_gain":0,"player_choice":"Forget","damage_taken":0,"max_hp_gain":0,"max_hp_loss":0,"event_name":"Living Wall","floor":4,"gold_loss":0},{"cards_removed":["astrologer:Defend"],"damage_healed":0,"gold_gain":0,"player_choice":"Card Removal","damage_taken":7,"max_hp_gain":0,"max_hp_loss":0,"event_name":"Golden Wing","floor":10,"gold_loss":0},{"damage_healed":0,"gold_gain":0,"player_choice":"Shed Blood","damage_taken":18,"max_hp_gain":5,"max_hp_loss":0,"event_name":"Forgotten Altar","floor":19,"gold_loss":0},{"damage_healed":0,"gold_gain":99,"player_choice":"Stole From Cult","damage_taken":0,"max_hp_gain":0,"max_hp_loss":0,"event_name":"Nest","floor":22,"gold_loss":0}],"is_beta":false,"boss_relics":[{"not_picked":["Philosopher\u0027s Stone","Runic Dome"],"picked":"Astrolabe"}],"items_purged_floors":[14],"is_endless":false,"potions_floor_spawned":[3,7,11,18,21,29],"killed_by":"Centurion and Healer","ascension_level":2}}