{"host":"z1wl47oisvloj0tp","time":1612708579,"event":{"mods":["BaseMod","Minty Spire (QoL Compilation)"],"gold_per_floor":[113,133,152,165,175,175,195,195,195,223,47,61,61,71,71,71,71],"floor_reached":16,"language":"FRA","playtime":929,"items_purged":[],"score":111,"play_id":"5ccf7746-f28e-4058-acd7-0ce918d75170","local_time":"20210207153619","is_ascension_mode":true,"campfire_choices":[{"floor":6,"key":"RECALL"},{"floor":8,"key":"REST"},{"floor":15,"key":"REST"}],"circlet_count":0,"master_deck":["Strike_G","Strike_G","Strike_G","Strike_G","Strike_G","Defend_G","Defend_G","Defend_G","Defend_G","Defend_G","Survivor","Neutralize","Poisoned Stab","Blade Dance","Finisher","Outmaneuver","Bouncing Flask","Choke","Infinite Blades","Backflip","Dodge and Roll"],"relics":["Ring of the Snake","Peace Pipe","Bag of Marbles"],"acts_visited":[],"potions_floor_usage":[16,16],"damage_taken":[{"damage":0,"enemies":"Small Slimes","floor":1,"turns":5},{"damage":0,"enemies":"2 Louse","floor":2,"turns":2},{"damage":0,"enemies":"Cultist","floor":3,"turns":3},{"damage":0,"enemies":"3 Louse","floor":4,"turns":2},{"damage":9,"enemies":"Large Slime","floor":5,"turns":5},{"damage":23,"enemies":"Exordium Wildlife","floor":7,"turns":5},{"damage":28,"enemies":"Gremlin Nob","floor":10,"turns":4},{"damage":12,"enemies":"Blue Slaver","floor":12,"turns":3},{"damage":4,"enemies":"Red Slaver","floor":14,"turns":2},{"damage":22,"enemies":"The Guardian","floor":16,"turns":8}],"seed_played":"3228042942833188647","potions_obtained":[{"floor":1,"key":"Poison Potion"},{"floor":3,"key":"ColorlessPotion"},{"floor":7,"key":"LiquidBronze"}],"is_trial":false,"path_per_floor":["M","M","M","M","M","R","M","R","T","E","$","M","?","M","R","B"],"character_chosen":"THE_SILENT","items_purchased":["Infinite Blades","Backflip","Dodge and Roll"],"campfire_rested":2,"item_purchase_floors":[11,11,11],"current_hp_per_floor":[77,77,77,77,68,68,45,68,68,40,40,28,10,6,29,7,7],"gold":71,"neow_bonus":"TEN_PERCENT_HP_BONUS","is_daily":false,"chose_seed":false,"campfire_upgraded":0,"win_rate":0.0,"timestamp":1612708579,"path_taken":["M","M","M","M","M","R","M","R","T","E","$","M","?","M","R","BOSS"],"items_purchased_type":["Card","Card","Card"],"build_version":"2020-12-22","purchased_purges":0,"victory":false,"max_hp_per_floor":[77,77,77,77,77,77,77,77,77,77,77,77,77,77,77,77,77],"card_choices":[{"not_picked":["PiercingWail","Acrobatics"],"picked":"Poisoned Stab","floor":1},{"not_picked":["Prepared","Slice"],"picked":"Blade Dance","floor":2},{"not_picked":["Underhanded Strike","PiercingWail"],"picked":"Finisher","floor":3},{"not_picked":["Quick Slash","Setup","Night Terror"],"picked":"SKIP","floor":4},{"not_picked":["Acrobatics","Endless Agony"],"picked":"Outmaneuver","floor":5},{"not_picked":["Endless Agony","Dagger Spray"],"picked":"Bouncing Flask","floor":7},{"not_picked":["Dagger Spray","Crippling Poison"],"picked":"Choke","floor":10},{"not_picked":["Poisoned Stab","PiercingWail","Underhanded Strike"],"picked":"SKIP","floor":12},{"not_picked":["Tactician","Infinite Blades","Underhanded Strike"],"picked":"SKIP","floor":14}],"player_experience":335551,"relics_obtained":[{"floor":10,"key":"Peace Pipe"}],"event_choices":[{"damage_healed":0,"gold_gain":0,"player_choice":"Success","damage_taken":18,"relics_obtained":["Bag of Marbles"],"max_hp_gain":0,"max_hp_loss":0,"event_name":"Scrap Ooze","floor":13,"gold_loss":0}],"is_beta":false,"boss_relics":[],"items_purged_floors":[],"is_endless":false,"potions_floor_spawned":[1,3,7,10],"killed_by":"The Guardian","ascension_level":1}}