{"host":"g5fmetnswx4f9rhi","time":1612667104,"event":{"mods":["AchievementEnabler","Act Like it!","Aspiration","BaseMod","Conspire","Friendly Minions","Gensokyo","GifTheSpireLib","Halation","Hallownest","Hubris","Infinite Spire","Koishi","Lobotomy","LobotomyExtend","Luminous","Mari Mod (Legacy)","Mari\u0027s V1 Patch","Marisa????????","Mimic Mod","Minty Spire (QoL Compilation)","Railgun Mod","Reimu??????","Remilia??????","Replay The Spire","StSLib","Td1madao Mod","The Administrix","The Alterego","The Animator","The Bladedancer","The Bug Knight","The Cursed","The Disciple","The Jungle","The Marked","The Necromancer","The Senshi","The Servant 0.9.4","Waifu the Spire","Yakumo Yukari mod","Yuri Mod"],"gold_per_floor":[124,135,166,181,141,174,174,207,231,231,251,293,73,85,85,93,93],"floor_reached":16,"language":"ENG","playtime":2778,"items_purged":["animator:Strike"],"score":106,"play_id":"9093544b-53e0-47ac-8a5c-ecbf23f6de1c","local_time":"20210206210503","is_ascension_mode":false,"campfire_choices":[{"data":"animator:Demiurge","floor":10,"key":"SMITH"},{"floor":15,"key":"DIG"}],"circlet_count":0,"master_deck":["animator:Strike_Konosuba","animator:Defend_Konosuba","animator:Strike","animator:Strike","animator:Defend","animator:Defend","animator:Defend","animator:Kazuma","animator:Aqua","animator:Shalltear","animator:Demiurge+1","animator:YunYun","animator:Megumin+1","animator:NagisaMomoe","animator:FielNirvalen","animator:Hakurou","animator:Cocytus","animator:ZankiKiguchi"],"relics":["animator:LivingPicture","animator:TheMissingPiece","animator:PurgingStone","Blue Doll","Replay:Bandana","Lee\u0027s Waffle","animator:ShionDessert"],"acts_visited":["Hallownest:Greenpath"],"potions_floor_usage":[14,16,16],"damage_taken":[{"damage":3,"enemies":"2_ Uuma","floor":1,"turns":12},{"damage":0,"enemies":"Hallownest:2_MossCreeps","floor":2,"turns":16},{"damage":1,"enemies":"Hallownest:2_Baldur","floor":3,"turns":3},{"damage":37,"enemies":"Hallownest:1_Ooma_and_2_Uuma","floor":4,"turns":9},{"damage":13,"enemies":"Hallownest:eliteMossKnight","floor":6,"turns":13},{"damage":9,"enemies":"Hallownest:Wandering_and_Horned","floor":8,"turns":5},{"damage":0,"enemies":"Hallownest:monsterMossCharger","floor":11,"turns":5},{"damage":24,"enemies":"Hallownest:MossCreep_and_Mosskin","floor":12,"turns":6},{"damage":16,"enemies":"Hallownest:Wandering_and_Horned","floor":14,"turns":7},{"damage":105,"enemies":"Hallownest:BossHornet","floor":16,"turns":6}],"seed_played":"-7556950314394715785","potions_obtained":[{"floor":1,"key":"Swift Potion"},{"floor":8,"key":"AttackPotion"},{"floor":11,"key":"CultistPotion"},{"floor":14,"key":"GrandPatriotsElixir:ReiMu"}],"is_trial":false,"path_per_floor":["M","M","M","M","?","E","?","M","T","R","M","M","$","M","R","B"],"character_chosen":"THE_ANIMATOR","items_purchased":["Lee\u0027s Waffle"],"campfire_rested":0,"item_purchase_floors":[13],"current_hp_per_floor":[65,67,66,32,50,39,29,22,22,22,24,2,75,61,61,0,0],"gold":93,"neow_bonus":"RANDOM_COMMON_RELIC","is_daily":false,"chose_seed":false,"campfire_upgraded":1,"win_rate":0.0,"timestamp":1612667103,"path_taken":["M","M","?","M","?","E","?","?","T","R","M","M","$","M","R","BOSS"],"items_purchased_type":["Relic"],"build_version":"2020-12-22","purchased_purges":1,"victory":false,"max_hp_per_floor":[66,67,67,68,68,68,68,68,68,68,68,68,75,75,75,75,75],"card_choices":[{"not_picked":["animator:RinTohsaka","animator:Shichika"],"picked":"animator:Shalltear","floor":1},{"not_picked":["animator:ChaikaBohdan","animator:Hakurou"],"picked":"animator:Demiurge","floor":2},{"not_picked":["animator:Benimaru","animator:Emonzaemon"],"picked":"animator:YunYun","floor":3},{"not_picked":["animator:Kazuma","animator:Mitsurugi"],"picked":"animator:Megumin","floor":4},{"not_picked":["animator:UneriGinkaku","animator:SuzuneAmano"],"picked":"animator:NagisaMomoe","floor":6},{"not_picked":["animator:OrikoMikuni","animator:Viivi"],"picked":"animator:FielNirvalen","floor":8},{"not_picked":["animator:Emonzaemon","animator:GuildGirl"],"picked":"animator:Hakurou","floor":11},{"not_picked":["animator:NarberalGamma","animator:PandorasActor"],"picked":"animator:Cocytus","floor":12},{"not_picked":["animator:Shalltear","animator:Layla"],"picked":"animator:ZankiKiguchi","floor":14}],"player_experience":28819,"relics_obtained":[{"floor":6,"key":"Replay:Bandana"},{"floor":15,"key":"animator:ShionDessert"}],"event_choices":[],"is_beta":false,"boss_relics":[],"items_purged_floors":[13],"is_endless":false,"potions_floor_spawned":[1,8,11,12,14],"killed_by":"Hallownest:BossHornet","ascension_level":0}}