{"host":"fv4u04bzswzfg5qa","time":1612728594,"event":{"mods":["BaseMod","Colored Map","Colored Powertips","Highlight Path","Minty Spire (QoL Compilation)","StSLib","Synergy Search"],"gold_per_floor":[118,135,60,60,70,70,100,100,125,125,125,159,159,174,174,277,277,290,301,400,411,29,56,56,56,56,56,56],"floor_reached":27,"language":"ENG","playtime":2098,"items_purged":[],"score":318,"play_id":"62b10fd2-32a5-46eb-a9c5-5c15466f5238","local_time":"20210207150954","is_ascension_mode":true,"campfire_choices":[{"data":"Armaments","floor":6.0,"key":"SMITH"},{"data":"Limit Break","floor":8.0,"key":"SMITH"},{"data":"Inflame","floor":11.0,"key":"SMITH"},{"data":"Inflame","floor":13.0,"key":"SMITH"},{"data":"Flex","floor":15.0,"key":"SMITH"},{"data":"Barricade","floor":24,"key":"SMITH"}],"circlet_count":0,"master_deck":["Strike_R+1","Strike_R","Strike_R","Defend_R+1","Defend_R","Defend_R","Defend_R","Bash","Ghostly Armor","Iron Wave","Armaments+1","Inflame+1","Limit Break+1","Inflame+1","Twin Strike","Flex+1","Barricade+1","Fire Breathing+1","Carnage+1","Clothesline+1","Metallicize+1","Twin Strike","Body Slam","Enlightenment+1","Metallicize","Inflame"],"relics":["Burning Blood","Bag of Preparation","Blood Vial","Anchor","Astrolabe","Toxic Egg 2","Shuriken","Singing Bowl"],"acts_visited":["Exordium","TheCity"],"potions_floor_usage":[16,23],"damage_taken":[{"damage":13.0,"enemies":"Jaw Worm","floor":1.0,"turns":6.0},{"damage":0.0,"enemies":"2 Louse","floor":2.0,"turns":3.0},{"damage":0.0,"enemies":"Cultist","floor":5.0,"turns":4.0},{"damage":5.0,"enemies":"3 Sentries","floor":7.0,"turns":9.0},{"damage":18.0,"enemies":"Lagavulin","floor":12.0,"turns":7.0},{"damage":7.0,"enemies":"3 Louse","floor":14.0,"turns":4.0},{"damage":0,"enemies":"Slime Boss","floor":16,"turns":5},{"damage":6,"enemies":"Chosen","floor":18,"turns":4},{"damage":7,"enemies":"Shell Parasite","floor":19,"turns":7},{"damage":20,"enemies":"Snecko","floor":21,"turns":5},{"damage":16,"enemies":"Book of Stabbing","floor":23,"turns":7},{"damage":61,"enemies":"Gremlin Leader","floor":27,"turns":4}],"seed_played":"-6208012167843788341","potions_obtained":[{"floor":1.0,"key":"FearPotion"},{"floor":12.0,"key":"SteroidPotion"},{"floor":16,"key":"LiquidMemories"},{"floor":18,"key":"Weak Potion"}],"is_trial":false,"path_per_floor":["M","M","$","?","M","R","E","R","T","?","R","E","R","M","R","B",null,"M","M","?","M","$","E","R","?","T","E"],"character_chosen":"IRONCLAD","items_purchased":["Inflame","Toxic Egg 2","Enlightenment+1","Metallicize"],"campfire_rested":0,"item_purchase_floors":[3,22,22,22],"current_hp_per_floor":[73,79,79,63,69,69,70,70,70,70,70,60,60,61,61,69,80,80,79,79,66,66,58,58,58,58,0,0],"gold":56,"neow_bonus":"THREE_CARDS","is_daily":false,"chose_seed":false,"campfire_upgraded":6,"win_rate":0.0,"timestamp":1612728594,"path_taken":["M","M","$","?","M","R","E","R","T","?","R","E","R","?","R","BOSS","M","M","?","M","$","E","R","?","T","E"],"items_purchased_type":["Card","Relic","Card","Card"],"build_version":"2020-12-22","purchased_purges":0,"victory":false,"max_hp_per_floor":[80,80,80,80,80,80,80,80,80,80,80,80,80,80,80,80,80,80,80,80,80,80,80,80,80,80,80,80],"card_choices":[{"not_picked":["Pommel Strike","Blood for Blood"],"picked":"Ghostly Armor","floor":0.0},{"not_picked":["Entrench","Disarm"],"picked":"Iron Wave","floor":1.0},{"not_picked":["Clothesline","Sever Soul"],"picked":"Armaments","floor":2.0},{"not_picked":["Searing Blow","True Grit"],"picked":"Intimidate","floor":5.0},{"not_picked":["Clothesline","Pommel Strike"],"picked":"Limit Break","floor":7.0},{"not_picked":["Bludgeon","Ghostly Armor"],"picked":"Twin Strike","floor":12.0},{"not_picked":["Burning Pact","Evolve"],"picked":"Flex","floor":14.0},{"not_picked":["Berserk","Fiend Fire"],"picked":"Barricade","floor":16},{"not_picked":["Armaments+1","Clothesline"],"picked":"Metallicize+1","floor":18},{"not_picked":["Havoc","Clash"],"picked":"Twin Strike","floor":19},{"not_picked":["Flex","Clash+1"],"picked":"Body Slam","floor":21},{"not_picked":["Havoc+1","Armaments+1"],"picked":"Inflame","floor":23}],"player_experience":240845,"relics_obtained":[{"floor":7.0,"key":"Bag of Preparation"},{"floor":9.0,"key":"Blood Vial"},{"floor":12.0,"key":"Anchor"},{"floor":23,"key":"Shuriken"},{"floor":26,"key":"Singing Bowl"}],"event_choices":[{"damage_healed":0.0,"max_hp_gain":0.0,"max_hp_loss":0.0,"gold_gain":0.0,"event_name":"Shining Light","player_choice":"Entered Light","floor":4.0,"gold_loss":0.0,"damage_taken":16.0,"cards_upgraded":["Defend_R","Strike_R"]},{"damage_healed":0.0,"max_hp_gain":0.0,"max_hp_loss":0.0,"gold_gain":0.0,"event_name":"Match and Keep!","player_choice":"1 cards matched","floor":10.0,"gold_loss":0.0,"damage_taken":0.0,"cards_obtained":["Inflame"]},{"damage_healed":0,"gold_gain":99,"player_choice":"Stole From Cult","damage_taken":0,"max_hp_gain":0,"max_hp_loss":0,"event_name":"Nest","floor":20,"gold_loss":0}],"is_beta":false,"boss_relics":[{"not_picked":["SacredBark","Philosopher\u0027s Stone"],"picked":"Astrolabe"}],"items_purged_floors":[],"is_endless":false,"potions_floor_spawned":[1,12,16,18],"killed_by":"Gremlin Leader","ascension_level":2}}