{"host":"u7bb6mvzuirwfcqo","time":1612662233,"event":{"mods":["2.2 Compatiblity","AchievementEnabler","BaseMod","Card Forge","Downfall","Hermit","Minty Spire (QoL Compilation)","Relic Stats","Replay The Spire","StSLib"],"gold_per_floor":[111,122,134,154,154,154,72,82,82,102,102,117,44,44,44,44,44,44],"floor_reached":16,"language":"ENG","playtime":786,"items_purged":[],"score":94,"play_id":"5040d324-d6c5-42af-a832-9f74c8906f66","local_time":"20210206204353","is_ascension_mode":false,"campfire_choices":[{"data":"bronze:Overheat","floor":6,"key":"SMITH"},{"data":"bronze:Mutator","floor":11,"key":"SMITH"},{"data":"bronze:Optimize","floor":15,"key":"SMITH"}],"circlet_count":0,"master_deck":["bronze:Strike","bronze:Strike","bronze:Strike","bronze:Strike","bronze:Defend","bronze:Defend","bronze:Defend","bronze:Defend","bronze:Replicate","bronze:Goto","m_Survivalism","Slimebound:Defend_Slimebound","Master of Strategy","bronze:Repair","bronze:Frontload","bronze:Boost","bronze:Philosophize","bronze:HardenedForm","bronze:Overheat+1","bronze:Goto","bronze:Repair","bronze:Mutator+1","bronze:Overload","bronze:BronzeOrb","bronze:Optimize+1"],"relics":["bronze:BronzeCore","Hammer of Thor","Seething Fire","Anvil of the Gods","Replay:WaspNest"],"acts_visited":["Exordium"],"potions_floor_usage":[],"damage_taken":[{"damage":9.0,"enemies":"Small Slimes","floor":1.0,"turns":4.0},{"damage":4.0,"enemies":"Cultist","floor":2.0,"turns":4.0},{"damage":0.0,"enemies":"Jaw Worm","floor":3.0,"turns":5.0},{"damage":8.0,"enemies":"2 Fungi Beasts","floor":4.0,"turns":7.0},{"damage":3,"enemies":"3 Louse","floor":8,"turns":5},{"damage":5,"enemies":"Looter","floor":10,"turns":4},{"damage":15,"enemies":"Blue Slaver","floor":12,"turns":5},{"damage":117,"enemies":"Fading Forest","floor":16,"turns":10}],"seed_played":"-3650387013430373579","potions_obtained":[{"floor":4.0,"key":"FairyPotion"}],"is_trial":false,"path_per_floor":["M","M","M","M","?","R","$","M","T","M","R","M","$","?","R","B"],"character_chosen":"THE_AUTOMATON","items_purchased":["bronze:Repair","bronze:Optimize"],"campfire_rested":0,"item_purchase_floors":[7,13],"current_hp_per_floor":[61,64,70,69,69,69,69,70,70,70,70,62,62,62,62,0,0,0],"gold":44,"neow_bonus":"RANDOM_COLORLESS_2","is_daily":false,"chose_seed":false,"campfire_upgraded":3,"win_rate":0.0,"timestamp":1612662233,"path_taken":["M","M","M","M","?","R","?","?","T","M","R","M","$","?","R","BOSS"],"items_purchased_type":["Card","Card"],"build_version":"2020-12-22","purchased_purges":0,"victory":false,"max_hp_per_floor":[70,70,70,70,70,70,70,70,70,70,70,70,70,70,70,70,70,70],"relic_stats":{"counters":[8,44],"obtain_stats":[{"bronze:BronzeCore":0,"Anvil of the Gods":0,"Hammer of Thor":0,"Replay:WaspNest":9,"Seething Fire":0},{"bronze:BronzeCore":0,"Anvil of the Gods":0,"Hammer of Thor":0,"Replay:WaspNest":5,"Seething Fire":0},{"bronze:BronzeCore":0,"Anvil of the Gods":0,"Hammer of Thor":0,"Replay:WaspNest":25,"Seething Fire":0}]},"card_choices":[{"not_picked":["Sadistic Nature","Thinking Ahead"],"picked":"Master of Strategy","floor":0.0},{"not_picked":["bronze:Allocate","bronze:GetLatest"],"picked":"bronze:Repair","floor":1.0},{"not_picked":["bronze:BugBarrage","bronze:Repulsor","bronze:Overheat"],"picked":"SKIP","floor":2.0},{"not_picked":["bronze:WildBeam","bronze:FineTuning"],"picked":"bronze:Frontload","floor":3.0},{"not_picked":["bronze:Frontload","bronze:BugBarrage"],"picked":"bronze:Boost","floor":4.0},{"not_picked":["bronze:WhirlingStrike","bronze:Turbo"],"picked":"bronze:Mutator","floor":8},{"not_picked":["bronze:Invalidate","bronze:Backtrace"],"picked":"bronze:Overload","floor":10},{"not_picked":["bronze:Invalidate","bronze:BitShift"],"picked":"bronze:BronzeOrb","floor":12}],"player_experience":26094,"relics_obtained":[{"floor":9,"key":"Replay:WaspNest"}],"event_choices":[{"damage_healed":0,"gold_gain":0,"player_choice":"4 cards matched","damage_taken":0,"max_hp_gain":0,"max_hp_loss":0,"event_name":"Match and Keep!","floor":5,"gold_loss":0,"cards_obtained":["bronze:Philosophize","bronze:HardenedForm","bronze:Overheat","bronze:Goto"]},{"damage_healed":0,"gold_gain":0,"player_choice":"Leave","damage_taken":0,"max_hp_gain":0,"max_hp_loss":0,"event_name":"The Cleric","floor":14,"gold_loss":0}],"is_beta":false,"boss_relics":[],"items_purged_floors":[],"is_endless":false,"potions_floor_spawned":[4],"killed_by":"Fading Forest","ascension_level":0}}