{"host":"m1r1dnnd0bbi4qb9","time":1612718831,"event":{"mods":["BaseMod","Minty Spire (QoL Compilation)","SuperFastMode"],"gold_per_floor":[110,285,305,305,325,325,357,357,436,451,484,496,526,537,537,537,537],"floor_reached":16,"language":"ENG","playtime":536,"items_purged":[],"score":168,"play_id":"e79d0a76-b35f-41d8-9fd3-97d7ffea273b","local_time":"20210207152711","is_ascension_mode":true,"campfire_choices":[{"data":"Spot Weakness","floor":6,"key":"SMITH"},{"data":"Shrug It Off","floor":8,"key":"SMITH"},{"floor":15,"key":"REST"}],"circlet_count":0,"master_deck":["AscendersBane","Strike_R","Strike_R","Strike_R","Strike_R","Strike_R","Defend_R","Defend_R","Defend_R","Defend_R","Bash+1","Shrug It Off+1","Doubt","Spot Weakness+1","Twin Strike","Twin Strike","True Grit","Infernal Blade","Thunderclap","Flex"],"relics":["Burning Blood","Toy Ornithopter","The Courier","Ornamental Fan","Potion Belt"],"acts_visited":["Exordium"],"potions_floor_usage":[7,11,11],"damage_taken":[{"damage":7,"enemies":"Small Slimes","floor":1,"turns":4},{"damage":4,"enemies":"Jaw Worm","floor":3,"turns":5},{"damage":8,"enemies":"2 Louse","floor":5,"turns":4},{"damage":40,"enemies":"3 Sentries","floor":7,"turns":9},{"damage":27,"enemies":"Large Slime","floor":10,"turns":9},{"damage":28,"enemies":"Gremlin Nob","floor":11,"turns":4},{"damage":14,"enemies":"Lots of Slimes","floor":12,"turns":5},{"damage":4,"enemies":"3 Louse","floor":14,"turns":3},{"damage":51,"enemies":"Slime Boss","floor":16,"turns":5}],"seed_played":"-5767611506498605067","potions_obtained":[{"floor":3,"key":"Fire Potion"},{"floor":7,"key":"Regen Potion"},{"floor":10,"key":"AttackPotion"}],"is_trial":false,"path_per_floor":["M","?","M","?","M","R","E","R","T","M","E","M","?","M","R","B"],"character_chosen":"IRONCLAD","items_purchased":[],"campfire_rested":1,"item_purchase_floors":[],"current_hp_per_floor":[71,71,73,70,68,68,39,39,39,18,18,10,10,12,36,0,0],"gold":537,"neow_bonus":"UPGRADE_CARD","is_daily":false,"chose_seed":false,"campfire_upgraded":2,"win_rate":0.0,"timestamp":1612718831,"path_taken":["M","?","M","?","?","R","E","R","T","M","E","M","?","M","R","BOSS"],"items_purchased_type":[],"build_version":"2020-12-22","purchased_purges":0,"victory":false,"max_hp_per_floor":[80,80,80,80,80,80,80,80,80,80,80,80,80,80,80,80,80],"card_choices":[{"not_picked":["Uppercut","Warcry"],"picked":"Shrug It Off","floor":1},{"not_picked":["Wild Strike","Cleave"],"picked":"Spot Weakness","floor":3},{"not_picked":["Perfected Strike","Warcry"],"picked":"Twin Strike","floor":5},{"not_picked":["Power Through","Seeing Red"],"picked":"Twin Strike","floor":7},{"not_picked":["Clash","Wild Strike"],"picked":"True Grit","floor":10},{"not_picked":["Thunderclap","Body Slam"],"picked":"Infernal Blade","floor":11},{"not_picked":["Corruption","Warcry"],"picked":"Thunderclap","floor":12},{"not_picked":["Sentinel","Clothesline"],"picked":"Flex","floor":14}],"player_experience":599704,"relics_obtained":[{"floor":7,"key":"The Courier"},{"floor":9,"key":"Ornamental Fan"},{"floor":11,"key":"Potion Belt"}],"event_choices":[{"damage_healed":0,"gold_gain":175,"player_choice":"AGREE","damage_taken":0,"max_hp_gain":0,"max_hp_loss":0,"event_name":"Liars Game","floor":2,"gold_loss":0,"cards_obtained":["Doubt"]},{"damage_healed":0,"gold_gain":0,"player_choice":"Success","damage_taken":3,"relics_obtained":["Toy Ornithopter"],"max_hp_gain":0,"max_hp_loss":0,"event_name":"Scrap Ooze","floor":4,"gold_loss":0},{"damage_healed":0,"gold_gain":30,"player_choice":"Searched \u00272\u0027 times","damage_taken":0,"max_hp_gain":0,"max_hp_loss":0,"event_name":"Dead Adventurer","floor":13,"gold_loss":0}],"is_beta":false,"boss_relics":[],"items_purged_floors":[],"is_endless":false,"potions_floor_spawned":[3,7,10],"killed_by":"Slime Boss","ascension_level":10}}