{"host":"skr63qsdfgeey3it","time":1612674723,"event":{"mods":["BaseMod","Colored Map","Hubris","Minty Spire (QoL Compilation)","Monster B Gone","Reliquary","Replay The Spire","Spicy Shops","StSLib"],"gold_per_floor":[109,124,124,124,57,57,90,104,104,26,37,68,82,82,82],"floor_reached":14,"language":"ENG","playtime":745,"items_purged":[],"score":206,"play_id":"28a51f99-0f3e-4526-a0a5-95a49a7b9070","local_time":"20210206231203","is_ascension_mode":true,"campfire_choices":[{"data":"Consume","floor":6,"key":"SMITH"}],"circlet_count":0,"master_deck":["AscendersBane","Strike_B","Strike_B","Strike_B","Strike_B","Defend_B","Defend_B","Defend_B+1","Defend_B","Zap","Dualcast","Storm","Consume+1","Static Discharge","Ball Lightning","Heatsinks","FIFO Queue","Chaos","Leap","Thunder Strike"],"relics":["Cracked Core","NeowsBlessing","hubris:Icosahedron","Omamori","Chameleon Ring","reliquary:RoseTintedGlasses"],"acts_visited":["Exordium"],"potions_floor_usage":[12,14],"damage_taken":[{"damage":0,"enemies":"Jaw Worm","floor":1,"turns":1},{"damage":0,"enemies":"2 Louse","floor":2,"turns":1},{"damage":0,"enemies":"3 Sentries","floor":7,"turns":1},{"damage":0,"enemies":"Cultist","floor":8,"turns":3},{"damage":18,"enemies":"2 Fungi Beasts","floor":11,"turns":4},{"damage":14,"enemies":"Gremlin Nob","floor":12,"turns":4},{"damage":3,"enemies":"Blue Slaver","floor":13,"turns":3},{"damage":40,"enemies":"3 Sentries","floor":14,"turns":2}],"seed_played":"951440196011737026","potions_obtained":[{"floor":7,"key":"SneckoOil"},{"floor":8,"key":"LifebloodPotion"}],"is_trial":false,"path_per_floor":["M","M","?","?","$","R","E","M","T","$","M","E","M","E"],"character_chosen":"DEFECT","items_purchased":["Static Discharge","FIFO Queue"],"campfire_rested":0,"item_purchase_floors":[5,10],"current_hp_per_floor":[68,68,68,68,68,68,68,68,68,68,50,36,33,0,0],"gold":82,"neow_bonus":"THREE_ENEMY_KILL","is_daily":false,"chose_seed":false,"campfire_upgraded":1,"win_rate":0.0,"timestamp":1612674723,"path_taken":["M","M","?","?","$","R","E","M","T","?","?","E","M","E"],"items_purchased_type":["Card","Card"],"build_version":"2020-12-22","purchased_purges":0,"victory":false,"max_hp_per_floor":[75,75,75,75,75,75,75,75,75,75,75,75,75,75,75],"card_choices":[{"not_picked":["Cold Snap","Go for the Eyes"],"picked":"Storm","floor":1},{"not_picked":["FTL","Beam Cell"],"picked":"Consume","floor":2},{"not_picked":["Stack","Coolheaded"],"picked":"Ball Lightning","floor":7},{"not_picked":["Steam Power","Turbo"],"picked":"Heatsinks","floor":8},{"not_picked":["hubris:PowerSurge","Streamline"],"picked":"Chaos","floor":11},{"not_picked":["BasicCrystalCard","Hologram"],"picked":"Leap","floor":12},{"not_picked":["Ball Lightning","Panic Button"],"picked":"Thunder Strike","floor":13}],"player_experience":898465,"relics_obtained":[{"floor":7,"key":"Omamori"},{"floor":9,"key":"Chameleon Ring"},{"floor":12,"key":"reliquary:RoseTintedGlasses"}],"event_choices":[],"is_beta":false,"boss_relics":[],"items_purged_floors":[],"is_endless":false,"potions_floor_spawned":[7,8,11],"killed_by":"3 Sentries","ascension_level":13}}