{"host":"id1lehtnb7dzklac","time":1612705530,"event":{"mods":["AchievementEnabler","BaseMod","Bestiary","Block Reminder","Colored Map","Highlight Path","Minty Spire (QoL Compilation)","Permanent Neow","Quick Restart","Random Character Button","StSLib","slay the spire mod where everything is the same but ironclad has a cowboy hat"],"gold_per_floor":[115,130,147,147,163,190,190,201,201,563,192,219,230,260,260,365,365,409,446,446,488,488,488],"floor_reached":22,"language":"ENG","playtime":899,"items_purged":["Parasite"],"score":323,"play_id":"783589c1-22f5-4d6d-8115-6729abb64186","local_time":"20210207214530","is_ascension_mode":true,"campfire_choices":[{"data":"CutThroughFate","floor":7,"key":"SMITH"},{"data":"EmptyFist","floor":15,"key":"SMITH"}],"circlet_count":0,"master_deck":["Strike_P","Strike_P","Strike_P","Defend_P","Defend_P","Defend_P","Defend_P","Eruption","Vigilance","EmptyFist","EmptyFist+1","CutThroughFate+1","Protect","BowlingBash","Wireheading","CarveReality","Tantrum","InnerPeace","Wish","Adaptation","Tantrum"],"relics":["Cursed Key","CultistMask","Darkstone Periapt","Ginger","Old Coin","Akabeko","Lizard Tail","Orichalcum","VioletLotus"],"acts_visited":["Exordium","TheCity"],"potions_floor_usage":[10,12,18,19,21,22],"damage_taken":[{"damage":0,"enemies":"2 Louse","floor":1,"turns":3},{"damage":2,"enemies":"Cultist","floor":2,"turns":3},{"damage":0,"enemies":"Jaw Worm","floor":3,"turns":2},{"damage":5,"enemies":"3 Louse","floor":5,"turns":3},{"damage":16,"enemies":"3 Sentries","floor":6,"turns":8},{"damage":5,"enemies":"Gremlin Gang","floor":8,"turns":5},{"damage":14,"enemies":"Gremlin Nob","floor":10,"turns":3},{"damage":0,"enemies":"Gremlin Nob","floor":12,"turns":2},{"damage":0,"enemies":"2 Fungi Beasts","floor":13,"turns":3},{"damage":0,"enemies":"3 Sentries","floor":14,"turns":4},{"damage":0,"enemies":"Slime Boss","floor":16,"turns":5},{"damage":0,"enemies":"Chosen","floor":18,"turns":4},{"damage":7,"enemies":"2 Thieves","floor":19,"turns":4},{"damage":2,"enemies":"Sentry and Sphere","floor":21,"turns":4},{"damage":15,"enemies":"Centurion and Healer","floor":22,"turns":2}],"seed_played":"-8914124591956744954","potions_obtained":[{"floor":2,"key":"DuplicationPotion"},{"floor":8,"key":"LiquidMemories"},{"floor":12,"key":"Explosive Potion"},{"floor":14,"key":"GamblersBrew"},{"floor":16,"key":"LiquidMemories"},{"floor":19,"key":"Regen Potion"},{"floor":21,"key":"SkillPotion"}],"is_trial":false,"path_per_floor":["M","M","M","?","M","E","R","M","T","?","$","E","M","E","R","B",null,"M","M","?","M","M"],"character_chosen":"WATCHER","items_purchased":["Wireheading","CarveReality","Akabeko"],"campfire_rested":0,"item_purchase_floors":[11,11,11],"current_hp_per_floor":[72,70,70,70,65,49,49,44,50,36,36,36,36,36,36,36,75,75,68,68,66,51,51],"gold":488,"neow_bonus":"BOSS_RELIC","is_daily":false,"chose_seed":false,"campfire_upgraded":2,"win_rate":0.0,"timestamp":1612705530,"path_taken":["M","M","M","?","?","E","R","M","T","?","$","E","M","E","R","BOSS","M","M","?","?","M"],"items_purchased_type":["Card","Card","Relic"],"build_version":"2020-12-22","purchased_purges":1,"victory":false,"max_hp_per_floor":[72,72,72,72,72,72,72,72,78,78,75,75,75,75,75,75,75,75,75,75,75,75,75],"card_choices":[{"not_picked":["Consecrate","EmptyBody"],"picked":"EmptyFist","floor":1},{"not_picked":["JustLucky","ReachHeaven","Collect"],"picked":"SKIP","floor":2},{"not_picked":["MasterReality","Prostrate"],"picked":"EmptyFist","floor":3},{"not_picked":["ThirdEye","ClearTheMind"],"picked":"CutThroughFate","floor":5},{"not_picked":["Weave","FlyingSleeves"],"picked":"Protect","floor":6},{"not_picked":["JustLucky","Worship","WaveOfTheHand"],"picked":"SKIP","floor":8},{"not_picked":["ThirdEye","WindmillStrike"],"picked":"BowlingBash","floor":10},{"not_picked":["EmptyFist","Adaptation"],"picked":"Tantrum","floor":12},{"not_picked":["ForeignInfluence","Sanctity","Conclude"],"picked":"SKIP","floor":13},{"not_picked":["Adaptation","BowlingBash"],"picked":"InnerPeace","floor":14},{"not_picked":["Ragnarok","Blasphemy"],"picked":"Wish","floor":16},{"not_picked":["BowlingBash","PathToVictory","Perseverance"],"picked":"SKIP","floor":18},{"not_picked":["Indignation+1","Consecrate"],"picked":"Adaptation","floor":19},{"not_picked":["Indignation","SignatureMove+1"],"picked":"Tantrum","floor":21}],"player_experience":249108,"relics_obtained":[{"floor":6,"key":"Darkstone Periapt"},{"floor":9,"key":"Ginger"},{"floor":10,"key":"Old Coin"},{"floor":12,"key":"Lizard Tail"},{"floor":14,"key":"Orichalcum"}],"event_choices":[{"damage_healed":0,"gold_gain":0,"player_choice":"Trade","damage_taken":0,"relics_obtained":["CultistMask"],"max_hp_gain":0,"max_hp_loss":0,"event_name":"FaceTrader","floor":4,"gold_loss":0},{"damage_healed":0,"gold_gain":30,"player_choice":"Searched \u00272\u0027 times","damage_taken":0,"max_hp_gain":0,"max_hp_loss":0,"event_name":"Dead Adventurer","floor":10,"gold_loss":0},{"cards_removed":["Strike_P"],"damage_healed":0,"gold_gain":0,"player_choice":"Offered Basic","damage_taken":0,"max_hp_gain":0,"max_hp_loss":0,"event_name":"Bonfire Elementals","floor":20,"gold_loss":0}],"is_beta":false,"boss_relics":[{"not_picked":["Velvet Choker","Philosopher\u0027s Stone"],"picked":"VioletLotus"}],"items_purged_floors":[11],"is_endless":false,"potions_floor_spawned":[2,8,12,14,16,19,21],"killed_by":"Centurion and Healer","ascension_level":1}}