{"host":"hs5g5f0q56ds4vmn","time":1612684104,"event":{"mods":["AchievementEnabler","BaseMod","DeckTracker","Highlight Path","Minty Spire (QoL Compilation)","SuperFastMode","everything is the same but u backflip on backflip"],"gold_per_floor":[361,436,436,18,38,79,79,120,120,120,136,136,53,91,91,91,91],"floor_reached":16,"language":"KOR","playtime":1008,"items_purged":[],"score":180,"play_id":"5a7ba58f-8c4f-4204-91ad-3ebd52ca983c","local_time":"20210207164824","is_ascension_mode":true,"campfire_choices":[{"floor":7.0,"key":"REST"},{"floor":10.0,"key":"REST"},{"floor":12.0,"key":"REST"},{"data":"Aggregate","floor":15.0,"key":"SMITH"}],"circlet_count":0,"master_deck":["AscendersBane","Strike_B","Strike_B","Strike_B","Strike_B","Defend_B","Defend_B","Defend_B","Defend_B","Zap","Dualcast","Scrape","Injury","White Noise","Stack","Gash","Compile Driver","Rebound","Aggregate+1","BootSequence","Stack","Stack"],"relics":["Cracked Core","Golden Idol","Torii","Symbiotic Virus","Orichalcum","Darkstone Periapt","Strawberry"],"acts_visited":["Exordium"],"potions_floor_usage":[],"damage_taken":[{"damage":6.0,"enemies":"2 Louse","floor":1.0,"turns":3.0},{"damage":10.0,"enemies":"Small Slimes","floor":5.0,"turns":3.0},{"damage":23.0,"enemies":"Lagavulin","floor":6.0,"turns":7.0},{"damage":32.0,"enemies":"3 Sentries","floor":8.0,"turns":6.0},{"damage":7.0,"enemies":"Jaw Worm","floor":11.0,"turns":2.0},{"damage":29.0,"enemies":"Gremlin Nob","floor":14.0,"turns":5.0},{"damage":24,"enemies":"Slime Boss","floor":16,"turns":7}],"seed_played":"-8379693341814092023","potions_obtained":[{"floor":1.0,"key":"PowerPotion"},{"floor":8.0,"key":"Ancient Potion"},{"floor":11.0,"key":"Weak Potion"},{"floor":14.0,"key":"Block Potion"}],"is_trial":false,"path_per_floor":["M","?","?","$","M","E","R","E","T","R","M","R","$","E","R","B"],"character_chosen":"DEFECT","items_purchased":["Torii","White Noise","Stack","BootSequence","Stack"],"campfire_rested":3,"item_purchase_floors":[4,4,4,13,13],"current_hp_per_floor":[62,51,51,51,41,18,38,6,6,26,19,39,39,17,17,0,0],"gold":91,"neow_bonus":"TWO_FIFTY_GOLD","is_daily":false,"chose_seed":false,"campfire_upgraded":1,"win_rate":0.0,"timestamp":1612684104,"path_taken":["M","?","?","$","M","E","R","E","T","R","M","R","?","E","R","BOSS"],"items_purchased_type":["Relic","Card","Card","Card","Card"],"build_version":"2020-12-22","purchased_purges":0,"victory":false,"max_hp_per_floor":[68,68,68,68,68,68,68,68,68,68,68,68,68,75,75,75,75],"card_choices":[{"not_picked":["Compile Driver","Heatsinks"],"picked":"Scrape","floor":1.0},{"not_picked":["Rebound","Compile Driver"],"picked":"Gash","floor":5.0},{"not_picked":["Undo","Ball Lightning"],"picked":"Compile Driver","floor":6.0},{"not_picked":["Coolheaded","Undo"],"picked":"Rebound","floor":8.0},{"not_picked":["Storm","Rainbow"],"picked":"Aggregate","floor":11.0},{"not_picked":["Doom and Gloom","Redo"],"picked":"Stack","floor":14.0}],"player_experience":630972,"relics_obtained":[{"floor":6.0,"key":"Symbiotic Virus"},{"floor":8.0,"key":"Orichalcum"},{"floor":9.0,"key":"Darkstone Periapt"},{"floor":14.0,"key":"Strawberry"}],"event_choices":[{"damage_healed":0.0,"max_hp_gain":0.0,"max_hp_loss":0.0,"gold_gain":75.0,"event_name":"World of Goop","player_choice":"Gather Gold","floor":2.0,"gold_loss":0.0,"damage_taken":11.0},{"damage_healed":0.0,"max_hp_gain":0.0,"max_hp_loss":0.0,"gold_gain":0.0,"event_name":"Golden Idol","player_choice":"Take Wound","floor":3.0,"gold_loss":0.0,"damage_taken":0.0,"relics_obtained":["Golden Idol"],"cards_obtained":["Injury"]}],"is_beta":false,"boss_relics":[],"items_purged_floors":[],"is_endless":false,"potions_floor_spawned":[1,8,11,14],"killed_by":"Slime Boss","ascension_level":11}}