{"host":"vx9g5eyuglzorf3u","time":1612675836,"event":{"mods":["2.2 Compatiblity","BaseMod","DeckTracker","Keyboard Shortcuts","Minty Spire (QoL Compilation)","Relic Stats","StSLib","SuperFastMode","everything is the same but u backflip on backflip"],"gold_per_floor":[10000110,10000110,10000110,10000120,9989453,9989487,9989701,9989732,9989732,9989747,9989772,9989800,9989838,9989862,9989862,9989945,9989945,9989945,9989945,9987204,9987204,9987129,9987129,9987129,9987129,9987129,9987129,9987129,9987129,9987129,9987129,9987129,9987129,9987129,9987129,9986903,9986903,9986903,9986903,9986903,9986903,9986903,9986903,9986903,9986903,9986903,9986591,9985781,9985781,9985781,9985781,9985781,9985781,9985159,9985159,9985159],"floor_reached":57,"language":"KOR","playtime":1598,"items_purged":["Defend_P","Strike_P+1","Vigilance+1","LessonLearned+1","BattleHymn+1","Wireheading+1"],"score":3749,"play_id":"a8fdd3c9-ac38-4a48-9f11-c404e12db281","local_time":"20210207143036","is_ascension_mode":true,"campfire_choices":[{"data":"1","floor":15.0,"key":"LIFT"},{"data":"Strike_P+1","floor":23.0,"key":"PURGE"},{"data":"Defend_P+1","floor":25.0,"key":"PURGE"},{"data":"Defend_P+1","floor":27.0,"key":"PURGE"},{"data":"2","floor":32.0,"key":"LIFT"},{"data":"3","floor":40.0,"key":"LIFT"},{"floor":44.0,"key":"RECALL"},{"data":"Wireheading+1","floor":49,"key":"PURGE"},{"data":"LikeWater+1","floor":53,"key":"PURGE"}],"circlet_count":12,"master_deck":["AscendersBane","Eruption+1","MentalFortress+1","FearNoEvil+1","TalkToTheHand+1","WheelKick+1","Tantrum+1","Vault+1","InnerPeace+1","Vault+1","Fasting2+1","Wireheading+1","Study+1","MentalFortress+1","Adaptation+1","Secret Technique+1"],"relics":["PureWater","Mummified Hand","The Courier","Black Star","Frozen Egg 2","Toxic Egg 2","Molten Egg 2","Omamori","TeardropLocket","VioletLotus","Frozen Egg 2","Mummified Hand","Mercury Hourglass","Tiny Chest","Thread and Needle","Orichalcum","Sundial","Ancient Tea Set","Yang","Lizard Tail","Kunai","Bag of Marbles","Regal Pillow","Nunchaku","Centennial Puzzle","Eternal Feather","Art of War","Ornamental Fan","Letter Opener","Bag of Preparation","Shuriken","Girya","Bronze Scales","Molten Egg 2","Pantograph","Akabeko","StrikeDummy","Question Card","TeardropLocket","Matryoshka","Dream Catcher","HornCleat","Unceasing Top","Blood Vial","Meat on the Bone","MealTicket","InkBottle","Pen Nib","Darkstone Periapt","Whetstone","Juzu Bracelet","Happy Flower","White Beast Statue","Boot","Toxic Egg 2","Potion Belt","Peace Pipe","Blue Candle","Gambling Chip","Pear","Gremlin Horn","Oddly Smooth Stone","Singing Bowl","Torii","Omamori","Vajra","Bird Faced Urn","Toy Ornithopter","PreservedInsect","CeramicFish","Anchor","Damaru","Du-Vu Doll","Ice Cream","Old Coin","CloakClasp","Prayer Wheel","Strawberry","GoldenEye","War Paint","Ectoplasm","Incense Burner","Pocketwatch","WingedGreaves","FossilizedHelix","Mango","Turnip","TungstenRod","StoneCalendar","Ginger","Calipers","CaptainsWheel","Circlet","Philosopher\u0027s Stone","TheAbacus","OrangePellets","Frozen Eye"],"acts_visited":["Exordium","TheCity","TheBeyond","TheEnding"],"potions_floor_usage":[54,56,56,56],"damage_taken":[{"damage":0.0,"enemies":"Jaw Worm","floor":1.0,"turns":2.0},{"damage":0.0,"enemies":"2 Louse","floor":4.0,"turns":3.0},{"damage":0.0,"enemies":"Lagavulin","floor":6.0,"turns":1.0},{"damage":0.0,"enemies":"3 Sentries","floor":8.0,"turns":2.0},{"damage":0.0,"enemies":"Cultist","floor":10.0,"turns":1.0},{"damage":0.0,"enemies":"Gremlin Gang","floor":11.0,"turns":1.0},{"damage":1.0,"enemies":"3 Louse","floor":12.0,"turns":1.0},{"damage":0.0,"enemies":"Lagavulin","floor":13.0,"turns":1.0},{"damage":0.0,"enemies":"Blue Slaver","floor":14.0,"turns":1.0},{"damage":0.0,"enemies":"Hexaghost","floor":16.0,"turns":1.0},{"damage":0.0,"enemies":"Shell Parasite","floor":18.0,"turns":1.0},{"damage":0.0,"enemies":"Spheric Guardian","floor":19.0,"turns":1.0},{"damage":0.0,"enemies":"Gremlin Leader","floor":24.0,"turns":1.0},{"damage":0.0,"enemies":"Slavers","floor":28.0,"turns":1.0},{"damage":0.0,"enemies":"Shelled Parasite and Fungi","floor":30.0,"turns":1.0},{"damage":0.0,"enemies":"Book of Stabbing","floor":31.0,"turns":1.0},{"damage":0.0,"enemies":"Collector","floor":33.0,"turns":1.0},{"damage":0.0,"enemies":"Orb Walker","floor":35.0,"turns":1.0},{"damage":0.0,"enemies":"3 Darklings","floor":37.0,"turns":1.0},{"damage":0.0,"enemies":"Maw","floor":38.0,"turns":2.0},{"damage":0.0,"enemies":"Writhing Mass","floor":39.0,"turns":1.0},{"damage":0.0,"enemies":"4 Shapes","floor":41.0,"turns":1.0},{"damage":0.0,"enemies":"Transient","floor":42.0,"turns":1.0},{"damage":0.0,"enemies":"Giant Head","floor":45.0,"turns":1.0},{"damage":0.0,"enemies":"Sphere and 2 Shapes","floor":46.0,"turns":1.0},{"damage":0,"enemies":"Time Eater","floor":50,"turns":2},{"damage":0,"enemies":"Donu and Deca","floor":51,"turns":1},{"damage":0,"enemies":"Shield and Spear","floor":55,"turns":1},{"damage":0,"enemies":"The Heart","floor":56,"turns":6}],"seed_played":"5187775901149036667","potions_obtained":[{"floor":1.0,"key":"LiquidMemories"},{"floor":46.0,"key":"PowerPotion"}],"is_trial":false,"path_per_floor":["M","?","?","M","$","E","?","E","T","M","M","M","E","M","R","B",null,"M","M","$","?","?","R","E","R","T","R","E","T","M","E","R","B",null,"M","$","M","M","M","R","M","M","T","R","E","M","$","$","R","B","B",null,"R","$","E","B",null],"character_chosen":"WATCHER","items_purchased":["Mummified Hand","Mercury Hourglass","Tiny Chest","Thread and Needle","Orichalcum","Sundial","Ancient Tea Set","Yang","Lizard Tail","Kunai","Bag of Marbles","Regal Pillow","Nunchaku","Centennial Puzzle","Eternal Feather","Art of War","Ornamental Fan","Letter Opener","Bag of Preparation","Shuriken","Girya","Bronze Scales","Molten Egg 2","Pantograph","Akabeko","StrikeDummy","Question Card","TeardropLocket","Matryoshka","Dream Catcher","HornCleat","Unceasing Top","Blood Vial","Meat on the Bone","MealTicket","InkBottle","Pen Nib","Darkstone Periapt","Whetstone","Juzu Bracelet","Happy Flower","White Beast Statue","Boot","Toxic Egg 2","Potion Belt","Peace Pipe","Blue Candle","Gambling Chip","Pear","Gremlin Horn","Oddly Smooth Stone","Singing Bowl","Torii","Omamori","Vajra","Bird Faced Urn","Toy Ornithopter","PreservedInsect","CeramicFish","Anchor","Damaru","SkillPotion","Swift Potion","SteroidPotion","CultistPotion","Ancient Potion","Incense Burner","Pocketwatch","WingedGreaves","FossilizedHelix","Mango","Turnip","TungstenRod","StoneCalendar","Ginger","Calipers","CaptainsWheel","TheAbacus","Fruit Juice","BottledMiracle","LiquidMemories","OrangePellets","BattleHymn+1","Fasting2+1","Wireheading+1","Wireheading+1","Study+1","LikeWater+1","MentalFortress+1","Wireheading+1","Adaptation+1","Frozen Eye","Secret Technique+1","Fruit Juice","Swift Potion","Weak Potion"],"campfire_rested":0,"item_purchase_floors":[5,5,5,5,5,5,5,5,5,5,5,5,5,5,5,5,5,5,5,5,5,5,5,5,5,5,5,5,5,5,5,5,5,5,5,5,5,5,5,5,5,5,5,5,5,5,5,5,5,5,5,5,5,5,5,5,5,5,5,5,5,5,5,5,5,5,20,20,20,20,20,20,20,20,20,20,20,36,47,47,47,48,48,48,48,48,48,48,48,48,48,54,54,54,54,54],"current_hp_per_floor":[61,61,54,54,64,70,70,76,83,89,95,94,95,97,97,97,97,101,105,119,119,119,119,121,121,121,121,123,123,127,129,129,129,129,131,131,135,137,141,141,145,149,149,149,151,155,160,160,160,160,160,160,160,165,167,167],"gold":9985159,"neow_bonus":"REMOVE_CARD","is_daily":false,"chose_seed":false,"campfire_upgraded":0,"win_rate":0.0,"timestamp":1612675836,"path_taken":["M","?","?","M","$","E","?","E","T","M","M","M","E","M","R","BOSS","M","M","$","?","?","R","E","R","T","R","E","?","M","E","R","BOSS","M","$","M","M","M","R","M","M","T","R","E","M","$","$","R","BOSS","BOSS","R","$","E","BOSS"],"items_purchased_type":["Relic","Relic","Relic","Relic","Relic","Relic","Relic","Relic","Relic","Relic","Relic","Relic","Relic","Relic","Relic","Relic","Relic","Relic","Relic","Relic","Relic","Relic","Relic","Relic","Relic","Relic","Relic","Relic","Relic","Relic","Relic","Relic","Relic","Relic","Relic","Relic","Relic","Relic","Relic","Relic","Relic","Relic","Relic","Relic","Relic","Relic","Relic","Relic","Relic","Relic","Relic","Relic","Relic","Relic","Relic","Relic","Relic","Relic","Relic","Relic","Relic","Potion","Potion","Potion","Potion","Potion","Relic","Relic","Relic","Relic","Relic","Relic","Relic","Relic","Relic","Relic","Relic","Relic","Potion","Potion","Potion","Relic","Card","Card","Card","Card","Card","Card","Card","Card","Card","Relic","Card","Potion","Potion","Potion"],"build_version":"2020-12-22","purchased_purges":6,"victory":true,"max_hp_per_floor":[68,68,68,68,78,80,80,82,89,93,95,95,95,97,97,97,97,101,105,119,119,119,119,121,121,121,121,123,123,127,129,129,129,129,131,131,135,137,141,141,145,149,149,149,151,155,160,160,160,160,160,160,160,165,167,167],"relic_stats":{"Gremlin Horn":[20,21],"CeramicFish":54,"Whetstone":["Eruption","Strike_P"],"Ginger":[2],"Boot":[0],"Blood Vial":9,"Lizard Tail":0,"Centennial Puzzle":[2],"Sundial":[34],"MealTicket":0,"Prayer Wheel":14,"VioletLotus":[61],"Kunai":[43],"Happy Flower":[11],"counters":[29,40],"Blue Candle":[1],"Eternal Feather":0,"Pen Nib":[16],"Letter Opener":[20],"War Paint":["Vigilance","Defend_P"],"Question Card":38,"OrangePellets":[12],"Shuriken":[43],"Bronze Scales":[48],"Bird Faced Urn":[6],"Black Star":8,"obtain_stats":[{"Ice Cream":6,"Calipers":20,"Gremlin Horn":5,"CeramicFish":5,"Vajra":5,"Whetstone":5,"Ginger":20,"Boot":5,"Old Coin":7,"Blood Vial":5,"Lizard Tail":5,"Centennial Puzzle":5,"HornCleat":5,"Sundial":5,"Strawberry":9,"MealTicket":5,"Prayer Wheel":8,"Philosopher\u0027s Stone":34,"VioletLotus":0,"Kunai":5,"Toxic Egg 2":0,"Girya":5,"Pear":5,"Happy Flower":5,"Blue Candle":5,"Oddly Smooth Stone":5,"Eternal Feather":5,"Pen Nib":5,"Letter Opener":5,"War Paint":13,"Question Card":5,"Akabeko":5,"Du-Vu Doll":6,"OrangePellets":48,"Shuriken":5,"Bronze Scales":5,"Bird Faced Urn":5,"Molten Egg 2":0,"Black Star":0,"StrikeDummy":5,"Unceasing Top":5,"Meat on the Bone":5,"Pocketwatch":20,"Darkstone Periapt":5,"Regal Pillow":5,"Singing Bowl":5,"Torii":5,"Yang":5,"Mango":20,"StoneCalendar":20,"Bag of Preparation":5,"Juzu Bracelet":5,"CloakClasp":8,"Incense Burner":20,"TeardropLocket":0,"Ancient Tea Set":5,"Frozen Eye":54,"Nunchaku":5,"Dream Catcher":5,"Matryoshka":5,"TheAbacus":36,"Mummified Hand":0,"Pantograph":5,"Gambling Chip":5,"Tiny Chest":5,"WingedGreaves":20,"InkBottle":5,"Potion Belt":5,"Circlet":0,"Damaru":5,"Thread and Needle":5,"The Courier":0,"PreservedInsect":5,"Omamori":0,"Frozen Egg 2":0,"Orichalcum":5,"GoldenEye":13,"White Beast Statue":5,"Mercury Hourglass":5,"Peace Pipe":5,"Anchor":5,"CaptainsWheel":20,"Ornamental Fan":5,"Ectoplasm":17,"Turnip":20,"Bag of Marbles":5,"Art of War":5,"PureWater":0,"Toy Ornithopter":5,"FossilizedHelix":20,"TungstenRod":20},{"Ice Cream":3,"Calipers":12,"Gremlin Horn":2,"CeramicFish":2,"Vajra":2,"Whetstone":2,"Ginger":12,"Boot":2,"Old Coin":3,"Blood Vial":2,"Lizard Tail":2,"Centennial Puzzle":2,"HornCleat":2,"Sundial":2,"Strawberry":4,"MealTicket":2,"Prayer Wheel":4,"Philosopher\u0027s Stone":17,"VioletLotus":0,"Kunai":2,"Toxic Egg 2":0,"Girya":2,"Pear":2,"Happy Flower":2,"Blue Candle":2,"Oddly Smooth Stone":2,"Eternal Feather":2,"Pen Nib":2,"Letter Opener":2,"War Paint":8,"Question Card":2,"Akabeko":2,"Du-Vu Doll":3,"OrangePellets":25,"Shuriken":2,"Bronze Scales":2,"Bird Faced Urn":2,"Molten Egg 2":0,"Black Star":0,"StrikeDummy":2,"Unceasing Top":2,"Meat on the Bone":2,"Pocketwatch":12,"Darkstone Periapt":2,"Regal Pillow":2,"Singing Bowl":2,"Torii":2,"Yang":2,"Mango":12,"StoneCalendar":12,"Bag of Preparation":2,"Juzu Bracelet":2,"CloakClasp":4,"Incense Burner":12,"TeardropLocket":0,"Ancient Tea Set":2,"Frozen Eye":27,"Nunchaku":2,"Dream Catcher":2,"Matryoshka":2,"TheAbacus":18,"Mummified Hand":0,"Pantograph":2,"Gambling Chip":2,"Tiny Chest":2,"WingedGreaves":12,"InkBottle":2,"Potion Belt":2,"Circlet":0,"Damaru":2,"Thread and Needle":2,"The Courier":0,"PreservedInsect":2,"Omamori":0,"Frozen Egg 2":0,"Orichalcum":2,"GoldenEye":8,"White Beast Statue":2,"Mercury Hourglass":2,"Peace Pipe":2,"Anchor":2,"CaptainsWheel":12,"Ornamental Fan":2,"Ectoplasm":10,"Turnip":12,"Bag of Marbles":2,"Art of War":2,"PureWater":0,"Toy Ornithopter":2,"FossilizedHelix":12,"TungstenRod":12},{"Ice Cream":6,"Calipers":16,"Gremlin Horn":5,"CeramicFish":5,"Vajra":5,"Whetstone":5,"Ginger":16,"Boot":5,"Old Coin":6,"Blood Vial":5,"Lizard Tail":5,"Centennial Puzzle":5,"HornCleat":5,"Sundial":5,"Strawberry":8,"MealTicket":5,"Prayer Wheel":8,"Philosopher\u0027s Stone":21,"VioletLotus":0,"Kunai":5,"Toxic Egg 2":0,"Girya":5,"Pear":5,"Happy Flower":5,"Blue Candle":5,"Oddly Smooth Stone":5,"Eternal Feather":5,"Pen Nib":5,"Letter Opener":5,"War Paint":12,"Question Card":5,"Akabeko":5,"Du-Vu Doll":6,"OrangePellets":30,"Shuriken":5,"Bronze Scales":5,"Bird Faced Urn":5,"Molten Egg 2":0,"Black Star":0,"StrikeDummy":5,"Unceasing Top":5,"Meat on the Bone":5,"Pocketwatch":16,"Darkstone Periapt":5,"Regal Pillow":5,"Singing Bowl":5,"Torii":5,"Yang":5,"Mango":16,"StoneCalendar":16,"Bag of Preparation":5,"Juzu Bracelet":5,"CloakClasp":8,"Incense Burner":16,"TeardropLocket":0,"Ancient Tea Set":5,"Frozen Eye":33,"Nunchaku":5,"Dream Catcher":5,"Matryoshka":5,"TheAbacus":22,"Mummified Hand":0,"Pantograph":5,"Gambling Chip":5,"Tiny Chest":5,"WingedGreaves":16,"InkBottle":5,"Potion Belt":5,"Circlet":0,"Damaru":5,"Thread and Needle":5,"The Courier":0,"PreservedInsect":5,"Omamori":0,"Frozen Egg 2":0,"Orichalcum":5,"GoldenEye":12,"White Beast Statue":5,"Mercury Hourglass":5,"Peace Pipe":5,"Anchor":5,"CaptainsWheel":16,"Ornamental Fan":5,"Ectoplasm":14,"Turnip":16,"Bag of Marbles":5,"Art of War":5,"PureWater":0,"Toy Ornithopter":5,"FossilizedHelix":16,"TungstenRod":16}],"Unceasing Top":[0],"Meat on the Bone":0,"Pocketwatch":[0],"Darkstone Periapt":0,"Regal Pillow":0,"Singing Bowl":58,"Torii":0,"Yang":[160],"StoneCalendar":[0],"Bag of Preparation":[54],"Juzu Bracelet":2,"CloakClasp":[34],"Nunchaku":[16],"Dream Catcher":0,"TheAbacus":[252],"Mummified Hand":[98],"Pantograph":0,"Gambling Chip":[52],"Tiny Chest":1,"InkBottle":[19],"PreservedInsect":430,"Orichalcum":[6],"GoldenEye":[2],"Mercury Hourglass":[150],"Peace Pipe":5,"Ornamental Fan":[172],"Ectoplasm":486,"Turnip":[2],"Art of War":[0],"Toy Ornithopter":0,"TungstenRod":0},"card_choices":[{"not_picked":["FearNoEvil+1","BowlingBash+1"],"picked":"MentalFortress+1","floor":1.0},{"not_picked":["FlurryOfBlows+1","CutThroughFate+1","FlyingSleeves+1"],"picked":"SKIP","floor":4.0},{"not_picked":["Protect+1","Crescendo+1","LikeWater+1","Perseverance+1"],"picked":"Singing Bowl","floor":6.0},{"not_picked":["BowlingBash+1","ReachHeaven+1","Consecrate+1","SashWhip+1"],"picked":"Singing Bowl","floor":8.0},{"not_picked":["FlurryOfBlows+1","LessonLearned+1","ClearTheMind+1","BowlingBash+1"],"picked":"Singing Bowl","floor":10.0},{"not_picked":["Wallop+1","JustLucky+1","Weave+1","SignatureMove+1"],"picked":"Singing Bowl","floor":10.0},{"not_picked":["Crescendo+1","FlurryOfBlows+1","WreathOfFlame+1","CutThroughFate+1"],"picked":"Singing Bowl","floor":11.0},{"not_picked":["MentalFortress+1","Wallop+1","Crescendo+1"],"picked":"FearNoEvil+1","floor":11.0},{"not_picked":["Crescendo+1","FollowUp+1","ReachHeaven+1"],"picked":"TalkToTheHand+1","floor":12.0},{"not_picked":["EmptyFist+1","BowlingBash+1","Evaluate+1"],"picked":"WheelKick+1","floor":12.0},{"not_picked":["Swivel+1","SandsOfTime+1","ForeignInfluence+1"],"picked":"LessonLearned+1","floor":13.0},{"not_picked":["FollowUp+1","FlurryOfBlows+1","SashWhip+1","Conclude+1"],"picked":"Singing Bowl","floor":14.0},{"not_picked":["Sanctity+1","MentalFortress+1","Collect+1"],"picked":"Tantrum+1","floor":14.0},{"not_picked":["DevaForm+1","Establishment+1","Judgement+1"],"picked":"Vault+1","floor":16.0},{"not_picked":["EmptyBody+1","Indignation+1","ThirdEye+1","ClearTheMind+1"],"picked":"Singing Bowl","floor":18.0},{"not_picked":["Tantrum+1","SashWhip+1","Prostrate+1","FollowUp+1"],"picked":"Singing Bowl","floor":18.0},{"not_picked":["Meditate+1","Conclude+1","Worship+1","EmptyBody+1"],"picked":"Singing Bowl","floor":19.0},{"not_picked":["SashWhip+1","ClearTheMind+1","Wish+1","Protect+1"],"picked":"Singing Bowl","floor":19.0},{"not_picked":["CarveReality+1","Omniscience+1","EmptyFist+1","ConjureBlade+1"],"picked":"Singing Bowl","floor":24.0},{"not_picked":["Halt+1","Indignation+1","EmptyBody+1","Protect+1"],"picked":"Singing Bowl","floor":28.0},{"not_picked":["Halt+1","Fasting2+1","EmptyMind+1","FlyingSleeves+1"],"picked":"Singing Bowl","floor":30.0},{"not_picked":["PathToVictory+1","Evaluate+1","Consecrate+1","EmptyFist+1"],"picked":"Singing Bowl","floor":30.0},{"not_picked":["Protect+1","FlyingSleeves+1","Crescendo+1","MasterReality+1"],"picked":"Singing Bowl","floor":31.0},{"not_picked":["FearNoEvil+1","Prostrate+1","Evaluate+1","EmptyBody+1"],"picked":"Singing Bowl","floor":35.0},{"not_picked":["EmptyMind+1","JustLucky+1","FearNoEvil+1"],"picked":"InnerPeace+1","floor":35.0},{"not_picked":["PathToVictory+1","ForeignInfluence+1","Perseverance+1","FollowUp+1"],"picked":"Singing Bowl","floor":37.0},{"not_picked":["Prostrate+1","DeusExMachina+1","CrushJoints+1","EmptyFist+1"],"picked":"Singing Bowl","floor":37.0},{"not_picked":["ForeignInfluence+1","Vengeance+1","Indignation+1","Crescendo+1"],"picked":"Singing Bowl","floor":38.0},{"not_picked":["BowlingBash+1","PathToVictory+1","FlurryOfBlows+1"],"picked":"Vault+1","floor":38.0},{"not_picked":["WindmillStrike+1","Prostrate+1","Worship+1","Collect+1"],"picked":"Singing Bowl","floor":39.0},{"not_picked":["Nirvana+1","PathToVictory+1","Crescendo+1","EmptyMind+1"],"picked":"Singing Bowl","floor":39.0},{"not_picked":["Collect+1","Consecrate+1","FlyingSleeves+1","Evaluate+1"],"picked":"Singing Bowl","floor":41.0},{"not_picked":["SashWhip+1","CutThroughFate+1","Consecrate+1","BowlingBash+1"],"picked":"Singing Bowl","floor":41.0},{"not_picked":["CarveReality+1","DeceiveReality+1","SandsOfTime+1","FearNoEvil+1"],"picked":"Singing Bowl","floor":42.0},{"not_picked":["CutThroughFate+1","FlurryOfBlows+1","ReachHeaven+1","Protect+1"],"picked":"Singing Bowl","floor":42.0},{"not_picked":["JustLucky+1","CarveReality+1","Consecrate+1","EmptyBody+1"],"picked":"Singing Bowl","floor":45.0},{"not_picked":["CutThroughFate+1","JustLucky+1","FlurryOfBlows+1","SashWhip+1"],"picked":"Singing Bowl","floor":46.0},{"not_picked":["Devotion+1","Meditate+1","Consecrate+1","ForeignInfluence+1"],"picked":"Singing Bowl","floor":46.0},{"not_picked":["ReachHeaven+1","Wallop+1","Pray+1","Sanctity+1"],"picked":"Singing Bowl","floor":55}],"player_experience":1520617,"relics_obtained":[{"floor":6.0,"key":"Du-Vu Doll"},{"floor":6.0,"key":"Ice Cream"},{"floor":8.0,"key":"CloakClasp"},{"floor":8.0,"key":"Prayer Wheel"},{"floor":9.0,"key":"Strawberry"},{"floor":13.0,"key":"GoldenEye"},{"floor":13.0,"key":"War Paint"},{"floor":26.0,"key":"Circlet"},{"floor":26.0,"key":"Circlet"},{"floor":28.0,"key":"Circlet"},{"floor":28.0,"key":"Circlet"},{"floor":29.0,"key":"Circlet"},{"floor":31.0,"key":"Circlet"},{"floor":31.0,"key":"Circlet"},{"floor":43.0,"key":"Circlet"},{"floor":45.0,"key":"Circlet"},{"floor":45.0,"key":"Circlet"},{"floor":55,"key":"Circlet"},{"floor":55,"key":"Circlet"}],"event_choices":[{"damage_healed":0.0,"max_hp_gain":0.0,"max_hp_loss":0.0,"gold_gain":0.0,"event_name":"Big Fish","player_choice":"Box","floor":2.0,"gold_loss":0.0,"damage_taken":0.0,"relics_obtained":["Frozen Egg 2"],"cards_obtained":["Regret"]},{"cards_removed":["Strike_P"],"damage_healed":0.0,"max_hp_gain":0.0,"max_hp_loss":0.0,"gold_gain":0.0,"event_name":"Golden Wing","player_choice":"Card Removal","floor":3.0,"gold_loss":0.0,"damage_taken":7.0},{"damage_healed":0.0,"max_hp_gain":0.0,"max_hp_loss":0.0,"gold_gain":0.0,"event_name":"WeMeetAgain","player_choice":"Paid Gold","floor":7.0,"gold_loss":86.0,"damage_taken":0.0,"relics_obtained":["Old Coin"]},{"damage_healed":0.0,"max_hp_gain":0.0,"max_hp_loss":0.0,"gold_gain":0.0,"event_name":"N\u0027loth","player_choice":"Ignored","floor":21.0,"gold_loss":0.0,"damage_taken":0.0},{"cards_removed":["Strike_P"],"damage_healed":0.0,"max_hp_gain":0.0,"max_hp_loss":0.0,"gold_gain":0.0,"event_name":"Beggar","player_choice":"Gave Gold","floor":22.0,"gold_loss":75.0,"damage_taken":0.0}],"is_beta":false,"boss_relics":[{"not_picked":["Pandora\u0027s Box","Sozu"],"picked":"Ectoplasm"},{"not_picked":["Astrolabe","Snecko Eye"],"picked":"Philosopher\u0027s Stone"}],"items_purged_floors":[5,20,36,47,48,54],"is_endless":false,"potions_floor_spawned":[1,6,8,10,11,12,13,14,16,18,19,24,28,30,31,33,35,37,38,39,41,42,45,46,55],"ascension_level":20}}