{"host":"4eao2pkwlmv012cz","time":1612678795,"event":{"mods":["BaseMod","Colored Powertips","Minty Spire (QoL Compilation)","Permanent Neow","Quick Restart","Random Character Button","StSLib"],"gold_per_floor":[109,109,123,66,84,84,112,112,112,112,127,153,165,179,179,250,250,264,19,19,37,54,54,82,8,8,8,8],"floor_reached":27,"language":"ENG","playtime":947,"items_purged":["Strike_B"],"score":486,"play_id":"5ae4c14c-7893-435a-92ac-53abdb41c577","local_time":"20210207011955","is_ascension_mode":true,"campfire_choices":[{"data":"Zap","floor":6,"key":"SMITH"},{"data":"Melter","floor":8,"key":"SMITH"},{"data":"Cold Snap","floor":10,"key":"SMITH"},{"data":"Fission","floor":15,"key":"SMITH"},{"data":"Defragment","floor":23,"key":"SMITH"}],"circlet_count":0,"master_deck":["AscendersBane","Strike_B+1","Strike_B+1","Defend_B+1","Defend_B+1","Defend_B+1","Defend_B+1","Zap+1","Dualcast","Cold Snap+1","Melter+1","Self Repair","Conserve Battery","Glacier","Leap","Beam Cell","Steam","Fission+1","Darkness","Electrodynamics","Ball Lightning","Defragment+1","Glacier","Doom and Gloom","Blizzard","Fusion","Normality"],"relics":["Cracked Core","Ornamental Fan","Meat on the Bone","Shuriken","Cursed Key","Gremlin Horn","White Beast Statue"],"acts_visited":["Exordium","TheCity"],"potions_floor_usage":[7,12,18,24,27],"damage_taken":[{"damage":17,"enemies":"Small Slimes","floor":1,"turns":3},{"damage":4,"enemies":"Cultist","floor":3,"turns":3},{"damage":0,"enemies":"2 Louse","floor":5,"turns":1},{"damage":14,"enemies":"3 Sentries","floor":7,"turns":12},{"damage":2,"enemies":"Exordium Thugs","floor":11,"turns":5},{"damage":22,"enemies":"Lagavulin","floor":12,"turns":5},{"damage":13,"enemies":"Large Slime","floor":13,"turns":6},{"damage":0,"enemies":"Blue Slaver","floor":14,"turns":4},{"damage":39,"enemies":"The Guardian","floor":16,"turns":13},{"damage":0,"enemies":"Chosen","floor":18,"turns":5},{"damage":9,"enemies":"2 Thieves","floor":21,"turns":4},{"damage":13,"enemies":"Snecko","floor":22,"turns":5},{"damage":28,"enemies":"Book of Stabbing","floor":24,"turns":5},{"damage":53,"enemies":"Gremlin Leader","floor":27,"turns":5}],"seed_played":"-8538987263713258783","potions_obtained":[{"floor":5,"key":"Block Potion"},{"floor":11,"key":"LiquidMemories"},{"floor":12,"key":"Ancient Potion"},{"floor":16,"key":"Swift Potion"},{"floor":24,"key":"Dexterity Potion"}],"is_trial":false,"path_per_floor":["M","?","M","$","M","R","E","R","T","R","M","E","M","M","R","B",null,"M","$","?","M","M","R","E","$","T","E"],"character_chosen":"DEFECT","items_purchased":["Conserve Battery","Defragment","Glacier","Fusion"],"campfire_rested":0,"item_purchase_floors":[4,19,19,25],"current_hp_per_floor":[47,47,43,43,43,43,36,36,36,36,53,50,44,51,51,31,61,68,68,68,66,60,60,51,51,51,0,0],"gold":8,"neow_bonus":"THREE_CARDS","is_daily":false,"chose_seed":false,"campfire_upgraded":5,"win_rate":0.0,"timestamp":1612678795,"path_taken":["M","?","M","$","M","R","E","R","T","R","M","E","M","M","R","BOSS","M","?","?","M","M","R","E","$","T","E"],"items_purchased_type":["Card","Card","Card","Card"],"build_version":"2020-12-22","purchased_purges":1,"victory":false,"max_hp_per_floor":[71,71,71,71,71,71,71,71,71,71,71,71,71,71,71,71,71,71,71,71,71,71,71,71,71,71,71,71],"card_choices":[{"not_picked":["Force Field","Reprogram"],"picked":"Cold Snap","floor":0},{"not_picked":["Redo","Streamline"],"picked":"Melter","floor":1},{"not_picked":["Coolheaded","Double Energy"],"picked":"Self Repair","floor":3},{"not_picked":["Lockon","Ball Lightning"],"picked":"Glacier","floor":5},{"not_picked":["Rebound","Redo"],"picked":"Leap","floor":7},{"not_picked":["Scrape","Streamline"],"picked":"Beam Cell","floor":11},{"not_picked":["Turbo","Leap"],"picked":"Steam","floor":12},{"not_picked":["Barrage","Tempest"],"picked":"Fission","floor":13},{"not_picked":["Gash","Compile Driver"],"picked":"Darkness","floor":14},{"not_picked":["Echo Form","Hyperbeam"],"picked":"Electrodynamics","floor":16},{"not_picked":["Sweeping Beam","Redo"],"picked":"Ball Lightning","floor":18},{"not_picked":["Cold Snap","Auto Shields","Rip and Tear"],"picked":"SKIP","floor":21},{"not_picked":["Leap","Compile Driver"],"picked":"Doom and Gloom","floor":22},{"not_picked":["Tempest","Stack"],"picked":"Blizzard","floor":24}],"player_experience":2901671,"relics_obtained":[{"floor":7,"key":"Ornamental Fan"},{"floor":9,"key":"Meat on the Bone"},{"floor":12,"key":"Shuriken"},{"floor":24,"key":"Gremlin Horn"},{"floor":26,"key":"White Beast Statue"}],"event_choices":[{"cards_removed":["Strike_B"],"damage_healed":0,"gold_gain":0,"player_choice":"Purged","damage_taken":0,"max_hp_gain":0,"max_hp_loss":0,"event_name":"Purifier","floor":2,"gold_loss":0},{"damage_healed":0,"gold_gain":0,"player_choice":"Simplicity","damage_taken":0,"max_hp_gain":0,"max_hp_loss":0,"event_name":"Back to Basics","floor":20,"gold_loss":0,"cards_upgraded":["Strike_B","Strike_B","Defend_B","Defend_B","Defend_B","Defend_B"]}],"is_beta":false,"boss_relics":[{"not_picked":["Fusion Hammer","Calling Bell"],"picked":"Cursed Key"}],"items_purged_floors":[19],"is_endless":false,"potions_floor_spawned":[5,11,12,16,24],"killed_by":"Gremlin Leader","ascension_level":20}}