{"host":"Kdaddybrian","time":1612666067,"event":{"mods":["AchievementEnabler","BaseMod","Bestiary","Colored Map","Colored Powertips","Minty Spire (QoL Compilation)","Potion Indicator Mod","Quick Restart","Rare Cards Sparkle","Relic Stats","StSLib","Uncapped","Weighted Paths"],"gold_per_floor":[116,116,136,149,149,193,207,207,207,207,207,230,2,42,42,42,42],"floor_reached":16,"language":"ENG","playtime":676,"items_purged":[],"score":165,"play_id":"83d4a2b7-3b9b-4fbf-ab94-b38fccb0d2a0","local_time":"20210206214747","is_ascension_mode":true,"campfire_choices":[{"floor":8,"key":"REST"},{"floor":10,"key":"REST"},{"floor":15,"key":"REST"}],"circlet_count":0,"master_deck":["AscendersBane","Strike_P","Strike_P","Strike_P","Strike_P","Defend_P","Defend_P","Defend_P","Eruption","Vigilance","EmptyBody+1","EmptyFist","SashWhip","WindmillStrike","CrushJoints","LessonLearned","Conclude","ThirdEye"],"relics":["Black Star","Golden Idol","Singing Bowl","Bag of Preparation","Letter Opener","Question Card","Boot","Thread and Needle"],"acts_visited":["Exordium"],"potions_floor_usage":[6,14,16],"damage_taken":[{"damage":2,"enemies":"Jaw Worm","floor":1,"turns":3},{"damage":7,"enemies":"Small Slimes","floor":3,"turns":3},{"damage":0,"enemies":"Cultist","floor":4,"turns":4},{"damage":27,"enemies":"Gremlin Nob","floor":6,"turns":5},{"damage":8,"enemies":"3 Louse","floor":7,"turns":5},{"damage":20,"enemies":"Exordium Thugs","floor":12,"turns":7},{"damage":22,"enemies":"3 Sentries","floor":14,"turns":6},{"damage":42,"enemies":"The Guardian","floor":16,"turns":8}],"seed_played":"-7196199826767456342","potions_obtained":[{"floor":4,"key":"Dexterity Potion"},{"floor":6,"key":"SneckoOil"},{"floor":12,"key":"Fire Potion"},{"floor":14,"key":"Dexterity Potion"}],"is_trial":false,"path_per_floor":["M","?","M","M","?","E","M","R","T","R","T","M","$","E","R","B"],"character_chosen":"WATCHER","items_purchased":["LessonLearned","Conclude"],"campfire_rested":3,"item_purchase_floors":[13,13],"current_hp_per_floor":[63,56,49,49,49,22,16,36,36,56,56,36,36,14,34,0,0],"gold":42,"neow_bonus":"BOSS_RELIC","is_daily":false,"chose_seed":false,"campfire_upgraded":0,"win_rate":0.0,"timestamp":1612666067,"path_taken":["M","?","M","M","?","E","M","R","T","R","?","M","$","E","R","BOSS"],"items_purchased_type":["Card","Card"],"build_version":"2020-12-18","purchased_purges":0,"victory":false,"max_hp_per_floor":[72,72,72,72,67,67,69,69,69,69,69,69,69,69,69,69,69],"relic_stats":{"Singing Bowl":2,"counters":[8,41],"Golden Idol":25,"Black Star":2,"Bag of Preparation":[8],"Letter Opener":[15],"Question Card":2,"Boot":[1],"obtain_stats":[{"Singing Bowl":6,"Golden Idol":5,"Thread and Needle":14,"Black Star":0,"Bag of Preparation":6,"Letter Opener":9,"PureWater":0,"Question Card":11,"Boot":14},{"Singing Bowl":4,"Golden Idol":3,"Thread and Needle":7,"Black Star":0,"Bag of Preparation":4,"Letter Opener":5,"PureWater":0,"Question Card":5,"Boot":7},{"Singing Bowl":15,"Golden Idol":10,"Thread and Needle":33,"Black Star":0,"Bag of Preparation":15,"Letter Opener":20,"PureWater":0,"Question Card":20,"Boot":33}]},"card_choices":[{"not_picked":["ThirdEye","InnerPeace"],"picked":"EmptyBody","floor":1},{"not_picked":["CrushJoints","Prostrate"],"picked":"EmptyFist","floor":3},{"not_picked":["FlyingSleeves","Protect"],"picked":"SashWhip","floor":4},{"not_picked":["WreathOfFlame","BowlingBash"],"picked":"WindmillStrike","floor":6},{"not_picked":["CarveReality","Vengeance","FollowUp"],"picked":"Singing Bowl","floor":7},{"not_picked":["Worship","JustLucky","SashWhip"],"picked":"CrushJoints","floor":12},{"not_picked":["Crescendo","ClearTheMind","CutThroughFate"],"picked":"ThirdEye","floor":14}],"player_experience":3026675,"relics_obtained":[{"floor":6,"key":"Singing Bowl"},{"floor":6,"key":"Bag of Preparation"},{"floor":9,"key":"Letter Opener"},{"floor":11,"key":"Question Card"},{"floor":14,"key":"Boot"},{"floor":14,"key":"Thread and Needle"}],"event_choices":[{"cards_removed":["Defend_P"],"damage_healed":0,"gold_gain":0,"player_choice":"Card Removal","damage_taken":7,"max_hp_gain":0,"max_hp_loss":0,"event_name":"Golden Wing","floor":2,"gold_loss":0},{"damage_healed":0,"gold_gain":0,"player_choice":"Lose Max HP","damage_taken":0,"relics_obtained":["Golden Idol"],"max_hp_gain":0,"max_hp_loss":5,"event_name":"Golden Idol","floor":5,"gold_loss":0}],"is_beta":true,"boss_relics":[],"items_purged_floors":[],"is_endless":false,"potions_floor_spawned":[4,6,12,14],"killed_by":"The Guardian","ascension_level":10}}