{"host":"7shwfndhsvekljlk","time":1612695978,"event":{"mods":["Act Like it!","Arknights","Aspiration","BaseMod","Minty Spire (QoL Compilation)","Quick Restart","StSLib","The Bladedancer","The Construct","The Runesmith","WarShipGirlsR/战舰少女R mod","[GremlinLeader]The Maniac","【遗物卡牌】REMEMod"],"gold_per_floor":[114,130,130,80,97,124,124,139,163,338,338,338,369,388,388,486,486,502,502,502,521,536,536,536],"floor_reached":23,"language":"ZHS","playtime":2118,"items_purged":[],"score":201,"play_id":"c1108069-c941-4064-890f-34d13485ae33","local_time":"20210207190618","is_ascension_mode":false,"campfire_choices":[{"floor":7.0,"key":"REST"},{"data":"ats:Sashimi Platter","floor":11.0,"key":"SMITH"},{"floor":15.0,"key":"REST"}],"circlet_count":0,"master_deck":["ats:Strike C","ats:Strike G","ats:Strike S","ats:Strike V","ats:Armor Crushing Shot","ats:Defend","ats:Defend","ats:Defend","ats:Emotion Absorption","ats:Sashimi Platter+1","ats:Leaping Hammer","ats:Poison Spread","ats:Defend Order","ats:Magnetic Hammer","Doubt","Pain","ats:Calcification","ats:Soul Absorption","ats:True Silver Slash","ats:Red Shift+1","Writhe","RitualDagger","Exhume","ats:Assault Order","ats:Spore Proliferation"],"relics":["ats:Sanity","REME_ComplimentaryCards","NeowsBlessing","Nunchaku","ats:Originium","aspiration:FrozenJewel","Potion Belt","WarpedTongs","Toy Ornithopter","aspiration:MobileForge","Ornamental Fan"],"acts_visited":["Exordium","TheCity"],"potions_floor_usage":[22,23],"damage_taken":[{"damage":0.0,"enemies":"2 Louse","floor":1.0,"turns":1.0},{"damage":0.0,"enemies":"Small Slimes","floor":2.0,"turns":1.0},{"damage":0.0,"enemies":"Cultist","floor":5.0,"turns":1.0},{"damage":76.0,"enemies":"Lagavulin","floor":6.0,"turns":9.0},{"damage":11.0,"enemies":"Looter","floor":8.0,"turns":3.0},{"damage":18.0,"enemies":"3 Sentries","floor":13.0,"turns":6.0},{"damage":16.0,"enemies":"Large Slime","floor":14.0,"turns":7.0},{"damage":78.0,"enemies":"The Guardian","floor":16.0,"turns":15.0},{"damage":8.0,"enemies":"Chosen","floor":18.0,"turns":6.0},{"damage":39.0,"enemies":"Spheric Guardian","floor":21.0,"turns":8.0},{"damage":37,"enemies":"Shelled Parasite and Fungi","floor":22,"turns":6},{"damage":21,"enemies":"Book of Stabbing","floor":23,"turns":4}],"seed_played":"110296615547679131","potions_obtained":[{"floor":1.0,"key":"Fire Potion"},{"floor":6.0,"key":"Weak Potion"},{"floor":8.0,"key":"Swift Potion"},{"floor":21.0,"key":"LiquidMemories"},{"floor":22,"key":"SkillPotion"}],"is_trial":false,"path_per_floor":["M","M","?","?","M","E","R","M","T","?","R","?","E","M","R","B",null,"M","?","?","M","M","E"],"character_chosen":"DOCTOR_CLASS","items_purchased":[],"campfire_rested":2,"item_purchase_floors":[],"current_hp_per_floor":[72,72,60,60,60,6,27,22,22,22,22,22,22,23,44,26,72,65,65,59,36,15,0,0],"gold":536,"neow_bonus":"THREE_ENEMY_KILL","is_daily":false,"chose_seed":false,"campfire_upgraded":1,"win_rate":0.0,"timestamp":1612695978,"path_taken":["M","M","?","?","M","E","R","M","T","?","R","?","E","M","R","BOSS","M","?","?","M","M","E"],"items_purchased_type":[],"build_version":"2020-12-22","purchased_purges":0,"victory":false,"max_hp_per_floor":[72,72,72,72,72,72,72,72,72,72,72,72,72,72,72,72,72,72,72,72,72,72,72,72],"card_choices":[{"not_picked":["ats:Defend Order","ats:Shadow Raid"],"picked":"ats:Sashimi Platter","floor":1.0},{"not_picked":["ats:Flexible Camouflage","ats:Curse Doll"],"picked":"ats:Leaping Hammer","floor":2.0},{"not_picked":["ats:Cat Scratch","ats:Part Time Job"],"picked":"ats:Poison Spread","floor":5.0},{"not_picked":["ats:Song Of Battle","ats:Powerful Strike"],"picked":"ats:Defend Order","floor":6.0},{"not_picked":["ats:Thermite Blade","ats:Steam Pump"],"picked":"ats:Magnetic Hammer","floor":8.0},{"not_picked":["ats:Absolute Focus","ats:Hammer On"],"picked":"ats:Calcification","floor":13.0},{"not_picked":["ats:Song Of Battle","ats:Flexible Camouflage"],"picked":"ats:Soul Absorption","floor":14.0},{"not_picked":["ats:Calcification","ats:Nebulous Foxfire"],"picked":"ats:True Silver Slash","floor":16.0},{"not_picked":["ats:Guardian Obelisk","ats:Guard Mode"],"picked":"ats:Red Shift+1","floor":18.0},{"not_picked":["ats:Phantom+1","ats:Demon Strength+1"],"picked":"ats:Assault Order","floor":21.0},{"not_picked":["ats:Soul Absorption+1","ats:Leaping Hammer"],"picked":"ats:Spore Proliferation","floor":22}],"player_experience":117896,"relics_obtained":[{"floor":6.0,"key":"ats:Originium"},{"floor":6.0,"key":"aspiration:FrozenJewel"},{"floor":9.0,"key":"Potion Belt"},{"floor":13.0,"key":"ats:Originium"},{"floor":13.0,"key":"Toy Ornithopter"}],"event_choices":[{"damage_healed":0.0,"max_hp_gain":0.0,"max_hp_loss":0.0,"gold_gain":0.0,"event_name":"Scrap Ooze","player_choice":"Success","floor":3.0,"gold_loss":0.0,"damage_taken":12.0,"relics_obtained":["Nunchaku"]},{"cards_removed":["ats:Defend"],"damage_healed":0.0,"max_hp_gain":0.0,"max_hp_loss":0.0,"gold_gain":0.0,"event_name":"The Cleric","player_choice":"Card Removal","floor":4.0,"gold_loss":50.0,"damage_taken":0.0},{"damage_healed":0.0,"max_hp_gain":0.0,"max_hp_loss":0.0,"gold_gain":175.0,"event_name":"Liars Game","player_choice":"AGREE","floor":10.0,"gold_loss":0.0,"damage_taken":0.0,"cards_obtained":["Doubt"]},{"damage_healed":0.0,"max_hp_gain":0.0,"max_hp_loss":0.0,"gold_gain":0.0,"event_name":"Accursed Blacksmith","player_choice":"Rummage","floor":12.0,"gold_loss":0.0,"damage_taken":0.0,"relics_obtained":["WarpedTongs"],"cards_obtained":["Pain"]},{"damage_healed":0.0,"max_hp_gain":0.0,"max_hp_loss":0.0,"gold_gain":0.0,"event_name":"The Mausoleum","player_choice":"Opened","floor":19.0,"gold_loss":0.0,"damage_taken":0.0,"relics_obtained":["Ornamental Fan"],"cards_obtained":["Writhe"]},{"damage_healed":0.0,"max_hp_gain":0.0,"max_hp_loss":0.0,"gold_gain":0.0,"event_name":"Nest","player_choice":"Joined the Cult","floor":20.0,"gold_loss":0.0,"damage_taken":6.0,"cards_obtained":["RitualDagger"]}],"is_beta":false,"boss_relics":[{"not_picked":["Philosopher\u0027s Stone","Velvet Choker"],"picked":"aspiration:MobileForge"}],"items_purged_floors":[],"is_endless":false,"potions_floor_spawned":[1,6,8,21,22],"killed_by":"Book of Stabbing","ascension_level":0}}