{"host":"gobyjzz6xbwq9f9i","time":1612682167,"event":{"mods":["AchievementEnabler","BaseMod","Bestiary","Colored Map","Minty Spire (QoL Compilation)","Relic Stats"],"gold_per_floor":[217,230,249,249,266,266,280,280,306,339,29,44,79,96,96,201,201,212,228,243,258,308,308,319,353,353,381,381,401,401,415,415,415,415],"floor_reached":33,"language":"ENG","playtime":1233,"items_purged":[],"score":492,"play_id":"4ee62db3-1157-4f67-bbf5-1f38f2151c39","local_time":"20210206231607","is_ascension_mode":true,"campfire_choices":[{"data":"Poisoned Stab","floor":6.0,"key":"SMITH"},{"data":"Skewer","floor":8.0,"key":"SMITH"},{"data":"1","floor":15,"key":"LIFT"},{"data":"2","floor":23,"key":"LIFT"},{"data":"3","floor":28,"key":"LIFT"},{"data":"Adrenaline","floor":30,"key":"SMITH"},{"floor":32,"key":"REST"}],"circlet_count":0,"master_deck":["AscendersBane","Strike_G","Strike_G","Strike_G","Strike_G","Strike_G","Defend_G","Defend_G","Defend_G","Defend_G","Defend_G","Survivor","Neutralize","Dagger Spray+1","Poisoned Stab+1","Predator","Skewer+1","Die Die Die","Cloak And Dagger","Tools of the Trade","Calculated Gamble","Adrenaline+1","PiercingWail+1","Riddle With Holes+1","Leg Sweep","Footwork","Tools of the Trade"],"relics":["Ring of the Snake","Vajra","Pen Nib","Girya","PreservedInsect","SlaversCollar","Mummified Hand","Bottled Lightning","HornCleat"],"acts_visited":["Exordium","TheCity"],"potions_floor_usage":[13,19,25,33,33],"damage_taken":[{"damage":17.0,"enemies":"Jaw Worm","floor":1.0,"turns":7.0},{"damage":0.0,"enemies":"Cultist","floor":2.0,"turns":4.0},{"damage":0.0,"enemies":"Small Slimes","floor":3.0,"turns":2.0},{"damage":1.0,"enemies":"Red Slaver","floor":5.0,"turns":3.0},{"damage":3.0,"enemies":"Blue Slaver","floor":7.0,"turns":4.0},{"damage":8.0,"enemies":"Gremlin Nob","floor":10.0,"turns":3.0},{"damage":0,"enemies":"Large Slime","floor":12,"turns":4},{"damage":6,"enemies":"Lagavulin","floor":13,"turns":5},{"damage":0,"enemies":"Exordium Thugs","floor":14,"turns":4},{"damage":4,"enemies":"Slime Boss","floor":16,"turns":7},{"damage":3,"enemies":"Chosen","floor":18,"turns":4},{"damage":6,"enemies":"Spheric Guardian","floor":19,"turns":3},{"damage":12,"enemies":"Chosen and Byrds","floor":20,"turns":3},{"damage":0,"enemies":"Snecko","floor":21,"turns":2},{"damage":11,"enemies":"Sentry and Sphere","floor":24,"turns":4},{"damage":0,"enemies":"Book of Stabbing","floor":25,"turns":2},{"damage":7,"enemies":"Slavers","floor":27,"turns":4},{"damage":0,"enemies":"Centurion and Healer","floor":29,"turns":2},{"damage":9,"enemies":"Cultist and Chosen","floor":31,"turns":4},{"damage":54,"enemies":"Champ","floor":33,"turns":10}],"seed_played":"-5291524183557764751","potions_obtained":[{"floor":3.0,"key":"Dexterity Potion"},{"floor":5.0,"key":"Swift Potion"},{"floor":12,"key":"Weak Potion"},{"floor":13,"key":"PowerPotion"},{"floor":21,"key":"FearPotion"},{"floor":25,"key":"Dexterity Potion"}],"is_trial":false,"path_per_floor":["M","M","M","?","M","R","M","R","T","E","$","M","E","M","R","B",null,"M","M","M","M","?","R","M","E","T","E","R","M","R","M","R","B"],"character_chosen":"THE_SILENT","items_purchased":["Girya"],"campfire_rested":1,"item_purchase_floors":[11],"current_hp_per_floor":[46,46,46,46,45,45,42,42,42,34,34,34,28,28,28,24,59,56,50,38,38,38,38,27,27,27,20,20,20,20,11,32,0,0],"gold":415,"neow_bonus":"HUNDRED_GOLD","is_daily":false,"chose_seed":false,"campfire_upgraded":3,"win_rate":0.0,"timestamp":1612682167,"path_taken":["M","M","M","?","?","R","M","R","T","E","$","M","E","M","R","BOSS","M","M","?","M","?","R","M","E","T","E","R","?","R","M","R","BOSS"],"items_purchased_type":["Relic"],"build_version":"2020-12-22","purchased_purges":0,"victory":false,"max_hp_per_floor":[70,70,70,70,70,70,70,70,70,70,70,70,70,70,70,70,70,70,70,70,70,70,70,70,70,70,70,70,70,70,70,70,70,70],"relic_stats":{"counters":[20,81],"Mummified Hand":[8],"Pen Nib":[11],"PreservedInsect":85,"obtain_stats":[{"Girya":11,"SlaversCollar":17,"HornCleat":27,"Mummified Hand":25,"Vajra":9,"Pen Nib":10,"PreservedInsect":13,"Bottled Lightning":26,"Ring of the Snake":0},{"Girya":6,"SlaversCollar":10,"HornCleat":17,"Mummified Hand":16,"Vajra":5,"Pen Nib":6,"PreservedInsect":8,"Bottled Lightning":16,"Ring of the Snake":0},{"Girya":23,"SlaversCollar":43,"HornCleat":65,"Mummified Hand":61,"Vajra":20,"Pen Nib":23,"PreservedInsect":32,"Bottled Lightning":61,"Ring of the Snake":0}],"Ring of the Snake":[40]},"card_choices":[{"not_picked":["Quick Slash","Blur"],"picked":"Dagger Spray","floor":1.0},{"not_picked":["Acrobatics","Choke"],"picked":"Poisoned Stab","floor":2.0},{"not_picked":["Prepared","Poisoned Stab"],"picked":"Predator","floor":3.0},{"not_picked":["Caltrops","Poisoned Stab","Outmaneuver"],"picked":"SKIP","floor":5.0},{"not_picked":["Calculated Gamble","Choke"],"picked":"Skewer","floor":7.0},{"not_picked":["Caltrops","Dagger Spray"],"picked":"Die Die Die","floor":10.0},{"not_picked":["Dagger Throw","Underhanded Strike"],"picked":"Cloak And Dagger","floor":12},{"not_picked":["Predator","Underhanded Strike"],"picked":"Tools of the Trade","floor":13},{"not_picked":["Acrobatics","Predator"],"picked":"Calculated Gamble","floor":14},{"not_picked":["Night Terror","Corpse Explosion"],"picked":"Adrenaline","floor":16},{"not_picked":["Footwork+1","Distraction"],"picked":"PiercingWail+1","floor":18},{"not_picked":["Flying Knee+1","Eviscerate"],"picked":"Riddle With Holes+1","floor":19},{"not_picked":["Flying Knee","Dash","Deadly Poison"],"picked":"SKIP","floor":20},{"not_picked":["Masterful Stab","Caltrops"],"picked":"Leg Sweep","floor":21},{"not_picked":["Deflect","Blur","Eviscerate+1"],"picked":"SKIP","floor":24},{"not_picked":["Dodge and Roll","Poisoned Stab+1","Prepared"],"picked":"SKIP","floor":25},{"not_picked":["Tools of the Trade","Deflect","Dodge and Roll"],"picked":"SKIP","floor":27},{"not_picked":["Reflex","Poisoned Stab"],"picked":"Footwork","floor":29},{"not_picked":["Slice","Dodge and Roll"],"picked":"Tools of the Trade","floor":31}],"player_experience":1295536,"relics_obtained":[{"floor":9.0,"key":"Vajra"},{"floor":10.0,"key":"Pen Nib"},{"floor":13,"key":"PreservedInsect"},{"floor":25,"key":"Mummified Hand"},{"floor":26,"key":"Bottled Lightning"},{"floor":27,"key":"HornCleat"}],"event_choices":[{"damage_healed":0.0,"max_hp_gain":0.0,"max_hp_loss":0.0,"gold_gain":0.0,"event_name":"Upgrade Shrine","player_choice":"Upgraded","floor":4.0,"gold_loss":0.0,"damage_taken":0.0,"cards_upgraded":["Dagger Spray"]},{"damage_healed":0,"gold_gain":100,"player_choice":"Bet on Murderer","damage_taken":0,"max_hp_gain":0,"max_hp_loss":0,"event_name":"The Joust","floor":22,"gold_loss":50}],"is_beta":false,"boss_relics":[{"not_picked":["Tiny House","Sozu"],"picked":"SlaversCollar"}],"items_purged_floors":[],"is_endless":false,"potions_floor_spawned":[3,5,12,13,14,21,24,25,29],"killed_by":"Champ","ascension_level":10}}