{"host":"cwd5s03r1oaxs6mx","time":1612700919,"event":{"mods":["Act Like it!","Arknights","BaseMod","Better Third Choice","BetterRewards","CapriCore","Card Filter","Challenge The Spire","Colored Map","Custom Start","DeckTracker","Friendly Minions","Hubris","Infinite Spire","Minty Spire (QoL Compilation)","Quick Restart","Relic Stats","Shop Mod","Spicy Shops","StSLib","SuperFastMode","Waifu the Spire"],"gold_per_floor":[117,127,127,127,145,145,170,170,170,181,215,230,262,272,272,349,349,367,5,5,5,21,46,63,63,89,108,135,153,153,3,3,74,74,93,93,93,112,127,127,161,161,161,161,181,181,193,228,228,228,228,228],"floor_reached":51,"language":"KOR","playtime":2341,"items_purged":["Shame","Pain","Strike_R","Strike_R","Strike_R"],"score":1484,"play_id":"64e776b8-bae5-4774-9639-77ed98451acb","local_time":"20210207212839","is_ascension_mode":true,"campfire_choices":[{"data":"Shockwave","floor":6.0,"key":"SMITH"},{"data":"Barricade","floor":15.0,"key":"SMITH"},{"data":"Bludgeon","floor":25.0,"key":"SMITH"},{"data":"Whirlwind","floor":30.0,"key":"SMITH"},{"floor":32.0,"key":"REST"},{"floor":40,"key":"RECALL"},{"data":"Entrench","floor":42,"key":"SMITH"},{"data":"Offering","floor":44,"key":"SMITH"},{"data":"Shrug It Off","floor":46,"key":"SMITH"},{"data":"Body Slam","floor":49,"key":"SMITH"}],"circlet_count":0,"master_deck":["AscendersBane","Strike_R","Strike_R","Defend_R","Defend_R","Defend_R","Defend_R","Bash","Shockwave+1","Headbutt","Dropkick","Barricade+1","Battle Trance","Bludgeon+1","Shrug It Off+1","Whirlwind+1","Pommel Strike","Offering+1","Entrench+1","Body Slam+1"],"relics":["Burning Blood","Paper Frog","Mango","hubris:PeanutButter","hubris:Icosahedron","TungstenRod","Juzu Bracelet","WarpedTongs","Oddly Smooth Stone","infinitespire:CheckeredPen","Omamori","infinitespire:Cupcake","StrikeDummy","Pocketwatch","Bag of Preparation","infinitespire:EmpoweringShard","Calling Bell","Ancient Tea Set","hubris:BottledRain","Gambling Chip","hubris:IronBody","Eternal Feather","Regal Pillow"],"acts_visited":["Exordium","TheCity","TheBeyond"],"potions_floor_usage":[51],"damage_taken":[{"damage":0.0,"enemies":"Cultist","floor":1.0,"turns":3.0},{"damage":6.0,"enemies":"Jaw Worm","floor":2.0,"turns":3.0},{"damage":0.0,"enemies":"2 Louse","floor":5.0,"turns":3.0},{"damage":20.0,"enemies":"Gremlin Nob","floor":7.0,"turns":4.0},{"damage":5.0,"enemies":"Lots of Slimes","floor":10.0,"turns":4.0},{"damage":30.0,"enemies":"Lagavulin","floor":11.0,"turns":6.0},{"damage":17.0,"enemies":"Large Slime","floor":12.0,"turns":5.0},{"damage":4.0,"enemies":"3 Sentries","floor":13.0,"turns":8.0},{"damage":5.0,"enemies":"Gremlin Gang","floor":14.0,"turns":4.0},{"damage":30.0,"enemies":"Hexaghost","floor":16.0,"turns":10.0},{"damage":6.0,"enemies":"Chosen","floor":18.0,"turns":5.0},{"damage":12.0,"enemies":"Shell Parasite","floor":22.0,"turns":3.0},{"damage":38.0,"enemies":"Book of Stabbing","floor":23.0,"turns":5.0},{"damage":5.0,"enemies":"Snake Plant","floor":24.0,"turns":3.0},{"damage":15.0,"enemies":"Shelled Parasite and Fungi","floor":27.0,"turns":5.0},{"damage":21.0,"enemies":"Gremlin Leader","floor":28.0,"turns":2.0},{"damage":0.0,"enemies":"Centurion and Healer","floor":29.0,"turns":3.0},{"damage":42.0,"enemies":"hubris:MusketHawk","floor":33.0,"turns":7.0},{"damage":11.0,"enemies":"3 Darklings","floor":35.0,"turns":2.0},{"damage":0,"enemies":"3 Shapes","floor":38,"turns":3},{"damage":0,"enemies":"Jaw Worm Horde","floor":39,"turns":3},{"damage":58,"enemies":"Giant Head","floor":41,"turns":7},{"damage":3,"enemies":"Sphere and 2 Shapes","floor":45,"turns":4},{"damage":0,"enemies":"Writhing Mass","floor":47,"turns":3},{"damage":2,"enemies":"Nemesis","floor":48,"turns":9},{"damage":62,"enemies":"Time Eater","floor":50,"turns":13},{"damage":12,"enemies":"Donu and Deca","floor":51,"turns":7}],"seed_played":"4936214336468965378","potions_obtained":[{"floor":2.0,"key":"Swift Potion"},{"floor":5.0,"key":"Explosive Potion"},{"floor":7.0,"key":"FearPotion"},{"floor":12.0,"key":"LiquidMemories"},{"floor":13.0,"key":"BloodPotion"},{"floor":22.0,"key":"Fire Potion"},{"floor":24.0,"key":"Ancient Potion"},{"floor":35.0,"key":"Swift Potion"}],"is_trial":false,"path_per_floor":["M","M","?","T","M","R","E","?","T","M","E","M","E","M","R","B",null,"M","$","?","AVR","M","E","M","R","T","M","E","M","R","$","R","B",null,"M","?","AVR","M","M","R","E","R","T","R","M","R","M","E","R","B","B"],"character_chosen":"IRONCLAD","items_purchased":["Shockwave","Paper Frog","Mango","hubris:PeanutButter","Headbutt","StrikeDummy","Pommel Strike"],"campfire_rested":1,"item_purchase_floors":[0,0,0,0,0,19,31],"current_hp_per_floor":[88,88,88,88,89,89,75,75,75,76,52,41,43,61,61,37,76,76,76,76,76,70,38,39,39,39,30,15,21,21,21,47,11,70,65,65,65,71,77,77,25,25,25,34,37,46,52,56,68,12,0,0],"gold":228,"neow_bonus":"","is_daily":false,"chose_seed":false,"campfire_upgraded":8,"win_rate":0.0,"timestamp":1612700919,"path_taken":["M","M","?","?","M","R","E","?","T","M","E","M","E","M","R","BOSS","M","$","?","AVR","M","E","M","R","T","M","E","M","R","$","R","BOSS","M","?","AVR","M","M","R","E","R","T","R","M","R","M","E","R","BOSS","BOSS"],"items_purchased_type":["Card","Relic","Relic","Relic","Card","Relic","Card"],"build_version":"2020-12-22","purchased_purges":5,"victory":false,"max_hp_per_floor":[89,89,89,89,89,89,89,89,89,89,89,89,89,89,89,89,89,89,89,89,89,89,89,89,89,89,89,89,89,89,89,89,89,89,89,89,89,89,89,89,89,89,89,89,89,89,89,89,89,89,89,89],"relic_stats":{"Regal Pillow":0,"counters":[47,210],"Gambling Chip":[17],"Eternal Feather":30,"Juzu Bracelet":1,"Bag of Preparation":[28],"obtain_stats":[{"hubris:CrystalStatue":5,"Vajra":0,"Whetstone":10,"Sling":0,"Astrolabe":12,"Oddly Smooth Stone":0,"Eternal Feather":43,"infinitespire:Beetle Shell":15,"WarpedTongs":8,"Shuriken":18,"hubris:PeanutButter":0,"Black Star":0,"hubris:ToyBattleship":4,"infinitespire:EmpoweringShard":28,"StrikeDummy":19,"Pocketwatch":9,"Meat on the Bone":10,"infinitespire:Cupcake":17,"Regal Pillow":18,"Mango":0,"Incense Burner":13,"Juzu Bracelet":7,"Bag of Preparation":23,"Ancient Tea Set":17,"Burning Blood":0,"Nunchaku":16,"Dream Catcher":13,"hubris:Icosahedron":3,"Mummified Hand":11,"Gambling Chip":34,"hubris:IronBody":41,"Chemical X":1,"Runic Pyramid":6,"Paper Frog":0,"Potion Belt":16,"hubris:DisguiseKit":9,"PreservedInsect":0,"Omamori":13,"infinitespire:CheckeredPen":11,"Frozen Egg 2":15,"Calling Bell":34,"infinitespire:WardingShard":11,"hubris:Spice":17,"infinitespire:Satchel":3,"Turnip":1,"Bag of Marbles":4,"Champion Belt":5,"Toy Ornithopter":3,"TungstenRod":4,"hubris:BottledRain":34},{"hubris:CrystalStatue":3,"Vajra":10,"Whetstone":5,"Sling":0,"Astrolabe":6,"Oddly Smooth Stone":10,"Eternal Feather":42,"infinitespire:Beetle Shell":7,"WarpedTongs":24,"Shuriken":10,"hubris:PeanutButter":20,"Black Star":0,"hubris:ToyBattleship":2,"infinitespire:EmpoweringShard":36,"StrikeDummy":31,"Pocketwatch":4,"Meat on the Bone":5,"infinitespire:Cupcake":30,"Regal Pillow":10,"Mango":20,"Incense Burner":6,"Juzu Bracelet":24,"Bag of Preparation":33,"Ancient Tea Set":9,"Burning Blood":0,"Nunchaku":8,"Dream Catcher":18,"hubris:Icosahedron":22,"Mummified Hand":6,"Gambling Chip":38,"hubris:IronBody":42,"Chemical X":0,"Runic Pyramid":3,"Paper Frog":20,"Potion Belt":8,"hubris:DisguiseKit":15,"PreservedInsect":0,"Omamori":28,"infinitespire:CheckeredPen":26,"Frozen Egg 2":7,"Calling Bell":38,"infinitespire:WardingShard":6,"hubris:Spice":9,"infinitespire:Satchel":1,"Turnip":0,"Bag of Marbles":2,"Champion Belt":3,"Toy Ornithopter":1,"TungstenRod":22,"hubris:BottledRain":38},{"hubris:CrystalStatue":8,"Vajra":35,"Whetstone":12,"Sling":0,"Astrolabe":15,"Oddly Smooth Stone":35,"Eternal Feather":174,"infinitespire:Beetle Shell":18,"WarpedTongs":89,"Shuriken":35,"hubris:PeanutButter":76,"Black Star":0,"hubris:ToyBattleship":6,"infinitespire:EmpoweringShard":149,"StrikeDummy":131,"Pocketwatch":11,"Meat on the Bone":12,"infinitespire:Cupcake":126,"Regal Pillow":35,"Mango":76,"Incense Burner":15,"Juzu Bracelet":89,"Bag of Preparation":139,"Ancient Tea Set":30,"Burning Blood":0,"Nunchaku":25,"Dream Catcher":67,"hubris:Icosahedron":82,"Mummified Hand":15,"Gambling Chip":159,"hubris:IronBody":174,"Chemical X":0,"Runic Pyramid":8,"Paper Frog":76,"Potion Belt":25,"hubris:DisguiseKit":58,"PreservedInsect":0,"Omamori":112,"infinitespire:CheckeredPen":99,"Frozen Egg 2":18,"Calling Bell":159,"infinitespire:WardingShard":15,"hubris:Spice":30,"infinitespire:Satchel":4,"Turnip":0,"Bag of Marbles":6,"Champion Belt":8,"Toy Ornithopter":4,"TungstenRod":82,"hubris:BottledRain":159}],"Burning Blood":249,"TungstenRod":82,"WarpedTongs":[115],"Pocketwatch":[93]},"card_choices":[{"not_picked":["Sword Boomerang","Armaments","Perfected Strike"],"picked":"SKIP","floor":1.0},{"not_picked":["Headbutt","Infernal Blade","Metallicize"],"picked":"SKIP","floor":2.0},{"not_picked":["Burning Pact","Armaments","Heavy Blade"],"picked":"SKIP","floor":5.0},{"not_picked":["Wild Strike","Shockwave","Hemokinesis"],"picked":"SKIP","floor":7.0},{"not_picked":["Wild Strike","Feel No Pain","Headbutt"],"picked":"SKIP","floor":10.0},{"not_picked":["Spot Weakness","Battle Trance"],"picked":"Dropkick","floor":11.0},{"not_picked":["Sword Boomerang","Second Wind","Clash"],"picked":"SKIP","floor":12.0},{"not_picked":["Whirlwind","Cleave"],"picked":"Barricade","floor":13.0},{"not_picked":["Bloodletting","Flex"],"picked":"Battle Trance","floor":14.0},{"not_picked":["Corruption","Immolate"],"picked":"Bludgeon","floor":16.0},{"not_picked":["True Grit","Perfected Strike"],"picked":"Shrug It Off","floor":18.0},{"not_picked":["Armaments","Inflame","Anger"],"picked":"SKIP","floor":22.0},{"not_picked":["True Grit","Blood for Blood"],"picked":"Whirlwind","floor":23.0},{"not_picked":["Reckless Charge","Body Slam","Clash"],"picked":"SKIP","floor":24.0},{"not_picked":["Sword Boomerang","Pommel Strike","Bloodletting+1"],"picked":"SKIP","floor":27.0},{"not_picked":["Seeing Red","Heavy Blade+1","Perfected Strike"],"picked":"SKIP","floor":28.0},{"not_picked":["Armaments","Burning Pact","Pummel"],"picked":"SKIP","floor":29.0},{"not_picked":["Brutality","Bludgeon"],"picked":"Offering","floor":33.0},{"not_picked":["True Grit","Shockwave","Wild Strike"],"picked":"SKIP","floor":35.0},{"not_picked":["Clash+1","Thunderclap","Body Slam"],"picked":"SKIP","floor":38},{"not_picked":["Fire Breathing","Clash","Warcry"],"picked":"SKIP","floor":39},{"not_picked":["Shrug It Off","Barricade"],"picked":"Entrench","floor":41},{"not_picked":["Wild Strike+1","Clothesline","Whirlwind"],"picked":"SKIP","floor":45},{"not_picked":["Anger","Iron Wave","Rampage"],"picked":"SKIP","floor":47},{"not_picked":["Feel No Pain","Rupture"],"picked":"Body Slam","floor":48}],"player_experience":995228,"relics_obtained":[{"floor":4.0,"key":"TungstenRod"},{"floor":7.0,"key":"Juzu Bracelet"},{"floor":9.0,"key":"Oddly Smooth Stone"},{"floor":11.0,"key":"infinitespire:CheckeredPen"},{"floor":13.0,"key":"Omamori"},{"floor":23.0,"key":"Bag of Preparation"},{"floor":28.0,"key":"infinitespire:EmpoweringShard"},{"floor":34.0,"key":"Ancient Tea Set"},{"floor":34.0,"key":"hubris:BottledRain"},{"floor":34.0,"key":"Gambling Chip"},{"floor":41,"key":"hubris:IronBody"},{"floor":43,"key":"Eternal Feather"},{"floor":48,"key":"Regal Pillow"}],"event_choices":[{"damage_healed":0.0,"max_hp_gain":0.0,"max_hp_loss":0.0,"gold_gain":0.0,"event_name":"Accursed Blacksmith","player_choice":"Rummage","floor":8.0,"gold_loss":0.0,"damage_taken":0.0,"relics_obtained":["WarpedTongs"],"cards_obtained":["Pain"]},{"damage_healed":0.0,"max_hp_gain":0.0,"max_hp_loss":0.0,"gold_gain":0.0,"event_name":"Addict","player_choice":"Stole Relic","floor":20.0,"gold_loss":0.0,"damage_taken":0.0,"relics_obtained":["Pocketwatch"],"cards_obtained":["Shame"]}],"is_beta":false,"boss_relics":[{"not_picked":["hubris:ScarierMask","Runic Cube"],"picked":"infinitespire:Cupcake"},{"not_picked":["Black Star","Runic Dome"],"picked":"Calling Bell"}],"items_purged_floors":[0,19,21,31,37],"is_endless":false,"potions_floor_spawned":[2,5,7,12,13,22,24,27,35,39,45,47,48],"killed_by":"Donu and Deca","ascension_level":20}}