{"host":"vymnruocrvjmw2yt","time":1612727970,"event":{"mods":["AchievementEnabler","Aspiration","BaseMod","Block Reminder","Downfall","Googly Eyes","Halation","Hermit","Hubris","Infinite Spire","Minty Spire (QoL Compilation)","Relic Filter","Robot Space Explorer","StSLib","The Runesmith"],"gold_per_floor":[110,110,124,136,136,167,167,194,194,220,239,15,15,32,32,107,107,127,141,141,160,170,95,95,95,95,95,111,10,10,30,30,102,102,113,113,13,26,26,53,53,68,68,98,98,111,131,131,131],"floor_reached":48,"language":"ENG","playtime":18938,"items_purged":["Strike_B","Strike_B"],"score":1069,"play_id":"c5467f6e-829b-447e-a8d8-0b575a2a51ef","local_time":"20210207145930","is_ascension_mode":true,"campfire_choices":[{"data":"Dualcast","floor":15,"key":"SMITH"},{"floor":24,"key":"REST"},{"floor":32,"key":"REST"},{"floor":41,"key":"REST"},{"floor":45,"key":"REST"}],"circlet_count":0,"master_deck":["AscendersBane","infinitespire:Collect+1","Strike_B","Defend_B","Defend_B","Defend_B","Defend_B","Zap+1","Dualcast+1","Gash","Gash","Leap","Scrape","Seek","Go for the Eyes","Cold Snap","hubris:SpecializedCircuitry","Gash","FTL","Blizzard","Capacitor","Defragment+1","Cold Snap","Coolheaded","Reboot","Echo Form","Go for the Eyes+1","Parasite","Pain","hubris:InfiniteBlow+5","hubris:Fate+1","Redo+1","Redo+1","Gash","Leap+1"],"relics":["Cracked Core","halation:PrussianBluePaint","halation:PinkSoulGem","Blood Vial","Mango","infinitespire:Satchel","Tiny Chest","Calipers","halation:AfternoonTea","hubris:BundleOfHerbs","Dead Branch","Peace Pipe","Toxic Egg 2","halation:PromiseList","halation:PenCase"],"acts_visited":["Exordium","TheCity","TheBeyond"],"potions_floor_usage":[11,28,33,35,42,42],"damage_taken":[{"damage":2,"enemies":"Small Slimes","floor":1,"turns":3},{"damage":0,"enemies":"Cultist","floor":3,"turns":3},{"damage":2,"enemies":"Jaw Worm","floor":4,"turns":2},{"damage":8,"enemies":"Gremlin Nob","floor":6,"turns":3},{"damage":15,"enemies":"3 Sentries","floor":8,"turns":6},{"damage":0,"enemies":"2 Fungi Beasts","floor":11,"turns":2},{"damage":2,"enemies":"Red Slaver","floor":14,"turns":2},{"damage":8,"enemies":"The Guardian","floor":16,"turns":13},{"damage":25,"enemies":"Shell Parasite","floor":18,"turns":5},{"damage":6,"enemies":"Chosen","floor":19,"turns":5},{"damage":12,"enemies":"3 Cultists","floor":21,"turns":5},{"damage":24,"enemies":"Centurion and Healer","floor":22,"turns":7},{"damage":22,"enemies":"Cultist and Chosen","floor":28,"turns":8},{"damage":5,"enemies":"Chosen and Byrds","floor":31,"turns":9},{"damage":54,"enemies":"Collector","floor":33,"turns":12},{"damage":22,"enemies":"Orb Walker","floor":35,"turns":4},{"damage":10,"enemies":"3 Shapes","floor":38,"turns":7},{"damage":41,"enemies":"Nightmare","floor":40,"turns":4},{"damage":54,"enemies":"Jaw Worm Horde","floor":42,"turns":6},{"damage":8,"enemies":"Giant Head","floor":44,"turns":14},{"damage":11,"enemies":"Sphere and 2 Shapes","floor":46,"turns":3},{"damage":32,"enemies":"Maw","floor":47,"turns":9},{"damage":19,"enemies":"Transient","floor":48,"turns":1}],"seed_played":"-7385130828102978164","potions_obtained":[{"floor":4,"key":"GamblersBrew"},{"floor":6,"key":"sneckomod:MuddlingPotion"},{"floor":13,"key":"FocusPotion"},{"floor":28,"key":"SkillPotion"},{"floor":33,"key":"GamblersBrew"},{"floor":35,"key":"SteroidPotion"},{"floor":40,"key":"Fire Potion"},{"floor":47,"key":"SpeedPotion"}],"is_trial":false,"path_per_floor":["M","?","M","M","?","E","?","E","T","T","M","$","?","M","R","B",null,"M","M","?","M","M","?","R","T","T","?","M","$","?","M","R","B",null,"M","T","$","M","?","NM","R","M","T","E","R","M","M","M"],"character_chosen":"DEFECT","items_purchased":["Tiny Chest","Go for the Eyes","Coolheaded"],"campfire_rested":4,"item_purchase_floors":[12,12,29],"current_hp_per_floor":[62,62,62,60,60,52,52,37,51,51,53,53,53,53,53,47,76,53,49,49,39,17,17,42,42,42,42,27,27,27,30,55,18,68,48,48,48,40,40,1,26,4,4,4,29,29,5,0,0],"gold":131,"neow_bonus":"UPGRADE_CARD","is_daily":false,"chose_seed":false,"campfire_upgraded":1,"win_rate":0.0,"timestamp":1612727970,"path_taken":["M","?","M","?","?","E","?","E","T","?","M","$","?","M","R","BOSS","M","M","?","M","M","?","R","?","T","?","?","$","?","M","R","BOSS","M","?","?","M","?","NM","R","?","T","E","R","M","M","M"],"items_purchased_type":["Relic","Card","Card"],"build_version":"2020-12-22","purchased_purges":2,"victory":false,"max_hp_per_floor":[71,71,71,71,71,71,71,71,85,85,85,85,85,85,85,85,85,85,85,85,85,85,85,85,85,85,85,85,85,85,85,85,85,85,85,85,85,85,85,85,85,85,85,85,85,85,85,85,85],"card_choices":[{"not_picked":["Turbo","Compile Driver"],"picked":"Gash","floor":1},{"not_picked":["Hello World","Undo"],"picked":"Gash","floor":3},{"not_picked":["Recycle","Fusion","Sunder"],"picked":"SKIP","floor":4},{"not_picked":["Stack","Aggregate"],"picked":"Leap","floor":6},{"not_picked":["Ball Lightning","Leap"],"picked":"Scrape","floor":8},{"not_picked":["Leap","Cold Snap"],"picked":"Seek","floor":11},{"not_picked":["Beam Cell","Redo"],"picked":"Cold Snap","floor":14},{"not_picked":["Hyperbeam","Meteor Strike"],"picked":"hubris:SpecializedCircuitry","floor":16},{"not_picked":["Stack","Recycle"],"picked":"Gash","floor":18},{"not_picked":["Reinforced Body","Melter"],"picked":"FTL","floor":19},{"not_picked":["Force Field","Static Discharge"],"picked":"Blizzard","floor":21},{"not_picked":["Sunder","Compile Driver"],"picked":"Capacitor","floor":22},{"not_picked":["Gash","Go for the Eyes"],"picked":"Cold Snap","floor":28},{"not_picked":["Steam","Reinforced Body+1"],"picked":"Reboot","floor":31},{"not_picked":["hubris:DoWhile","Creative AI"],"picked":"Echo Form","floor":33},{"not_picked":["Compile Driver","Rebound"],"picked":"Go for the Eyes+1","floor":35},{"not_picked":["Stack","Leap","Blizzard"],"picked":"SKIP","floor":38},{"not_picked":["infinitespire:TheBestDefense","infinitespire:FinalStrike"],"picked":"hubris:InfiniteBlow+5","floor":39},{"not_picked":["infinitespire:TheBestDefense+1","infinitespire:UltimateForm"],"picked":"hubris:Fate+1","floor":40},{"not_picked":["Sunder","Blizzard"],"picked":"Redo+1","floor":40},{"not_picked":["Lockon","Coolheaded+1"],"picked":"Redo+1","floor":42},{"not_picked":["Barrage","hubris:PowerSurge","Biased Cognition"],"picked":"SKIP","floor":44},{"not_picked":["Streamline","Hologram+1"],"picked":"Gash","floor":46},{"not_picked":["Force Field+1","Gash"],"picked":"Leap+1","floor":47}],"player_experience":784289,"relics_obtained":[{"floor":6,"key":"halation:PrussianBluePaint"},{"floor":8,"key":"Blood Vial"},{"floor":9,"key":"Mango"},{"floor":10,"key":"infinitespire:Satchel"},{"floor":25,"key":"halation:AfternoonTea"},{"floor":26,"key":"hubris:BundleOfHerbs"},{"floor":36,"key":"Peace Pipe"},{"floor":40,"key":"Toxic Egg 2"},{"floor":43,"key":"halation:PromiseList"},{"floor":44,"key":"halation:PenCase"}],"event_choices":[{"damage_healed":0,"gold_gain":0,"player_choice":"Upgraded","damage_taken":0,"max_hp_gain":0,"max_hp_loss":0,"event_name":"Upgrade Shrine","floor":2,"gold_loss":0,"cards_upgraded":["infinitespire:Collect"]},{"damage_healed":0,"gold_gain":0,"player_choice":"Got Potions","damage_taken":0,"max_hp_gain":0,"max_hp_loss":0,"event_name":"Lab","floor":13,"gold_loss":0},{"damage_healed":0,"gold_gain":0,"player_choice":"Ignored","damage_taken":0,"max_hp_gain":0,"max_hp_loss":0,"event_name":"Ghosts","floor":20,"gold_loss":0},{"cards_removed":["Strike_B"],"damage_healed":0,"gold_gain":0,"player_choice":"Gave Gold","damage_taken":0,"max_hp_gain":0,"max_hp_loss":0,"event_name":"Beggar","floor":23,"gold_loss":75},{"damage_healed":0,"gold_gain":0,"player_choice":"Read","damage_taken":0,"max_hp_gain":0,"max_hp_loss":0,"event_name":"The Library","floor":27,"gold_loss":0,"cards_obtained":["Defragment"]},{"damage_healed":0,"gold_gain":0,"player_choice":"Forge","damage_taken":0,"max_hp_gain":0,"max_hp_loss":0,"event_name":"Accursed Blacksmith","floor":30,"gold_loss":0,"cards_upgraded":["Defragment"]}],"is_beta":false,"boss_relics":[{"not_picked":["Nuclear Battery","halation:SmartPhone"],"picked":"Calipers"},{"not_picked":["SlaversCollar","bronze:MakeshiftBattery"],"picked":"Dead Branch"}],"items_purged_floors":[29,37],"is_endless":true,"potions_floor_spawned":[4,6,28,33,35,40,47],"killed_by":"Transient","ascension_level":16}}