{"host":"l5zfpd2l2htson6l","time":1612657848,"event":{"mods":["AchievementEnabler","BaseMod","Colored Map","Colored Powertips","Minty Spire (QoL Compilation)","Permanent Neow","Quick Restart","Rare Cards Sparkle","Relic Stats","SuperFastMode"],"gold_per_floor":[109,109,126,142,156,156,156,156,156],"floor_reached":8,"language":"ENG","playtime":388,"items_purged":[],"score":96,"play_id":"28535d06-5b99-4ecc-8b10-eb6b2740c25d","local_time":"20210206163048","is_ascension_mode":true,"campfire_choices":[{"data":"Armaments","floor":6,"key":"SMITH"}],"circlet_count":0,"master_deck":["AscendersBane","Strike_R","Strike_R","Strike_R","Strike_R","Strike_R","Defend_R","Defend_R","Defend_R","Defend_R","Bash","Clothesline+1","Armaments+1","Metallicize+1"],"relics":["Burning Blood","Shuriken"],"acts_visited":["Exordium"],"potions_floor_usage":[0,5,8],"damage_taken":[{"damage":7,"enemies":"2 Louse","floor":1,"turns":4},{"damage":10,"enemies":"Small Slimes","floor":3,"turns":3},{"damage":16,"enemies":"Jaw Worm","floor":4,"turns":4},{"damage":15,"enemies":"Lots of Slimes","floor":5,"turns":7},{"damage":16,"enemies":"3 Sentries","floor":8,"turns":6}],"seed_played":"8761239398183372735","potions_obtained":[{"floor":0,"key":"Fruit Juice"},{"floor":0,"key":"GamblersBrew"},{"floor":0,"key":"BlessingOfTheForge"},{"floor":4,"key":"SpeedPotion"}],"is_trial":false,"path_per_floor":["M","?","M","M","M","R","?","E"],"character_chosen":"IRONCLAD","items_purchased":[],"campfire_rested":0,"item_purchase_floors":[],"current_hp_per_floor":[72,61,57,47,38,38,14,0,0],"gold":156,"neow_bonus":"THREE_SMALL_POTIONS","is_daily":false,"chose_seed":false,"campfire_upgraded":1,"win_rate":0.0,"timestamp":1612657848,"path_taken":["M","?","M","M","M","R","?","E"],"items_purchased_type":[],"build_version":"2020-12-22","purchased_purges":0,"victory":false,"max_hp_per_floor":[80,80,80,80,80,80,80,80,80],"relic_stats":{"counters":[5,24],"Shuriken":[1],"obtain_stats":[{"Shuriken":2,"Burning Blood":0},{"Shuriken":1,"Burning Blood":0},{"Shuriken":4,"Burning Blood":0}],"Burning Blood":24},"card_choices":[{"not_picked":["Cleave","Dropkick"],"picked":"Clothesline","floor":1},{"not_picked":["Clash","Warcry","Heavy Blade"],"picked":"SKIP","floor":3},{"not_picked":["Clothesline","Headbutt"],"picked":"Armaments","floor":4},{"not_picked":["Havoc","Shrug It Off"],"picked":"Metallicize","floor":5}],"player_experience":928473,"relics_obtained":[],"event_choices":[{"damage_healed":0,"gold_gain":0,"player_choice":"Success","damage_taken":11,"relics_obtained":["Shuriken"],"max_hp_gain":0,"max_hp_loss":0,"event_name":"Scrap Ooze","floor":2,"gold_loss":0},{"damage_healed":0,"gold_gain":0,"player_choice":"Entered Light","damage_taken":24,"max_hp_gain":0,"max_hp_loss":0,"event_name":"Shining Light","floor":7,"gold_loss":0,"cards_upgraded":["Clothesline","Metallicize"]}],"is_beta":false,"boss_relics":[],"items_purged_floors":[],"is_endless":false,"potions_floor_spawned":[4],"killed_by":"3 Sentries","ascension_level":20}}