{"host":"aapp7ew3jk5k1bvd","time":1612699319,"event":{"mods":["AchievementEnabler","BaseMod","Colored Map","Minty Spire (QoL Compilation)","Permanent Neow","StSLib","SuperFastMode"],"gold_per_floor":[119,119,44,61,76,76,104,104,104,104,104,116,149,160,160,263,263,276,303,203,217,316,316,333,366,366,383,395,270,288,138,138,240,240,258,258,258,83,102,102,122,122,122,122,142,142,142],"floor_reached":46,"language":"KOR","playtime":1104,"items_purged":["Strike_R","Strike_R","Strike_R+1","Feed+1","Sentinel"],"score":450,"play_id":"c4d37452-fdd3-43b4-a091-bf9cdc9dbd5e","local_time":"20210207210159","is_ascension_mode":false,"campfire_choices":[{"data":"Bash","floor":6.0,"key":"SMITH"},{"data":"Clash","floor":8.0,"key":"SMITH"},{"floor":10.0,"key":"REST"},{"data":"Defend_R","floor":15.0,"key":"SMITH"},{"floor":32.0,"key":"REST"},{"data":"Defend_R+1","floor":40,"key":"PURGE"},{"data":"Bludgeon+1","floor":44,"key":"PURGE"}],"circlet_count":0,"master_deck":["Bash+1","Clash+1","Dropkick+1","Battle Trance+1"],"relics":["Burning Blood","Self Forming Clay","Shuriken","Regal Pillow","Astrolabe","Red Mask","Omamori","Peace Pipe","Molten Egg 2"],"acts_visited":["Exordium","TheCity","TheBeyond"],"potions_floor_usage":[33,33,45],"damage_taken":[{"damage":1.0,"enemies":"2 Louse","floor":1.0,"turns":2.0},{"damage":10.0,"enemies":"Small Slimes","floor":4.0,"turns":3.0},{"damage":1.0,"enemies":"Cultist","floor":5.0,"turns":3.0},{"damage":43.0,"enemies":"3 Sentries","floor":7.0,"turns":10.0},{"damage":2.0,"enemies":"Blue Slaver","floor":12.0,"turns":2.0},{"damage":6.0,"enemies":"Gremlin Nob","floor":13.0,"turns":3.0},{"damage":5.0,"enemies":"Looter","floor":14.0,"turns":2.0},{"damage":39.0,"enemies":"Slime Boss","floor":16.0,"turns":8.0},{"damage":12.0,"enemies":"3 Byrds","floor":18.0,"turns":5.0},{"damage":16.0,"enemies":"Masked Bandits","floor":19.0,"turns":4.0},{"damage":0.0,"enemies":"Shell Parasite","floor":21.0,"turns":2.0},{"damage":26.0,"enemies":"Shelled Parasite and Fungi","floor":24.0,"turns":3.0},{"damage":12.0,"enemies":"Gremlin Leader","floor":25.0,"turns":3.0},{"damage":27.0,"enemies":"Sentry and Sphere","floor":27.0,"turns":5.0},{"damage":0.0,"enemies":"Centurion and Healer","floor":28.0,"turns":3.0},{"damage":11.0,"enemies":"Shelled Parasite and Fungi","floor":30.0,"turns":4.0},{"damage":26,"enemies":"Champ","floor":33,"turns":6},{"damage":18,"enemies":"Orb Walker","floor":35,"turns":3},{"damage":43,"enemies":"3 Darklings","floor":39,"turns":8},{"damage":26,"enemies":"Spire Growth","floor":41,"turns":3},{"damage":33,"enemies":"4 Shapes","floor":45,"turns":5},{"damage":20,"enemies":"Jaw Worm Horde","floor":46,"turns":1}],"seed_played":"-5099913294723056294","potions_obtained":[{"floor":1.0,"key":"Energy Potion"},{"floor":7.0,"key":"LiquidMemories"},{"floor":12.0,"key":"FairyPotion"},{"floor":13.0,"key":"DistilledChaos"},{"floor":24.0,"key":"Block Potion"},{"floor":28.0,"key":"LiquidMemories"},{"floor":30.0,"key":"AttackPotion"},{"floor":39,"key":"SteroidPotion"}],"is_trial":false,"path_per_floor":["M","?","$","M","M","R","E","R","T","R","?","M","E","M","R","B",null,"M","?","$","M","?","?","M","E","T","M","M","$","M","$","R","B",null,"M","?","?","$","M","R","M","?","T","R","M","M"],"character_chosen":"IRONCLAD","items_purchased":[],"campfire_rested":2,"item_purchase_floors":[],"current_hp_per_floor":[80,80,80,76,80,80,43,43,43,67,67,71,71,72,72,39,80,78,68,68,74,74,74,54,48,48,27,33,33,28,28,68,48,84,72,72,72,72,35,35,15,15,15,15,17,0,0],"gold":142,"neow_bonus":"REMOVE_CARD","is_daily":false,"chose_seed":false,"campfire_upgraded":3,"win_rate":0.0,"timestamp":1612699319,"path_taken":["M","?","$","M","M","R","E","R","T","R","?","M","E","M","R","BOSS","M","?","$","M","?","?","M","E","T","M","?","?","M","$","R","BOSS","M","?","?","$","?","R","M","?","T","R","M","M"],"items_purchased_type":[],"build_version":"2020-12-22","purchased_purges":5,"victory":false,"max_hp_per_floor":[80,80,80,80,80,80,80,80,80,80,80,80,80,80,80,80,80,84,84,84,84,84,84,84,84,84,84,84,84,84,84,84,84,84,84,84,84,84,84,84,84,84,84,84,84,84,84],"card_choices":[{"not_picked":["Shockwave","Havoc","Armaments"],"picked":"SKIP","floor":1.0},{"not_picked":["Thunderclap","True Grit","Wild Strike"],"picked":"SKIP","floor":4.0},{"not_picked":["Spot Weakness","Sword Boomerang","Pommel Strike"],"picked":"SKIP","floor":5.0},{"not_picked":["Warcry","Bloodletting"],"picked":"Clash","floor":7.0},{"not_picked":["Body Slam","Thunderclap","Clash"],"picked":"SKIP","floor":12.0},{"not_picked":["Seeing Red","Perfected Strike","True Grit"],"picked":"SKIP","floor":13.0},{"not_picked":["Clash","Entrench","Shrug It Off"],"picked":"SKIP","floor":14.0},{"not_picked":["Flex+1","Shrug It Off","Reckless Charge"],"picked":"SKIP","floor":18.0},{"not_picked":["Combust+1","True Grit+1","Entrench"],"picked":"SKIP","floor":21.0},{"not_picked":["Infernal Blade+1","Armaments","Entrench+1"],"picked":"SKIP","floor":24.0},{"not_picked":["Armaments","Sever Soul","Inflame"],"picked":"SKIP","floor":25.0},{"not_picked":["Entrench+1","Fire Breathing","Havoc"],"picked":"SKIP","floor":27.0},{"not_picked":["Flame Barrier","True Grit"],"picked":"Dropkick+1","floor":28.0},{"not_picked":["Anger","Dropkick","Pummel"],"picked":"SKIP","floor":30.0},{"not_picked":["Anger+1","Clothesline","Headbutt"],"picked":"SKIP","floor":35},{"not_picked":["Ghostly Armor+1","Clothesline+1","Shrug It Off+1"],"picked":"SKIP","floor":39},{"not_picked":["Pommel Strike","Heavy Blade+1","Clash"],"picked":"SKIP","floor":41},{"not_picked":["Intimidate+1","Cleave+1"],"picked":"Battle Trance+1","floor":45}],"player_experience":1336408,"relics_obtained":[{"floor":7.0,"key":"Self Forming Clay"},{"floor":9.0,"key":"Shuriken"},{"floor":13.0,"key":"Regal Pillow"},{"floor":19.0,"key":"Red Mask"},{"floor":25.0,"key":"Omamori"},{"floor":26.0,"key":"Peace Pipe"},{"floor":43,"key":"Molten Egg 2"}],"event_choices":[{"damage_healed":0.0,"max_hp_gain":0.0,"max_hp_loss":0.0,"gold_gain":0.0,"event_name":"Liars Game","player_choice":"Ignored","floor":2.0,"gold_loss":0.0,"damage_taken":0.0},{"cards_removed":["Defend_R"],"damage_healed":0.0,"max_hp_gain":0.0,"max_hp_loss":0.0,"gold_gain":0.0,"event_name":"Bonfire Elementals","player_choice":"Offered Basic","floor":11.0,"gold_loss":0.0,"damage_taken":0.0},{"damage_healed":0.0,"max_hp_gain":0.0,"max_hp_loss":0.0,"gold_gain":0.0,"event_name":"Masked Bandits","player_choice":"Fought Bandits","floor":19.0,"gold_loss":0.0,"damage_taken":0.0},{"damage_healed":0.0,"max_hp_gain":0.0,"max_hp_loss":0.0,"gold_gain":99.0,"event_name":"Nest","player_choice":"Stole From Cult","floor":22.0,"gold_loss":0.0,"damage_taken":0.0},{"damage_healed":0.0,"max_hp_gain":0.0,"max_hp_loss":0.0,"gold_gain":0.0,"event_name":"Upgrade Shrine","player_choice":"Upgraded","floor":23.0,"gold_loss":0.0,"damage_taken":0.0,"cards_upgraded":["Strike_R"]},{"damage_healed":0,"gold_gain":0,"player_choice":"Ignored","damage_taken":0,"max_hp_gain":0,"max_hp_loss":0,"event_name":"Mysterious Sphere","floor":36,"gold_loss":0},{"damage_healed":0,"gold_gain":0,"cards_transformed":["Twin Strike"],"player_choice":"Transformed","damage_taken":0,"max_hp_gain":0,"max_hp_loss":0,"event_name":"Transmorgrifier","floor":37,"gold_loss":0,"cards_obtained":["Sentinel"]},{"damage_healed":0,"gold_gain":0,"player_choice":"Ignored","damage_taken":0,"max_hp_gain":0,"max_hp_loss":0,"event_name":"NoteForYourself","floor":42,"gold_loss":0}],"is_beta":false,"boss_relics":[{"not_picked":["SacredBark","SlaversCollar"],"picked":"Astrolabe"},{"not_picked":["Coffee Dripper","Tiny House","Velvet Choker"]}],"items_purged_floors":[3,20,29,31,38],"is_endless":false,"potions_floor_spawned":[1,7,12,13,14,24,28,30,39],"killed_by":"Jaw Worm Horde","ascension_level":0}}