{"host":"cea5br1cxflos9kc","time":1612678522,"event":{"mods":["BaseMod","Better Altar","Better Third Choice","Colored Map","Custom Start","Downfall","Googly Eyes","Hermit","Infinite Spire","Minty Spire (QoL Compilation)","Replay The Spire","StSLib"],"gold_per_floor":[111,129,146,146,146,146,173,173,173,199,215,233,262,280,280,280,280],"floor_reached":16,"language":"ENG","playtime":405,"items_purged":[],"score":197,"play_id":"3bf526db-6f31-4d8d-90f6-0129be8055c5","local_time":"20210206211522","daily_mods":["Vintage"],"is_ascension_mode":false,"campfire_choices":[{"data":"Reflex","floor":6,"key":"SMITH"},{"data":"Grand Finale","floor":6,"key":"SMITH"},{"data":"Survivor","floor":8,"key":"SMITH"},{"data":"Tactician","floor":8,"key":"SMITH"},{"data":"Prepared","floor":15,"key":"SMITH"}],"circlet_count":0,"master_deck":["Prepared+1","Reflex+1","Tactician+1","Survivor+1","Grand Finale+1"],"relics":["Ring of the Snake","Anchor","Replay:Arrowhead","Black Star","Bronze Scales","Calipers","ClockworkSouvenir","infinitespire:EmpoweringShard","FossilizedHelix","Shuriken","Potion Belt","Pet Ghost","sneckomod:BlankCard","Sundial","Guardian:PocketSentry","infinitespire:BottledMercury","Mummified Hand","Blue Candle","Bag of Preparation","Whetstone"],"acts_visited":["Exordium"],"potions_floor_usage":[16],"damage_taken":[{"damage":0,"enemies":"2 Louse","floor":1,"turns":1},{"damage":0,"enemies":"Small Slimes","floor":2,"turns":1},{"damage":0,"enemies":"Cultist","floor":3,"turns":1},{"damage":0,"enemies":"3 Sentries","floor":7,"turns":1},{"damage":0,"enemies":"Lagavulin","floor":10,"turns":1},{"damage":0,"enemies":"3 Louse","floor":11,"turns":1},{"damage":0,"enemies":"Looter","floor":12,"turns":1},{"damage":0,"enemies":"3 Sentries","floor":13,"turns":1},{"damage":0,"enemies":"Large Slime","floor":14,"turns":1},{"damage":0,"enemies":"Hexaghost","floor":16,"turns":2}],"seed_played":"-5681136561871244462","potions_obtained":[{"floor":1,"key":"SteroidPotion"},{"floor":10,"key":"Dexterity Potion"},{"floor":11,"key":"hexamod:SoulburnPotion"},{"floor":12,"key":"champ:CounterPotion"},{"floor":13,"key":"Fire Potion"}],"is_trial":true,"path_per_floor":["M","M","M","$","?","R","E","R","T","E","M","M","E","M","R","B"],"character_chosen":"THE_SILENT","items_purchased":[],"campfire_rested":0,"item_purchase_floors":[],"current_hp_per_floor":[70,70,70,70,70,70,70,70,70,70,70,70,70,70,70,70,70],"gold":280,"neow_bonus":"","is_daily":false,"chose_seed":false,"campfire_upgraded":5,"win_rate":0.0,"timestamp":1612678522,"path_taken":["M","M","M","$","?","R","E","R","T","E","M","M","E","M","R","BOSS"],"items_purchased_type":[],"build_version":"2020-12-22","purchased_purges":0,"victory":false,"max_hp_per_floor":[70,70,70,70,70,70,70,70,70,70,70,70,70,70,70,70,70],"card_choices":[{"not_picked":["Prepared","Backflip","ReplayTheSpireMod:The Works"],"picked":"SKIP","floor":7},{"not_picked":["Catalyst","Sneak Up","Flechettes"],"picked":"SKIP","floor":10},{"not_picked":["Bane","Outmaneuver","Dash"],"picked":"SKIP","floor":13}],"player_experience":358688,"relics_obtained":[{"floor":1,"key":"Shuriken"},{"floor":3,"key":"Potion Belt"},{"floor":7,"key":"Pet Ghost"},{"floor":7,"key":"sneckomod:BlankCard"},{"floor":10,"key":"Sundial"},{"floor":10,"key":"Guardian:PocketSentry"},{"floor":11,"key":"infinitespire:BottledMercury"},{"floor":12,"key":"Mummified Hand"},{"floor":13,"key":"Blue Candle"},{"floor":13,"key":"Bag of Preparation"},{"floor":14,"key":"Whetstone"}],"event_choices":[{"damage_healed":0,"gold_gain":0,"player_choice":"LEAVE","damage_taken":0,"max_hp_gain":0,"max_hp_loss":0,"event_name":"betterThird:BetterScrap","floor":5,"gold_loss":0,"cards_obtained":["Double Tap"]}],"is_beta":false,"boss_relics":[],"items_purged_floors":[],"is_endless":false,"potions_floor_spawned":[1,10,11,12,13],"killed_by":"Hexaghost","ascension_level":0}}