{"host":"1focbxb2e8qu7ccd","time":1612669413,"event":{"mods":["AchievementEnabler","BaseMod","Bestiary","Highlight Path","Minty Spire (QoL Compilation)","Relic Stats"],"gold_per_floor":[367,367,384,42,54,54,54],"floor_reached":6,"language":"ENG","playtime":394,"items_purged":["Regret"],"score":72,"play_id":"ea2cfd48-e791-41ed-8f2c-c13b5be20409","local_time":"20210206224333","is_ascension_mode":true,"campfire_choices":[],"circlet_count":0,"master_deck":["AscendersBane","Strike_R","Strike_R","Strike_R","Strike_R","Defend_R","Defend_R","Defend_R","Defend_R","Bash","Pommel Strike","Corruption","Sentinel","Clothesline"],"relics":["Burning Blood","Bottled Tornado"],"acts_visited":["Exordium"],"potions_floor_usage":[6],"damage_taken":[{"damage":11.0,"enemies":"Small Slimes","floor":1.0,"turns":5.0},{"damage":11.0,"enemies":"Jaw Worm","floor":3.0,"turns":4.0},{"damage":12.0,"enemies":"2 Louse","floor":5.0,"turns":3.0},{"damage":55,"enemies":"3 Sentries","floor":6,"turns":9}],"seed_played":"-4340781805465498258","potions_obtained":[{"floor":5.0,"key":"Swift Potion"}],"is_trial":false,"path_per_floor":["M","?","M","$","M","E"],"character_chosen":"IRONCLAD","items_purchased":["Bottled Tornado"],"campfire_rested":0,"item_purchase_floors":[4],"current_hp_per_floor":[63,63,58,58,52,0,0],"gold":54,"neow_bonus":"TWO_FIFTY_GOLD","is_daily":false,"chose_seed":false,"campfire_upgraded":0,"win_rate":0.0,"timestamp":1612669413,"path_taken":["M","?","M","$","M","E"],"items_purchased_type":["Relic"],"build_version":"2020-12-22","purchased_purges":1,"victory":false,"max_hp_per_floor":[75,75,75,75,75,75,75],"relic_stats":{"counters":[4,21],"obtain_stats":[{"Bottled Tornado":4,"Burning Blood":0},{"Bottled Tornado":2,"Burning Blood":0},{"Bottled Tornado":9,"Burning Blood":0}],"Burning Blood":18},"card_choices":[{"not_picked":["Sever Soul","Armaments"],"picked":"Pommel Strike","floor":1.0},{"not_picked":["Bloodletting","Clothesline"],"picked":"Sentinel","floor":3.0},{"not_picked":["Heavy Blade","Havoc"],"picked":"Clothesline","floor":5.0}],"player_experience":893610,"relics_obtained":[],"event_choices":[{"damage_healed":0.0,"max_hp_gain":0.0,"max_hp_loss":0.0,"gold_gain":0.0,"cards_transformed":["Strike_R"],"event_name":"Living Wall","player_choice":"Change","floor":2.0,"gold_loss":0.0,"damage_taken":0.0,"cards_obtained":["Corruption"]}],"is_beta":false,"boss_relics":[],"items_purged_floors":[4],"is_endless":false,"potions_floor_spawned":[5],"killed_by":"3 Sentries","ascension_level":20}}