{"host":"gk9qdtkqd8dwfeg2","time":1612697829,"event":{"mods":["Act Like it!","Aspiration","BaseMod","Colored Powertips","Gensokyo","Minty Spire (QoL Compilation)","Quick Restart","Replay The Spire","Shop Mod","StSLib","TestMod","The Servant 0.9.4","Waifu the Spire","WarShipGirlsR/战舰少女R mod"],"gold_per_floor":[116,116,116,116,128,128,162,177,177,140,155,155,189,189,189,261,261,281,281,295,309,165,165,190,140,163,183,197,222,222,242,242,316,316,332,86,86,106,15,47,67,67,90,90,117,137,137,137,137,137,137,137,137,82,117,117,117],"floor_reached":56,"language":"ZHS","playtime":2128,"items_purged":["Quick Slash"],"score":2086,"play_id":"1976715b-e7f0-4eaa-8d59-a4978eaa51cc","local_time":"20210207193709","is_ascension_mode":true,"campfire_choices":[{"data":"Bash","floor":6.0,"key":"SMITH"},{"data":"Body Slam","floor":12.0,"key":"SMITH"},{"data":"ReplayTheSpireMod:Limb From Limb","floor":15.0,"key":"SMITH"},{"data":"Feed","floor":23.0,"key":"SMITH"},{"data":"Rupture","floor":30.0,"key":"SMITH"},{"data":"Rampage","floor":32.0,"key":"SMITH"},{"data":"Limit Break","floor":42.0,"key":"SMITH"},{"data":"Pommel Strike","floor":44.0,"key":"SMITH"},{"floor":49.0,"key":"RECALL"},{"data":"Power Through","floor":53,"key":"SMITH"}],"circlet_count":0,"master_deck":["AscendersBane","Bash+1","Glass Knife","Shrug It Off","Hemokinesis","Body Slam+1","ReplayTheSpireMod:Limb From Limb+1","Feed+1","Power Through+1","Inflame","Rampage+1","Rupture+1","Pommel Strike+1","Combust+1","Limit Break+1","Limit Break","ReplayTheSpireMod:Muscle Training","Barricade"],"relics":["testmod-TestBox","aspiration:ServantSkillbook","Ring of Peace","ReplayTheSpireMod:Ring of Collecting","ReplayTheSpireMod:TigerMarble","Ring of Hypnosis","Replay:Ringing Soul","MerchantsRug","Letter Opener","testmod-Nine","HandDrill","Ring of Fury","Ancient Tea Set","testmod-StringDisintegrator","Happy Flower","Medical Kit","Orichalcum","Ring of Panic","Self Forming Clay","Pet Ghost"],"acts_visited":["Exordium","Gensokyo:Gensokyo","Gensokyo:Gensokyoer","TheEnding"],"potions_floor_usage":[51,55,56,56],"damage_taken":[{"damage":0.0,"enemies":"Gensokyo:Python","floor":1.0,"turns":2.0},{"damage":0.0,"enemies":"Gensokyo:2_Kodama","floor":5.0,"turns":2.0},{"damage":0.0,"enemies":"Gensokyo:Mamizou","floor":7.0,"turns":5.0},{"damage":0.0,"enemies":"Gensokyo:3_Fairies","floor":8.0,"turns":4.0},{"damage":8.0,"enemies":"Gensokyo:CorruptedTreant","floor":11.0,"turns":2.0},{"damage":0.0,"enemies":"Gensokyo:Aya","floor":13.0,"turns":4.0},{"damage":24.0,"enemies":"Gensokyo:Kokoro","floor":16.0,"turns":6.0},{"damage":0.0,"enemies":"Gensokyo:Chomper","floor":18.0,"turns":4.0},{"damage":0.0,"enemies":"Gensokyo:2_Gloops","floor":20.0,"turns":3.0},{"damage":12.0,"enemies":"Gensokyo:Wraith","floor":21.0,"turns":4.0},{"damage":14.0,"enemies":"Gensokyo:Tenshi","floor":24.0,"turns":5.0},{"damage":0.0,"enemies":"Gensokyo:Monolith_and_Dog","floor":27.0,"turns":4.0},{"damage":0.0,"enemies":"Gensokyo:Chomper_and_Gloop","floor":28.0,"turns":4.0},{"damage":0.0,"enemies":"Gensokyo:Koishi","floor":29.0,"turns":4.0},{"damage":0.0,"enemies":"Gensokyo:3_Gloops","floor":31.0,"turns":3.0},{"damage":36.0,"enemies":"Gensokyo:Eiki","floor":33.0,"turns":7.0},{"damage":0.0,"enemies":"Gensokyo:AncientGuardian","floor":35.0,"turns":3.0},{"damage":0.0,"enemies":"Gensokyo:3_Bats","floor":38.0,"turns":3.0},{"damage":2.0,"enemies":"Gensokyo:Marisa","floor":40.0,"turns":4.0},{"damage":0.0,"enemies":"Gensokyo:Rafflesia","floor":41.0,"turns":4.0},{"damage":26.0,"enemies":"Gensokyo:Kasen","floor":45.0,"turns":5.0},{"damage":25.0,"enemies":"Gensokyo:4_Bats","floor":46.0,"turns":4.0},{"damage":10,"enemies":"Gensokyo:Scarlet_Devils","floor":50,"turns":5},{"damage":0,"enemies":"Gensokyo:Yuyuko","floor":51,"turns":3},{"damage":70,"enemies":"Shield and Spear","floor":55,"turns":5},{"damage":71,"enemies":"The Heart","floor":56,"turns":6}],"seed_played":"-5255429161928481991","potions_obtained":[{"floor":1.0,"key":"ColorlessPotion"},{"floor":7.0,"key":"Fruit Juice"},{"floor":11.0,"key":"Explosive Potion"},{"floor":21.0,"key":"ElixirPotion"},{"floor":24.0,"key":"DistilledChaos"},{"floor":35.0,"key":"SteroidPotion"},{"floor":55,"key":"EssenceOfSteel"}],"is_trial":false,"path_per_floor":["M","?","?","?","M","R","E","M","T","$","M","R","E","?","R","B",null,"M","?","M","M","COS","R","E","?","T","M","M","E","R","M","R","B",null,"M","$","?","M","$","E","M","R","T","R","E","M","?","COS","R","B","B",null,"R","$","E","B"],"character_chosen":"IRONCLAD","items_purchased":["MerchantsRug","Happy Flower","Medical Kit","Adrenaline Potion"],"campfire_rested":0,"item_purchase_floors":[10,36,39,54],"current_hp_per_floor":[68,68,68,68,68,68,68,68,68,73,68,68,71,71,71,54,80,87,90,93,84,84,84,73,80,80,84,88,91,91,100,100,66,113,122,122,95,97,97,102,106,106,106,106,87,74,74,74,74,64,64,134,134,134,71,0,0],"gold":117,"neow_bonus":"BOSS_RELIC","is_daily":false,"chose_seed":false,"campfire_upgraded":9,"win_rate":0.0,"timestamp":1612697829,"path_taken":["M","?","?","?","?","R","E","M","T","?","M","R","E","?","R","BOSS","M","?","M","M","COS","R","E","?","T","M","M","E","R","M","R","BOSS","M","$","?","M","$","E","M","R","T","R","E","M","?","COS","R","BOSS","BOSS","R","$","E","BOSS"],"items_purchased_type":["Relic","Relic","Relic","Potion"],"build_version":"2020-12-22","purchased_purges":1,"victory":false,"max_hp_per_floor":[75,75,75,75,75,75,75,75,75,80,83,83,86,86,86,89,89,92,95,98,101,101,101,104,111,111,115,119,122,122,129,129,129,129,136,136,136,136,136,143,147,147,147,147,150,157,157,157,157,157,157,157,157,157,164,128,128],"card_choices":[{"not_picked":["Cleave","Massacre","Headbutt"],"picked":"Carnage","floor":1.0},{"not_picked":["Entrench","Whirlwind","ReplayTheSpireMod:LeadingStrike"],"picked":"Sword Boomerang","floor":5.0},{"not_picked":["Seeing Red","Havoc","Iron Wave"],"picked":"Shrug It Off","floor":7.0},{"not_picked":["Cleave","Twin Strike","Havoc"],"picked":"Hemokinesis","floor":8.0},{"not_picked":["Fire Breathing","Pummel","Flex"],"picked":"Body Slam","floor":11.0},{"not_picked":["Headbutt","Demon Form","Barricade"],"picked":"ReplayTheSpireMod:Limb From Limb","floor":13.0},{"not_picked":["Double Tap","Fiend Fire","Reaper"],"picked":"Feed","floor":16.0},{"not_picked":["Cleave+1","Blood for Blood+1","Pommel Strike"],"picked":"Power Through","floor":18.0},{"not_picked":["Wild Strike","Power Through","Havoc","Infernal Blade"],"picked":"SKIP","floor":20.0},{"not_picked":["Uppercut","Ghostly Armor","Headbutt","Clash"],"picked":"SKIP","floor":21.0},{"not_picked":["Uppercut","Ghostly Armor","Headbutt","Clash"],"picked":"SKIP","floor":21.0},{"not_picked":["Clothesline","Pommel Strike","Sword Boomerang"],"picked":"Rampage","floor":24.0},{"not_picked":["Inflame","Wild Strike","Warcry+1","Entrench"],"picked":"SKIP","floor":27.0},{"not_picked":["Headbutt","ReplayTheSpireMod:Corrosion Curse","Body Slam","True Grit+1"],"picked":"SKIP","floor":28.0},{"not_picked":["Pommel Strike","Exhume","Warcry"],"picked":"Rupture","floor":29.0},{"not_picked":["Replay:Undeath\u0027s Touch","ReplayTheSpireMod:Strike From Hell","Abandon"],"picked":"Pommel Strike","floor":31.0},{"not_picked":["Havoc","Heavy Blade","Searing Blow+1"],"picked":"Combust+1","floor":35.0},{"not_picked":["Thunderclap","True Grit","Sword Boomerang+1","Clash"],"picked":"SKIP","floor":38.0},{"not_picked":["Metallicize","ReplayReversal","Bludgeon"],"picked":"Limit Break","floor":40.0},{"not_picked":["Evolve","Sword Boomerang","Run Through","Heavy Blade"],"picked":"SKIP","floor":41.0},{"not_picked":["Headbutt+1","Cleave","Uppercut"],"picked":"Limit Break","floor":45.0},{"not_picked":["Uppercut","Thunderclap+1","Replay:Undeath\u0027s Touch"],"picked":"ReplayTheSpireMod:Muscle Training","floor":46.0},{"not_picked":["ReplayTheSpireMod:Corrosion Curse","Warcry","Flame Barrier"],"picked":"Barricade","floor":55}],"player_experience":706825,"relics_obtained":[{"floor":2.0,"key":"Ring of Peace"},{"floor":2.0,"key":"ReplayTheSpireMod:Ring of Collecting"},{"floor":7.0,"key":"ReplayTheSpireMod:TigerMarble"},{"floor":9.0,"key":"Ring of Hypnosis"},{"floor":9.0,"key":"Replay:Ringing Soul"},{"floor":13.0,"key":"Letter Opener"},{"floor":24.0,"key":"aspiration:HiddenCompartment"},{"floor":26.0,"key":"Ring of Fury"},{"floor":26.0,"key":"Ancient Tea Set"},{"floor":29.0,"key":"Blood Vial"},{"floor":40.0,"key":"Orichalcum"},{"floor":43.0,"key":"Ring of Panic"},{"floor":45.0,"key":"Self Forming Clay"},{"floor":55,"key":"Pet Ghost"}],"event_choices":[{"damage_healed":0.0,"max_hp_gain":0.0,"max_hp_loss":0.0,"gold_gain":0.0,"event_name":"给自己的盒子","player_choice":"Ignored","floor":14.0,"gold_loss":0.0,"damage_taken":0.0}],"is_beta":false,"boss_relics":[{"not_picked":["Runic Dome","Runic Pyramid"],"picked":"testmod-Nine"},{"not_picked":["Mark of Pain","Sozu"],"picked":"testmod-StringDisintegrator"}],"items_purged_floors":[36],"is_endless":false,"potions_floor_spawned":[1,7,11,16,18,21,24,28,35,45,55],"killed_by":"The Heart","ascension_level":20}}