{"host":"utqe55yv0jihe4d6","time":1612731643,"event":{"mods":["2.2 Compatiblity","AchievementEnabler","BaseMod","Block Reminder","Colored Map","Colored Powertips","Minty Spire (QoL Compilation)","Quick Restart","Rare Cards Sparkle","Relic Stats","SuperFastMode"],"gold_per_floor":[116,116,116,128,145,172,172,199,199,217,31,31,71,36,36,113,113,134,24,46,46,46],"floor_reached":21,"language":"ENG","playtime":585,"items_purged":["Strike_G"],"score":394,"play_id":"e911088e-24e5-4a29-88a0-2e6861d053f9","local_time":"20210207160043","is_ascension_mode":true,"campfire_choices":[{"floor":7,"key":"REST"},{"floor":12,"key":"REST"},{"data":"Bouncing Flask","floor":15,"key":"SMITH"}],"circlet_count":0,"master_deck":["AscendersBane","Strike_G","Strike_G","Defend_G","Defend_G","Defend_G","Defend_G","Defend_G","Survivor","Neutralize","Bouncing Flask+1","Deflect","Flying Knee","Blade Dance+1","Corpse Explosion+1","Skewer","Acrobatics+1"],"relics":["Ring of the Snake","NeowsBlessing","The Courier","Meat on the Bone","CeramicFish","Gremlin Horn","Snake Skull","Toxic Egg 2","Snecko Eye"],"acts_visited":["Exordium","TheCity"],"potions_floor_usage":[8,20],"damage_taken":[{"damage":0,"enemies":"Jaw Worm","floor":1,"turns":1},{"damage":0,"enemies":"Small Slimes","floor":4,"turns":1},{"damage":0,"enemies":"Cultist","floor":5,"turns":1},{"damage":41,"enemies":"3 Sentries","floor":6,"turns":12},{"damage":24,"enemies":"Gremlin Nob","floor":8,"turns":4},{"damage":14,"enemies":"Large Slime","floor":10,"turns":7},{"damage":36,"enemies":"3 Sentries","floor":13,"turns":11},{"damage":17,"enemies":"The Guardian","floor":16,"turns":8},{"damage":17,"enemies":"2 Thieves","floor":18,"turns":3},{"damage":17,"enemies":"3 Byrds","floor":20,"turns":3},{"damage":36,"enemies":"Masked Bandits","floor":21,"turns":2}],"seed_played":"1680439636356589528","potions_obtained":[{"floor":1,"key":"Ancient Potion"},{"floor":10,"key":"Dexterity Potion"},{"floor":16,"key":"AttackPotion"}],"is_trial":false,"path_per_floor":["M","?","?","M","M","E","R","E","T","M","$","R","E","?","R","B",null,"M","?","M","?"],"character_chosen":"THE_SILENT","items_purchased":["Snake Skull"],"campfire_rested":2,"item_purchase_floors":[11],"current_hp_per_floor":[59,54,54,54,54,13,32,20,20,18,18,37,13,29,29,24,56,39,39,34,0,0],"gold":46,"neow_bonus":"THREE_ENEMY_KILL","is_daily":false,"chose_seed":false,"campfire_upgraded":1,"win_rate":0.0,"timestamp":1612731643,"path_taken":["M","?","?","M","?","E","R","E","T","M","$","R","E","?","R","BOSS","M","?","?","?"],"items_purchased_type":["Relic"],"build_version":"2020-12-22","purchased_purges":1,"victory":false,"max_hp_per_floor":[66,66,66,66,66,66,66,66,66,66,66,66,66,66,66,66,66,66,66,66,66,66],"relic_stats":{"Gremlin Horn":[3,3],"counters":[11,53],"CeramicFish":27,"Snecko Eye":[14,12,16,17],"Snake Skull":[38],"obtain_stats":[{"NeowsBlessing":0,"Gremlin Horn":9,"CeramicFish":8,"Snecko Eye":17,"The Courier":2,"Snake Skull":11,"Toxic Egg 2":13,"Ring of the Snake":0,"Meat on the Bone":6},{"NeowsBlessing":0,"Gremlin Horn":5,"CeramicFish":5,"Snecko Eye":8,"The Courier":1,"Snake Skull":6,"Toxic Egg 2":7,"Ring of the Snake":0,"Meat on the Bone":4},{"NeowsBlessing":0,"Gremlin Horn":19,"CeramicFish":19,"Snecko Eye":45,"The Courier":1,"Snake Skull":26,"Toxic Egg 2":37,"Ring of the Snake":0,"Meat on the Bone":15}],"Ring of the Snake":[22],"Meat on the Bone":60},"card_choices":[{"not_picked":["Escape Plan","Reflex"],"picked":"Bouncing Flask","floor":1},{"not_picked":["Cloak And Dagger","Choke"],"picked":"Deflect","floor":4},{"not_picked":["Bouncing Flask","Dodge and Roll"],"picked":"Flying Knee","floor":5},{"not_picked":["Setup","Flechettes"],"picked":"Blade Dance","floor":6},{"not_picked":["Acrobatics","Escape Plan","Dodge and Roll"],"picked":"SKIP","floor":8},{"not_picked":["Accuracy","All Out Attack","Dodge and Roll"],"picked":"SKIP","floor":10},{"not_picked":["Footwork","Deflect+1"],"picked":"Corpse Explosion+1","floor":13},{"not_picked":["Dagger Spray","Quick Slash"],"picked":"Skewer","floor":18},{"not_picked":["Flying Knee+1","Blade Dance+1"],"picked":"Acrobatics+1","floor":20}],"player_experience":3050754,"relics_obtained":[{"floor":6,"key":"Meat on the Bone"},{"floor":8,"key":"CeramicFish"},{"floor":9,"key":"Gremlin Horn"},{"floor":13,"key":"Toxic Egg 2"}],"event_choices":[{"damage_healed":0,"gold_gain":0,"player_choice":"Success","damage_taken":5,"relics_obtained":["The Courier"],"max_hp_gain":0,"max_hp_loss":0,"event_name":"Scrap Ooze","floor":2,"gold_loss":0},{"cards_removed":["Strike_G"],"damage_healed":0,"gold_gain":0,"player_choice":"Offered Basic","damage_taken":0,"max_hp_gain":0,"max_hp_loss":0,"event_name":"Bonfire Elementals","floor":3,"gold_loss":0},{"damage_healed":16,"gold_gain":0,"player_choice":"Healed","damage_taken":0,"max_hp_gain":0,"max_hp_loss":0,"event_name":"The Cleric","floor":14,"gold_loss":35},{"cards_removed":["Strike_G"],"damage_healed":0,"gold_gain":0,"player_choice":"Upgrade and Remove","damage_taken":0,"max_hp_gain":0,"max_hp_loss":0,"event_name":"Designer","floor":19,"gold_loss":110,"cards_upgraded":["Blade Dance"]},{"damage_healed":0,"gold_gain":0,"player_choice":"Fought Bandits","damage_taken":0,"max_hp_gain":0,"max_hp_loss":0,"event_name":"Masked Bandits","floor":21,"gold_loss":0}],"is_beta":false,"boss_relics":[{"not_picked":["Astrolabe","Busted Crown"],"picked":"Snecko Eye"}],"items_purged_floors":[11],"is_endless":false,"potions_floor_spawned":[1,10,16],"killed_by":"Masked Bandits","ascension_level":20}}