{"host":"6wux4armhsntp4yb","time":1612699817,"event":{"mods":["BaseMod","Colored Map","DeckTracker","Minty Spire (QoL Compilation)","Relic Stats"],"gold_per_floor":[116,116,266,5,22,56,56,67,67,82,157,186,186,200,200,276,276,286,266,276,4,16,44,44,74,100,110,122,122,48,76,76,152,152,172,189,201,201,37,37,37,52,79,79,79,29,54,66,66,66,66],"floor_reached":50,"language":"JPN","playtime":3012,"items_purged":["Regret","Doubt","Parasite","Strike_G"],"score":1205,"play_id":"7e601af4-4438-459a-8ecf-0d81a340cf6e","local_time":"20210207211017","is_ascension_mode":true,"campfire_choices":[{"data":"Apotheosis","floor":7.0,"key":"SMITH"},{"data":"Calculated Gamble","floor":13.0,"key":"SMITH"},{"data":"Neutralize","floor":15.0,"key":"SMITH"},{"floor":24.0,"key":"REST"},{"floor":29.0,"key":"REST"},{"floor":32.0,"key":"REST"},{"data":"Prepared","floor":40.0,"key":"SMITH"},{"data":"Phantasmal Killer","floor":44.0,"key":"SMITH"},{"floor":49,"key":"RECALL"}],"circlet_count":0,"master_deck":["AscendersBane","Strike_G","Strike_G","Strike_G","Strike_G","Defend_G","Defend_G","Defend_G","Defend_G","Defend_G","Survivor","Neutralize+1","Blur","Apotheosis+1","Calculated Gamble+1","Well Laid Plans+1","Blade Dance","Dagger Throw","Accuracy+1","Glass Knife","Storm of Steel","Footwork+1","Blind","Noxious Fumes+1","Prepared+1","Accuracy+1","Accuracy+1","Phantasmal Killer+1","Infinite Blades+1","Tactician","Prepared+1","Terror","Accuracy+1"],"relics":["Ring of the Snake","NeowsBlessing","Frozen Egg 2","Meat on the Bone","Singing Bowl","Snake Skull","Runic Pyramid","Smiling Mask","Tingsha","Blood Vial","Bronze Scales","SlaversCollar","Art of War"],"acts_visited":["Exordium","TheCity","TheBeyond"],"potions_floor_usage":[47,48],"damage_taken":[{"damage":0.0,"enemies":"Small Slimes","floor":1.0,"turns":1.0},{"damage":0.0,"enemies":"2 Louse","floor":5.0,"turns":2.0},{"damage":0.0,"enemies":"Gremlin Nob","floor":6.0,"turns":1.0},{"damage":1.0,"enemies":"Jaw Worm","floor":8.0,"turns":3.0},{"damage":8.0,"enemies":"Gremlin Gang","floor":10.0,"turns":7.0},{"damage":0.0,"enemies":"Lagavulin","floor":12.0,"turns":4.0},{"damage":5.0,"enemies":"3 Louse","floor":14.0,"turns":6.0},{"damage":19.0,"enemies":"Hexaghost","floor":16.0,"turns":9.0},{"damage":3.0,"enemies":"Spheric Guardian","floor":18.0,"turns":3.0},{"damage":0.0,"enemies":"3 Byrds","floor":20.0,"turns":5.0},{"damage":0.0,"enemies":"Snecko","floor":22.0,"turns":5.0},{"damage":40.0,"enemies":"Slavers","floor":23.0,"turns":5.0},{"damage":42.0,"enemies":"Book of Stabbing","floor":25.0,"turns":6.0},{"damage":6.0,"enemies":"Chosen and Byrds","floor":27.0,"turns":5.0},{"damage":25.0,"enemies":"Sentry and Sphere","floor":28.0,"turns":6.0},{"damage":24.0,"enemies":"Gremlin Leader","floor":31.0,"turns":6.0},{"damage":26.0,"enemies":"Collector","floor":33.0,"turns":6.0},{"damage":9.0,"enemies":"3 Shapes","floor":35.0,"turns":3.0},{"damage":54.0,"enemies":"3 Darklings","floor":36.0,"turns":4.0},{"damage":9.0,"enemies":"Writhing Mass","floor":37.0,"turns":5.0},{"damage":8.0,"enemies":"Transient","floor":42.0,"turns":6.0},{"damage":49,"enemies":"Reptomancer","floor":47,"turns":6},{"damage":0,"enemies":"Sphere and 2 Shapes","floor":48,"turns":4},{"damage":36,"enemies":"Awakened One","floor":50,"turns":2}],"seed_played":"3788825254507861761","potions_obtained":[{"floor":1.0,"key":"EssenceOfSteel"},{"floor":5.0,"key":"PowerPotion"},{"floor":10.0,"key":"LiquidBronze"},{"floor":12.0,"key":"Ancient Potion"},{"floor":14.0,"key":"Strength Potion"},{"floor":18.0,"key":"Poison Potion"},{"floor":25.0,"key":"Fire Potion"},{"floor":27.0,"key":"SteroidPotion"},{"floor":28.0,"key":"Weak Potion"},{"floor":42.0,"key":"BlessingOfTheForge"},{"floor":47,"key":"SteroidPotion"}],"is_trial":false,"path_per_floor":["M","?","?","$","M","E","R","M","T","M","?","E","R","M","R","B",null,"M","?","M","$","M","E","R","E","T","M","M","R","$","E","R","B",null,"M","M","M","?","$","R","?","M","T","R","?","$","E","M","R","B"],"character_chosen":"THE_SILENT","items_purchased":["Apotheosis","Footwork+1","Blind","Accuracy+1","Terror","Accuracy+1"],"campfire_rested":3,"item_purchase_floors":[4,21,21,30,39,39],"current_hp_per_floor":[59,59,59,59,59,59,59,58,58,50,39,39,39,34,34,27,56,55,55,57,57,59,33,55,25,25,35,24,46,46,36,58,46,69,62,22,27,62,59,59,55,51,51,51,51,51,18,34,34,0,0],"gold":66,"neow_bonus":"THREE_ENEMY_KILL","is_daily":false,"chose_seed":false,"campfire_upgraded":5,"win_rate":0.0,"timestamp":1612699817,"path_taken":["M","?","?","$","?","E","R","M","T","?","?","E","R","M","R","BOSS","M","?","M","?","?","E","R","E","T","M","M","R","$","E","R","BOSS","M","M","M","?","$","R","?","M","T","R","?","$","E","M","R","BOSS"],"items_purchased_type":["Card","Card","Card","Card","Card","Card"],"build_version":"2020-12-22","purchased_purges":4,"victory":false,"max_hp_per_floor":[66,66,66,66,66,66,66,66,66,66,66,66,66,66,66,66,66,68,68,70,70,72,74,74,74,74,76,76,76,76,76,76,76,76,76,76,76,62,59,59,65,67,67,67,64,64,66,68,68,68,68],"relic_stats":{"Blood Vial":22,"Singing Bowl":22,"counters":[24,110],"Bronze Scales":[96],"Tingsha":[372],"Snake Skull":[16],"Art of War":[2],"Smiling Mask":175,"obtain_stats":[{"NeowsBlessing":0,"Singing Bowl":9,"Tingsha":25,"Snake Skull":12,"Frozen Egg 2":2,"Smiling Mask":23,"Blood Vial":26,"SlaversCollar":34,"Bronze Scales":31,"Art of War":47,"Ring of the Snake":0,"Meat on the Bone":6,"Runic Pyramid":17},{"NeowsBlessing":0,"Singing Bowl":4,"Tingsha":13,"Snake Skull":6,"Frozen Egg 2":1,"Smiling Mask":12,"Blood Vial":13,"SlaversCollar":17,"Bronze Scales":16,"Art of War":22,"Ring of the Snake":0,"Meat on the Bone":3,"Runic Pyramid":8},{"NeowsBlessing":0,"Singing Bowl":7,"Tingsha":57,"Snake Skull":18,"Frozen Egg 2":1,"Smiling Mask":51,"Blood Vial":57,"SlaversCollar":80,"Bronze Scales":74,"Art of War":104,"Ring of the Snake":0,"Meat on the Bone":4,"Runic Pyramid":33}],"Ring of the Snake":[48],"Meat on the Bone":132},"card_choices":[{"not_picked":["Dodge and Roll","Bane"],"picked":"Blur","floor":1.0},{"not_picked":["Catalyst","Choke"],"picked":"Calculated Gamble","floor":5.0},{"not_picked":["Reflex","Poisoned Stab"],"picked":"Well Laid Plans+1","floor":6.0},{"not_picked":["Poisoned Stab","Expertise"],"picked":"Blade Dance","floor":8.0},{"not_picked":["Underhanded Strike","Outmaneuver"],"picked":"Dagger Throw","floor":10.0},{"not_picked":["Dagger Spray","Backflip"],"picked":"Accuracy+1","floor":12.0},{"not_picked":["Deadly Poison","Choke"],"picked":"Glass Knife","floor":14.0},{"not_picked":["Grand Finale","Glass Knife"],"picked":"Storm of Steel","floor":16.0},{"not_picked":["Quick Slash","Dodge and Roll","Predator+1"],"picked":"Singing Bowl","floor":18.0},{"not_picked":["Bane","Acrobatics","Flying Knee"],"picked":"Singing Bowl","floor":20.0},{"not_picked":["Deflect","Outmaneuver","Deadly Poison"],"picked":"Singing Bowl","floor":22.0},{"not_picked":["Unload","Crippling Poison","Deflect"],"picked":"Singing Bowl","floor":23.0},{"not_picked":["PiercingWail","Heel Hook"],"picked":"Noxious Fumes+1","floor":25.0},{"not_picked":["Underhanded Strike","Poisoned Stab","Blade Dance"],"picked":"Singing Bowl","floor":27.0},{"not_picked":["Dagger Throw","Deflect"],"picked":"Prepared","floor":28.0},{"not_picked":["Riddle With Holes","Slice"],"picked":"Accuracy+1","floor":31.0},{"not_picked":["Doppelganger","Night Terror"],"picked":"Phantasmal Killer","floor":33.0},{"not_picked":["Dagger Spray","Catalyst"],"picked":"Infinite Blades+1","floor":35.0},{"not_picked":["Poisoned Stab","Predator"],"picked":"Tactician","floor":36.0},{"not_picked":["Deflect","PiercingWail"],"picked":"Prepared+1","floor":37.0},{"not_picked":["Trip","Chrysalis","Forethought"],"picked":"Singing Bowl","floor":41.0},{"not_picked":["Mayhem+1","The Bomb","Bandage Up"],"picked":"Singing Bowl","floor":41.0},{"not_picked":["Sadistic Nature+1","Finesse","Enlightenment"],"picked":"Singing Bowl","floor":41.0},{"not_picked":["Terror","Distraction","Underhanded Strike"],"picked":"Singing Bowl","floor":42.0},{"not_picked":["All Out Attack","Underhanded Strike","Deadly Poison"],"picked":"Singing Bowl","floor":47},{"not_picked":["Flechettes","Outmaneuver","Bane"],"picked":"Singing Bowl","floor":48}],"player_experience":5854884,"relics_obtained":[{"floor":6.0,"key":"Meat on the Bone"},{"floor":9.0,"key":"Singing Bowl"},{"floor":12.0,"key":"Snake Skull"},{"floor":23.0,"key":"Smiling Mask"},{"floor":25.0,"key":"Tingsha"},{"floor":26.0,"key":"Blood Vial"},{"floor":31.0,"key":"Bronze Scales"},{"floor":47,"key":"Art of War"}],"event_choices":[{"damage_healed":0.0,"max_hp_gain":0.0,"max_hp_loss":0.0,"gold_gain":0.0,"event_name":"Big Fish","player_choice":"Box","floor":2.0,"gold_loss":0.0,"damage_taken":0.0,"relics_obtained":["Frozen Egg 2"],"cards_obtained":["Regret"]},{"damage_healed":0.0,"max_hp_gain":0.0,"max_hp_loss":0.0,"gold_gain":150.0,"event_name":"Liars Game","player_choice":"AGREE","floor":3.0,"gold_loss":0.0,"damage_taken":0.0,"cards_obtained":["Doubt"]},{"damage_healed":0.0,"max_hp_gain":0.0,"max_hp_loss":0.0,"gold_gain":75.0,"event_name":"World of Goop","player_choice":"Gather Gold","floor":11.0,"gold_loss":0.0,"damage_taken":11.0},{"damage_healed":0.0,"max_hp_gain":0.0,"max_hp_loss":0.0,"gold_gain":0.0,"event_name":"The Woman in Blue","player_choice":"Bought 1 Potion","floor":19.0,"gold_loss":0.0,"damage_taken":0.0},{"damage_healed":62.0,"max_hp_gain":0.0,"max_hp_loss":14.0,"gold_gain":0.0,"event_name":"The Moai Head","player_choice":"Heal","floor":38.0,"gold_loss":0.0,"damage_taken":0.0},{"damage_healed":0.0,"max_hp_gain":0.0,"max_hp_loss":0.0,"gold_gain":0.0,"event_name":"SensoryStone","player_choice":"Memory 3","floor":41.0,"gold_loss":0.0,"damage_taken":10.0},{"damage_healed":0.0,"max_hp_gain":0.0,"max_hp_loss":3.0,"gold_gain":0.0,"event_name":"Winding Halls","player_choice":"Max HP","floor":45.0,"gold_loss":0.0,"damage_taken":0.0}],"is_beta":false,"boss_relics":[{"not_picked":["Ring of the Serpent","Velvet Choker"],"picked":"Runic Pyramid"},{"not_picked":["Cursed Key","Runic Dome"],"picked":"SlaversCollar"}],"items_purged_floors":[4,21,39,46],"is_endless":false,"potions_floor_spawned":[1,5,10,12,14,18,25,27,28,42,47],"killed_by":"Awakened One","ascension_level":20}}