{"host":"x5w9zppki4gdwvc7","time":1612692896,"event":{"mods":["AchievementEnabler","BaseMod","Colored Powertips","DeckTracker","Minty Spire (QoL Compilation)"],"gold_per_floor":[111,124,124,137,153,153,180,180,180,214,214,17,51,65,65,166,166,177,102,102,68,86,86,111,111,111,144,175,275,294,310,310,414,414,431,481,531,531,542,573,573,593,593,593,619,645,645,664,664,664,664,664,60,90,90],"floor_reached":56,"language":"ENG","playtime":4445,"items_purged":["Strike_G","Strike_G"],"score":1361,"play_id":"e1af2a56-aeb7-47b9-ace2-9c613b7bb6a5","local_time":"20210207111456","is_ascension_mode":false,"campfire_choices":[{"data":"Dagger Spray","floor":6,"key":"SMITH"},{"data":"Neutralize","floor":8,"key":"SMITH"},{"floor":15,"key":"REST"},{"data":"Cloak And Dagger","floor":23,"key":"SMITH"},{"data":"Adrenaline","floor":25,"key":"SMITH"},{"floor":32,"key":"REST"},{"floor":41,"key":"RECALL"},{"data":"Leg Sweep","floor":44,"key":"SMITH"},{"data":"Adrenaline","floor":47,"key":"SMITH"},{"data":"Deadly Poison","floor":49,"key":"SMITH"},{"data":"Blur","floor":52,"key":"SMITH"}],"circlet_count":0,"master_deck":["Strike_G","Strike_G","Defend_G","Defend_G","Defend_G","Defend_G","Defend_G","Survivor","Neutralize+1","Blade Dance","Blade Dance","Cloak And Dagger+1","Dagger Spray+1","Accuracy+1","Noxious Fumes+1","Backflip","Adrenaline+1","After Image+1","Footwork+1","PiercingWail","Footwork+1","Leg Sweep+1","Deadly Poison+1","Adrenaline+1","Blur+1","Footwork+1","PiercingWail+1","PiercingWail+1","Deadly Poison+1","Footwork+1","Backflip+1","Cloak And Dagger+1"],"relics":["Ring of the Snake","Oddly Smooth Stone","StoneCalendar","Frozen Egg 2","Mango","Ginger","Ornamental Fan","SacredBark","Nilry\u0027s Codex","Pocketwatch","Sundial","Red Mask","CaptainsWheel","Torii","White Beast Statue","Philosopher\u0027s Stone","Prayer Wheel","Lizard Tail","Toxic Egg 2","Bottled Lightning","Centennial Puzzle","Gremlin Horn","Snake Skull"],"acts_visited":["Exordium","TheCity","TheBeyond","TheEnding"],"potions_floor_usage":[10,24,24,30,31,36,39,40,45,50,50,50,54,55,55,55],"damage_taken":[{"damage":0,"enemies":"Cultist","floor":1,"turns":4},{"damage":0,"enemies":"2 Louse","floor":2,"turns":2},{"damage":2,"enemies":"Jaw Worm","floor":4,"turns":2},{"damage":6,"enemies":"Exordium Thugs","floor":5,"turns":5},{"damage":36,"enemies":"Lagavulin","floor":7,"turns":7},{"damage":0,"enemies":"Gremlin Nob","floor":10,"turns":2},{"damage":9,"enemies":"3 Sentries","floor":13,"turns":4},{"damage":0,"enemies":"Exordium Wildlife","floor":14,"turns":2},{"damage":0,"enemies":"The Guardian","floor":16,"turns":8},{"damage":0,"enemies":"Shell Parasite","floor":18,"turns":4},{"damage":0,"enemies":"2 Thieves","floor":22,"turns":3},{"damage":19,"enemies":"Gremlin Leader","floor":24,"turns":7},{"damage":12,"enemies":"Masked Bandits","floor":27,"turns":6},{"damage":2,"enemies":"Book of Stabbing","floor":28,"turns":6},{"damage":6,"enemies":"Colosseum Slavers","floor":29,"turns":6},{"damage":1,"enemies":"Colosseum Nobs","floor":29,"turns":5},{"damage":0,"enemies":"Centurion and Healer","floor":30,"turns":6},{"damage":0,"enemies":"Shelled Parasite and Fungi","floor":31,"turns":5},{"damage":8,"enemies":"Champ","floor":33,"turns":10},{"damage":6,"enemies":"3 Shapes","floor":35,"turns":5},{"damage":0,"enemies":"Mind Bloom Boss Battle","floor":36,"turns":7},{"damage":9,"enemies":"2 Orb Walkers","floor":37,"turns":5},{"damage":0,"enemies":"3 Darklings","floor":39,"turns":4},{"damage":0,"enemies":"Reptomancer","floor":40,"turns":9},{"damage":0,"enemies":"Writhing Mass","floor":42,"turns":7},{"damage":0,"enemies":"Giant Head","floor":45,"turns":8},{"damage":1,"enemies":"4 Shapes","floor":48,"turns":5},{"damage":23,"enemies":"Time Eater","floor":50,"turns":11},{"damage":2,"enemies":"Shield and Spear","floor":54,"turns":9},{"damage":25,"enemies":"The Heart","floor":55,"turns":11}],"seed_played":"329478219961630330","potions_obtained":[{"floor":2,"key":"DuplicationPotion"},{"floor":13,"key":"LiquidBronze"},{"floor":14,"key":"AttackPotion"},{"floor":16,"key":"Strength Potion"},{"floor":24,"key":"Energy Potion"},{"floor":27,"key":"BlessingOfTheForge"},{"floor":30,"key":"Block Potion"},{"floor":31,"key":"Explosive Potion"},{"floor":33,"key":"FearPotion"},{"floor":36,"key":"FearPotion"},{"floor":37,"key":"DistilledChaos"},{"floor":39,"key":"CunningPotion"},{"floor":40,"key":"LiquidBronze"},{"floor":42,"key":"Poison Potion"},{"floor":45,"key":"AttackPotion"},{"floor":48,"key":"EssenceOfSteel"},{"floor":54,"key":"PowerPotion"}],"is_trial":false,"path_per_floor":["M","M","T","M","M","R","E","R","T","E","?","$","E","M","R","B",null,"M","?","?","$","M","R","E","R","T","?","E","?","M","M","R","B",null,"M","?","?","?","M","E","R","M","T","R","E","T","R","M","R","B",null,"R","$","E","B",null],"character_chosen":"THE_SILENT","items_purchased":["Noxious Fumes+1","SkillPotion","Footwork+1","Footwork+1","Backflip+1","BlessingOfTheForge","Poison Potion","Fire Potion","Gremlin Horn"],"campfire_rested":2,"item_purchase_floors":[12,12,21,53,53,53,53,53,53],"current_hp_per_floor":[70,70,70,68,62,62,26,26,40,40,45,45,36,36,62,62,89,89,89,73,73,73,73,54,54,54,42,40,33,33,33,59,51,89,83,83,74,74,74,74,74,74,74,74,74,74,74,73,73,50,89,89,89,87,62],"gold":90,"neow_bonus":"RANDOM_COMMON_RELIC","is_daily":false,"chose_seed":false,"campfire_upgraded":8,"win_rate":0.0,"timestamp":1612692896,"path_taken":["M","M","?","M","M","R","E","R","T","E","?","?","E","M","R","BOSS","M","?","?","$","M","R","E","R","T","?","E","?","M","M","R","BOSS","M","?","?","?","M","E","R","M","T","R","E","?","R","M","R","BOSS","R","$","E","BOSS"],"items_purchased_type":["Card","Potion","Card","Card","Card","Potion","Potion","Potion","Relic"],"build_version":"2020-12-22","purchased_purges":2,"victory":true,"max_hp_per_floor":[70,70,70,70,70,70,70,70,84,84,89,89,89,89,89,89,89,89,89,89,89,89,89,89,89,89,89,89,89,89,89,89,89,89,89,89,89,89,89,89,89,89,89,89,89,89,89,89,89,89,89,89,89,89,89],"card_choices":[{"not_picked":["Backflip","Heel Hook"],"picked":"Blade Dance","floor":1},{"not_picked":["Dodge and Roll","Skewer"],"picked":"Blade Dance","floor":2},{"not_picked":["Heel Hook","Deflect"],"picked":"Cloak And Dagger","floor":4},{"not_picked":["Distraction","Underhanded Strike"],"picked":"Dagger Spray","floor":5},{"not_picked":["Corpse Explosion","Dagger Throw"],"picked":"Accuracy+1","floor":7},{"not_picked":["Acrobatics","Burst"],"picked":"Sucker Punch","floor":10},{"not_picked":["PiercingWail","Dagger Throw"],"picked":"Backflip","floor":13},{"not_picked":["Sucker Punch","Prepared"],"picked":"Adrenaline","floor":14},{"not_picked":["Phantasmal Killer","Malaise"],"picked":"After Image+1","floor":16},{"not_picked":["Bane","Crippling Poison","Slice"],"picked":"SKIP","floor":18},{"not_picked":["Outmaneuver","Concentrate"],"picked":"PiercingWail","floor":22},{"not_picked":["Dodge and Roll","Malaise"],"picked":"Footwork+1","floor":24},{"not_picked":["Backflip","Blur"],"picked":"Leg Sweep","floor":27},{"not_picked":["Sucker Punch+1","Underhanded Strike"],"picked":"Deadly Poison","floor":28},{"not_picked":["Quick Slash","Eviscerate","Flying Knee+1"],"picked":"SKIP","floor":30},{"not_picked":["Sucker Punch+1","Quick Slash+1","Poisoned Stab+1"],"picked":"SKIP","floor":31},{"not_picked":["Envenom+1","Night Terror"],"picked":"Adrenaline","floor":33},{"not_picked":["Infinite Blades+1","PiercingWail"],"picked":"Blur","floor":35},{"not_picked":["Endless Agony","Concentrate"],"picked":"Footwork+1","floor":37},{"not_picked":["Bane","Well Laid Plans+1"],"picked":"PiercingWail+1","floor":39},{"not_picked":["Escape Plan+1","Deflect+1","Setup"],"picked":"SKIP","floor":39},{"not_picked":["Distraction+1","Dagger Spray+1","Corpse Explosion+1"],"picked":"SKIP","floor":40},{"not_picked":["Dagger Spray","Blade Dance+1"],"picked":"PiercingWail+1","floor":42},{"not_picked":["Sucker Punch","PiercingWail+1"],"picked":"Deadly Poison+1","floor":42},{"not_picked":["Blade Dance+1","Leg Sweep+1","Bullet Time+1"],"picked":"SKIP","floor":45},{"not_picked":["Distraction+1","Dagger Spray","Dagger Throw"],"picked":"SKIP","floor":48},{"not_picked":["Masterful Stab+1","Sucker Punch","Expertise+1"],"picked":"SKIP","floor":48},{"not_picked":["Dash","Riddle With Holes+1"],"picked":"Cloak And Dagger+1","floor":54}],"player_experience":544373,"relics_obtained":[{"floor":3,"key":"StoneCalendar"},{"floor":7,"key":"Frozen Egg 2"},{"floor":9,"key":"Mango"},{"floor":10,"key":"Ginger"},{"floor":13,"key":"Ornamental Fan"},{"floor":20,"key":"Nilry\u0027s Codex"},{"floor":24,"key":"Pocketwatch"},{"floor":26,"key":"Sundial"},{"floor":27,"key":"Red Mask"},{"floor":28,"key":"CaptainsWheel"},{"floor":29,"key":"Torii"},{"floor":29,"key":"White Beast Statue"},{"floor":36,"key":"Prayer Wheel"},{"floor":37,"key":"Lizard Tail"},{"floor":40,"key":"Toxic Egg 2"},{"floor":45,"key":"Bottled Lightning"},{"floor":46,"key":"Centennial Puzzle"},{"floor":54,"key":"Snake Skull"}],"event_choices":[{"damage_healed":0,"gold_gain":0,"player_choice":"Donut","damage_taken":0,"max_hp_gain":5,"max_hp_loss":0,"event_name":"Big Fish","floor":11,"gold_loss":0},{"cards_removed":["Strike_G"],"damage_healed":0,"gold_gain":0,"player_choice":"Gave Gold","damage_taken":0,"max_hp_gain":0,"max_hp_loss":0,"event_name":"Beggar","floor":19,"gold_loss":75},{"damage_healed":0,"gold_gain":0,"player_choice":"Obtained Book","damage_taken":16,"max_hp_gain":0,"max_hp_loss":0,"event_name":"Cursed Tome","floor":20,"gold_loss":0},{"damage_healed":0,"gold_gain":0,"player_choice":"Fought Bandits","damage_taken":0,"max_hp_gain":0,"max_hp_loss":0,"event_name":"Masked Bandits","floor":27,"gold_loss":0},{"damage_healed":0,"gold_gain":0,"player_choice":"Fight","damage_taken":0,"max_hp_gain":0,"max_hp_loss":0,"event_name":"Colosseum","floor":29,"gold_loss":0},{"damage_healed":0,"gold_gain":0,"player_choice":"Fought Nobs","damage_taken":0,"max_hp_gain":0,"max_hp_loss":0,"event_name":"Colosseum","floor":29,"gold_loss":0},{"damage_healed":0,"gold_gain":0,"player_choice":"Fight","damage_taken":0,"max_hp_gain":0,"max_hp_loss":0,"event_name":"MindBloom","floor":36,"gold_loss":0},{"damage_healed":0,"gold_gain":0,"player_choice":"Fight","damage_taken":0,"max_hp_gain":0,"max_hp_loss":0,"event_name":"Mysterious Sphere","floor":37,"gold_loss":0},{"cards_removed":["Sucker Punch"],"damage_healed":0,"gold_gain":0,"player_choice":"Removed Attack","damage_taken":0,"max_hp_gain":0,"max_hp_loss":0,"event_name":"Falling","floor":38,"gold_loss":0}],"is_beta":false,"boss_relics":[{"not_picked":["Ectoplasm","Pandora\u0027s Box"],"picked":"SacredBark"},{"not_picked":["Tiny House","Runic Dome"],"picked":"Philosopher\u0027s Stone"}],"items_purged_floors":[12,53],"is_endless":false,"potions_floor_spawned":[2,13,14,16,24,27,29,30,31,33,35,36,37,39,40,42,45,48,54],"ascension_level":0}}