{"host":"hjajo0rafoe1e6c4","time":1612671125,"event":{"mods":["AchievementEnabler","BaseMod","Bestiary","Colored Map","Colored Powertips","Downfall","Highlight Path","Minty Spire (QoL Compilation)","Relic Stats","StSLib"],"gold_per_floor":[111,61,61,79,89,89,114,114,114,114,114,130,81,100,100,100,100],"floor_reached":16,"language":"ENG","playtime":293,"items_purged":[],"score":100,"play_id":"d11d21ee-06d1-4633-83fe-3de00bc17262","local_time":"20210206231205","is_ascension_mode":false,"campfire_choices":[{"floor":6,"key":"REST"},{"floor":8,"key":"REST"},{"data":"Whirlwind","floor":15,"key":"SMITH"}],"circlet_count":0,"master_deck":["Strike_R","Strike_R+1","Strike_R","Defend_R+1","Defend_R","Defend_R","Defend_R","Bash","Whirlwind+1","Inflame","Headbutt","Dual Wield","Iron Wave"],"relics":["SacredBark","Question Card","Oddly Smooth Stone"],"acts_visited":["Exordium"],"potions_floor_usage":[7,14,16],"damage_taken":[{"damage":11,"enemies":"Jaw Worm","floor":1,"turns":2},{"damage":6,"enemies":"2 Louse","floor":4,"turns":3},{"damage":15,"enemies":"Cultist","floor":5,"turns":4},{"damage":62,"enemies":"Lagavulin","floor":7,"turns":8},{"damage":0,"enemies":"3 Louse","floor":12,"turns":1},{"damage":10,"enemies":"Looter","floor":14,"turns":2},{"damage":36,"enemies":"Hexaghost","floor":16,"turns":9}],"seed_played":"877744518888249828","potions_obtained":[{"floor":4,"key":"BlessingOfTheForge"},{"floor":5,"key":"SpeedPotion"},{"floor":7,"key":"BlessingOfTheForge"}],"is_trial":false,"path_per_floor":["M","?","?","M","M","R","E","R","T","?","?","M","$","M","R","B"],"character_chosen":"IRONCLAD","items_purchased":["Explosive Potion"],"campfire_rested":2,"item_purchase_floors":[13],"current_hp_per_floor":[69,69,69,63,48,72,10,34,34,18,44,44,44,34,34,0,0],"gold":100,"neow_bonus":"BOSS_RELIC","is_daily":false,"chose_seed":false,"campfire_upgraded":1,"win_rate":0.0,"timestamp":1612671125,"path_taken":["M","?","?","M","?","R","E","R","T","?","?","M","$","M","R","BOSS"],"items_purchased_type":["Potion"],"build_version":"2020-12-22","purchased_purges":0,"victory":false,"max_hp_per_floor":[80,80,80,80,80,80,80,80,80,80,80,80,80,80,80,80,80],"relic_stats":{"counters":[7,29],"Question Card":2,"obtain_stats":[{"SacredBark":0,"Oddly Smooth Stone":9,"Question Card":7,"Burning Blood":0},{"SacredBark":0,"Oddly Smooth Stone":4,"Question Card":4,"Burning Blood":0},{"SacredBark":0,"Oddly Smooth Stone":17,"Question Card":17,"Burning Blood":0}]},"card_choices":[{"not_picked":["Havoc","Armaments","Entrench"],"picked":"SKIP","floor":1},{"not_picked":["Wild Strike","Pommel Strike"],"picked":"Whirlwind","floor":4},{"not_picked":["Headbutt","Thunderclap"],"picked":"Inflame","floor":5},{"not_picked":["Shrug It Off","Ghostly Armor"],"picked":"Headbutt","floor":7},{"not_picked":["Headbutt","Intimidate","Ghostly Armor"],"picked":"Dual Wield","floor":12},{"not_picked":["Perfected Strike","Clothesline","Exhume"],"picked":"Iron Wave","floor":14}],"player_experience":250224,"relics_obtained":[{"floor":7,"key":"Question Card"},{"floor":9,"key":"Oddly Smooth Stone"}],"event_choices":[{"cards_removed":["Strike_R"],"damage_healed":0,"gold_gain":0,"player_choice":"Card Removal","damage_taken":0,"max_hp_gain":0,"max_hp_loss":0,"event_name":"The Cleric","floor":2,"gold_loss":50},{"cards_removed":["Strike_R"],"damage_healed":0,"gold_gain":0,"player_choice":"Card Removal","damage_taken":0,"max_hp_gain":0,"max_hp_loss":0,"event_name":"Wheel of Change","floor":3,"gold_loss":0},{"damage_healed":0,"gold_gain":0,"player_choice":"Entered Light","damage_taken":16,"max_hp_gain":0,"max_hp_loss":0,"event_name":"Shining Light","floor":10,"gold_loss":0,"cards_upgraded":["Strike_R","Defend_R"]},{"damage_healed":26,"gold_gain":0,"player_choice":"Banana","damage_taken":0,"max_hp_gain":0,"max_hp_loss":0,"event_name":"Big Fish","floor":11,"gold_loss":0}],"is_beta":false,"boss_relics":[],"items_purged_floors":[],"is_endless":false,"potions_floor_spawned":[4,5,7],"killed_by":"Hexaghost","ascension_level":0}}