{"host":"f0dbpmn0khgeoqc0","time":1612680668,"event":{"mods":["2.2 Compatiblity","AchievementEnabler","Act Like it!","Ascension Unlocker","Aspiration","BaseMod","Better Altar","Better Match","Better Sensory Stone","Better Skull","Better Third Choice","BetterRewards","Block Reminder","Colored Map","Colored Powertips","Conspire","DNKmod","Disable Question Mark Monsters","Displayed Cursed Tome","Evolution","Friendly Minions","Hermit","Highlight Path","Humility","Infinite Spire","Jorbs\u0027s Wanderer Trilogy","Koishi","Marisa????????","Minty Spire (QoL Compilation)","Monster B Gone","MostiFishMod","Permanent Neow","Random Character Button","Relic Filter","Relic Stats","Replay The Spire","Spicy Shops","Spire Arcade","StSLib","Td1madao Mod","The Gatherer","Treasure Hunter","Wandering Minibosses","??????REMEMod"],"gold_per_floor":[219,294,309,388,417,417,452,482,482,580,580,592,605,249,274,304,304,304,304,330,186,200,200,305,305,321,341,139,174,198,198,148,148,181,181,181],"floor_reached":68,"language":"ENG","playtime":1839,"items_purged":[],"score":872,"play_id":"4858ef56-9509-46a7-9c2c-28b33e344c10","local_time":"20210207015108","is_ascension_mode":true,"campfire_choices":[{"data":"stsjorbsmod:CULLCard","floor":16.0,"key":"SMITH"},{"data":"stsjorbsmod:Overkill","floor":59,"key":"SMITH"},{"data":"stsjorbsmod:ReapAndSow","floor":62,"key":"SMITH"},{"data":"Eruption","floor":65,"key":"SMITH"}],"circlet_count":0,"master_deck":["stsjorbsmod:CULLCard+1","stsjorbsmod:Apparition_Cull","stsjorbsmod:Strike_Cull","stsjorbsmod:Strike_Cull+1","stsjorbsmod:Strike_Cull","stsjorbsmod:Strike_Cull","stsjorbsmod:Paralysis","stsjorbsmod:SpiritShield_Cull","stsjorbsmod:Exhale+1","stsjorbsmod:Withering","stsjorbsmod:Overkill+1","Eruption+1","stsjorbsmod:MirroredTechnique","stsjorbsmod:Assertion","stsjorbsmod:GatheringEvil","stsjorbsmod:Double+1","TH:ElvenBoots","stsjorbsmod:Cyclone","TH:EnergyPotion","stsjorbsmod:Apparate","TH:ElvenBoots","TH:DeckOfManyThings","stsjorbsmod:ReapAndSow+1","stsjorbsmod:Blasphemer","stsjorbsmod:Frostbite+1","stsjorbsmod:Ritual+1","stsjorbsmod:Strife","stsjorbsmod:Pollute","stsjorbsmod:Sentinel_Cull+1","stsjorbsmod:Sentinel_Cull+1","stsjorbsmod:Commune","stsjorbsmod:FindWeakness","stsjorbsmod:Goosebumps+1","stsjorbsmod:Equinox+1","TH:TreasureMap","TH:CopperCoins","TH:CursedSword","stsjorbsmod:Phantasm","stsjorbsmod:Cleanse+1","TH:DeckOfManyThings","stsjorbsmod:DrainLife+1","stsjorbsmod:DemonicCoup","stsjorbsmod:ProdigalMemory","stsjorbsmod:PartingBlow+1","TH:CursedSword","stsjorbsmod:DrainLife+1","TH:CursedSword","conspire:SpireCoStock","TH:TreasureMap"],"relics":["stsjorbsmod:BookOfTrialsRelic","EVO:Axolotl","DaveBox","REME_ComplimentaryCards","Jackal-EndForJourney","NeowsBlessing","SynthV:TestCard","War Paint","Singing Bowl","Iron Hammer","aspiration:StickyExplosives","BloodWine","Molten Egg 2","BargainBundle","Red Mask","REME_HandOfSuture","Replay:Blank Codex","Replay:Baseball","Whetstone","Chemical X","Coffee Dripper","Vajra","ReplayTheSpireMod:TigerMarble","Blood Vial"],"acts_visited":["Exordium","TheCity","TheBeyond"],"potions_floor_usage":[52,63,66,66],"damage_taken":[{"damage":0.0,"enemies":"infinitespire:Voidling","floor":1.0,"turns":1.0},{"damage":0.0,"enemies":"Jaw Worm","floor":4.0,"turns":1.0},{"damage":0.0,"enemies":"Lagavulin","floor":7.0,"turns":2.0},{"damage":2.0,"enemies":"Gremlin Nob","floor":10.0,"turns":3.0},{"damage":2.0,"enemies":"Lagavulin","floor":13.0,"turns":3.0},{"damage":23.0,"enemies":"Hexaghost","floor":17.0,"turns":5.0},{"damage":0.0,"enemies":"2 Thieves","floor":23.0,"turns":1.0},{"damage":0.0,"enemies":"Chosen","floor":24.0,"turns":1.0},{"damage":8.0,"enemies":"Masked Bandits","floor":26.0,"turns":2.0},{"damage":12.0,"enemies":"Replay:Snechameleon","floor":28.0,"turns":2.0},{"damage":0.0,"enemies":"Book of Stabbing","floor":34.0,"turns":2.0},{"damage":13.0,"enemies":"conspire:HollyBat","floor":37.0,"turns":8.0},{"damage":7.0,"enemies":"Champ","floor":45.0,"turns":6.0},{"damage":14.0,"enemies":"Orb Walker","floor":50.0,"turns":2.0},{"damage":21,"enemies":"3 Darklings","floor":52,"turns":2},{"damage":0,"enemies":"Reptomancer","floor":55,"turns":3},{"damage":1,"enemies":"Giant Head","floor":63,"turns":5},{"damage":30,"enemies":"Replay:Hell Engine","floor":66,"turns":2}],"seed_played":"5227740628147375351","potions_obtained":[{"floor":1.0,"key":"FearPotion"},{"floor":7.0,"key":"Regen Potion"},{"floor":10.0,"key":"AttackPotion"},{"floor":17.0,"key":"Explosive Potion"},{"floor":26.0,"key":"Block Potion"},{"floor":34.0,"key":"ColorlessPotion"},{"floor":37.0,"key":"FearPotion"},{"floor":45.0,"key":"Energy Potion"},{"floor":50.0,"key":"DuplicationPotion"},{"floor":63,"key":"Toxic Potion"}],"is_trial":false,"path_per_floor":["M","?","M","?","E","T","E","E","R","B",null,"M","M","$","?","E","?","T","R","E","$","M","R","B",null,"M","M","$","E","T","R","?","R","E","R","B",null],"character_chosen":"CULL","items_purchased":["Molten Egg 2","BargainBundle","stsjorbsmod:Pollute","stsjorbsmod:Sentinel_Cull+1","stsjorbsmod:Commune","stsjorbsmod:FindWeakness","stsjorbsmod:Goosebumps+1","AttackPotion","SkillPotion","Chemical X","stsjorbsmod:PartingBlow+1","Energy Potion"],"campfire_rested":0,"item_purchase_floors":[25,25,25,25,25,25,25,25,25,36,54,54],"current_hp_per_floor":[70,59,59,59,59,61,59,65,65,41,48,48,48,48,39,29,13,13,43,45,45,29,34,23,25,12,29,29,31,31,31,31,31,34,34,8],"gold":181,"neow_bonus":"THREE_ENEMY_KILL","is_daily":false,"chose_seed":false,"campfire_upgraded":4,"win_rate":0.0,"timestamp":1612680668,"path_taken":["M","?","M","?","E","T","E","E","R","BOSS","M","M","$","?","E","?","T","R","E","$","M","R","BOSS","M","M","$","E","T","R","?","R","E","R","BOSS"],"items_purchased_type":["Relic","Relic","Card","Card","Card","Card","Card","Potion","Potion","Relic","Card","Potion"],"build_version":"2020-12-22","purchased_purges":0,"victory":true,"max_hp_per_floor":[70,70,70,70,69,71,67,66,66,48,48,48,48,48,43,41,41,41,46,45,45,32,34,25,25,25,58,58,56,56,56,56,56,53,53,51],"relic_stats":{"Blood Vial":2,"Singing Bowl":12,"counters":[18,51],"Whetstone":["stsjorbsmod:Strike_Cull","stsjorbsmod:Frostbite"],"Chemical X":[9],"War Paint":["stsjorbsmod:Exhale","stsjorbsmod:Double"],"obtain_stats":[{"aspiration:StickyExplosives":13,"BargainBundle":25,"DaveBox":0,"NeowsBlessing":0,"Singing Bowl":9,"Vajra":55,"BloodWine":22,"EVO:Axolotl":0,"Whetstone":34,"War Paint":7,"Blood Vial":63,"Replay:Baseball":32,"SynthV:TestCard":1,"stsjorbsmod:BookOfTrialsRelic":0,"Molten Egg 2":25,"Iron Hammer":10,"REME_HandOfSuture":28,"Red Mask":26,"Coffee Dripper":49,"ReplayTheSpireMod:TigerMarble":58,"Chemical X":36,"Jackal-EndForJourney":0,"Replay:Blank Codex":30,"REME_ComplimentaryCards":0},{"aspiration:StickyExplosives":5,"BargainBundle":8,"DaveBox":0,"NeowsBlessing":0,"Singing Bowl":3,"Vajra":16,"BloodWine":6,"EVO:Axolotl":0,"Whetstone":11,"War Paint":3,"Blood Vial":17,"Replay:Baseball":10,"SynthV:TestCard":1,"stsjorbsmod:BookOfTrialsRelic":0,"Molten Egg 2":8,"Iron Hammer":4,"REME_HandOfSuture":10,"Red Mask":9,"Coffee Dripper":13,"ReplayTheSpireMod:TigerMarble":16,"Chemical X":11,"Jackal-EndForJourney":0,"Replay:Blank Codex":10,"REME_ComplimentaryCards":0},{"aspiration:StickyExplosives":10,"BargainBundle":17,"DaveBox":0,"NeowsBlessing":0,"Singing Bowl":4,"Vajra":44,"BloodWine":15,"EVO:Axolotl":0,"Whetstone":23,"War Paint":4,"Blood Vial":49,"Replay:Baseball":21,"SynthV:TestCard":1,"stsjorbsmod:BookOfTrialsRelic":0,"Molten Egg 2":17,"Iron Hammer":7,"REME_HandOfSuture":21,"Red Mask":19,"Coffee Dripper":37,"ReplayTheSpireMod:TigerMarble":44,"Chemical X":23,"Jackal-EndForJourney":0,"Replay:Blank Codex":21,"REME_ComplimentaryCards":0}]},"card_choices":[{"not_picked":["stsjorbsmod:Miracle_Cull","stsjorbsmod:ForcedPresence"],"picked":"stsjorbsmod:GatheringEvil","floor":1.0},{"not_picked":["stsjorbsmod:Siphon","stsjorbsmod:Abjure","stsjorbsmod:Tragedy","stsjorbsmod:Rebuke"],"picked":"stsjorbsmod:Double","floor":4.0},{"not_picked":["TH:CopperCoins","TH:TreasureMap","TH:DeckOfManyThings"],"picked":"TH:ElvenBoots","floor":7.0},{"not_picked":["stsjorbsmod:Poultergeist","stsjorbsmod:GatheringEvil","stsjorbsmod:Wail","stsjorbsmod:Catharsis"],"picked":"stsjorbsmod:Cyclone","floor":7.0},{"not_picked":["TH:DeckOfManyThings","TH:ArmorSpikes","TH:PixieDust","TH:CopperCoins"],"picked":"Singing Bowl","floor":9.0},{"not_picked":["TH:PixieDust","TH:ArmorSpikes","TH:DeckOfManyThings"],"picked":"TH:EnergyPotion","floor":10.0},{"not_picked":["stsjorbsmod:FocusedRage","stsjorbsmod:Discordance","stsjorbsmod:Flame","stsjorbsmod:Mirror"],"picked":"stsjorbsmod:Apparate","floor":10.0},{"not_picked":["TH:CopperCoins","TH:PixieDust","TH:BikiniMail"],"picked":"TH:ElvenBoots","floor":13.0},{"not_picked":["stsjorbsmod:BlackTentacles_Cull","stsjorbsmod:Pathos","stsjorbsmod:SilverStrike","stsjorbsmod:Trouble","stsjorbsmod:Accumulation"],"picked":"Singing Bowl","floor":13.0},{"not_picked":["TH:PixieDust","TH:ArmorSpikes","TH:Mimic"],"picked":"TH:DeckOfManyThings","floor":17.0},{"not_picked":["stsjorbsmod:Anxiety","stsjorbsmod:FalseBlessings","stsjorbsmod:Sentinel_Cull","stsjorbsmod:WastingForm"],"picked":"stsjorbsmod:ReapAndSow","floor":17.0},{"not_picked":["stsjorbsmod:Cyclone+1","stsjorbsmod:Haunt","stsjorbsmod:WastingStrike","stsjorbsmod:Damnation"],"picked":"stsjorbsmod:Ritual+1","floor":23.0},{"not_picked":["stsjorbsmod:Panic+1","stsjorbsmod:Catharsis+1","stsjorbsmod:PollutedStrike","stsjorbsmod:Flame"],"picked":"stsjorbsmod:Strife","floor":24.0},{"not_picked":["stsjorbsmod:Intervention+1","stsjorbsmod:ForcedPresence","stsjorbsmod:Channeling","stsjorbsmod:Cyclone+1"],"picked":"stsjorbsmod:Equinox+1","floor":26.0},{"not_picked":["TH:EnergyPotion","TH:DeckOfManyThings","TH:Mimic"],"picked":"TH:TreasureMap","floor":28.0},{"not_picked":["stsjorbsmod:ForcedPresence+1","stsjorbsmod:Discordance+1","stsjorbsmod:BlackTentacles_Cull+1","stsjorbsmod:Frustration+1","stsjorbsmod:Flame"],"picked":"Singing Bowl","floor":28.0},{"not_picked":["TH:DeckOfManyThings","TH:ArmorSpikes","TH:ElvenBoots"],"picked":"TH:CopperCoins","floor":32.0},{"not_picked":["TH:BikiniMail","TH:DeckOfManyThings","TH:EnergyPotion"],"picked":"TH:CursedSword","floor":34.0},{"not_picked":["stsjorbsmod:Melt+1","stsjorbsmod:SilverStrike+1","stsjorbsmod:ReapAndSow+1","stsjorbsmod:Commune"],"picked":"stsjorbsmod:Phantasm","floor":34.0},{"not_picked":["stsjorbsmod:Commune","stsjorbsmod:Trouble+1","stsjorbsmod:SilverStrike+1","stsjorbsmod:Double"],"picked":"stsjorbsmod:Cleanse+1","floor":37.0},{"not_picked":["TH:Mimic","TH:PixieDust","TH:CopperCoins"],"picked":"TH:DeckOfManyThings","floor":45.0},{"not_picked":["stsjorbsmod:Toil+1","stsjorbsmod:WastingForm","stsjorbsmod:Clarify","stsjorbsmod:Intervention+1"],"picked":"stsjorbsmod:DrainLife+1","floor":45.0},{"not_picked":["stsjorbsmod:Cleanse+1","stsjorbsmod:Melt+1","stsjorbsmod:Damnation+1","stsjorbsmod:Abjure+1","stsjorbsmod:PollutedStrike"],"picked":"Singing Bowl","floor":50.0},{"not_picked":["stsjorbsmod:Wail","stsjorbsmod:Channeling","stsjorbsmod:Overkill+1","stsjorbsmod:Accumulation","stsjorbsmod:Poultergeist+1"],"picked":"Singing Bowl","floor":52},{"not_picked":["TH:PixieDust","TH:ArmorSpikes","TH:ElvenBoots"],"picked":"TH:CursedSword","floor":55},{"not_picked":["stsjorbsmod:Expose+1","stsjorbsmod:Goosebumps+1","stsjorbsmod:Flame","stsjorbsmod:Coda+1"],"picked":"stsjorbsmod:DrainLife+1","floor":55},{"not_picked":["TH:PixieDust","TH:TreasureMap","TH:EnergyPotion"],"picked":"TH:CursedSword","floor":58},{"not_picked":["TH:Mimic","TH:BikiniMail","TH:EnergyPotion"],"picked":"TH:TreasureMap","floor":63},{"not_picked":["stsjorbsmod:Melt+1","stsjorbsmod:Rebuke+1","stsjorbsmod:Channeling","stsjorbsmod:Apparate+1","stsjorbsmod:SilverStrike+1"],"picked":"Singing Bowl","floor":63}],"player_experience":570699,"relics_obtained":[{"floor":1.0,"key":"SynthV:TestCard"},{"floor":7.0,"key":"War Paint"},{"floor":9.0,"key":"Singing Bowl"},{"floor":10.0,"key":"Iron Hammer"},{"floor":13.0,"key":"aspiration:StickyExplosives"},{"floor":26.0,"key":"Red Mask"},{"floor":28.0,"key":"REME_HandOfSuture"},{"floor":32.0,"key":"Replay:Baseball"},{"floor":34.0,"key":"Whetstone"},{"floor":55,"key":"Vajra"},{"floor":58,"key":"ReplayTheSpireMod:TigerMarble"},{"floor":63,"key":"Blood Vial"}],"event_choices":[{"damage_healed":0.0,"max_hp_gain":0.0,"max_hp_loss":0.0,"gold_gain":75.0,"event_name":"betterThird:BetterGoop","player_choice":"Gold","floor":2.0,"gold_loss":0.0,"damage_taken":11.0},{"damage_healed":0.0,"max_hp_gain":0.0,"max_hp_loss":0.0,"gold_gain":79.0,"event_name":"Golden Wing","player_choice":"Gained Gold","floor":5.0,"gold_loss":0.0,"damage_taken":0.0},{"damage_healed":0.0,"max_hp_gain":0.0,"max_hp_loss":0.0,"gold_gain":0.0,"event_name":"Masked Bandits","player_choice":"Fought Bandits","floor":26.0,"gold_loss":0.0,"damage_taken":0.0},{"damage_healed":0.0,"max_hp_gain":0.0,"max_hp_loss":0.0,"gold_gain":0.0,"event_name":"Cursed Tome","player_choice":"Obtained Book","floor":30.0,"gold_loss":0.0,"damage_taken":16.0},{"damage_healed":0,"gold_gain":0,"player_choice":"Invest 1","damage_taken":0,"max_hp_gain":0,"max_hp_loss":0,"event_name":"conspire:Investor","floor":60,"gold_loss":0}],"is_beta":false,"boss_relics":[{"not_picked":["aspiration:FutureDiary","aspiration:RunicSpoon"],"picked":"BloodWine"},{"not_picked":["aspiration:PoetsPen_weak","aspiration:RitualDagger"],"picked":"Coffee Dripper"}],"items_purged_floors":[],"is_endless":false,"potions_floor_spawned":[1,7,10,17,26,34,37,45,50,63],"ascension_level":1,"is_humility":true}}