{"host":"kpyf5rnb72uwap8k","time":1612703674,"event":{"mods":["AchievementEnabler","BaseMod","Colored Map","Colored Powertips","DeckTracker","Minty Spire (QoL Compilation)","Permanent Neow","Quick Restart","StSLib","SuperFastMode"],"gold_per_floor":[115,132,132,20,34,34,50,82,82,98,98,115,125,25,25,125,125,143,125,125,125],"floor_reached":20,"language":"KOR","playtime":571,"items_purged":["Strike_R","Fire Breathing"],"score":214,"play_id":"b6d4f9e1-d7ed-4a5f-8b72-901d3c0553eb","local_time":"20210207221434","is_ascension_mode":true,"campfire_choices":[{"data":"Body Slam","floor":6.0,"key":"SMITH"},{"floor":11.0,"key":"REST"},{"data":"Body Slam","floor":15.0,"key":"SMITH"}],"circlet_count":0,"master_deck":["Strike_R","Strike_R","Strike_R","Defend_R","Defend_R","Defend_R","Defend_R","Bash","Body Slam+1","Body Slam+1","Uppercut","Shockwave","Shrug It Off","Double Tap","Reaper","True Grit+1","Ghostly Armor"],"relics":["Burning Blood","Champion Belt","Mummified Hand","InkBottle","SlaversCollar"],"acts_visited":["Exordium","TheCity"],"potions_floor_usage":[],"damage_taken":[{"damage":4.0,"enemies":"Jaw Worm","floor":1.0,"turns":3.0},{"damage":1.0,"enemies":"Cultist","floor":2.0,"turns":3.0},{"damage":7.0,"enemies":"2 Louse","floor":5.0,"turns":3.0},{"damage":12.0,"enemies":"Red Slaver","floor":7.0,"turns":4.0},{"damage":49.0,"enemies":"Lagavulin","floor":8.0,"turns":9.0},{"damage":7.0,"enemies":"Looter","floor":10.0,"turns":4.0},{"damage":1.0,"enemies":"Exordium Wildlife","floor":12.0,"turns":5.0},{"damage":2.0,"enemies":"3 Louse","floor":13.0,"turns":5.0},{"damage":15.0,"enemies":"Hexaghost","floor":16.0,"turns":8.0},{"damage":50.0,"enemies":"Spheric Guardian","floor":18.0,"turns":10.0},{"damage":16.0,"enemies":"2 Thieves","floor":19.0,"turns":4.0},{"damage":35,"enemies":"Snake Plant","floor":20,"turns":7}],"seed_played":"6361377346673042885","potions_obtained":[{"floor":5.0,"key":"Dexterity Potion"},{"floor":13.0,"key":"Dexterity Potion"},{"floor":16.0,"key":"SkillPotion"}],"is_trial":false,"path_per_floor":["M","M","?","$","M","R","M","E","T","M","R","M","M","$","R","B",null,"M","M","M"],"character_chosen":"IRONCLAD","items_purchased":["Fire Breathing"],"campfire_rested":1,"item_purchase_floors":[4],"current_hp_per_floor":[58,63,63,63,62,62,56,13,13,12,36,41,45,45,45,36,80,36,27,0,0],"gold":125,"neow_bonus":"ONE_RARE_RELIC","is_daily":false,"chose_seed":false,"campfire_upgraded":2,"win_rate":0.0,"timestamp":1612703674,"path_taken":["M","M","?","$","M","R","M","E","T","M","R","M","M","$","R","BOSS","M","?","M"],"items_purchased_type":["Card"],"build_version":"2020-12-22","purchased_purges":2,"victory":false,"max_hp_per_floor":[80,80,80,80,80,80,80,80,80,80,80,80,80,80,80,80,80,80,80,80,80],"card_choices":[{"not_picked":["Shrug It Off","Cleave"],"picked":"Body Slam","floor":1.0},{"not_picked":["Anger","Thunderclap"],"picked":"Body Slam","floor":2.0},{"not_picked":["Perfected Strike","Combust","Iron Wave"],"picked":"SKIP","floor":5.0},{"not_picked":["Perfected Strike","Inflame"],"picked":"Uppercut","floor":7.0},{"not_picked":["Havoc","Uppercut"],"picked":"Shockwave","floor":8.0},{"not_picked":["Headbutt","Battle Trance"],"picked":"Shrug It Off","floor":10.0},{"not_picked":["Anger","Cleave","Clothesline"],"picked":"SKIP","floor":12.0},{"not_picked":["Cleave","Uppercut"],"picked":"Double Tap","floor":13.0},{"not_picked":["Berserk","Fiend Fire"],"picked":"Reaper","floor":16.0},{"not_picked":["Havoc","Twin Strike"],"picked":"True Grit+1","floor":18.0},{"not_picked":["Spot Weakness","Headbutt+1"],"picked":"Ghostly Armor","floor":19.0}],"player_experience":256495,"relics_obtained":[{"floor":8.0,"key":"Mummified Hand"},{"floor":9.0,"key":"InkBottle"}],"event_choices":[{"cards_removed":["Strike_R"],"damage_healed":0.0,"max_hp_gain":0.0,"max_hp_loss":0.0,"gold_gain":0.0,"event_name":"Purifier","player_choice":"Purged","floor":3.0,"gold_loss":0.0,"damage_taken":0.0}],"is_beta":false,"boss_relics":[{"not_picked":["Runic Dome","Mark of Pain"],"picked":"SlaversCollar"}],"items_purged_floors":[4,14],"is_endless":false,"potions_floor_spawned":[5,13,16],"killed_by":"Snake Plant","ascension_level":4}}