{"host":"l5zfpd2l2htson6l","time":1612658731,"event":{"mods":["AchievementEnabler","BaseMod","Colored Map","Colored Powertips","Minty Spire (QoL Compilation)","Permanent Neow","Quick Restart","Rare Cards Sparkle","Relic Stats","SuperFastMode"],"gold_per_floor":[110,110,128,147,161,161,161,197,197,217,10,43,43,8,8,98,98,118,118,118],"floor_reached":19,"language":"ENG","playtime":875,"items_purged":["Strike_R"],"score":354,"play_id":"2ac45eaa-0a4b-4d29-8cbb-c12aac8cc315","local_time":"20210206164531","is_ascension_mode":true,"campfire_choices":[{"data":"Wild Strike","floor":7,"key":"SMITH"},{"floor":13,"key":"REST"},{"data":"Armaments","floor":15,"key":"SMITH"}],"circlet_count":0,"master_deck":["AscendersBane","Strike_R","Strike_R","Strike_R","Strike_R","Defend_R","Defend_R","Defend_R","Defend_R","Bash","Twin Strike","Wild Strike+1","Spot Weakness","Iron Wave","Spot Weakness","Sword Boomerang","Armaments+1","Feel No Pain","Heavy Blade","Reaper","CurseOfTheBell","Perfected Strike"],"relics":["Philosopher\u0027s Stone","Golden Idol","Shovel","Paper Frog","Sundial","Calling Bell","Strawberry","Toxic Egg 2","Du-Vu Doll"],"acts_visited":["Exordium","TheCity"],"potions_floor_usage":[12,12],"damage_taken":[{"damage":7,"enemies":"2 Louse","floor":1,"turns":3},{"damage":3,"enemies":"Jaw Worm","floor":3,"turns":3},{"damage":0,"enemies":"Cultist","floor":4,"turns":2},{"damage":4,"enemies":"Blue Slaver","floor":5,"turns":3},{"damage":22,"enemies":"Lagavulin","floor":8,"turns":5},{"damage":8,"enemies":"Exordium Wildlife","floor":10,"turns":3},{"damage":4,"enemies":"3 Sentries","floor":12,"turns":4},{"damage":53,"enemies":"Slime Boss","floor":16,"turns":13},{"damage":15,"enemies":"Chosen","floor":18,"turns":5},{"damage":63,"enemies":"3 Byrds","floor":19,"turns":4}],"seed_played":"-1716916358377162338","potions_obtained":[{"floor":3,"key":"GamblersBrew"},{"floor":5,"key":"Regen Potion"},{"floor":10,"key":"SneckoOil"}],"is_trial":false,"path_per_floor":["M","?","M","M","M","?","R","E","T","M","$","E","R","?","R","B",null,"M","M"],"character_chosen":"IRONCLAD","items_purchased":["Armaments","Feel No Pain"],"campfire_rested":1,"item_purchase_floors":[11,11],"current_hp_per_floor":[61,61,58,58,54,54,54,32,32,24,24,29,49,66,66,13,61,51,0,0],"gold":118,"neow_bonus":"BOSS_RELIC","is_daily":false,"chose_seed":false,"campfire_upgraded":2,"win_rate":0.0,"timestamp":1612658731,"path_taken":["M","?","M","M","M","?","R","E","T","?","$","E","R","?","R","BOSS","M","M"],"items_purchased_type":["Card","Card"],"build_version":"2020-12-22","purchased_purges":1,"victory":false,"max_hp_per_floor":[75,68,68,68,68,68,68,68,68,68,68,68,68,68,68,68,75,75,75,75],"relic_stats":{"Shovel":0,"counters":[10,45],"Golden Idol":51,"Sundial":[0],"obtain_stats":[{"Calling Bell":17,"Du-Vu Doll":17,"Shovel":8,"Golden Idol":2,"Sundial":12,"Strawberry":17,"Philosopher\u0027s Stone":0,"Toxic Egg 2":17,"Burning Blood":0,"Paper Frog":9},{"Calling Bell":8,"Du-Vu Doll":8,"Shovel":5,"Golden Idol":1,"Sundial":7,"Strawberry":8,"Philosopher\u0027s Stone":0,"Toxic Egg 2":8,"Burning Blood":0,"Paper Frog":5},{"Calling Bell":36,"Du-Vu Doll":36,"Shovel":16,"Golden Idol":3,"Sundial":23,"Strawberry":36,"Philosopher\u0027s Stone":0,"Toxic Egg 2":36,"Burning Blood":0,"Paper Frog":16}]},"card_choices":[{"not_picked":["Iron Wave","Clash"],"picked":"Twin Strike","floor":1},{"not_picked":["Iron Wave","Shrug It Off"],"picked":"Wild Strike","floor":3},{"not_picked":["Twin Strike","Armaments"],"picked":"Spot Weakness","floor":4},{"not_picked":["Warcry","Heavy Blade"],"picked":"Iron Wave","floor":5},{"not_picked":["Warcry","Seeing Red"],"picked":"Spot Weakness","floor":8},{"not_picked":["Second Wind","Wild Strike"],"picked":"Sword Boomerang","floor":10},{"not_picked":["Metallicize","Exhume"],"picked":"Heavy Blade","floor":12},{"not_picked":["Fiend Fire","Impervious"],"picked":"Reaper","floor":16},{"not_picked":["Clothesline","Body Slam"],"picked":"Perfected Strike","floor":18}],"player_experience":928861,"relics_obtained":[{"floor":8,"key":"Shovel"},{"floor":9,"key":"Paper Frog"},{"floor":12,"key":"Sundial"},{"floor":17,"key":"Strawberry"},{"floor":17,"key":"Toxic Egg 2"},{"floor":17,"key":"Du-Vu Doll"}],"event_choices":[{"damage_healed":0,"gold_gain":0,"player_choice":"Lose Max HP","damage_taken":0,"relics_obtained":["Golden Idol"],"max_hp_gain":0,"max_hp_loss":7,"event_name":"Golden Idol","floor":2,"gold_loss":0},{"damage_healed":0,"gold_gain":0,"player_choice":"0 cards matched","damage_taken":0,"max_hp_gain":0,"max_hp_loss":0,"event_name":"Match and Keep!","floor":6,"gold_loss":0,"cards_obtained":[]},{"damage_healed":17,"gold_gain":0,"player_choice":"Healed","damage_taken":0,"max_hp_gain":0,"max_hp_loss":0,"event_name":"The Cleric","floor":14,"gold_loss":35}],"is_beta":false,"boss_relics":[{"not_picked":["Tiny House","Mark of Pain"],"picked":"Calling Bell"}],"items_purged_floors":[11],"is_endless":false,"potions_floor_spawned":[3,5,10],"killed_by":"3 Byrds","ascension_level":20}}