{"host":"88gqw5ki7llrf2bp","time":1612680646,"event":{"mods":["BaseMod","Downfall","Duelist Mod","Friendly Minions","Hubris","Jorbs\u0027s Wanderer Trilogy","Minty Spire (QoL Compilation)","Quick Restart","Railgun Mod","Rare Cards Sparkle","StSLib","The Animator","The Construct","The Cursed","The Gatherer","slay the spire mod where everything is the same but ironclad has a cowboy hat"],"gold_per_floor":[99,99,113,563,576,102,102,122,122,122,7,17,17,29,42,145,145,145,163,175,35,35,45,45,60,60,45,56,56,56,73,90,90,90,90],"floor_reached":33,"language":"ENG","playtime":2096,"items_purged":["downfall:Icky","downfall:Icky","downfall:Icky"],"score":241,"play_id":"d922e78e-e4f0-43aa-a542-859c28badeee","local_time":"20210207005046","is_ascension_mode":false,"campfire_choices":[{"data":"champ:Taunt","floor":1,"key":"SMITH"},{"data":"champ:Execute","floor":13,"key":"SMITH"},{"data":"champ:StrikeOfGenius","floor":18,"key":"SMITH"},{"data":"champ:TornadoPunch","floor":26,"key":"SMITH"},{"floor":30,"key":"REST"}],"circlet_count":0,"master_deck":["champ:Strike","champ:Strike","champ:Strike","champ:Strike","champ:Defend","champ:Defend","champ:Defend","champ:Defend","champ:Execute+1","champ:Taunt+1","champ:ShieldWall+1","champ:DeathBlow+1","champ:Endure","hubris:EnhanceAbility+1","champ:RisingSlash","downfall:Malfunctioning","champ:VampiricStrike","champ:DefensiveShout","champ:TornadoPunch+1","champ:GladiatorStyle","champ:StrikeOfGenius+1","champ:FancyFootwork","champ:PerfectedStrike","champ:PerfectedStrike+1","downfall:Bewildered","champ:FlashCut+1","champ:CrookedStrike+1","champ:Improvising","champ:RecklessLeap","champ:EnGarde","champ:PerfectedStrike+1"],"relics":["champ:ChampionCrown","champ:LiftRelic","hubris:OldNail","Sundial","Ornamental Fan","Sozu","sneckomod:BabySnecko","downfall:RedIOU"],"acts_visited":["Exordium","TheCity"],"potions_floor_usage":[16,33,33],"damage_taken":[{"damage":13,"enemies":"Jaw Worm","floor":3,"turns":3},{"damage":13,"enemies":"Small Slimes","floor":5,"turns":4},{"damage":35,"enemies":"downfall:FleeingMerchant","floor":6,"turns":4},{"damage":10,"enemies":"2 Louse","floor":8,"turns":1},{"damage":25,"enemies":"downfall:FleeingMerchant","floor":11,"turns":4},{"damage":22,"enemies":"Large Slime","floor":12,"turns":5},{"damage":19,"enemies":"Blue Slaver","floor":14,"turns":3},{"damage":25,"enemies":"Lots of Slimes","floor":15,"turns":2},{"damage":26,"enemies":"SI_SHIV_ARCHETYPE","floor":16,"turns":8},{"damage":38,"enemies":"Shell Parasite","floor":19,"turns":4},{"damage":35,"enemies":"Snake Plant","floor":20,"turns":4},{"damage":40,"enemies":"downfall:FleeingMerchant","floor":21,"turns":4},{"damage":37,"enemies":"Snecko","floor":23,"turns":4},{"damage":0,"enemies":"Sentry and Sphere","floor":25,"turns":3},{"damage":33,"enemies":"downfall:FleeingMerchant","floor":27,"turns":4},{"damage":14,"enemies":"Centurion and Healer","floor":28,"turns":4},{"damage":0,"enemies":"Snake Plant","floor":31,"turns":4},{"damage":17,"enemies":"Snecko","floor":32,"turns":4},{"damage":34,"enemies":"IC_MUSHROOM_ARCHETYPE","floor":33,"turns":3}],"seed_played":"-1135308821304962591","potions_obtained":[{"floor":8,"key":"PowerPotion"},{"floor":12,"key":"PowerPotion"},{"floor":14,"key":"champ:CounterPotion"}],"is_trial":false,"path_per_floor":["R","?","M","?","M","$","T","M","?","T","$","M","R","M","M","B",null,"R","M","M","$","?","M","T","M","R","$","M","?","R","M","M","B"],"character_chosen":"THE_CHAMP","items_purchased":["hubris:OldNail","hubris:EnhanceAbility","PowerPotion"],"campfire_rested":1,"item_purchase_floors":[6,6,6],"current_hp_per_floor":[99,99,96,96,93,88,88,88,88,88,88,76,76,67,57,41,99,99,86,61,46,46,34,34,34,34,15,15,15,44,44,27,0,0,0],"gold":90,"neow_bonus":"TEN_PERCENT_HP_BONUS","is_daily":false,"chose_seed":false,"campfire_upgraded":4,"win_rate":0.0,"timestamp":1612680646,"path_taken":["R","?","M","?","M","$","T","M","?","?","?","M","R","?","M","BOSS","R","M","M","?","?","M","T","M","R","$","M","?","R","M","M","BOSS"],"items_purchased_type":["Relic","Card","Potion"],"build_version":"2020-12-22","purchased_purges":3,"victory":false,"max_hp_per_floor":[99,99,99,99,99,99,99,99,99,99,99,99,99,99,99,99,99,99,99,99,99,99,99,99,99,99,99,99,99,99,99,99,99,99,99],"card_choices":[{"not_picked":["champ:PreciseThrust","champ:PerfectedStrike"],"picked":"champ:ShieldWall","floor":3},{"not_picked":["champ:FancyFootwork","champ:DefensiveShout"],"picked":"champ:DeathBlow","floor":5},{"not_picked":["champ:DefensiveShout","champ:PreciseThrust"],"picked":"champ:Endure","floor":6},{"not_picked":["champ:AdrenalArmor","champ:FalseCounter"],"picked":"champ:RisingSlash","floor":8},{"not_picked":["champ:AdrenalArmor","champ:BerserkersShout"],"picked":"champ:VampiricStrike","floor":11},{"not_picked":["champ:DeathBlow","champ:SkillfulDodge"],"picked":"champ:DefensiveShout","floor":12},{"not_picked":["champ:BladeFlurry","champ:ShieldWall"],"picked":"champ:TornadoPunch","floor":14},{"not_picked":["champ:EnGarde","champ:TornadoPunch"],"picked":"champ:GladiatorStyle","floor":15},{"not_picked":["champ:MurderStrike","champ:DancingMaster"],"picked":"champ:StrikeOfGenius","floor":16},{"not_picked":["champ:BerserkersShout","champ:StanceDance"],"picked":"champ:FancyFootwork","floor":19},{"not_picked":["champ:StanceDance","champ:TornadoPunch"],"picked":"champ:PerfectedStrike","floor":20},{"not_picked":["champ:EnGarde","champ:CrookedStrike+1"],"picked":"champ:PerfectedStrike+1","floor":21},{"not_picked":["champ:PerfectedStrike","champ:ShieldThrow"],"picked":"champ:FlashCut+1","floor":23},{"not_picked":["champ:BladeFlurry","champ:RisingSlash+1"],"picked":"champ:CrookedStrike+1","floor":25},{"not_picked":["champ:BerserkersShout","champ:Shatter"],"picked":"champ:Improvising","floor":27},{"not_picked":["champ:Circumvent+1","champ:Haymaker+1"],"picked":"champ:RecklessLeap","floor":28},{"not_picked":["champ:ArenaPreparation+1","champ:GutPunch"],"picked":"champ:EnGarde","floor":31},{"not_picked":["champ:BerserkersShout","champ:CrownThrow"],"picked":"champ:PerfectedStrike+1","floor":32}],"player_experience":1864398,"relics_obtained":[{"floor":7,"key":"Sundial"},{"floor":10,"key":"Ornamental Fan"},{"floor":24,"key":"champ:FightingForDummies"}],"event_choices":[],"is_beta":false,"boss_relics":[{"not_picked":["Runic Dome","hubris:Stopwatch"],"picked":"Sozu"}],"items_purged_floors":[6,11,21],"is_endless":false,"potions_floor_spawned":[8,12,14,19,20,25,31,32],"killed_by":"IC_MUSHROOM_ARCHETYPE","ascension_level":0}}