{"host":"eulinuz724l58ltv","time":1612716463,"event":{"mods":["BaseMod","Colored Map","Colored Powertips","Highlight Path","Minty Spire (QoL Compilation)"],"gold_per_floor":[110,110,110,133,147,147,172,7,7,43,57,57,70,95,95,224,224,245,245,11,11,35,35,55,55,55,55,69,81,97,109,109,204,204,224,9,59,59,13,13,33,45,71,71,71,71,71],"floor_reached":46,"language":"ENG","playtime":7503,"items_purged":["Injury"],"score":513,"play_id":"9ee52960-94dc-43d8-9c60-cc4134981a4c","local_time":"20210207174743","is_ascension_mode":true,"campfire_choices":[{"data":"Armaments","floor":6.0,"key":"SMITH"},{"data":"Pummel","floor":12.0,"key":"SMITH"},{"data":"Headbutt","floor":15.0,"key":"SMITH"},{"data":"RitualDagger","floor":23.0,"key":"SMITH"},{"data":"Flame Barrier","floor":27.0,"key":"SMITH"},{"data":"Thunderclap","floor":32.0,"key":"SMITH"},{"data":"Limit Break","floor":40,"key":"SMITH"},{"data":"Armaments","floor":44,"key":"SMITH"}],"circlet_count":0,"master_deck":["Strike_R+1","Strike_R+1","Strike_R+1","Strike_R+1","Strike_R+1","Defend_R+1","Defend_R+1","Defend_R+1","Defend_R+1","Bash","Armaments+1","Shrug It Off","Iron Wave","Anger","Swift Strike","Inflame","Pummel+1","Pommel Strike","Headbutt+1","Limit Break+1","Battle Trance","RitualDagger+1","Enlightenment","Clash+1","Flame Barrier+1","Dropkick","Thunderclap+1","Anger","Headbutt","Juggernaut","Shrug It Off+1","Trip","Uppercut","Flex","Armaments+1","Perfected Strike","Intimidate+1","Fire Breathing+1","Madness","Madness"],"relics":["Black Blood","NeowsBlessing","Bloody Idol","Blue Candle","Eternal Feather","ClockworkSouvenir","Shuriken","Runic Pyramid","Bird Faced Urn","Pen Nib"],"acts_visited":["Exordium","TheCity","TheBeyond"],"potions_floor_usage":[42,42],"damage_taken":[{"damage":0.0,"enemies":"Small Slimes","floor":1.0,"turns":1.0},{"damage":0.0,"enemies":"Jaw Worm","floor":4.0,"turns":1.0},{"damage":0.0,"enemies":"2 Louse","floor":5.0,"turns":1.0},{"damage":0.0,"enemies":"Blue Slaver","floor":7.0,"turns":5.0},{"damage":34.0,"enemies":"3 Sentries","floor":10.0,"turns":9.0},{"damage":7.0,"enemies":"Large Slime","floor":11.0,"turns":4.0},{"damage":11.0,"enemies":"Exordium Wildlife","floor":13.0,"turns":5.0},{"damage":7.0,"enemies":"Looter","floor":14.0,"turns":3.0},{"damage":42.0,"enemies":"The Guardian","floor":16.0,"turns":10.0},{"damage":29.0,"enemies":"3 Byrds","floor":18.0,"turns":6.0},{"damage":14.0,"enemies":"Shell Parasite","floor":22.0,"turns":7.0},{"damage":17.0,"enemies":"Cultist and Chosen","floor":24.0,"turns":6.0},{"damage":37.0,"enemies":"Centurion and Healer","floor":28.0,"turns":4.0},{"damage":27.0,"enemies":"Snake Plant","floor":29.0,"turns":5.0},{"damage":21.0,"enemies":"Chosen and Byrds","floor":30.0,"turns":6.0},{"damage":13.0,"enemies":"Sentry and Sphere","floor":31.0,"turns":6.0},{"damage":72.0,"enemies":"Automaton","floor":33.0,"turns":8.0},{"damage":70,"enemies":"3 Darklings","floor":35,"turns":6},{"damage":19,"enemies":"Mind Bloom Boss Battle","floor":37,"turns":7},{"damage":9,"enemies":"Orb Walker","floor":41,"turns":3},{"damage":30,"enemies":"Maw","floor":42,"turns":7},{"damage":68,"enemies":"Giant Head","floor":46,"turns":6}],"seed_played":"-2928168002230122642","potions_obtained":[{"floor":4.0,"key":"Weak Potion"},{"floor":13.0,"key":"Weak Potion"},{"floor":14.0,"key":"BloodPotion"},{"floor":18.0,"key":"DuplicationPotion"},{"floor":30.0,"key":"ColorlessPotion"},{"floor":35,"key":"LiquidBronze"},{"floor":37,"key":"DistilledChaos"},{"floor":41,"key":"Energy Potion"}],"is_trial":false,"path_per_floor":["M","?","?","M","M","R","M","$","T","E","M","R","M","M","R","B",null,"M","?","$","?","M","R","M","?","T","R","M","M","M","M","R","B",null,"M","$","?","?","$","R","M","M","T","R","?","E"],"character_chosen":"IRONCLAD","items_purchased":["Swift Strike","ClockworkSouvenir","Enlightenment","Trip","Uppercut","Flex","Perfected Strike"],"campfire_rested":0,"item_purchase_floors":[8,20,20,36,36,36,39],"current_hp_per_floor":[80,80,80,80,80,80,80,80,80,52,51,60,55,54,63,27,80,63,57,57,57,55,67,62,62,62,77,57,47,43,47,62,23,80,27,27,25,70,70,70,70,57,62,70,61,0,0],"gold":71,"neow_bonus":"THREE_ENEMY_KILL","is_daily":false,"chose_seed":false,"campfire_upgraded":8,"win_rate":0.0,"timestamp":1612716463,"path_taken":["M","?","?","M","?","R","M","$","T","E","M","R","M","M","R","BOSS","M","?","$","?","M","R","M","?","T","R","M","M","M","M","R","BOSS","M","$","?","?","?","R","M","M","T","R","?","E"],"items_purchased_type":["Card","Relic","Card","Card","Card","Card","Card"],"build_version":"2020-12-22","purchased_purges":1,"victory":false,"max_hp_per_floor":[80,80,80,80,80,80,80,80,80,80,80,80,80,80,80,80,80,80,80,80,80,80,80,80,80,80,80,80,80,80,80,80,80,80,80,80,80,70,70,70,70,70,70,70,70,70,70],"card_choices":[{"not_picked":["Shockwave","Clothesline"],"picked":"Armaments","floor":1.0},{"not_picked":["Twin Strike","Pommel Strike"],"picked":"Shrug It Off","floor":4.0},{"not_picked":["Havoc","Limit Break"],"picked":"Iron Wave","floor":5.0},{"not_picked":["Reckless Charge","Wild Strike"],"picked":"Anger","floor":7.0},{"not_picked":["Dropkick","Pommel Strike"],"picked":"Inflame","floor":10.0},{"not_picked":["True Grit","Clothesline"],"picked":"Pummel","floor":11.0},{"not_picked":["Dark Embrace","Clash"],"picked":"Pommel Strike","floor":13.0},{"not_picked":["Body Slam","Brutality"],"picked":"Headbutt","floor":14.0},{"not_picked":["Brutality","Offering"],"picked":"Limit Break","floor":16.0},{"not_picked":["Iron Wave","Havoc"],"picked":"Battle Trance","floor":18.0},{"not_picked":["True Grit","Sword Boomerang"],"picked":"Clash+1","floor":22.0},{"not_picked":["Rage","Entrench"],"picked":"Flame Barrier","floor":24.0},{"not_picked":["Clothesline","Battle Trance"],"picked":"Dropkick","floor":28.0},{"not_picked":["Iron Wave+1","Berserk"],"picked":"Thunderclap","floor":29.0},{"not_picked":["Havoc+1","Shrug It Off"],"picked":"Anger","floor":30.0},{"not_picked":["Warcry","Clothesline"],"picked":"Headbutt","floor":31.0},{"not_picked":["Offering","Fiend Fire"],"picked":"Juggernaut","floor":33.0},{"not_picked":["Wild Strike","Body Slam+1"],"picked":"Shrug It Off+1","floor":35},{"not_picked":["Shrug It Off","Feel No Pain"],"picked":"Armaments","floor":37},{"not_picked":["Twin Strike+1","Havoc"],"picked":"Intimidate+1","floor":41},{"not_picked":["Pommel Strike","Clothesline"],"picked":"Fire Breathing+1","floor":42}],"player_experience":882848,"relics_obtained":[{"floor":9.0,"key":"Blue Candle"},{"floor":10.0,"key":"Eternal Feather"},{"floor":26.0,"key":"Shuriken"},{"floor":37,"key":"Bird Faced Urn"},{"floor":43,"key":"Pen Nib"}],"event_choices":[{"damage_healed":0.0,"max_hp_gain":0.0,"max_hp_loss":0.0,"gold_gain":0.0,"event_name":"The Cleric","player_choice":"Leave","floor":2.0,"gold_loss":0.0,"damage_taken":0.0},{"damage_healed":0.0,"max_hp_gain":0.0,"max_hp_loss":0.0,"gold_gain":0.0,"event_name":"Golden Idol","player_choice":"Take Wound","floor":3.0,"gold_loss":0.0,"damage_taken":0.0,"relics_obtained":["Golden Idol"],"cards_obtained":["Injury"]},{"damage_healed":0.0,"max_hp_gain":0.0,"max_hp_loss":0.0,"gold_gain":0.0,"event_name":"Nest","player_choice":"Joined the Cult","floor":19.0,"gold_loss":0.0,"damage_taken":6.0,"cards_obtained":["RitualDagger"]},{"damage_healed":0.0,"max_hp_gain":0.0,"max_hp_loss":0.0,"gold_gain":0.0,"event_name":"Back to Basics","player_choice":"Simplicity","floor":21.0,"gold_loss":0.0,"damage_taken":0.0,"cards_upgraded":["Strike_R","Strike_R","Strike_R","Strike_R","Strike_R","Defend_R","Defend_R","Defend_R","Defend_R"]},{"damage_healed":0.0,"max_hp_gain":0.0,"max_hp_loss":0.0,"gold_gain":0.0,"event_name":"Forgotten Altar","player_choice":"Gave Idol","floor":25.0,"relics_lost":["Golden Idol"],"gold_loss":0.0,"damage_taken":0.0,"relics_obtained":["Bloody Idol"]},{"damage_healed":0,"gold_gain":0,"player_choice":"Fight","damage_taken":0,"max_hp_gain":0,"max_hp_loss":0,"event_name":"MindBloom","floor":37,"gold_loss":0},{"damage_healed":70,"gold_gain":0,"player_choice":"Heal","damage_taken":0,"max_hp_gain":0,"max_hp_loss":10,"event_name":"The Moai Head","floor":38,"gold_loss":0},{"damage_healed":0,"gold_gain":0,"player_choice":"Embrace Madness","damage_taken":9,"max_hp_gain":0,"max_hp_loss":0,"event_name":"Winding Halls","floor":45,"gold_loss":0,"cards_obtained":["Madness","Madness"]}],"is_beta":false,"boss_relics":[{"not_picked":["Pandora\u0027s Box","Calling Bell"],"picked":"Black Blood"},{"not_picked":["Runic Dome","Tiny House"],"picked":"Runic Pyramid"}],"items_purged_floors":[8],"is_endless":false,"potions_floor_spawned":[4,13,14,18,30,35,37,41],"killed_by":"Giant Head","ascension_level":3}}