{"host":"w6q69c5vmy05l1mm","time":1612693431,"event":{"mods":["BaseMod","Better Third Choice","Colored Map","Colored Powertips","Minty Spire (QoL Compilation)","Replay The Spire","StSLib"],"gold_per_floor":[118,118,129,129,144,144,144,187,237,237,264,277,305,6,6,111,111,81,81],"floor_reached":18,"language":"ENG","playtime":689,"items_purged":[],"score":251,"play_id":"e7e9bc5a-ae02-4741-946c-2727521f9c68","local_time":"20210207122351","is_ascension_mode":true,"campfire_choices":[{"data":"Vigilance","floor":6,"key":"SMITH"},{"floor":10,"key":"REST"},{"data":"TalkToTheHand","floor":15,"key":"SMITH"}],"circlet_count":0,"master_deck":["AscendersBane","Strike_P","Strike_P","Strike_P","Defend_P+1","Defend_P","Defend_P","Defend_P","Eruption+1","Vigilance+1","Protect+1","EmptyFist","FlurryOfBlows","ThirdEye","EmptyBody+1","TalkToTheHand+1","LessonLearned"],"relics":["PureWater","NeowsBlessing","CeramicFish","Blue Doll","HandDrill","War Paint","Ring of Chaos"],"acts_visited":["Exordium","TheCity"],"potions_floor_usage":[8,12,16,16],"damage_taken":[{"damage":0,"enemies":"2 Louse","floor":1,"turns":1},{"damage":0,"enemies":"Small Slimes","floor":3,"turns":1},{"damage":0,"enemies":"Cultist","floor":5,"turns":1},{"damage":24,"enemies":"Lagavulin","floor":8,"turns":9},{"damage":0,"enemies":"Looter","floor":11,"turns":3},{"damage":8,"enemies":"Exordium Thugs","floor":12,"turns":4},{"damage":2,"enemies":"Red Slaver","floor":13,"turns":4},{"damage":22,"enemies":"Hexaghost","floor":16,"turns":15},{"damage":13,"enemies":"2 Thieves","floor":18,"turns":2}],"seed_played":"2163960242349285499","potions_obtained":[{"floor":1,"key":"LiquidBronze"},{"floor":5,"key":"Doom Potion"},{"floor":8,"key":"Block Potion"},{"floor":11,"key":"DuplicationPotion"},{"floor":13,"key":"PowerPotion"}],"is_trial":false,"path_per_floor":["M","?","M","?","M","R","?","E","T","R","M","M","M","$","R","B",null,"M"],"character_chosen":"WATCHER","items_purchased":["HandDrill","War Paint"],"campfire_rested":1,"item_purchase_floors":[14,14],"current_hp_per_floor":[65,65,65,58,58,58,58,34,34,55,55,47,45,45,45,23,60,47,47],"gold":81,"neow_bonus":"THREE_ENEMY_KILL","is_daily":false,"chose_seed":false,"campfire_upgraded":2,"win_rate":0.0,"timestamp":1612693431,"path_taken":["M","?","M","?","M","R","?","E","T","R","M","M","M","$","R","BOSS","M"],"items_purchased_type":["Relic","Relic"],"build_version":"2020-12-22","purchased_purges":0,"victory":false,"max_hp_per_floor":[72,72,72,72,72,72,72,72,72,72,72,72,72,72,72,72,72,72,72],"card_choices":[{"not_picked":["LikeWater","Replay:AtTheReady"],"picked":"Protect","floor":1},{"not_picked":["Prostrate","CarveReality"],"picked":"EmptyFist","floor":3},{"not_picked":["Study","EmptyFist"],"picked":"FlurryOfBlows","floor":5},{"not_picked":["Protect","ConjureBlade"],"picked":"ThirdEye","floor":8},{"not_picked":["ThirdEye","Replay:Cycle"],"picked":"EmptyBody","floor":11},{"not_picked":["Pray","LikeWater","Sanctity"],"picked":"SKIP","floor":12},{"not_picked":["Crescendo","Halt"],"picked":"TalkToTheHand","floor":13},{"not_picked":["Replay:AllIn","DevaForm"],"picked":"LessonLearned","floor":16}],"player_experience":400299,"relics_obtained":[{"floor":8,"key":"CeramicFish"},{"floor":9,"key":"Blue Doll"}],"event_choices":[{"damage_healed":0,"gold_gain":0,"player_choice":"Grow","damage_taken":0,"max_hp_gain":0,"max_hp_loss":0,"event_name":"Living Wall","floor":2,"gold_loss":0,"cards_upgraded":["Eruption"]},{"cards_removed":["Strike_P"],"damage_healed":0,"gold_gain":0,"player_choice":"Card Removal","damage_taken":7,"max_hp_gain":0,"max_hp_loss":0,"event_name":"Golden Wing","floor":4,"gold_loss":0}],"is_beta":false,"boss_relics":[{"not_picked":["SacredBark","Black Star"],"picked":"Ring of Chaos"}],"items_purged_floors":[],"is_endless":false,"potions_floor_spawned":[1,5,8,11,13],"killed_by":"2 Thieves","ascension_level":11}}