{"host":"ippeulvg90hectqg","time":1612687110,"event":{"mods":["BaseMod","Downfall","Hermit","Infinite Spire","Lobotomy","Minty Spire (QoL Compilation)","Replay The Spire","StSLib"],"gold_per_floor":[99,119,44,62,72,72,72,97,47,62,12,30,30,41,53,154,154,104,118,128,128,145,159,230,230,248,98,98,126,76,102,114,216,216,66,77,95,106,106,106,106,106],"floor_reached":40,"language":"ZHS","playtime":2352,"items_purged":["Slimebound:Defend_Slimebound"],"score":457,"play_id":"e54eb419-6a9f-4f15-8326-e829b31289fd","local_time":"20210207163830","is_ascension_mode":false,"campfire_choices":[{"data":"Slimebound:CorrosiveSpit","floor":1.0,"key":"SMITH"},{"data":"Slimebound:Split","floor":9.0,"key":"SMITH"},{"data":"Slimebound:PrepareCrush","floor":11.0,"key":"SMITH"},{"data":"Slimebound:Overexert","floor":18.0,"key":"SMITH"},{"data":"Slimebound:Gluttony","floor":27.0,"key":"SMITH"},{"floor":30,"key":"RECALL"},{"floor":35,"key":"DIG"}],"circlet_count":0,"master_deck":["Slimebound:Strike_Slimebound","Slimebound:Tackle","Slimebound:Defend_Slimebound","Slimebound:Defend_Slimebound","Slimebound:Split+1","Slimebound:CorrosiveSpit+1","Slimebound:Prepare","Slimebound:PrepareCrush+1","Slimebound:LeechingTouch","Slimebound:GoopSpray","Slimebound:SplitMire","Slimebound:DisruptingSlam+1","Slimebound:CorrosiveSpit+1","Slimebound:Gluttony+1","Slimebound:Overexert+1","Slimebound:ItLooksTasty+1","Slimebound:Equalize+1","Slimebound:SlimeSlap+1","Slimebound:SplitAcid","Slimebound:ForwardTackle","Slimebound:Nibble+1","Slimebound:Schlurp","Slimebound:ProtectTheBoss+1","Slimebound:FirmFortitude","Pot Of Greed","Pot Of Greed","Pot Of Greed","Slimebound:Schlurp"],"relics":["Slimebound:AbsorbEndCombat","Slimebound:GreedOozeRelic","Pantograph","Shuriken","Astrolabe","ReplayTheSpireMod:Ring of Exchange","Ring of Fury","downfall:HeartBlessingBlue","Blue Doll","Whetstone","Busted Crown","downfall:HeartBlessingRed","Grinning Jar","Lizard Tail"],"acts_visited":["Exordium","TheCity","TheBeyond"],"potions_floor_usage":[31,33,40],"damage_taken":[{"damage":3.0,"enemies":"Small Slimes","floor":2.0,"turns":3.0},{"damage":9.0,"enemies":"Jaw Worm","floor":4.0,"turns":3.0},{"damage":0.0,"enemies":"Cultist","floor":5.0,"turns":2.0},{"damage":7.0,"enemies":"Replay:BlueRogue","floor":8.0,"turns":4.0},{"damage":0.0,"enemies":"Large Slime","floor":10.0,"turns":3.0},{"damage":13.0,"enemies":"Gremlin Gang","floor":12.0,"turns":5.0},{"damage":2.0,"enemies":"Blue Slaver","floor":14.0,"turns":3.0},{"damage":10.0,"enemies":"2 Fungi Beasts","floor":15.0,"turns":3.0},{"damage":11.0,"enemies":"IC_STATUS_ARCHETYPE","floor":16.0,"turns":6.0},{"damage":23.0,"enemies":"Shell Parasite","floor":19.0,"turns":4.0},{"damage":26.0,"enemies":"Centurion and Healer","floor":20.0,"turns":5.0},{"damage":9.0,"enemies":"Sentry and Sphere","floor":22.0,"turns":5.0},{"damage":18.0,"enemies":"Snecko","floor":23.0,"turns":3.0},{"damage":2.0,"enemies":"Cultist and Chosen","floor":26.0,"turns":4.0},{"damage":20,"enemies":"Replay:Snechameleon","floor":29,"turns":6},{"damage":30,"enemies":"Book of Stabbing","floor":31,"turns":4},{"damage":0,"enemies":"3 Cultists","floor":32,"turns":3},{"damage":71,"enemies":"DF_ARCHETYPE_CLAW","floor":33,"turns":8},{"damage":33,"enemies":"3 Shapes","floor":36,"turns":3},{"damage":2,"enemies":"Orb Walker","floor":37,"turns":2},{"damage":36,"enemies":"3 Darklings","floor":38,"turns":3},{"damage":97,"enemies":"Nightmare","floor":40,"turns":6}],"seed_played":"-6280320895908532546","potions_obtained":[{"floor":2.0,"key":"Elixir"},{"floor":8.0,"key":"Fire Potion"},{"floor":10.0,"key":"champ:CounterPotion"},{"floor":29,"key":"SkillPotion"},{"floor":33,"key":"Fire Potion"},{"floor":36,"key":"BlessingOfTheForge"}],"is_trial":false,"path_per_floor":["R","M","?","M","M","?","T","E","R","M","R","M","?","M","M","B",null,"R","M","M","?","M","M","T","?","M","R","?","E","R","E","M","B",null,"R","M","M","M","AVR","NM"],"character_chosen":"SLIMEBOUND","items_purchased":[],"campfire_rested":0,"item_purchase_floors":[],"current_hp_per_floor":[71,71,71,64,66,66,66,61,61,63,63,54,54,56,50,65,71,71,54,48,48,57,53,53,53,71,81,81,67,67,45,49,11,81,81,50,66,36,36,0,0,0],"gold":106,"neow_bonus":"TEN_PERCENT_HP_BONUS","is_daily":false,"chose_seed":false,"campfire_upgraded":5,"win_rate":0.0,"timestamp":1612687110,"path_taken":["R","M","?","M","M","?","T","E","R","M","R","?","?","M","M","BOSS","R","M","?","?","M","M","T","?","M","R","?","E","R","E","M","BOSS","R","M","M","M","AVR","NM"],"items_purchased_type":[],"build_version":"2020-12-22","purchased_purges":1,"victory":false,"max_hp_per_floor":[71,71,71,71,71,71,71,71,71,71,71,71,71,71,71,71,71,71,71,71,71,71,71,71,71,71,81,81,81,81,81,81,81,81,81,81,81,81,81,81,81,81],"card_choices":[{"not_picked":["Slimebound:SplitLeeching","Slimebound:Grow"],"picked":"Slimebound:Prepare","floor":2.0},{"not_picked":["Slimebound:SamplingLick","Slimebound:RejuvenatingLick"],"picked":"Slimebound:PrepareCrush","floor":4.0},{"not_picked":["Slimebound:GoopTackle","Slimebound:SplitAcid"],"picked":"Slimebound:LeechingTouch","floor":5.0},{"not_picked":["Slimebound:Dissolve","Slimebound:HauntingLick"],"picked":"Slimebound:GoopSpray","floor":8.0},{"not_picked":["Slimebound:Prepare","Slimebound:PrepareCrush"],"picked":"Slimebound:SplitMire","floor":10.0},{"not_picked":["Slimebound:HauntingLick","Slimebound:ItLooksTasty"],"picked":"Slimebound:DisruptingSlam","floor":12.0},{"not_picked":["Slimebound:Replication","Slimebound:SlimeSpikes"],"picked":"Slimebound:Gluttony","floor":14.0},{"not_picked":["Slimebound:SplitBruiser","Slimebound:HauntingLick","Slimebound:GoopTackle"],"picked":"SKIP","floor":15.0},{"not_picked":["Slimebound:FirmFortitude","Slimebound:OneTwoCombo"],"picked":"Slimebound:Overexert","floor":16.0},{"not_picked":["Slimebound:ItLooksTasty","Slimebound:LivingWall"],"picked":"Slimebound:SplitAcid","floor":19.0},{"not_picked":["Slimebound:LeechEnergy","Slimebound:ComboTackle"],"picked":"Slimebound:ForwardTackle","floor":20.0},{"not_picked":["Slimebound:Prepare","Slimebound:Equalize","Slimebound:Dissolve"],"picked":"SKIP","floor":22.0},{"not_picked":["Slimebound:Prepare","Slimebound:BestDefense","Slimebound:LeadByExample+1"],"picked":"SKIP","floor":23.0},{"not_picked":["Slimebound:GoopTackle","Slimebound:FormOfPuddle"],"picked":"Slimebound:Nibble","floor":26.0},{"not_picked":["Slimebound:LeechEnergy","Slimebound:SlimeSpikes+1"],"picked":"Slimebound:Schlurp","floor":29},{"not_picked":["Slimebound:ComboTackle","Slimebound:RollThrough"],"picked":"Slimebound:ProtectTheBoss+1","floor":31},{"not_picked":["Slimebound:OneTwoCombo","Slimebound:GoopSpray","Slimebound:SplitMire"],"picked":"SKIP","floor":32},{"not_picked":["Slimebound:PrepareCrush","Slimebound:DuplicatedForm"],"picked":"Slimebound:FirmFortitude","floor":33},{"not_picked":["Slimebound:RollThrough"],"picked":"SKIP","floor":36},{"not_picked":["Slimebound:GoopSpray+1"],"picked":"SKIP","floor":37},{"not_picked":[],"picked":"Slimebound:Schlurp","floor":38}],"player_experience":569608,"relics_obtained":[{"floor":7.0,"key":"Pantograph"},{"floor":8.0,"key":"Shuriken"},{"floor":25.0,"key":"ReplayTheSpireMod:Ring of Exchange"},{"floor":25.0,"key":"Ring of Fury"},{"floor":29,"key":"Blue Doll"},{"floor":31,"key":"Whetstone"},{"floor":35,"key":"Grinning Jar"}],"event_choices":[{"damage_healed":0.0,"max_hp_gain":0.0,"max_hp_loss":0.0,"gold_gain":0.0,"event_name":"NoteForYourself","player_choice":"Ignored","floor":6.0,"gold_loss":0.0,"damage_taken":0.0},{"damage_healed":0.0,"max_hp_gain":0.0,"max_hp_loss":0.0,"gold_gain":0.0,"event_name":"Ghosts","player_choice":"Ignored","floor":21.0,"gold_loss":0.0,"damage_taken":0.0}],"is_beta":false,"boss_relics":[{"not_picked":["Velvet Choker","Slimebound:TarBlob"],"picked":"Astrolabe"},{"not_picked":["ReplayTheSpireMod:ShopPack","Replay:Lucky Slots"],"picked":"Busted Crown"}],"items_purged_floors":[39],"is_endless":false,"potions_floor_spawned":[2,8,10,14,19,20,29,33,36,37],"killed_by":"Nightmare","ascension_level":0}}