{"host":"0kwl2uefibxd2nsv","time":1612723701,"event":{"mods":["Act Like it!","Aspiration","BaseMod","Better Note","BetterRewards","DeckTracker","Googly Eyes","Minty Spire (QoL Compilation)","Reliquary","StS++","StSLib"],"gold_per_floor":[117,292,367,382,123,123,123,149,173,31,31,31,31,50,50,153,153,166,166,166,41,41,76,76,76,76,108,120,143,169,181,193,205,205],"floor_reached":33,"language":"ENG","playtime":1126,"items_purged":["Injury"],"score":453,"play_id":"1abb1a5c-ccc5-435d-92aa-cc158fa49c71","local_time":"20210207194821","is_ascension_mode":true,"campfire_choices":[{"data":"After Image","floor":6,"key":"SMITH"},{"data":"Blade Dance","floor":11,"key":"SMITH"},{"data":"Trip","floor":15,"key":"SMITH"},{"data":"Leg Sweep","floor":24,"key":"SMITH"},{"floor":28,"key":"REST"},{"data":"Noxious Fumes","floor":32,"key":"SMITH"}],"circlet_count":0,"master_deck":["AscendersBane","Strike_G","Strike_G","Strike_G","Strike_G","Strike_G","Defend_G","Defend_G","Defend_G","Defend_G","Defend_G","Survivor","Neutralize","Noxious Fumes+1","Blade Dance+1","After Image+1","Dodge and Roll","Slice","Leg Sweep+1","Trip+1","Deflect","Dodge and Roll+1","Bullet Time+1","Dodge and Roll+1","Cloak And Dagger+1","Blur+1","Masterful Stab+1","PiercingWail+1","Deflect+1"],"relics":["WristBlade","Prayer Wheel","reliquary:WeakTea","Toxic Egg 2","aspiration:HummingbirdHeart","StSpp:FireArrow","StSpp:ChessPiece","Bottled Tornado","MawBank"],"acts_visited":["Exordium","TheCity"],"potions_floor_usage":[8,18,23,29,33,33],"damage_taken":[{"damage":0,"enemies":"Small Slimes","floor":1,"turns":4},{"damage":6,"enemies":"Jaw Worm","floor":4,"turns":6},{"damage":0,"enemies":"Lagavulin","floor":8,"turns":5},{"damage":0,"enemies":"Cultist","floor":14,"turns":2},{"damage":5,"enemies":"The Guardian","floor":16,"turns":13},{"damage":0,"enemies":"Shell Parasite","floor":18,"turns":6},{"damage":8,"enemies":"Gremlin Leader","floor":23,"turns":11},{"damage":21,"enemies":"Book of Stabbing","floor":27,"turns":8},{"damage":2,"enemies":"2 Thieves","floor":29,"turns":5},{"damage":0,"enemies":"Centurion and Healer","floor":30,"turns":6},{"damage":42,"enemies":"Champ","floor":33,"turns":11}],"seed_played":"-2441334120367945448","potions_obtained":[{"floor":1,"key":"DistilledChaos"},{"floor":4,"key":"StSpp:InhibitionPotion"},{"floor":16,"key":"FearPotion"},{"floor":18,"key":"Energy Potion"},{"floor":23,"key":"Swift Potion"},{"floor":29,"key":"PowerPotion"}],"is_trial":false,"path_per_floor":["M","?","?","M","$","R","?","E","T","$","R","?","?","M","R","B",null,"M","?","?","$","?","E","R","$","T","E","R","M","M","$","R","B"],"character_chosen":"THE_SILENT","items_purchased":["After Image","Dodge and Roll","Slice","Trip","Deflect","Block Potion"],"campfire_rested":1,"item_purchase_floors":[5,5,5,10,10,21],"current_hp_per_floor":[63,63,52,46,46,46,39,39,39,39,39,39,32,32,32,27,59,59,59,46,46,46,38,38,38,38,17,39,37,37,37,37,0,0],"gold":205,"neow_bonus":"BOSS_RELIC","is_daily":false,"chose_seed":false,"campfire_upgraded":5,"win_rate":0.0,"timestamp":1612723701,"path_taken":["M","?","?","M","$","R","?","E","T","$","R","?","?","M","R","BOSS","M","?","?","?","?","E","R","$","T","E","R","M","M","$","R","BOSS"],"items_purchased_type":["Card","Card","Card","Card","Card","Potion"],"build_version":"2020-12-22","purchased_purges":1,"victory":false,"max_hp_per_floor":[70,70,70,70,70,70,70,70,70,70,70,70,70,70,70,70,70,70,70,75,75,75,75,75,75,75,75,75,75,75,75,75,75,75],"card_choices":[{"not_picked":["Underhanded Strike","StSpp:StrikeFirst"],"picked":"Noxious Fumes","floor":1},{"not_picked":["Deadly Poison","Dagger Spray"],"picked":"Blade Dance","floor":4},{"not_picked":["Crippling Poison","Skewer"],"picked":"Leg Sweep","floor":8},{"not_picked":["Sucker Punch","Blur+1"],"picked":"Dodge and Roll+1","floor":14},{"not_picked":["StSpp:FiercePoison+1","Setup+1","StSpp:CorrosivePoison+1"],"picked":"SKIP","floor":14},{"not_picked":["Corpse Explosion+1","Phantasmal Killer+1"],"picked":"Bullet Time+1","floor":16},{"not_picked":["Slice","Underhanded Strike"],"picked":"Dodge and Roll+1","floor":18},{"not_picked":["Prepared+1","Quick Slash+1","Poisoned Stab"],"picked":"SKIP","floor":18},{"not_picked":["Skewer","Noxious Fumes"],"picked":"Blur+1","floor":23},{"not_picked":["PiercingWail+1","Acrobatics+1"],"picked":"Masterful Stab+1","floor":27},{"not_picked":["Finisher","Outmaneuver+1"],"picked":"PiercingWail+1","floor":29},{"not_picked":["Setup+1","Bane+1","Terror+1"],"picked":"SKIP","floor":29},{"not_picked":["Crippling Poison+1","Dagger Spray"],"picked":"Deflect+1","floor":30},{"not_picked":["PiercingWail+1","Dodge and Roll+1","Sucker Punch"],"picked":"SKIP","floor":30}],"player_experience":2009216,"relics_obtained":[{"floor":8,"key":"Prayer Wheel"},{"floor":9,"key":"reliquary:WeakTea"},{"floor":23,"key":"StSpp:ChessPiece"},{"floor":26,"key":"Bottled Tornado"},{"floor":27,"key":"MawBank"}],"event_choices":[{"damage_healed":0,"gold_gain":175,"player_choice":"AGREE","damage_taken":0,"max_hp_gain":0,"max_hp_loss":0,"event_name":"Liars Game","floor":2,"gold_loss":0,"cards_obtained":["Doubt"]},{"damage_healed":0,"gold_gain":75,"player_choice":"Gather Gold","damage_taken":11,"max_hp_gain":0,"max_hp_loss":0,"event_name":"World of Goop","floor":3,"gold_loss":0},{"cards_removed":["Doubt"],"damage_healed":0,"gold_gain":0,"player_choice":"Card Removal","damage_taken":7,"max_hp_gain":0,"max_hp_loss":0,"event_name":"Golden Wing","floor":7,"gold_loss":0},{"damage_healed":0,"gold_gain":0,"player_choice":"Success","damage_taken":7,"relics_obtained":["aspiration:HummingbirdHeart"],"max_hp_gain":0,"max_hp_loss":0,"event_name":"Scrap Ooze","floor":13,"gold_loss":0},{"cards_removed":["Bullet Time"],"damage_healed":0,"gold_gain":0,"player_choice":"Give","damage_taken":0,"max_hp_gain":0,"max_hp_loss":0,"event_name":"betterNote:BetterNote","floor":19,"gold_loss":0,"cards_obtained":["Feed"]},{"damage_healed":0,"gold_gain":0,"player_choice":"Shed Blood","damage_taken":18,"max_hp_gain":5,"max_hp_loss":0,"event_name":"Forgotten Altar","floor":20,"gold_loss":0},{"damage_healed":0,"gold_gain":0,"player_choice":"Read","damage_taken":0,"max_hp_gain":0,"max_hp_loss":0,"event_name":"The Library","floor":22,"gold_loss":0,"cards_obtained":["Cloak And Dagger"]}],"is_beta":false,"boss_relics":[{"not_picked":["StSpp:PileOfSugar","Philosopher\u0027s Stone"],"picked":"StSpp:FireArrow"}],"items_purged_floors":[21],"is_endless":false,"potions_floor_spawned":[1,4,16,18,23,27,29],"killed_by":"Champ","ascension_level":10}}