{"host":"d52brwsy6af8zvaq","time":1612663918,"event":{"mods":["AchievementEnabler","BaseMod","Bestiary","Highlight Path","Minty Spire (QoL Compilation)","Quick Restart","Relic Stats","ojb\u0027s Better Paths Mod"],"gold_per_floor":[113,113,134,15,15,49,69,69,69,89,132,132,171,189,189,282,282,307,222,50,73,73,113,113,149,149,162,183,221,221,221],"floor_reached":30,"language":"ENG","playtime":1298,"items_purged":["Strike_B"],"score":616,"play_id":"1e685fd7-2107-47e0-9b37-5f2c5260a5c5","local_time":"20210206191158","is_ascension_mode":true,"campfire_choices":[{"floor":8.0,"key":"REST"},{"data":"Defragment","floor":12.0,"key":"SMITH"},{"floor":15.0,"key":"REST"},{"floor":24.0,"key":"REST"}],"circlet_count":0,"master_deck":["AscendersBane","Strike_B","Strike_B","Strike_B","Defend_B","Defend_B","Defend_B","Defend_B","Zap+1","Dualcast","Static Discharge","Cold Snap","FTL","Sunder","Gash","Defragment+1","Undo","Stack","Turbo","Electrodynamics","Beam Cell","Fusion","Double Energy+1","Gash","White Noise","Redo"],"relics":["Cracked Core","Golden Idol","Ornamental Fan","Letter Opener","Dead Branch","DataDisk","Nuclear Battery","Centennial Puzzle","ClockworkSouvenir","Blue Candle","Gremlin Horn","Anchor","CaptainsWheel"],"acts_visited":["Exordium","TheCity"],"potions_floor_usage":[27,30],"damage_taken":[{"damage":10.0,"enemies":"Small Slimes","floor":1.0,"turns":4.0},{"damage":4.0,"enemies":"Jaw Worm","floor":3.0,"turns":4.0},{"damage":31.0,"enemies":"3 Sentries","floor":6.0,"turns":8.0},{"damage":0.0,"enemies":"Cultist","floor":7.0,"turns":3.0},{"damage":4.0,"enemies":"2 Fungi Beasts","floor":10.0,"turns":3.0},{"damage":11.0,"enemies":"Gremlin Nob","floor":11.0,"turns":3.0},{"damage":15.0,"enemies":"3 Sentries","floor":13.0,"turns":4.0},{"damage":13.0,"enemies":"3 Louse","floor":14.0,"turns":3.0},{"damage":11.0,"enemies":"Hexaghost","floor":16.0,"turns":10.0},{"damage":6.0,"enemies":"3 Byrds","floor":18.0,"turns":2.0},{"damage":8.0,"enemies":"Shell Parasite","floor":21.0,"turns":4.0},{"damage":28.0,"enemies":"Book of Stabbing","floor":23.0,"turns":4.0},{"damage":8,"enemies":"Gremlin Leader","floor":25,"turns":5},{"damage":5,"enemies":"Snecko","floor":27,"turns":5},{"damage":6,"enemies":"Cultist and Chosen","floor":28,"turns":5},{"damage":15,"enemies":"Slavers","floor":29,"turns":3},{"damage":8,"enemies":"Centurion and Healer","floor":30,"turns":1}],"seed_played":"-4382941771338304719","potions_obtained":[{"floor":7.0,"key":"Fire Potion"},{"floor":10.0,"key":"Explosive Potion"},{"floor":13.0,"key":"FearPotion"},{"floor":23.0,"key":"BlessingOfTheForge"},{"floor":27,"key":"SteroidPotion"},{"floor":29,"key":"Regen Potion"}],"is_trial":false,"path_per_floor":["M","?","M","$","?","E","M","R","T","M","E","R","E","M","R","B",null,"M","?","$","M","?","E","R","E","T","M","M","E","M"],"character_chosen":"DEFECT","items_purchased":["FTL","ClockworkSouvenir"],"campfire_rested":3,"item_purchase_floors":[4,20],"current_hp_per_floor":[61,61,57,57,57,26,26,47,47,43,32,32,17,4,25,14,57,51,51,51,43,43,15,36,28,28,23,17,2,0,0],"gold":221,"neow_bonus":"TEN_PERCENT_HP_BONUS","is_daily":false,"chose_seed":false,"campfire_upgraded":1,"win_rate":0.0,"timestamp":1612663918,"path_taken":["M","?","M","$","?","E","M","R","T","M","E","R","E","M","R","BOSS","M","?","$","M","?","E","R","E","T","?","M","E","M"],"items_purchased_type":["Card","Relic"],"build_version":"2020-12-22","purchased_purges":1,"victory":false,"max_hp_per_floor":[78,71,71,71,71,71,71,71,71,71,71,71,71,71,71,71,71,71,71,71,71,71,71,71,71,71,71,71,71,71,71],"relic_stats":{"Centennial Puzzle":[18],"Gremlin Horn":[3,3],"counters":[17,71],"Golden Idol":99,"Ornamental Fan":[36],"Dead Branch":[15],"Blue Candle":[0],"Letter Opener":[53],"obtain_stats":[{"Gremlin Horn":25,"Golden Idol":2,"Dead Branch":11,"Blue Candle":23,"Letter Opener":9,"Nuclear Battery":17,"ClockworkSouvenir":20,"DataDisk":13,"Centennial Puzzle":19,"Anchor":26,"CaptainsWheel":29,"Ornamental Fan":6,"Cracked Core":0},{"Gremlin Horn":13,"Golden Idol":1,"Dead Branch":6,"Blue Candle":12,"Letter Opener":4,"Nuclear Battery":9,"ClockworkSouvenir":10,"DataDisk":7,"Centennial Puzzle":10,"Anchor":13,"CaptainsWheel":16,"Ornamental Fan":3,"Cracked Core":0},{"Gremlin Horn":57,"Golden Idol":4,"Dead Branch":25,"Blue Candle":52,"Letter Opener":19,"Nuclear Battery":42,"ClockworkSouvenir":44,"DataDisk":29,"Centennial Puzzle":44,"Anchor":57,"CaptainsWheel":70,"Ornamental Fan":16,"Cracked Core":0}]},"card_choices":[{"not_picked":["Rebound","Compile Driver"],"picked":"Static Discharge","floor":1.0},{"not_picked":["Conserve Battery","Turbo"],"picked":"Cold Snap","floor":3.0},{"not_picked":["Leap","Gash"],"picked":"Sunder","floor":6.0},{"not_picked":["Double Energy","Steam"],"picked":"Gash","floor":7.0},{"not_picked":["Compile Driver","Chaos"],"picked":"Defragment","floor":10.0},{"not_picked":["Blizzard","Creative AI"],"picked":"Undo","floor":11.0},{"not_picked":["Rip and Tear","Barrage"],"picked":"Stack","floor":13.0},{"not_picked":["Stack","Hologram"],"picked":"Turbo","floor":14.0},{"not_picked":["Buffer","Biased Cognition"],"picked":"Electrodynamics","floor":16.0},{"not_picked":["Turbo","Hello World"],"picked":"Beam Cell","floor":18.0},{"not_picked":["Undo","Conserve Battery"],"picked":"Fusion","floor":21.0},{"not_picked":["Consume","Storm"],"picked":"Double Energy+1","floor":23.0},{"not_picked":["Darkness","Compile Driver"],"picked":"Gash","floor":25},{"not_picked":["Sweeping Beam","Tempest"],"picked":"White Noise","floor":27},{"not_picked":["Hello World","Barrage","Hologram"],"picked":"SKIP","floor":28},{"not_picked":["Recycle","Steam"],"picked":"Redo","floor":29}],"player_experience":2170027,"relics_obtained":[{"floor":6.0,"key":"Ornamental Fan"},{"floor":9.0,"key":"Letter Opener"},{"floor":11.0,"key":"Dead Branch"},{"floor":13.0,"key":"DataDisk"},{"floor":23.0,"key":"Blue Candle"},{"floor":25,"key":"Gremlin Horn"},{"floor":26,"key":"Anchor"},{"floor":29,"key":"CaptainsWheel"}],"event_choices":[{"damage_healed":0.0,"max_hp_gain":0.0,"max_hp_loss":7.0,"gold_gain":0.0,"event_name":"Golden Idol","player_choice":"Lose Max HP","floor":2.0,"gold_loss":0.0,"damage_taken":0.0,"relics_obtained":["Golden Idol"]},{"damage_healed":0.0,"max_hp_gain":0.0,"max_hp_loss":0.0,"gold_gain":0.0,"event_name":"Golden Wing","player_choice":"Ignored","floor":5.0,"gold_loss":0.0,"damage_taken":0.0},{"damage_healed":0.0,"max_hp_gain":0.0,"max_hp_loss":0.0,"gold_gain":0.0,"event_name":"Addict","player_choice":"Obtained Relic","floor":19.0,"gold_loss":85.0,"damage_taken":0.0,"relics_obtained":["Centennial Puzzle"]},{"damage_healed":0.0,"max_hp_gain":0.0,"max_hp_loss":0.0,"gold_gain":0.0,"event_name":"Accursed Blacksmith","player_choice":"Forge","floor":22.0,"gold_loss":0.0,"damage_taken":0.0,"cards_upgraded":["Zap"]}],"is_beta":false,"boss_relics":[{"not_picked":["Calling Bell","Ectoplasm"],"picked":"Nuclear Battery"}],"items_purged_floors":[4],"is_endless":false,"potions_floor_spawned":[7,10,13,23,27,29],"killed_by":"Centurion and Healer","ascension_level":20}}