{"host":"gfmw02tnhhvp9jba","time":1612706220,"event":{"mods":["AchievementEnabler","BaseMod","Colored Map","Conspire","Downfall","Highlight Path","Minty Spire (QoL Compilation)","Replay The Spire","StSLib"],"gold_per_floor":[349,365,365,376,526,58,82,182,199,217,117,27,27,62,82,187,187,87,106,175,195,195,212,212,229,229,257,303,31,44,73,83,184,184,184,203,203,222,239,267,346,364,264,264,264,290,290,107,120,120,120,152,15,15,17,17],"floor_reached":57,"language":"ENG","playtime":3970,"items_purged":["downfall:Icky","bronze:Strike","downfall:Bewildered"],"score":1375,"play_id":"129c0df3-7da1-4bff-8c0b-c15975d645ff","local_time":"20210207145700","is_ascension_mode":true,"campfire_choices":[{"floor":1,"key":"RECALL"},{"data":"bronze:BuggyMess","floor":11,"key":"SMITH"},{"data":"bronze:MaxOutput","floor":13,"key":"SMITH"},{"floor":18,"key":"DIG"},{"floor":35,"key":"DIG"},{"data":"bronze:ItsAFeature","floor":43,"key":"SMITH"},{"data":"bronze:Assembly","floor":45,"key":"SMITH"},{"data":"bronze:Assembly","floor":47,"key":"SMITH"},{"data":"bronze:BurnOut","floor":54,"key":"SMITH"}],"circlet_count":0,"master_deck":["bronze:Strike","bronze:Defend","bronze:Defend","bronze:Defend","bronze:WildBeam","m_BronzeAgony","m_BronzeSurvivor","bronze:Iterate","bronze:TinkerersToolbox","bronze:OilSpill","bronze:WhirlingStrike","bronze:ItsAFeature+1","bronze:BuggyMess+1","bronze:Branch","bronze:MaxOutput+1","bronze:BugBarrage","bronze:DelayedSlice","bronze:BurnOut+1","bronze:Philosophize","bronze:ChosenStrike","bronze:Assembly+1","bronze:Assembly+1","bronze:WildBeam+1","bronze:CutThrough+1","bronze:Iterate","bronze:Repair","bronze:BugBarrage","bronze:Frontload","bronze:MaxOutput+1","bronze:ChosenStrike","bronze:Fortify","bronze:FunctionCard","bronze:Verify","bronze:BronzeArmor+1","bronze:Return+1","bronze:Format+1","bronze:WildBeam","bronze:FunctionCard","bronze:GetLatest","bronze:BronzeArmor+1","bronze:Allocate+1","bronze:Separator","bronze:Shell","bronze:FindAndReplace","bronze:FindAndReplace","bronze:WhirlingStrike+1","bronze:Allocate","bronze:Iterate"],"relics":["bronze:BronzeCore","Pet Ghost","Lee\u0027s Waffle","Bronze Scales","Potion Belt","downfall:HeartBlessingRed","Blue Doll","Honey Jar","downfall:HeartBlessingGreen","Gremlin Food","Oddly Smooth Stone","sneckomod:BabySnecko","Bottled Tornado","Du-Vu Doll","MealTicket","Membership Card","Pear","Replay:Grab Bag","ChewingGum","Coffee Dripper","Astrolabe","bronze:ElectromagneticCoil","Replay:WaspNest","Blood Vial","downfall:HeartBlessingBlue","Boot","Nunchaku","Replay:Bottled Snecko","Lantern"],"acts_visited":["Exordium","TheCity","TheBeyond","TheEnding"],"potions_floor_usage":[8,20,20,21,27,31,33,33,33,33,33,39,52,52,56,56],"damage_taken":[{"damage":0,"enemies":"conspire:RoseBush","floor":2,"turns":4},{"damage":2,"enemies":"Small Slimes","floor":4,"turns":3},{"damage":2,"enemies":"downfall:FleeingMerchant","floor":6,"turns":4},{"damage":17,"enemies":"downfall:LadyInBlue","floor":8,"turns":9},{"damage":0,"enemies":"Cultist","floor":9,"turns":2},{"damage":5,"enemies":"Exordium Thugs","floor":10,"turns":3},{"damage":0,"enemies":"downfall:FleeingMerchant","floor":12,"turns":4},{"damage":0,"enemies":"Gremlin Nob","floor":14,"turns":3},{"damage":5,"enemies":"Red Slaver","floor":15,"turns":2},{"damage":1,"enemies":"SI_SHIV_ARCHETYPE","floor":16,"turns":5},{"damage":0,"enemies":"Chosen","floor":19,"turns":3},{"damage":5,"enemies":"downfall:FleeingMerchant","floor":20,"turns":5},{"damage":5,"enemies":"3 Byrds","floor":21,"turns":3},{"damage":16,"enemies":"Centurion and Healer","floor":23,"turns":3},{"damage":7,"enemies":"Snecko","floor":25,"turns":3},{"damage":11,"enemies":"Book of Stabbing","floor":27,"turns":3},{"damage":3,"enemies":"conspire:HollyBat","floor":30,"turns":8},{"damage":25,"enemies":"Slavers","floor":31,"turns":3},{"damage":0,"enemies":"Snake Plant","floor":32,"turns":2},{"damage":50,"enemies":"DF_ARCHETYPE_CLAW","floor":33,"turns":8},{"damage":0,"enemies":"3 Shapes","floor":36,"turns":3},{"damage":0,"enemies":"Orb Walker","floor":38,"turns":2},{"damage":0,"enemies":"Transient","floor":39,"turns":5},{"damage":25,"enemies":"Reptomancer","floor":40,"turns":4},{"damage":0,"enemies":"Spire Growth","floor":42,"turns":2},{"damage":7,"enemies":"Giant Head","floor":46,"turns":5},{"damage":1,"enemies":"3 Darklings","floor":49,"turns":3},{"damage":48,"enemies":"IC_BLOCK_ARCHETYPE","floor":50,"turns":9},{"damage":19,"enemies":"downfall:CharBossMerchant","floor":52,"turns":5},{"damage":34,"enemies":"downfall:NeowBoss","floor":55,"turns":8},{"damage":24,"enemies":"downfall:NeowBossFinal","floor":56,"turns":6}],"seed_played":"1186369868420235660","potions_obtained":[{"floor":2,"key":"AttackPotion"},{"floor":8,"key":"bronze:BuildAFunctionPotion"},{"floor":8,"key":"GamblersBrew"},{"floor":8,"key":"Flashbang"},{"floor":8,"key":"Fire Potion"},{"floor":9,"key":"AttackPotion"},{"floor":23,"key":"CultistPotion"},{"floor":25,"key":"Toxic Potion"},{"floor":27,"key":"SkillPotion"},{"floor":30,"key":"Fire Potion"},{"floor":31,"key":"AttackPotion"},{"floor":33,"key":"Energy Potion"},{"floor":42,"key":"SneckoOil"},{"floor":46,"key":"Guardian:BlockOnCardUsePotion"},{"floor":49,"key":"LiquidMemories"},{"floor":52,"key":"Doom Potion"}],"is_trial":false,"path_per_floor":["R","M","?","M","?","$","T","?","M","M","R","$","R","E","M","B",null,"R_BF","M","$","M","?","M","T","M","?","E","T","$","M","E","M","B",null,"R_BF","M","?","M","M","E","T","M","R","?","R","E","R","$","M","B",null,"E","$","R","B","B",null],"character_chosen":"THE_AUTOMATON","items_purchased":["bronze:OilSpill","bronze:WhirlingStrike","Pet Ghost","Lee\u0027s Waffle","bronze:MaxOutput","bronze:Assembly","Oddly Smooth Stone","Membership Card","bronze:Frontload","bronze:MaxOutput+1","bronze:ChosenStrike","bronze:FindAndReplace","Nunchaku","bronze:Allocate","Lantern","bronze:Iterate"],"campfire_rested":0,"item_purchase_floors":[6,6,6,6,12,20,20,29,29,29,29,48,48,53,53,53],"current_hp_per_floor":[49,49,49,47,47,77,77,60,60,55,55,55,55,55,50,49,77,77,77,72,67,67,51,51,44,44,40,40,55,59,44,44,1,87,87,87,87,87,87,62,62,71,81,81,81,83,83,97,96,49,97,78,93,93,68,53],"gold":17,"neow_bonus":"TWO_FIFTY_GOLD","is_daily":false,"chose_seed":false,"campfire_upgraded":6,"win_rate":0.0,"timestamp":1612706220,"path_taken":["R","M","?","M","?","$","T","?","?","M","R","?","R","E","M","BOSS","R_BF","M","?","M","?","M","T","M","?","E","?","$","?","E","M","BOSS","R_BF","M","?","M","M","E","T","?","R","?","R","E","R","$","M","BOSS","E","$","R","BOSS","BOSS"],"items_purchased_type":["Card","Card","Relic","Relic","Card","Card","Relic","Relic","Card","Card","Card","Card","Relic","Card","Relic","Card"],"build_version":"2020-12-22","purchased_purges":3,"victory":true,"max_hp_per_floor":[70,70,70,70,70,77,77,77,77,77,77,77,77,77,77,77,77,77,77,77,77,77,77,77,77,77,77,77,77,77,87,87,87,87,87,87,87,87,87,87,87,87,97,97,97,97,97,97,97,97,97,97,97,97,97,97],"card_choices":[{"not_picked":["bronze:Shell","bronze:Optimize"],"picked":"bronze:WildBeam","floor":2},{"not_picked":["bronze:BitShift","bronze:BronzeOrb"],"picked":"bronze:Iterate","floor":4},{"not_picked":["bronze:Turbo","bronze:Virus"],"picked":"bronze:TinkerersToolbox","floor":6},{"not_picked":["bronze:Allocate","bronze:FineTuning"],"picked":"bronze:ItsAFeature","floor":8},{"not_picked":["bronze:Invalidate","bronze:ClassDefault"],"picked":"bronze:BuggyMess","floor":9},{"not_picked":["bronze:Shield","bronze:Constructor"],"picked":"bronze:Branch","floor":10},{"not_picked":["bronze:Constructor","bronze:Allocate"],"picked":"bronze:Separator","floor":12},{"not_picked":["bronze:Refactor","bronze:BitShift"],"picked":"bronze:BugBarrage","floor":14},{"not_picked":["bronze:Separator","bronze:DigitalCarnage"],"picked":"bronze:DelayedSlice","floor":15},{"not_picked":["bronze:TinkerersToolbox","bronze:Assembly"],"picked":"bronze:BurnOut","floor":16},{"not_picked":["bronze:WhirlingStrike","bronze:Branch","bronze:Deprecate"],"picked":"bronze:Philosophize","floor":19},{"not_picked":["bronze:Overheat","bronze:DelayedGuard+1","bronze:Turbo"],"picked":"bronze:ChosenStrike","floor":20},{"not_picked":["bronze:Branch","bronze:WhirlingStrike","bronze:MaxOutput"],"picked":"bronze:WildBeam+1","floor":21},{"not_picked":["bronze:FollowUp+1","bronze:Overload+1","bronze:OilSpill"],"picked":"bronze:CutThrough+1","floor":23},{"not_picked":["bronze:Safeguard","bronze:Invalidate+1","bronze:Return+1"],"picked":"bronze:Iterate","floor":25},{"not_picked":["bronze:Branch","bronze:BurnOut","bronze:WildBeam"],"picked":"bronze:BugBarrage","floor":27},{"not_picked":["bronze:OilSpill+1","bronze:WhirlingStrike","bronze:ChosenStrike"],"picked":"bronze:Fortify","floor":30},{"not_picked":["bronze:OilSpill","bronze:Shield","bronze:Turbo"],"picked":"bronze:Iterate+1","floor":31},{"not_picked":["bronze:Boost+1","bronze:Invalidate+1","bronze:Deprecate"],"picked":"bronze:Hardcode","floor":32},{"not_picked":["bronze:Mutator","bronze:Format","bronze:SpaghettiCode"],"picked":"bronze:Verify","floor":33},{"not_picked":["bronze:Separator","bronze:CutThrough+1","bronze:Terminator+1"],"picked":"bronze:WildBeam","floor":36},{"not_picked":["bronze:DarkDash+1","bronze:Separator+1","bronze:Turbo+1"],"picked":"bronze:GetLatest","floor":38},{"not_picked":["bronze:BitShift","bronze:DelayedGuard+1","bronze:ForLoop+1"],"picked":"bronze:BronzeArmor+1","floor":39},{"not_picked":["bronze:ChildClass+1","bronze:FineTuning+1","bronze:MaxOutput"],"picked":"bronze:Allocate+1","floor":40},{"not_picked":["bronze:FineTuning","bronze:Optimize","bronze:CutThrough"],"picked":"bronze:Separator","floor":42},{"not_picked":["bronze:FineTuning","bronze:Separator","bronze:DelayedGuard+1"],"picked":"bronze:Shell","floor":46},{"not_picked":["bronze:Safeguard","bronze:Branch+1","bronze:Separator+1"],"picked":"bronze:WhirlingStrike+1","floor":49},{"not_picked":["bronze:Turbo+1","bronze:Return+1","bronze:Repulsor","bronze:Overload"],"picked":"SKIP","floor":52}],"player_experience":134759,"relics_obtained":[{"floor":7,"key":"Bronze Scales"},{"floor":8,"key":"Potion Belt"},{"floor":14,"key":"Blue Doll"},{"floor":18,"key":"Gremlin Food"},{"floor":24,"key":"Bottled Tornado"},{"floor":27,"key":"Du-Vu Doll"},{"floor":28,"key":"MealTicket"},{"floor":31,"key":"Pear"},{"floor":35,"key":"Replay:WaspNest"},{"floor":40,"key":"Blood Vial"},{"floor":46,"key":"Boot"},{"floor":52,"key":"Replay:Bottled Snecko"}],"event_choices":[{"damage_healed":0,"gold_gain":0,"player_choice":"Read","damage_taken":0,"max_hp_gain":0,"max_hp_loss":0,"event_name":"The Library","floor":26,"gold_loss":0,"cards_obtained":["bronze:Repair"]},{"damage_healed":0,"gold_gain":0,"player_choice":"Leave","damage_taken":0,"max_hp_gain":0,"max_hp_loss":0,"event_name":"conspire:Investor","floor":44,"gold_loss":0}],"is_beta":false,"boss_relics":[{"not_picked":["Runic Dome","Sozu"],"picked":"Honey Jar"},{"not_picked":["ReplayTheSpireMod:DimensionalGlitch","Philosopher\u0027s Stone"],"picked":"Replay:Grab Bag"},{"not_picked":["Painkiller Herb","ReplayTheSpireMod:Onyx Gauntlets"],"picked":"ChewingGum"},{"not_picked":["Cursed Key","conspire:SlowCooker"],"picked":"Coffee Dripper"},{"not_picked":["Empty Cage","Runic Pyramid"],"picked":"Astrolabe"},{"not_picked":["SlaversCollar","Black Star"],"picked":"bronze:ElectromagneticCoil"}],"items_purged_floors":[6,29,48],"is_endless":false,"potions_floor_spawned":[2,8,9,10,15,23,25,27,30,31,33,42,46,49,52],"ascension_level":1}}