{"host":"3j2m8n0ywf988fwb","time":1612689452,"event":{"mods":["2.2 Compatiblity","AchievementEnabler","Act Like it!","Aspiration","Astrologer","BaseMod","Better Altar","Better Match","Better Note","Better Sensory Stone","Better Skull","Better Third Choice","CCEM2","ChefMod","Colored Map","Colored Powertips","Conspire","Dark Map","Energized Spire","GifTheSpireLib","Halation","Hallownest","Highlight Path","Hubris","Infinite Spire","Jedi Mod","Marisa????????","Marked Mod","Mimic Mod","Minty Spire (QoL Compilation)","Monster B Gone","Random Character Button","Relic Filter Mod","Relic Stats","Reliquary","Replay The Spire","Robot Space Explorer","Shade Mod","Shop Mod","Somnambulant","StS++","StSLib","Stuff the Spire","The Bug Knight","The Elementalist","The Hierophant","The Runesmith","TheBandit","TheFirefly","Unceasing Turn Reminder","Weighted Paths","everything is the same but u backflip on backflip"],"gold_per_floor":[118,118,118,7,27,55,55,55,91,105,5,5,15,35,35,136,136,147,57,73,92,92,92,38,69,106,133,133,150,150,165,165,165,165],"floor_reached":33,"language":"ENG","playtime":1153,"items_purged":["Strike_MRS","Strike_MRS"],"score":352,"play_id":"bd295a84-84f8-4a3f-9e99-1ce8d16f7d40","local_time":"20210207031732","is_ascension_mode":true,"campfire_choices":[{"data":"PropBag","floor":8,"key":"SMITH"},{"data":"UpSweep","floor":15,"key":"SMITH"},{"data":"WitchLeyline","floor":23,"key":"SMITH"},{"floor":30,"key":"REST"}],"circlet_count":0,"master_deck":["Defend_MRS","Defend_MRS","Defend_MRS","Defend_MRS","MasterSpark","UpSweep+1","WitchLeyline+1","ShootingEcho","ShootingEcho","PropBag+1","BlazingStar","MilkyWay","Singularity","BlazingStar","WitchLeyline+1","Orbital","Orbital","MilkyWay","SporeBomb+1","WitchLeyline","EscapeVelocity","PropBag+1"],"relics":["MiniHakkero","NeowsBlessing","halation:StarCompass","CCEMRelics:FakeTeeth","CCEMRelics:SpiritsEdge","reliquary:WritOfMandamus","halation:WeightlessCrab","AmplifyWand","aspiration:AnachronicSnailShell","Sundial","Meat on the Bone","Blue Candle"],"acts_visited":["Exordium","TheCity"],"potions_floor_usage":[16,27],"damage_taken":[{"damage":0,"enemies":"Cultist","floor":1,"turns":1},{"damage":0,"enemies":"2 Louse","floor":5,"turns":1},{"damage":0,"enemies":"Gremlin Nob","floor":6,"turns":1},{"damage":2,"enemies":"Jaw Worm","floor":9,"turns":7},{"damage":6,"enemies":"Jaw Worm","floor":10,"turns":2},{"damage":2,"enemies":"Blue Slaver","floor":13,"turns":3},{"damage":0,"enemies":"2 Fungi Beasts","floor":14,"turns":3},{"damage":46,"enemies":"Hexaghost","floor":16,"turns":6},{"damage":5,"enemies":"Spheric Guardian","floor":18,"turns":3},{"damage":5,"enemies":"Chosen","floor":20,"turns":2},{"damage":7,"enemies":"Shelled Parasite and Fungi","floor":21,"turns":2},{"damage":23,"enemies":"Replay:Snechameleon","floor":25,"turns":4},{"damage":0,"enemies":"3 Cultists","floor":26,"turns":4},{"damage":11,"enemies":"Book of Stabbing","floor":27,"turns":2},{"damage":1,"enemies":"3 Cultists","floor":29,"turns":3},{"damage":3,"enemies":"Snake Plant","floor":31,"turns":3},{"damage":42,"enemies":"conspire:MysteriousRune","floor":33,"turns":7}],"seed_played":"-2726328192755698662","potions_obtained":[{"floor":10,"key":"jedi:StrikingPotion"},{"floor":13,"key":"BlessingOfTheForge"},{"floor":16,"key":"Explosive Potion"},{"floor":21,"key":"PowerPotion"},{"floor":29,"key":"jedi:mysterypotion"}],"is_trial":false,"path_per_floor":["M","?","?","$","M","E","?","R","MIM","M","$","T","M","M","R","B",null,"M","?","M","M","$","R","$","E","MIM","E","?","M","R","M","R_BF","B"],"character_chosen":"MARISA","items_purchased":["ShootingEcho","MilkyWay"],"campfire_rested":1,"item_purchase_floors":[4,24],"current_hp_per_floor":[75,75,75,75,75,75,75,75,73,67,67,67,65,65,65,19,75,70,70,65,58,58,58,58,35,35,24,24,23,45,42,42,0,0],"gold":165,"neow_bonus":"THREE_ENEMY_KILL","is_daily":false,"chose_seed":false,"campfire_upgraded":3,"win_rate":0.0,"timestamp":1612689452,"path_taken":["M","?","?","?","M","E","?","R","MIM","M","$","?","?","M","R","BOSS","M","?","M","?","?","R","$","E","MIM","E","?","?","R","M","R_BF","BOSS"],"items_purchased_type":["Card","Card"],"build_version":"2020-12-22","purchased_purges":2,"victory":false,"max_hp_per_floor":[75,75,75,75,75,75,75,75,75,75,75,75,75,75,75,75,75,75,75,75,75,75,75,75,75,75,75,75,75,75,75,75,75,75],"relic_stats":{"counters":[17,54],"Sundial":[0],"Blue Candle":[0],"obtain_stats":[{"AmplifyWand":21,"NeowsBlessing":0,"Gremlin Horn":13,"Blue Candle":33,"halation:WeightlessCrab":25,"Letter Opener":16,"halation:StarCompass":2,"CCEMRelics:SpiritsEdge":9,"Mercury Hourglass":25,"CCEMRelics:FakeTeeth":6,"Ornamental Fan":9,"Mummified Hand":10,"Sundial":20,"Shuriken":25,"aspiration:AnachronicSnailShell":27,"MiniHakkero":0,"reliquary:WritOfMandamus":17,"Meat on the Bone":14},{"AmplifyWand":11,"NeowsBlessing":0,"Gremlin Horn":6,"Blue Candle":17,"halation:WeightlessCrab":12,"Letter Opener":8,"halation:StarCompass":1,"CCEMRelics:SpiritsEdge":4,"Mercury Hourglass":12,"CCEMRelics:FakeTeeth":3,"Ornamental Fan":4,"Mummified Hand":5,"Sundial":10,"Shuriken":12,"aspiration:AnachronicSnailShell":14,"MiniHakkero":0,"reliquary:WritOfMandamus":8,"Meat on the Bone":7},{"AmplifyWand":30,"NeowsBlessing":0,"Gremlin Horn":13,"Blue Candle":49,"halation:WeightlessCrab":35,"Letter Opener":19,"halation:StarCompass":1,"CCEMRelics:SpiritsEdge":10,"Mercury Hourglass":35,"CCEMRelics:FakeTeeth":3,"Ornamental Fan":4,"Mummified Hand":11,"Sundial":28,"Shuriken":32,"aspiration:AnachronicSnailShell":41,"MiniHakkero":0,"reliquary:WritOfMandamus":24,"Meat on the Bone":16}],"Meat on the Bone":0},"card_choices":[{"not_picked":["MilkyWay","ShootingEcho"],"picked":"WitchLeyline","floor":1},{"not_picked":["MysteriousBeam","LuminesStrike"],"picked":"PropBag","floor":5},{"not_picked":["Acceleration","DoubleSpark"],"picked":"BlazingStar","floor":6},{"not_picked":["MilkyWay","UnstableBomb","GalacticHalo"],"picked":"SKIP","floor":10},{"not_picked":["UnstableBomb","GravityBeat","DragonMeteor"],"picked":"SKIP","floor":13},{"not_picked":["EventHorizon","IllusionStar"],"picked":"Singularity","floor":14},{"not_picked":["ManaRampage","MaximisePower"],"picked":"BlazingStar","floor":16},{"not_picked":["GravityBeat+1","MagicAbsorber"],"picked":"WitchLeyline","floor":18},{"not_picked":["GravityBeat","AsteroidBelt+1"],"picked":"Orbital","floor":20},{"not_picked":["MilkyWay","OneTimeOff+1"],"picked":"Orbital","floor":21},{"not_picked":["SporeBomb","BlazingStar","MysteriousBeam"],"picked":"SKIP","floor":25},{"not_picked":["OpenUniverse","IllusionStar"],"picked":"SporeBomb+1","floor":26},{"not_picked":["IllusionStar","NonDirectionalLaser","DC"],"picked":"SKIP","floor":27},{"not_picked":["ChargingUp","FairyDestructionRay"],"picked":"WitchLeyline","floor":29},{"not_picked":["PowerUp","OpenUniverse"],"picked":"EscapeVelocity","floor":31}],"player_experience":1076651,"relics_obtained":[{"floor":6,"key":"CCEMRelics:FakeTeeth"},{"floor":9,"key":"CCEMRelics:SpiritsEdge"},{"floor":25,"key":"halation:WeightlessCrab"},{"floor":26,"key":"AmplifyWand"},{"floor":27,"key":"aspiration:AnachronicSnailShell"}],"event_choices":[{"damage_healed":0,"gold_gain":0,"cards_transformed":["Strike_MRS"],"player_choice":"Transformed","damage_taken":0,"max_hp_gain":0,"max_hp_loss":0,"event_name":"Transmorgrifier","floor":7,"gold_loss":0,"cards_obtained":["MilkyWay"]},{"cards_removed":["Strike_MRS"],"damage_healed":0,"gold_gain":0,"player_choice":"Upgrade and Remove","damage_taken":0,"max_hp_gain":0,"max_hp_loss":0,"event_name":"Designer","floor":19,"gold_loss":90,"cards_upgraded":["WitchLeyline"]},{"cards_removed":["PropBag"],"damage_healed":0,"gold_gain":0,"player_choice":"Give","damage_taken":0,"max_hp_gain":0,"max_hp_loss":0,"event_name":"betterNote:BetterNote","floor":28,"gold_loss":0,"cards_obtained":["None"]},{"damage_healed":0,"gold_gain":0,"player_choice":"Copied","damage_taken":0,"max_hp_gain":0,"max_hp_loss":0,"event_name":"Duplicator","floor":32,"gold_loss":0,"cards_obtained":["PropBag"]}],"is_beta":false,"boss_relics":[{"not_picked":["aspiration:RitualDagger","halation:MonkeysPaw"],"picked":"reliquary:WritOfMandamus"}],"items_purged_floors":[4,11],"is_endless":false,"potions_floor_spawned":[10,13,16,21,25,29],"killed_by":"conspire:MysteriousRune","ascension_level":1}}