{"host":"azi51drzv8vfr8e6","time":1612687233,"event":{"mods":["BaseMod","Downfall","Minty Spire (QoL Compilation)","Shop Mod","StSLib"],"gold_per_floor":[99,109,125,188,206,206,232,265,265,107,123,123,139,314,328,424,424,224,234,234,22,22,50,50,63,63,80,180,180,199,280,280,280],"floor_reached":32,"language":"ZHS","playtime":1960,"items_purged":[],"score":310,"play_id":"5b662934-578e-49d9-a8c8-afdc259ce38d","local_time":"20210207164033","is_ascension_mode":false,"campfire_choices":[{"floor":1,"key":"RECALL"},{"floor":6,"key":"REST"},{"floor":9,"key":"REST"},{"data":"Slimebound:MassRepurpose","floor":18,"key":"SMITH"},{"floor":26,"key":"REST"}],"circlet_count":0,"master_deck":["Slimebound:Tackle","Slimebound:Defend_Slimebound","Slimebound:Defend_Slimebound","Slimebound:Defend_Slimebound","Slimebound:Defend_Slimebound","Slimebound:Split","Slimebound:CorrosiveSpit","Slimebound:Nibble","Slimebound:SplitAcid","Slimebound:Dissolve","Slimebound:SplitBruiser","Slimebound:ViciousTackle+1","Slimebound:FinishingTackle+1","Slimebound:LeechLife+1","Slimebound:ItLooksTasty+1","Regret","Slimebound:SplitLeeching","Doubt","Slimebound:MassRepurpose+1","Slimebound:MinionMaster","Slimebound:LeechingTouch+1","Slimebound:Tackle+1","Slimebound:Tackle+1","Slimebound:Tackle+1","Slimebound:LevelUp","expansioncontent:QuickStudy","Slimebound:DisruptingSlam+1","Slimebound:SplitLeeching+1","Slimebound:MassFeed+1","Bite+1","Bite+1","Bite+1","Bite+1","Bite+1","Slimebound:RollThrough+1"],"relics":["Slimebound:AbsorbEndCombat","Molten Egg 2","MealTicket","CaptainsWheel","SacredBark","downfall:HeartBlessingRed","downfall:HeartBlessingBlue","Smiling Mask","Tiny Chest","Bottled Lightning"],"acts_visited":["Exordium","TheCity"],"potions_floor_usage":[16],"damage_taken":[{"damage":8,"enemies":"Cultist","floor":2,"turns":4},{"damage":7,"enemies":"2 Louse","floor":3,"turns":3},{"damage":34,"enemies":"Gremlin Nob","floor":4,"turns":4},{"damage":0,"enemies":"Small Slimes","floor":5,"turns":3},{"damage":34,"enemies":"3 Sentries","floor":8,"turns":5},{"damage":7,"enemies":"downfall:FleeingMerchant","floor":10,"turns":4},{"damage":9,"enemies":"Blue Slaver","floor":11,"turns":3},{"damage":4,"enemies":"2 Fungi Beasts","floor":13,"turns":3},{"damage":15,"enemies":"Large Slime","floor":15,"turns":5},{"damage":29,"enemies":"IC_STATUS_ARCHETYPE","floor":16,"turns":5},{"damage":3,"enemies":"Chosen","floor":19,"turns":4},{"damage":15,"enemies":"downfall:FleeingMerchant","floor":21,"turns":4},{"damage":79,"enemies":"Slavers","floor":23,"turns":5},{"damage":22,"enemies":"Shell Parasite","floor":25,"turns":4},{"damage":11,"enemies":"Snake Plant","floor":27,"turns":4},{"damage":17,"enemies":"Snecko","floor":30,"turns":3},{"damage":18,"enemies":"Centurion and Healer","floor":32,"turns":1}],"seed_played":"4431586007604383902","potions_obtained":[{"floor":2,"key":"CultistPotion"},{"floor":4,"key":"Guardian:BlockOnCardUsePotion"},{"floor":5,"key":"bronze:BurnAndBuffPotion"},{"floor":8,"key":"DuplicationPotion"},{"floor":19,"key":"EntropicBrew"}],"is_trial":false,"path_per_floor":["R","M","M","?","M","R","T","E","R","$","M","?","M","?","M","B",null,"R","M","?","$","?","E","T","M","R","M","?","?","M","T","M"],"character_chosen":"SLIMEBOUND","items_purchased":["Slimebound:LeechLife+1","expansioncontent:QuickStudy"],"campfire_rested":3,"item_purchase_floors":[10,21],"current_hp_per_floor":[71,66,61,35,37,58,58,26,47,63,58,58,71,71,58,33,71,81,81,81,68,68,26,26,10,34,25,25,25,14,14,0,0],"gold":280,"neow_bonus":"TEN_PERCENT_HP_BONUS","is_daily":false,"chose_seed":false,"campfire_upgraded":1,"win_rate":0.0,"timestamp":1612687233,"path_taken":["R","M","M","?","M","R","T","E","R","$","M","?","M","?","M","BOSS","R","M","?","$","?","E","T","M","R","M","?","?","M","?","M"],"items_purchased_type":["Card","Card"],"build_version":"2020-12-22","purchased_purges":0,"victory":false,"max_hp_per_floor":[71,71,71,71,71,71,71,71,71,71,71,71,71,71,71,71,71,81,81,81,81,81,81,81,81,81,81,81,56,56,56,56,56],"card_choices":[{"not_picked":["Slimebound:Gluttony","Slimebound:SlimeSpikes"],"picked":"Slimebound:Nibble","floor":2},{"not_picked":["Slimebound:SamplingLick","Slimebound:LeechEnergy"],"picked":"Slimebound:SplitAcid","floor":3},{"not_picked":["Slimebound:RollThrough+1","Slimebound:SlimeSpikes"],"picked":"Slimebound:Dissolve","floor":4},{"not_picked":["Slimebound:SplitLeeching","Slimebound:Prepare"],"picked":"Slimebound:SplitBruiser","floor":5},{"not_picked":["Slimebound:LeadByExample","Slimebound:ItLooksTasty+1"],"picked":"Slimebound:ViciousTackle+1","floor":8},{"not_picked":["Slimebound:TongueLash+1","Slimebound:LeechEnergy+1"],"picked":"Slimebound:FinishingTackle+1","floor":10},{"not_picked":["Slimebound:ComboTackle+1","Slimebound:LeechEnergy+1"],"picked":"Slimebound:ItLooksTasty+1","floor":11},{"not_picked":["Slimebound:Replication","Slimebound:ForwardTackle+1"],"picked":"Slimebound:SplitLeeching","floor":13},{"not_picked":["Slimebound:FinishingTackle+1","Slimebound:Prepare"],"picked":"Slimebound:MassRepurpose","floor":15},{"not_picked":["Slimebound:Teamwork","Slimebound:DuplicatedForm"],"picked":"Slimebound:MinionMaster","floor":16},{"not_picked":["Slimebound:FlameTackle+1","Slimebound:TongueLash+1"],"picked":"Slimebound:LeechingTouch+1","floor":19},{"not_picked":["Slimebound:ItLooksTasty+1","Slimebound:HauntingLick"],"picked":"Slimebound:LevelUp","floor":21},{"not_picked":["Slimebound:RollThrough+1","Slimebound:Prepare"],"picked":"Slimebound:DisruptingSlam+1","floor":23},{"not_picked":["Slimebound:Gluttony","Slimebound:HauntingLick"],"picked":"Slimebound:SplitLeeching+1","floor":25},{"not_picked":["Slimebound:Replication","Slimebound:SplitMire"],"picked":"Slimebound:MassFeed+1","floor":27},{"not_picked":["Slimebound:SplitBruiser","Slimebound:SpikyOuterGoop"],"picked":"Slimebound:RollThrough+1","floor":30}],"player_experience":100161,"relics_obtained":[{"floor":8,"key":"MealTicket"},{"floor":23,"key":"Smiling Mask"},{"floor":24,"key":"Tiny Chest"},{"floor":31,"key":"Bottled Lightning"}],"event_choices":[{"damage_healed":0,"gold_gain":0,"player_choice":"Box","damage_taken":0,"relics_obtained":["CaptainsWheel"],"max_hp_gain":0,"max_hp_loss":0,"event_name":"Big Fish","floor":12,"gold_loss":0,"cards_obtained":["Regret"]},{"damage_healed":0,"gold_gain":0,"player_choice":"Became a vampire","damage_taken":0,"max_hp_gain":0,"max_hp_loss":25,"event_name":"Vampires","floor":29,"gold_loss":0,"cards_obtained":["Bite","Bite","Bite","Bite","Bite"]}],"is_beta":false,"boss_relics":[{"not_picked":["Philosopher\u0027s Stone","Snecko Eye"],"picked":"SacredBark"}],"items_purged_floors":[],"is_endless":false,"potions_floor_spawned":[2,4,5,8,13,19,23],"killed_by":"Centurion and Healer","ascension_level":0}}