{"host":"vyjryxuuuxkt43k4","time":1612705576,"event":{"mods":["AchievementEnabler","BaseMod","Colored Map","DeckTracker","Keyboard Shortcuts","Minty Spire (QoL Compilation)","Permanent Neow","Quick Restart","StSLib","SuperFastMode","everything is the same but u backflip on backflip"],"gold_per_floor":[114,129,42,42,52,52,86,101,149,149,149],"floor_reached":10,"language":"KOR","playtime":362,"items_purged":[],"score":129,"play_id":"8dce112b-8850-4516-ad40-73cc8b91a42f","local_time":"20210207224616","is_ascension_mode":true,"campfire_choices":[{"data":"Eruption","floor":6.0,"key":"SMITH"}],"circlet_count":0,"master_deck":["AscendersBane","Strike_P","Strike_P","Strike_P","Defend_P","Defend_P","Defend_P","Defend_P","Eruption+1","Vigilance","Scrawl","MentalFortress","CrushJoints","Adaptation","DeceiveReality","WheelKick"],"relics":["PureWater","Mercury Hourglass","Oddly Smooth Stone"],"acts_visited":["Exordium"],"potions_floor_usage":[],"damage_taken":[{"damage":0.0,"enemies":"Cultist","floor":1.0,"turns":3.0},{"damage":9.0,"enemies":"Jaw Worm","floor":2.0,"turns":4.0},{"damage":24.0,"enemies":"Small Slimes","floor":5.0,"turns":5.0},{"damage":12.0,"enemies":"Gremlin Nob","floor":7.0,"turns":3.0},{"damage":4,"enemies":"Exordium Wildlife","floor":8,"turns":4},{"damage":36,"enemies":"Lagavulin","floor":10,"turns":4}],"seed_played":"-1592580785603063263","potions_obtained":[{"floor":1.0,"key":"FearPotion"}],"is_trial":false,"path_per_floor":["M","M","$","?","M","R","E","M","T","E"],"character_chosen":"WATCHER","items_purchased":["Adaptation"],"campfire_rested":0,"item_purchase_floors":[3],"current_hp_per_floor":[61,52,52,45,21,21,9,5,5,0,0],"gold":149,"neow_bonus":"ONE_RANDOM_RARE_CARD","is_daily":false,"chose_seed":false,"campfire_upgraded":1,"win_rate":0.0,"timestamp":1612705576,"path_taken":["M","?","$","?","M","R","E","M","T","E"],"items_purchased_type":["Card"],"build_version":"2020-12-22","purchased_purges":0,"victory":false,"max_hp_per_floor":[68,68,68,68,68,68,68,68,68,68,68],"card_choices":[{"not_picked":["BowlingBash","InnerPeace"],"picked":"MentalFortress","floor":1.0},{"not_picked":["Conclude","ThirdEye"],"picked":"CrushJoints","floor":2.0},{"not_picked":["Indignation","Evaluate"],"picked":"DeceiveReality","floor":5.0},{"not_picked":["Evaluate","Sanctity","FlurryOfBlows"],"picked":"SKIP","floor":7.0},{"not_picked":["Scrawl","ClearTheMind"],"picked":"WheelKick","floor":8}],"player_experience":817197,"relics_obtained":[{"floor":7.0,"key":"Mercury Hourglass"},{"floor":9,"key":"Oddly Smooth Stone"}],"event_choices":[{"cards_removed":["Strike_P"],"damage_healed":0.0,"max_hp_gain":0.0,"max_hp_loss":0.0,"gold_gain":0.0,"event_name":"Golden Wing","player_choice":"Card Removal","floor":4.0,"gold_loss":0.0,"damage_taken":7.0}],"is_beta":false,"boss_relics":[],"items_purged_floors":[],"is_endless":false,"potions_floor_spawned":[1],"killed_by":"Lagavulin","ascension_level":18}}