{"host":"mnpd8gh7cwxsn5kh","time":1612733281,"event":{"mods":["BaseMod","Bestiary","Block Reminder","Colored Map","Colored Powertips","Highlight Path","Minty Spire (QoL Compilation)","Relic Sorter","Relic Stats"],"gold_per_floor":[361,379,379,27,40,70,70,70,97,130,185,185,229,248,248,379,379,393,248,248,248,228,268,268,306,330,330,350,384,407,428,428,553,616,640,640,268,288,112,152,152,34,59,22,22,46,69,103,103,103,103],"floor_reached":50,"language":"ENG","playtime":4123,"items_purged":["Strike_R","Strike_R","Strike_R"],"score":1088,"play_id":"3c624dfe-86f8-4d07-a3ba-1361015393f6","local_time":"20210207222801","is_ascension_mode":true,"campfire_choices":[{"floor":15,"key":"REST"},{"floor":24,"key":"REST"},{"floor":27,"key":"RECALL"},{"floor":32,"key":"REST"},{"floor":41,"key":"REST"},{"floor":45,"key":"REST"},{"floor":49,"key":"REST"}],"circlet_count":0,"master_deck":["AscendersBane","Strike_R+1","Strike_R+1","Defend_R+1","Defend_R","Defend_R","Defend_R+1","Bash+1","Cleave","Battle Trance","Twin Strike","Headbutt+1","Clothesline+1","Battle Trance","Iron Wave+1","Cleave+1","Clothesline+1","Corruption+1","Hemokinesis+1","Shrug It Off","Feel No Pain","Iron Wave+1","Shrug It Off","Bludgeon+1","Flame Barrier","Juggernaut+1","Dual Wield+1","Shrug It Off","Uppercut+1","Armaments+1","Fiend Fire+1","Reaper+1","Exhume","Barricade","Second Wind","Entrench","Body Slam+1","Spot Weakness+1"],"relics":["Burning Blood","War Paint","Bronze Scales","Bag of Marbles","Molten Egg 2","Dead Branch","Golden Idol","Toy Ornithopter","Fusion Hammer","Potion Belt","Pen Nib","PreservedInsect","Akabeko","Tiny House","Membership Card","Bottled Lightning","Whetstone","Centennial Puzzle"],"acts_visited":["Exordium","TheCity","TheBeyond"],"potions_floor_usage":[10,13,16,23,33,35,50,50,50],"damage_taken":[{"damage":1,"enemies":"Cultist","floor":1,"turns":3},{"damage":5,"enemies":"Small Slimes","floor":2,"turns":4},{"damage":0,"enemies":"2 Louse","floor":5,"turns":2},{"damage":18,"enemies":"Gremlin Nob","floor":6,"turns":3},{"damage":16,"enemies":"3 Sentries","floor":10,"turns":6},{"damage":21,"enemies":"Lagavulin Event","floor":11,"turns":5},{"damage":19,"enemies":"Lagavulin","floor":13,"turns":4},{"damage":0,"enemies":"2 Fungi Beasts","floor":14,"turns":2},{"damage":38,"enemies":"Hexaghost","floor":16,"turns":9},{"damage":11,"enemies":"2 Thieves","floor":18,"turns":3},{"damage":8,"enemies":"Gremlin Leader","floor":23,"turns":4},{"damage":18,"enemies":"Book of Stabbing","floor":25,"turns":4},{"damage":0,"enemies":"Spheric Guardian","floor":28,"turns":4},{"damage":4,"enemies":"Gremlin Leader","floor":29,"turns":5},{"damage":0,"enemies":"Snecko","floor":30,"turns":3},{"damage":4,"enemies":"Centurion and Healer","floor":31,"turns":5},{"damage":36,"enemies":"Champ","floor":33,"turns":12},{"damage":3,"enemies":"Orb Walker","floor":35,"turns":2},{"damage":2,"enemies":"3 Shapes","floor":38,"turns":3},{"damage":3,"enemies":"Giant Head","floor":40,"turns":5},{"damage":19,"enemies":"Jaw Worm Horde","floor":46,"turns":6},{"damage":5,"enemies":"4 Shapes","floor":47,"turns":5},{"damage":0,"enemies":"Nemesis","floor":48,"turns":1},{"damage":122,"enemies":"Donu and Deca","floor":50,"turns":6}],"seed_played":"-6010812119366660881","potions_obtained":[{"floor":5,"key":"BlessingOfTheForge"},{"floor":6,"key":"FearPotion"},{"floor":10,"key":"Swift Potion"},{"floor":14,"key":"Strength Potion"},{"floor":22,"key":"DuplicationPotion"},{"floor":23,"key":"Explosive Potion"},{"floor":29,"key":"BloodPotion"},{"floor":31,"key":"PowerPotion"},{"floor":33,"key":"Strength Potion"}],"is_trial":false,"path_per_floor":["M","M","?","$","M","E","?","?","T","E","?","?","E","M","R","B",null,"M","$","?","?","?","E","R","E","T","R","M","E","M","M","R","B",null,"M","?","$","M","$","E","R","$","T","$","R","M","M","E","R","B"],"character_chosen":"IRONCLAD","items_purchased":["War Paint","Battle Trance","Twin Strike","Shrug It Off","Membership Card","Bottled Lightning","Uppercut+1","Fiend Fire+1","Reaper+1","Exhume","Barricade","Second Wind","PowerPotion","Entrench"],"campfire_rested":6,"item_purchase_floors":[4,4,4,19,37,37,37,39,39,39,42,42,42,44],"current_hp_per_floor":[56,57,57,57,63,51,35,61,61,51,36,36,23,29,51,24,62,57,57,57,57,57,60,74,62,62,62,68,70,74,74,74,49,73,79,79,79,79,79,79,79,79,79,79,79,66,67,73,79,0,0],"gold":103,"neow_bonus":"TWO_FIFTY_GOLD","is_daily":false,"chose_seed":false,"campfire_upgraded":0,"win_rate":0.0,"timestamp":1612733281,"path_taken":["M","M","?","$","M","E","?","?","T","E","?","?","E","M","R","BOSS","M","$","?","?","?","E","R","E","T","R","M","E","M","?","R","BOSS","M","?","$","M","$","E","R","$","T","?","R","M","M","E","R","BOSS"],"items_purchased_type":["Relic","Card","Card","Card","Relic","Relic","Card","Card","Card","Card","Card","Card","Potion","Card"],"build_version":"2020-12-22","purchased_purges":3,"victory":false,"max_hp_per_floor":[80,80,80,80,80,80,80,80,80,80,80,74,74,74,74,74,74,74,74,74,74,74,74,74,74,74,74,74,74,74,74,74,74,79,79,79,79,79,79,79,79,79,79,79,79,79,79,79,79,79,79],"relic_stats":{"Centennial Puzzle":[3],"counters":[24,106],"Golden Idol":150,"Bronze Scales":[215],"Dead Branch":[123],"Pen Nib":[9],"PreservedInsect":228,"Whetstone":["Clothesline","Headbutt"],"War Paint":["Defend_R","Defend_R"],"obtain_stats":[{"Potion Belt":23,"Tiny House":34,"Golden Idol":12,"Dead Branch":11,"Pen Nib":25,"PreservedInsect":26,"Whetstone":40,"War Paint":4,"Burning Blood":0,"Akabeko":29,"Centennial Puzzle":48,"Bronze Scales":6,"Molten Egg 2":10,"Fusion Hammer":17,"Bag of Marbles":9,"Membership Card":37,"Bottled Lightning":37,"Toy Ornithopter":13},{"Potion Belt":11,"Tiny House":17,"Golden Idol":6,"Dead Branch":5,"Pen Nib":12,"PreservedInsect":12,"Whetstone":20,"War Paint":2,"Burning Blood":0,"Akabeko":14,"Centennial Puzzle":23,"Bronze Scales":4,"Molten Egg 2":5,"Fusion Hammer":9,"Bag of Marbles":4,"Membership Card":18,"Bottled Lightning":18,"Toy Ornithopter":7},{"Potion Belt":45,"Tiny House":78,"Golden Idol":23,"Dead Branch":18,"Pen Nib":49,"PreservedInsect":49,"Whetstone":88,"War Paint":7,"Burning Blood":0,"Akabeko":58,"Centennial Puzzle":100,"Bronze Scales":12,"Molten Egg 2":18,"Fusion Hammer":38,"Bag of Marbles":12,"Membership Card":80,"Bottled Lightning":80,"Toy Ornithopter":27}],"Burning Blood":125,"Toy Ornithopter":30},"card_choices":[{"not_picked":["Sword Boomerang","Burning Pact","Combust"],"picked":"SKIP","floor":1},{"not_picked":["Dual Wield","Combust"],"picked":"Cleave","floor":2},{"not_picked":["Metallicize","Cleave"],"picked":"Headbutt","floor":5},{"not_picked":["Infernal Blade","Fire Breathing"],"picked":"Clothesline","floor":6},{"not_picked":["Dual Wield","Headbutt+1"],"picked":"Battle Trance","floor":10},{"not_picked":["Havoc","Heavy Blade+1"],"picked":"Iron Wave+1","floor":11},{"not_picked":["Seeing Red","Armaments"],"picked":"Cleave+1","floor":13},{"not_picked":["Clash+1","Perfected Strike+1"],"picked":"Clothesline+1","floor":14},{"not_picked":["Fiend Fire+1","Brutality"],"picked":"Corruption","floor":16},{"not_picked":["True Grit","Clash+1"],"picked":"Hemokinesis+1","floor":18},{"not_picked":["Clothesline+1","Sword Boomerang+1","Bloodletting"],"picked":"SKIP","floor":23},{"not_picked":["Dropkick+1","Blood for Blood+1"],"picked":"Iron Wave+1","floor":25},{"not_picked":["Perfected Strike+1","Bludgeon+1"],"picked":"Shrug It Off","floor":28},{"not_picked":["Wild Strike+1","Rupture"],"picked":"Bludgeon+1","floor":29},{"not_picked":["Flex","Wild Strike+1"],"picked":"Flame Barrier","floor":30},{"not_picked":["Armaments","Pummel+1","Hemokinesis+1"],"picked":"SKIP","floor":31},{"not_picked":["Exhume","Bludgeon+1"],"picked":"Juggernaut","floor":33},{"not_picked":["Perfected Strike+1","Body Slam+1"],"picked":"Dual Wield+1","floor":34},{"not_picked":["Iron Wave+1","Clothesline+1"],"picked":"Shrug It Off","floor":35},{"not_picked":["Hemokinesis+1","Clothesline+1"],"picked":"Armaments+1","floor":38},{"not_picked":["Dual Wield","Perfected Strike+1","Thunderclap+1"],"picked":"SKIP","floor":40},{"not_picked":["Pommel Strike+1","Infernal Blade"],"picked":"Body Slam+1","floor":46},{"not_picked":["True Grit","Fire Breathing"],"picked":"Spot Weakness+1","floor":47},{"not_picked":["Berserk","Twin Strike+1","Cleave+1"],"picked":"SKIP","floor":48}],"player_experience":393241,"relics_obtained":[{"floor":6,"key":"Bronze Scales"},{"floor":9,"key":"Bag of Marbles"},{"floor":10,"key":"Molten Egg 2"},{"floor":13,"key":"Toy Ornithopter"},{"floor":23,"key":"Potion Belt"},{"floor":25,"key":"Pen Nib"},{"floor":26,"key":"PreservedInsect"},{"floor":29,"key":"Akabeko"},{"floor":40,"key":"Whetstone"},{"floor":48,"key":"Centennial Puzzle"}],"event_choices":[{"damage_healed":0,"gold_gain":0,"player_choice":"Grow","damage_taken":0,"max_hp_gain":0,"max_hp_loss":0,"event_name":"Living Wall","floor":3,"gold_loss":0,"cards_upgraded":["Bash"]},{"damage_healed":0,"gold_gain":0,"player_choice":"Entered Light","damage_taken":16,"max_hp_gain":0,"max_hp_loss":0,"event_name":"Shining Light","floor":7,"gold_loss":0,"cards_upgraded":["Strike_R","Strike_R"]},{"damage_healed":26,"gold_gain":0,"player_choice":"Banana","damage_taken":0,"max_hp_gain":0,"max_hp_loss":0,"event_name":"Big Fish","floor":8,"gold_loss":0},{"damage_healed":0,"gold_gain":30,"player_choice":"Searched \u00273\u0027 times","damage_taken":0,"relics_obtained":["Dead Branch"],"max_hp_gain":0,"max_hp_loss":0,"event_name":"Dead Adventurer","floor":11,"gold_loss":0},{"damage_healed":0,"gold_gain":0,"player_choice":"Lose Max HP","damage_taken":0,"relics_obtained":["Golden Idol"],"max_hp_gain":0,"max_hp_loss":6,"event_name":"Golden Idol","floor":12,"gold_loss":0},{"damage_healed":0,"gold_gain":0,"player_choice":"Read","damage_taken":0,"max_hp_gain":0,"max_hp_loss":0,"event_name":"The Library","floor":20,"gold_loss":0,"cards_obtained":["Feel No Pain"]},{"damage_healed":0,"gold_gain":0,"player_choice":"Ignored","damage_taken":0,"max_hp_gain":0,"max_hp_loss":0,"event_name":"Vampires","floor":21,"gold_loss":0},{"damage_healed":0,"gold_gain":0,"player_choice":"Bought 1 Potion","damage_taken":0,"max_hp_gain":0,"max_hp_loss":0,"event_name":"The Woman in Blue","floor":22,"gold_loss":0},{"damage_healed":0,"gold_gain":0,"player_choice":"Upgraded","damage_taken":0,"max_hp_gain":0,"max_hp_loss":0,"event_name":"Upgrade Shrine","floor":36,"gold_loss":0,"cards_upgraded":["Juggernaut"]}],"is_beta":false,"boss_relics":[{"not_picked":["SacredBark","Calling Bell"],"picked":"Fusion Hammer"},{"not_picked":["Philosopher\u0027s Stone","Pandora\u0027s Box"],"picked":"Tiny House"}],"items_purged_floors":[4,19,37],"is_endless":false,"potions_floor_spawned":[5,6,10,14,23,29,31,33,47,48],"killed_by":"Donu and Deca","ascension_level":12}}