{"host":"rolltorest","time":1612671840,"event":{"mods":["BaseMod","Minty Spire (QoL Compilation)","Relic Stats","Slay the Relics Exporter","StSLib"],"gold_per_floor":[111,111,127,8,8,8,39,39,64,108,195,265,277,316,328,340,340],"floor_reached":16,"language":"ENG","playtime":2127,"items_purged":["Strike_B"],"score":278,"play_id":"7290e2e8-a9fc-4804-87a3-d64b6acaafb5","local_time":"20210206202400","is_ascension_mode":true,"campfire_choices":[{"data":"Darkness","floor":6,"key":"SMITH"},{"data":"Ball Lightning","floor":8,"key":"SMITH"},{"data":"Defragment","floor":13,"key":"SMITH"},{"data":"Zap","floor":15,"key":"SMITH"}],"circlet_count":0,"master_deck":["AscendersBane","Strike_B","Strike_B","Defend_B","Defend_B","Defend_B","Defend_B","Zap+1","Dualcast","Ball Lightning+1","Darkness+1","Self Repair","Compile Driver","Skim","Defragment+1","Self Repair"],"relics":["Cracked Core","NeowsBlessing","Sundial","MawBank","FossilizedHelix","Bronze Scales","Kunai"],"acts_visited":["Exordium"],"potions_floor_usage":[12,14],"damage_taken":[{"damage":0,"enemies":"2 Louse","floor":1,"turns":1},{"damage":0,"enemies":"Cultist","floor":3,"turns":1},{"damage":0,"enemies":"3 Sentries","floor":7,"turns":1},{"damage":15,"enemies":"Lagavulin","floor":10,"turns":5},{"damage":30,"enemies":"3 Sentries","floor":12,"turns":6},{"damage":10,"enemies":"3 Sentries","floor":14,"turns":4},{"damage":27,"enemies":"Hexaghost","floor":16,"turns":4}],"seed_played":"4018957315745537384","potions_obtained":[{"floor":3,"key":"Explosive Potion"},{"floor":12,"key":"LiquidMemories"}],"is_trial":false,"path_per_floor":["M","?","M","$","?","R","E","R","T","E","?","?","R","E","R","B"],"character_chosen":"DEFECT","items_purchased":["Self Repair"],"campfire_rested":0,"item_purchase_floors":[4],"current_hp_per_floor":[64,64,64,64,64,64,71,71,71,63,52,29,29,26,26,0,0],"gold":340,"neow_bonus":"THREE_ENEMY_KILL","is_daily":false,"chose_seed":false,"campfire_upgraded":4,"win_rate":0.0,"timestamp":1612671840,"path_taken":["M","?","?","$","?","R","E","R","T","E","?","?","R","E","R","BOSS"],"items_purchased_type":["Card"],"build_version":"2020-12-18","purchased_purges":1,"victory":false,"max_hp_per_floor":[71,71,71,71,71,71,71,71,71,71,71,71,71,71,71,71,71],"relic_stats":{"counters":[7,22],"Sundial":[2],"Bronze Scales":[30],"Kunai":[0],"MawBank":84,"obtain_stats":[{"NeowsBlessing":0,"Sundial":7,"Bronze Scales":12,"Kunai":14,"Cracked Core":0,"MawBank":9,"FossilizedHelix":10},{"NeowsBlessing":0,"Sundial":3,"Bronze Scales":5,"Kunai":6,"Cracked Core":0,"MawBank":3,"FossilizedHelix":4},{"NeowsBlessing":0,"Sundial":3,"Bronze Scales":14,"Kunai":18,"Cracked Core":0,"MawBank":3,"FossilizedHelix":8}]},"card_choices":[{"not_picked":["Conserve Battery","Melter"],"picked":"Ball Lightning","floor":1},{"not_picked":["Scrape","Barrage"],"picked":"Darkness","floor":3},{"not_picked":["Turbo","Leap"],"picked":"Compile Driver","floor":7},{"not_picked":["Auto Shields","Ball Lightning"],"picked":"Skim","floor":10},{"not_picked":["Steam Power","Streamline"],"picked":"Defragment","floor":12},{"not_picked":["Chill","Redo"],"picked":"Self Repair","floor":14}],"player_experience":1905761,"relics_obtained":[{"floor":7,"key":"Sundial"},{"floor":9,"key":"MawBank"},{"floor":10,"key":"FossilizedHelix"},{"floor":12,"key":"Bronze Scales"},{"floor":14,"key":"Kunai"}],"event_choices":[{"cards_removed":["Strike_B"],"damage_healed":0,"gold_gain":0,"player_choice":"Purged","damage_taken":0,"max_hp_gain":0,"max_hp_loss":0,"event_name":"Purifier","floor":2,"gold_loss":0},{"damage_healed":0,"gold_gain":0,"player_choice":"Ignored","damage_taken":0,"max_hp_gain":0,"max_hp_loss":0,"event_name":"Liars Game","floor":5,"gold_loss":0},{"damage_healed":0,"gold_gain":75,"player_choice":"Gather Gold","damage_taken":11,"max_hp_gain":0,"max_hp_loss":0,"event_name":"World of Goop","floor":11,"gold_loss":0},{"damage_healed":0,"gold_gain":0,"player_choice":"Searched \u00271\u0027 times","damage_taken":0,"max_hp_gain":0,"max_hp_loss":0,"event_name":"Dead Adventurer","floor":12,"gold_loss":0}],"is_beta":true,"boss_relics":[],"items_purged_floors":[4],"is_endless":false,"potions_floor_spawned":[3,12],"killed_by":"Hexaghost","ascension_level":20}}