{"host":"rq7gz685gkaokql0","time":1612684365,"event":{"mods":["BaseMod","Hubris","Infinite Spire","Minty Spire (QoL Compilation)","Replay The Spire","StSLib"],"gold_per_floor":[111,111,111,130,130,170,170,183,183,21,37,37,37],"floor_reached":12,"language":"ENG","playtime":409,"items_purged":[],"score":156,"play_id":"4f866295-e1dc-419a-ac83-6657e773a36d","local_time":"20210206215245","is_ascension_mode":true,"campfire_choices":[{"floor":7,"key":"REST"}],"circlet_count":0,"master_deck":["AscendersBane","Strike_G","Strike_G","Strike_G","Strike_G","Strike_G","Defend_G","Defend_G","Defend_G","Defend_G","Defend_G","Survivor","Neutralize","hubris:Strike_Merchant","Strike_G","ReplayTheSpireMod:Brewmster","ReplayTheSpireMod:Speed Training","Dagger Spray","Footwork","Skewer","Deadly Poison"],"relics":["Ring of the Snake","Golden Idol","Blue Doll","Golden Egg","PreservedInsect"],"acts_visited":["Exordium"],"potions_floor_usage":[1,1,4,4,6,6,6,6,6,8,11],"damage_taken":[{"damage":0,"enemies":"Cultist","floor":1,"turns":4},{"damage":15,"enemies":"Small Slimes","floor":4,"turns":5},{"damage":38,"enemies":"Gremlin Nob","floor":6,"turns":6},{"damage":6,"enemies":"Jaw Worm","floor":8,"turns":8},{"damage":11,"enemies":"3 Louse","floor":11,"turns":6},{"damage":0,"enemies":"Replay:BlueRogue","floor":12,"turns":3}],"seed_played":"-7307181258659521106","potions_obtained":[{"floor":6,"key":"Dexterity Potion"}],"is_trial":false,"path_per_floor":["M","$","?","M","?","E","R","M","T","$","M","E"],"character_chosen":"THE_SILENT","items_purchased":["PreservedInsect"],"campfire_rested":1,"item_purchase_floors":[10],"current_hp_per_floor":[59,59,59,44,37,19,38,32,32,32,21,21,21],"gold":37,"neow_bonus":"RANDOM_COLORLESS_2","is_daily":false,"chose_seed":false,"campfire_upgraded":0,"win_rate":0.0,"timestamp":1612684365,"path_taken":["M","?","?","M","?","E","R","M","T","$","M","E"],"items_purchased_type":["Relic"],"build_version":"2020-12-22","purchased_purges":0,"victory":false,"max_hp_per_floor":[66,66,66,66,66,66,66,66,66,66,66,66,66],"card_choices":[{"not_picked":["Sadistic Nature","Violence"],"picked":"ReplayTheSpireMod:Brewmster","floor":0},{"not_picked":["Flying Knee","Bane"],"picked":"ReplayTheSpireMod:Speed Training","floor":1},{"not_picked":["Skewer","Flechettes"],"picked":"Dagger Spray","floor":4},{"not_picked":["Bane","Venomology"],"picked":"Footwork","floor":6},{"not_picked":["Quick Slash","Dagger Throw"],"picked":"Skewer","floor":8},{"not_picked":["Backflip","hubris:TrickCloak"],"picked":"Deadly Poison","floor":11}],"player_experience":1262545,"relics_obtained":[{"floor":6,"key":"Blue Doll"},{"floor":9,"key":"Golden Egg"}],"event_choices":[{"damage_healed":0,"gold_gain":0,"player_choice":"Take Wound","damage_taken":0,"relics_obtained":["Golden Idol"],"max_hp_gain":0,"max_hp_loss":0,"event_name":"Golden Idol","floor":3,"gold_loss":0,"cards_obtained":["Injury"]},{"cards_removed":["Injury"],"damage_healed":0,"gold_gain":0,"player_choice":"Card Removal","damage_taken":7,"max_hp_gain":0,"max_hp_loss":0,"event_name":"Golden Wing","floor":5,"gold_loss":0}],"is_beta":false,"boss_relics":[],"items_purged_floors":[],"is_endless":false,"potions_floor_spawned":[6,8],"killed_by":"Replay:BlueRogue","ascension_level":20}}