{"host":"rantoq7h0pygex6x","time":1612690578,"event":{"mods":["AchievementEnabler","BaseMod","BetterRewards","Minty Spire (QoL Compilation)"],"gold_per_floor":[119,129,129,129,31,31,62,80,157,186,206,224,259,285,285,362,362,381,399,279,298,95,95,125,144,190,202,241,253,296,326,338,350,350],"floor_reached":33,"language":"ENG","playtime":1205,"items_purged":["Strike_B","Strike_B","Strike_B","Defend_B","Strike_B"],"score":904,"play_id":"64624246-c3ba-407a-8993-0bf9b839a641","local_time":"20210207173618","is_ascension_mode":true,"campfire_choices":[{"data":"Apotheosis","floor":6.0,"key":"SMITH"},{"data":"Self Repair","floor":15.0,"key":"SMITH"},{"data":"Seek","floor":23.0,"key":"SMITH"},{"floor":32.0,"key":"REST"}],"circlet_count":0,"master_deck":["AscendersBane","Defend_B","Defend_B","Defend_B","Zap","Dualcast","Sunder","Apotheosis+1","Static Discharge+1","Streamline+1","Streamline","Cold Snap","Glacier","Self Repair+1","Conserve Battery","Hologram","Cold Snap","Ball Lightning","Barrage+1","CurseOfTheBell","Capacitor","Capacitor","Seek+1","Force Field+1","Melter","Chill"],"relics":["Cracked Core","Membership Card","PreservedInsect","Gremlin Horn","Centennial Puzzle","Juzu Bracelet","Oddly Smooth Stone","Calling Bell","Bag of Preparation","Blue Candle","CaptainsWheel","Whetstone","MawBank","Smiling Mask","Tiny Chest"],"acts_visited":["Exordium","TheCity"],"potions_floor_usage":[],"damage_taken":[{"damage":2.0,"enemies":"Small Slimes","floor":1.0,"turns":3.0},{"damage":0.0,"enemies":"Cultist","floor":2.0,"turns":3.0},{"damage":0.0,"enemies":"Lagavulin","floor":7.0,"turns":6.0},{"damage":3.0,"enemies":"2 Louse","floor":8.0,"turns":3.0},{"damage":16.0,"enemies":"Gremlin Nob","floor":10.0,"turns":4.0},{"damage":0.0,"enemies":"Lots of Slimes","floor":11.0,"turns":5.0},{"damage":18.0,"enemies":"Large Slime","floor":12.0,"turns":4.0},{"damage":12.0,"enemies":"Lagavulin","floor":13.0,"turns":5.0},{"damage":25.0,"enemies":"Slime Boss","floor":16.0,"turns":10.0},{"damage":2.0,"enemies":"Spheric Guardian","floor":18.0,"turns":4.0},{"damage":5.0,"enemies":"3 Byrds","floor":19.0,"turns":4.0},{"damage":22.0,"enemies":"Shelled Parasite and Fungi","floor":21.0,"turns":4.0},{"damage":26.0,"enemies":"Gremlin Leader","floor":24.0,"turns":6.0},{"damage":19.0,"enemies":"Centurion and Healer","floor":25.0,"turns":4.0},{"damage":18.0,"enemies":"Book of Stabbing","floor":28.0,"turns":6.0},{"damage":8.0,"enemies":"Snecko","floor":29.0,"turns":5.0},{"damage":18.0,"enemies":"Slavers","floor":30.0,"turns":4.0},{"damage":3.0,"enemies":"3 Cultists","floor":31.0,"turns":7.0},{"damage":51,"enemies":"Automaton","floor":33,"turns":6}],"seed_played":"-9069908717843888295","potions_obtained":[{"floor":7.0,"key":"Strength Potion"},{"floor":8.0,"key":"Swift Potion"},{"floor":11.0,"key":"PotionOfCapacity"},{"floor":12.0,"key":"BlessingOfTheForge"},{"floor":24.0,"key":"SteroidPotion"},{"floor":28.0,"key":"SmokeBomb"}],"is_trial":false,"path_per_floor":["M","M","?","$","$","R","E","M","T","E","M","M","E","T","R","B",null,"M","M","$","M","$","R","E","M","T","?","E","M","E","M","R","B"],"character_chosen":"DEFECT","items_purchased":["Membership Card","Sunder","Apotheosis","Static Discharge","Streamline","Streamline","Self Repair","Conserve Battery","Hologram","Capacitor","Capacitor","Seek"],"campfire_rested":1,"item_purchase_floors":[0,0,0,0,0,0,5,5,5,20,22,22],"current_hp_per_floor":[40,40,40,40,40,40,50,54,54,45,55,44,42,42,42,27,60,58,63,63,51,51,51,35,26,26,26,18,20,12,19,40,0,0],"gold":350,"neow_bonus":"","is_daily":false,"chose_seed":false,"campfire_upgraded":3,"win_rate":0.0,"timestamp":1612690578,"path_taken":["M","M","?","?","$","R","E","?","T","E","M","M","E","?","R","BOSS","M","M","$","M","$","R","E","M","T","?","E","M","E","M","R","BOSS"],"items_purchased_type":["Relic","Card","Card","Card","Card","Card","Card","Card","Card","Card","Card","Card"],"build_version":"2020-12-22","purchased_purges":5,"victory":false,"max_hp_per_floor":[71,71,71,71,71,71,71,71,71,71,71,71,71,71,71,71,71,71,71,71,71,71,71,71,71,71,71,71,71,71,71,71,71,71],"card_choices":[{"not_picked":["Ball Lightning","White Noise"],"picked":"Cold Snap","floor":1.0},{"not_picked":["Storm","Coolheaded"],"picked":"Glacier","floor":2.0},{"not_picked":["Compile Driver","Leap","Tempest"],"picked":"SKIP","floor":7.0},{"not_picked":["Conserve Battery","Gash"],"picked":"Cold Snap","floor":8.0},{"not_picked":["Creative AI","Undo","Chaos"],"picked":"SKIP","floor":10.0},{"not_picked":["Coolheaded","Redo","Tempest"],"picked":"SKIP","floor":11.0},{"not_picked":["Ball Lightning","Cold Snap","Go for the Eyes"],"picked":"SKIP","floor":12.0},{"not_picked":["Cold Snap","Go for the Eyes"],"picked":"Ball Lightning","floor":12.0},{"not_picked":["Turbo","Coolheaded"],"picked":"Barrage","floor":13.0},{"not_picked":["Sunder","Barrage+1","Cold Snap+1"],"picked":"SKIP","floor":18.0},{"not_picked":["Sweeping Beam","Cold Snap","Rebound"],"picked":"SKIP","floor":19.0},{"not_picked":["Turbo","Coolheaded","Static Discharge"],"picked":"SKIP","floor":21.0},{"not_picked":["Conserve Battery","White Noise"],"picked":"Force Field+1","floor":24.0},{"not_picked":["Compile Driver","Reprogram"],"picked":"Melter","floor":25.0},{"not_picked":["Go for the Eyes","Turbo"],"picked":"Chill","floor":28.0},{"not_picked":["Fusion","Auto Shields","Fission"],"picked":"SKIP","floor":30.0},{"not_picked":["Conserve Battery","Leap","Redo"],"picked":"SKIP","floor":31.0}],"player_experience":985234,"relics_obtained":[{"floor":7.0,"key":"PreservedInsect"},{"floor":9.0,"key":"Gremlin Horn"},{"floor":10.0,"key":"Centennial Puzzle"},{"floor":13.0,"key":"Juzu Bracelet"},{"floor":14.0,"key":"Oddly Smooth Stone"},{"floor":17.0,"key":"Bag of Preparation"},{"floor":17.0,"key":"Blue Candle"},{"floor":17.0,"key":"CaptainsWheel"},{"floor":24.0,"key":"Whetstone"},{"floor":26.0,"key":"MawBank"},{"floor":28.0,"key":"Smiling Mask"},{"floor":30.0,"key":"Tiny Chest"}],"event_choices":[{"damage_healed":0.0,"max_hp_gain":0.0,"max_hp_loss":0.0,"gold_gain":0.0,"event_name":"Match and Keep!","player_choice":"0 cards matched","floor":3.0,"gold_loss":0.0,"damage_taken":0.0,"cards_obtained":[]},{"damage_healed":0.0,"max_hp_gain":0.0,"max_hp_loss":0.0,"gold_gain":0.0,"event_name":"Upgrade Shrine","player_choice":"Upgraded","floor":27.0,"gold_loss":0.0,"damage_taken":0.0,"cards_upgraded":["Static Discharge"]}],"is_beta":false,"boss_relics":[{"not_picked":["Fusion Hammer","FrozenCore"],"picked":"Calling Bell"}],"items_purged_floors":[0,0,0,20,22],"is_endless":false,"potions_floor_spawned":[7,8,11,12,16,18,19,24,28],"killed_by":"Automaton","ascension_level":20}}