{"host":"f5gffvlv6a66yqkd","time":1612692888,"event":{"mods":["2.2 Compatiblity","BaseMod","Colored Map","Custom Start","DeckTracker","Keyboard Shortcuts","Minty Spire (QoL Compilation)","Permanent Neow","Quick Restart","Relic Stats","StSLib","SuperFastMode"],"gold_per_floor":[116,41,60,73,73,73,96,132,132,132,157,157,157,175,175,271,271,296,296,40,40,40,40,64,64,117,151,151,24,24,37,37,130,130,146,146,164,164,164,164,177,202,202,202,233,233,253,38,38,38,38,38,38,38,78,78],"floor_reached":57,"language":"KOR","playtime":1914,"items_purged":["Defend_P","Strike_P","Defend_P","Defend_P"],"score":2896,"play_id":"51a3dce1-c6d2-49dc-9364-ef518caec1c6","local_time":"20210207191448","is_ascension_mode":true,"campfire_choices":[{"data":"Eruption","floor":6.0,"key":"SMITH"},{"data":"TalkToTheHand","floor":10.0,"key":"SMITH"},{"floor":13.0,"key":"REST"},{"data":"TalkToTheHand","floor":15.0,"key":"SMITH"},{"data":"Scrawl","floor":23.0,"key":"SMITH"},{"data":"MentalFortress","floor":25.0,"key":"SMITH"},{"floor":30.0,"key":"REST"},{"data":"WheelKick","floor":32.0,"key":"SMITH"},{"data":"SpiritShield","floor":40.0,"key":"SMITH"},{"data":"Adaptation","floor":44.0,"key":"SMITH"},{"floor":49.0,"key":"RECALL"},{"data":"Madness","floor":53,"key":"SMITH"}],"circlet_count":0,"master_deck":["AscendersBane","Strike_P+1","Eruption+1","Vigilance+1","TalkToTheHand+1","ForeignInfluence+1","TalkToTheHand+1","Consecrate+1","MentalFortress+1","Consecrate+1","Scrawl+1","Indignation","Vault","WheelKick+1","SpiritShield+1","CurseOfTheBell","Adaptation+1","Madness+1","Madness+1","TalkToTheHand+1","FearNoEvil","DeusExMachina","Adaptation"],"relics":["PureWater","Golden Idol","War Paint","Smiling Mask","Runic Pyramid","Toy Ornithopter","Blood Vial","Mummified Hand","Calling Bell","Orichalcum","Blue Candle","CloakClasp","Whetstone","Orrery","Lantern"],"acts_visited":["Exordium","TheCity","TheBeyond","TheEnding"],"potions_floor_usage":[56],"damage_taken":[{"damage":0.0,"enemies":"Cultist","floor":1.0,"turns":3.0},{"damage":3.0,"enemies":"Small Slimes","floor":3.0,"turns":4.0},{"damage":0.0,"enemies":"2 Louse","floor":4.0,"turns":2.0},{"damage":2.0,"enemies":"Looter","floor":7.0,"turns":3.0},{"damage":0.0,"enemies":"3 Sentries","floor":8.0,"turns":1.0},{"damage":7.0,"enemies":"3 Louse","floor":11.0,"turns":2.0},{"damage":0.0,"enemies":"Large Slime","floor":14.0,"turns":4.0},{"damage":5.0,"enemies":"Hexaghost","floor":16.0,"turns":6.0},{"damage":0.0,"enemies":"3 Byrds","floor":18.0,"turns":3.0},{"damage":0.0,"enemies":"Shell Parasite","floor":24.0,"turns":2.0},{"damage":35.0,"enemies":"Book of Stabbing","floor":27.0,"turns":4.0},{"damage":0.0,"enemies":"3 Cultists","floor":31.0,"turns":3.0},{"damage":0.0,"enemies":"Collector","floor":33.0,"turns":4.0},{"damage":0.0,"enemies":"Orb Walker","floor":35.0,"turns":2.0},{"damage":29.0,"enemies":"3 Darklings","floor":37.0,"turns":4.0},{"damage":0.0,"enemies":"Sphere and 2 Shapes","floor":41.0,"turns":4.0},{"damage":0.0,"enemies":"Jaw Worm Horde","floor":42.0,"turns":3.0},{"damage":1.0,"enemies":"Nemesis","floor":45.0,"turns":4.0},{"damage":0.0,"enemies":"Spire Growth","floor":47.0,"turns":4.0},{"damage":13,"enemies":"Donu and Deca","floor":50,"turns":4},{"damage":1,"enemies":"Awakened One","floor":51,"turns":5},{"damage":3,"enemies":"Shield and Spear","floor":55,"turns":4},{"damage":43,"enemies":"The Heart","floor":56,"turns":7}],"seed_played":"1507135110876451943","potions_obtained":[{"floor":4.0,"key":"SkillPotion"},{"floor":7.0,"key":"ColorlessPotion"},{"floor":14.0,"key":"GamblersBrew"},{"floor":18.0,"key":"BlessingOfTheForge"},{"floor":27.0,"key":"StancePotion"},{"floor":31.0,"key":"ColorlessPotion"},{"floor":37.0,"key":"SneckoOil"},{"floor":45.0,"key":"FairyPotion"},{"floor":55,"key":"PowerPotion"}],"is_trial":false,"path_per_floor":["M","$","M","M","?","R","M","E","T","R","M","?","R","M","R","B",null,"M","?","$","?","$","R","M","R","T","E","?","$","R","M","R","B",null,"M","?","M","?","?","R","M","M","T","R","E","?","M","$","R","B","B",null,"R","$","E","B",null],"character_chosen":"WATCHER","items_purchased":["Toy Ornithopter","WheelKick","Study","Orrery"],"campfire_rested":2,"item_purchase_floors":[20,20,29,48],"current_hp_per_floor":[61,61,58,58,35,35,33,33,33,33,26,6,26,26,26,21,56,56,56,56,56,56,56,56,56,56,28,28,28,48,50,50,52,64,66,54,37,37,37,37,39,41,41,41,47,47,49,49,49,38,39,61,61,61,60,24],"gold":78,"neow_bonus":"REMOVE_CARD","is_daily":false,"chose_seed":false,"campfire_upgraded":9,"win_rate":0.0,"timestamp":1612692888,"path_taken":["M","$","?","M","?","R","M","E","T","R","M","?","R","M","R","BOSS","M","?","$","?","$","R","M","R","T","E","?","$","R","M","R","BOSS","M","?","M","?","?","R","M","M","T","R","E","?","M","$","R","BOSS","BOSS","R","$","E","BOSS"],"items_purchased_type":["Relic","Card","Card","Relic"],"build_version":"2020-12-22","purchased_purges":4,"victory":true,"max_hp_per_floor":[68,68,68,68,68,68,68,68,68,68,68,68,68,68,68,68,68,68,68,68,68,68,68,68,68,68,68,68,68,68,68,68,68,68,68,68,68,68,68,68,68,68,68,68,68,68,68,68,68,68,68,68,68,68,68,68],"relic_stats":{"Blood Vial":26,"counters":[23,82],"Golden Idol":169,"Mummified Hand":[36],"Blue Candle":[5],"CloakClasp":[133],"Whetstone":["Consecrate","TalkToTheHand"],"War Paint":["Vigilance","ForeignInfluence"],"Orichalcum":[18],"Smiling Mask":225,"obtain_stats":[{"Lantern":55,"Golden Idol":5,"Blue Candle":34,"CloakClasp":34,"Whetstone":45,"War Paint":8,"Orichalcum":34,"Smiling Mask":9,"Blood Vial":26,"Calling Bell":34,"Mummified Hand":27,"Orrery":48,"PureWater":0,"Toy Ornithopter":20,"Runic Pyramid":17},{"Lantern":22,"Golden Idol":3,"Blue Candle":13,"CloakClasp":13,"Whetstone":18,"War Paint":5,"Orichalcum":13,"Smiling Mask":5,"Blood Vial":10,"Calling Bell":13,"Mummified Hand":11,"Orrery":19,"PureWater":0,"Toy Ornithopter":9,"Runic Pyramid":8},{"Lantern":75,"Golden Idol":9,"Blue Candle":41,"CloakClasp":41,"Whetstone":58,"War Paint":13,"Orichalcum":41,"Smiling Mask":13,"Blood Vial":30,"Calling Bell":41,"Mummified Hand":34,"Orrery":62,"PureWater":0,"Toy Ornithopter":28,"Runic Pyramid":25}],"Toy Ornithopter":25},"card_choices":[{"not_picked":["Evaluate","CrushJoints"],"picked":"TalkToTheHand","floor":1.0},{"not_picked":["FlyingSleeves","Study"],"picked":"ForeignInfluence","floor":3.0},{"not_picked":["WaveOfTheHand","ClearTheMind"],"picked":"TalkToTheHand","floor":4.0},{"not_picked":["BowlingBash","LikeWater"],"picked":"Consecrate","floor":7.0},{"not_picked":["EmptyBody","SashWhip","WindmillStrike"],"picked":"SKIP","floor":8.0},{"not_picked":["ThirdEye","Protect"],"picked":"MentalFortress","floor":11.0},{"not_picked":["Crescendo","FlyingSleeves"],"picked":"Consecrate","floor":14.0},{"not_picked":["LessonLearned","SpiritShield"],"picked":"Scrawl","floor":16.0},{"not_picked":["WreathOfFlame","WindmillStrike","Nirvana"],"picked":"SKIP","floor":18.0},{"not_picked":["WindmillStrike","SandsOfTime","Crescendo+1"],"picked":"SKIP","floor":24.0},{"not_picked":["Evaluate","ThirdEye","BowlingBash"],"picked":"SKIP","floor":27.0},{"not_picked":["Collect","Vengeance","DeceiveReality"],"picked":"SKIP","floor":31.0},{"not_picked":["Brilliance","Omniscience"],"picked":"SpiritShield","floor":33.0},{"not_picked":["FlyingSleeves","DeceiveReality"],"picked":"Adaptation","floor":35.0},{"not_picked":["Prostrate","EmptyFist"],"picked":"TalkToTheHand","floor":37.0},{"not_picked":["Worship","Meditate","BowlingBash"],"picked":"SKIP","floor":41.0},{"not_picked":["Consecrate","Fasting2","FlurryOfBlows"],"picked":"SKIP","floor":42.0},{"not_picked":["Fasting2+1","Alpha","WreathOfFlame"],"picked":"SKIP","floor":45.0},{"not_picked":["Fasting2+1","Alpha","WreathOfFlame"],"picked":"SKIP","floor":45.0},{"not_picked":["Fasting2+1","Alpha","WreathOfFlame"],"picked":"SKIP","floor":45.0},{"not_picked":["BowlingBash","Swivel+1","FollowUp"],"picked":"SKIP","floor":47.0},{"not_picked":["Protect","Evaluate"],"picked":"FearNoEvil","floor":48.0},{"not_picked":["Halt","SandsOfTime"],"picked":"DeusExMachina","floor":48.0},{"not_picked":["Consecrate","Indignation+1"],"picked":"Adaptation","floor":55}],"player_experience":1697540,"relics_obtained":[{"floor":8.0,"key":"War Paint"},{"floor":9.0,"key":"Smiling Mask"},{"floor":26.0,"key":"Blood Vial"},{"floor":27.0,"key":"Mummified Hand"},{"floor":34.0,"key":"Orichalcum"},{"floor":34.0,"key":"Blue Candle"},{"floor":34.0,"key":"CloakClasp"},{"floor":45.0,"key":"Whetstone"},{"floor":55,"key":"Lantern"}],"event_choices":[{"damage_healed":0.0,"max_hp_gain":0.0,"max_hp_loss":0.0,"gold_gain":0.0,"event_name":"Golden Idol","player_choice":"Take Damage","floor":5.0,"gold_loss":0.0,"damage_taken":23.0,"relics_obtained":["Golden Idol"]},{"damage_healed":0.0,"max_hp_gain":0.0,"max_hp_loss":0.0,"gold_gain":0.0,"event_name":"Shining Light","player_choice":"Entered Light","floor":12.0,"gold_loss":0.0,"damage_taken":20.0,"cards_upgraded":["Consecrate","Strike_P"]},{"damage_healed":0.0,"max_hp_gain":0.0,"max_hp_loss":0.0,"gold_gain":0.0,"cards_transformed":["Strike_P","Strike_P"],"event_name":"Drug Dealer","player_choice":"Became Test Subject","floor":19.0,"gold_loss":0.0,"damage_taken":0.0,"cards_obtained":["Indignation","Vault"]},{"damage_healed":0.0,"max_hp_gain":0.0,"max_hp_loss":0.0,"gold_gain":0.0,"event_name":"Vampires","player_choice":"Ignored","floor":28.0,"gold_loss":0.0,"damage_taken":0.0},{"damage_healed":0.0,"max_hp_gain":0.0,"max_hp_loss":0.0,"gold_gain":0.0,"event_name":"Winding Halls","player_choice":"Embrace Madness","floor":36.0,"gold_loss":0.0,"damage_taken":12.0,"cards_obtained":["Madness","Madness"]},{"cards_removed":["Study"],"damage_healed":0.0,"max_hp_gain":0.0,"max_hp_loss":0.0,"gold_gain":0.0,"event_name":"Falling","player_choice":"Removed Power","floor":38.0,"gold_loss":0.0,"damage_taken":0.0},{"damage_healed":0.0,"max_hp_gain":0.0,"max_hp_loss":0.0,"gold_gain":0.0,"event_name":"Tomb of Lord Red Mask","player_choice":"Ignored","floor":39.0,"gold_loss":0.0,"damage_taken":0.0},{"damage_healed":0.0,"max_hp_gain":0.0,"max_hp_loss":0.0,"gold_gain":0.0,"event_name":"Upgrade Shrine","player_choice":"Upgraded","floor":46.0,"gold_loss":0.0,"damage_taken":0.0,"cards_upgraded":["Madness"]}],"is_beta":false,"boss_relics":[{"not_picked":["Black Star","Sozu"],"picked":"Runic Pyramid"},{"not_picked":["Velvet Choker","Philosopher\u0027s Stone"],"picked":"Calling Bell"}],"items_purged_floors":[2,20,29,48],"is_endless":false,"potions_floor_spawned":[4,7,14,18,27,31,37,45,55],"ascension_level":20}}