{"host":"weghyrtrhzwgovqi","time":1612679936,"event":{"mods":["Act Like it!","BaseMod","Defuse TimeMaze Blight","Dota2Spire","Gensokyo","Minty Spire (QoL Compilation)","Remilia£¨ÀÙÃ×ÀòÑÇ£©","RumiaBox-Â¶Ã×æ«µÄÉñÃØºÐ×Ó","StSLib","Uncapped","UnlockEverythingMod","Youmu£¨»êÆÇÑýÃÎ£©","[IsaacMod]ÒÔÈö¼âËþ","noobMod"],"gold_per_floor":[118,118,128,145,171,171,171,171,247,259,287,323,183,211,211,355,355,401,425,675,675,675,675,715,1047,1047,1084,1157,1157,1157,387,387,536,536,553,553,553,570,570,570,570,81,81,110,110,110,110,110,110,124],"floor_reached":51,"language":"ZHS","playtime":1277,"items_purged":["CelestialStarSword+1","Pride"],"score":881,"play_id":"d6cde922-10c7-4e2b-afa0-1b9a660cda27","local_time":"20210207143856","daily_mods":["Shiny","Vintage","Diverse","Heirloom","Time Dilation","Flight","Lethality","Night Terrors"],"is_ascension_mode":false,"campfire_choices":[{"data":"Pommel Strike","floor":6,"key":"SMITH"},{"data":"DemonKingCradle","floor":15,"key":"SMITH"},{"data":"ReincarnationSword","floor":23,"key":"SMITH"},{"data":"GreatEnlightenmentAppearingAndDisappearing","floor":32,"key":"SMITH"},{"data":"Omniscience","floor":40,"key":"SMITH"},{"data":"ChaoticDestiny","floor":45,"key":"SMITH"},{"data":"ScarletCoffin","floor":49,"key":"SMITH"}],"circlet_count":0,"master_deck":["ScarletCoffin+1","DemonKingCradle+1","TricksterDevil","BloodRain","ForecastOfChange","CurseOfVladTepes","TransientEternity","EquivalentExchange","ScarletMeister","QueenOfMidnight","KillingBlow","BloodyHallows","BatForm","BloodyCatastrophe","CeilingFear","ChaoticDestiny+1","BloodySeventeenLaser","HellCatastrophe","HeartBreak","FastingOfTheYoungPreta","MatsuyoiReflectingSatelliteSlash","GreatEnlightenmentAppearingAndDisappearing+1","IrresoluteSoul","HeavenGodSword","DeadlyForm","ReincarnationSword+1","SlashOfTheEternalFuture","WickedSoul","HellRealmSword","AsuraSword","StrangeHalfBody","SuddenDivineSeveringOfKarmicWind","CherryBlossomSword","HeavenSword","VoidnessSword","SlashOfSaigyouSpringWind","ASingleThoughtAndInfiniteKalpas+1","Brilliance","Devotion","LessonLearned","Vault","Alpha","Establishment","DeusExMachina","Judgement","ConjureBlade","MasterReality","Blasphemy","Ragnarok","Scrawl","Wish","Omniscience+1","SpiritShield","DevaForm+1","Hyperbeam","Machine Learning","Buffer","Seek","Echo Form","All For One","Reboot","Fission","Core Surge+1","Multi-Cast","Thunder Strike","Biased Cognition","ElectricPowerLearning","Electrodynamics","Rainbow","Meteor Strike","Amplify","Creative AI","Corpse Explosion","Die Die Die","Adrenaline","Envenom","Doppelganger","Burst","Wraith Form v2","Tools of the Trade","After Image","A Thousand Cuts","Venomology","Malaise","Phantasmal Killer","Night Terror","Unload","Bullet Time","Storm of Steel","Glass Knife","Grand Finale","Double Tap","Demon Form","Fiend Fire","Berserk","Impervious","Juggernaut","Brutality","Exhume","Offering","Bludgeon","Feed","Limit Break","Corruption","Barricade","Reaper","Immolate","Pommel Strike+1","Phantasmal Killer+1","Omniscience+1","Echo Form","Gensokyo:PrivateSquare+1"],"relics":["HalfPhantom","HushsDoor","ice","BFFS","Dota2Spire:HeartOfTarrasque","Toxic Egg 2","Dream Catcher","Oddly Smooth Stone","TheBean","Shuriken","SalivaCoin","Bronze Scales","D4","PunchingBag","Dota2Spire:ArmletOfMordiggian","Black Star","Dota2Spire:ShivaGuard","MagicDraw4","Dota2Spire:MantaStyle","TuHaoJin","Old Coin","Wakizashi","Dota2Spire:EtherealBlade","Strawberry","SharpPlug","Gensokyo:ConquerorOfFear","Calipers","Eternal Feather","Sling","Nunchaku","ScarletDevilRocket","SatanicBible","HowToJump","Bottled Flame","Dota2Spire:MaskOfMadness","Bag of Marbles","Mercury Hourglass"],"acts_visited":["Exordium","Gensokyo:Gensokyo","Gensokyo:Gensokyoer"],"potions_floor_usage":[27],"damage_taken":[{"damage":22,"enemies":"Gensokyo:Gryphon","floor":1,"turns":5},{"damage":0,"enemies":"Gensokyo:2_Kodama","floor":3,"turns":1},{"damage":8,"enemies":"Gensokyo:3_Fairies","floor":4,"turns":3},{"damage":8,"enemies":"Gensokyo:Gryphon_and_Rabbit","floor":10,"turns":2},{"damage":9,"enemies":"Gensokyo:VengefulSpirit","floor":11,"turns":3},{"damage":6,"enemies":"Gensokyo:Mamizou","floor":12,"turns":5},{"damage":8,"enemies":"Gensokyo:CorruptedTreant","floor":14,"turns":3},{"damage":19,"enemies":"Gensokyo:Reimu","floor":16,"turns":5},{"damage":32,"enemies":"Gensokyo:Chomper","floor":18,"turns":4},{"damage":9,"enemies":"Gensokyo:CosmicMonolith","floor":19,"turns":3},{"damage":26,"enemies":"Gensokyo:Mirror_and_Dog","floor":24,"turns":2},{"damage":0,"enemies":"Gensokyo:Koishi","floor":25,"turns":6},{"damage":17,"enemies":"Gensokyo:Reisen","floor":27,"turns":6},{"damage":48,"enemies":"Gensokyo:Wraith","floor":28,"turns":3},{"damage":105,"enemies":"Gensokyo:Eternal_Rivals","floor":33,"turns":9},{"damage":0,"enemies":"Gensokyo:3_Boulders","floor":35,"turns":3},{"damage":3,"enemies":"Gensokyo:3_Bats","floor":38,"turns":3},{"damage":33,"enemies":"Gensokyo:SeedOfUnknown","floor":44,"turns":2},{"damage":17,"enemies":"Gensokyo:Yuyuko","floor":50,"turns":4}],"seed_played":"5224063773444276774","potions_obtained":[{"floor":11,"key":"Regen Potion"},{"floor":12,"key":"Fire Potion"},{"floor":28,"key":"BlessingOfTheForge"}],"is_trial":true,"path_per_floor":["M","?","M","M","T","R","T","?","T","M","M","E","?","M","R","B",null,"M","M","?","?","?","R","M","E","T","E","M","?","?","$","R","B",null,"M","?","?","M","?","R","?","$","T","M","R","?","T","T","R","B",null],"character_chosen":"YOUMU","items_purchased":["Calipers","Eternal Feather","Sling","SatanicBible","HowToJump"],"campfire_rested":0,"item_purchase_floors":[31,31,31,42,42],"current_hp_per_floor":[82,82,82,83,83,83,83,83,83,75,66,67,67,70,70,57,83,51,42,42,42,42,42,16,36,36,86,38,38,38,38,94,97,97,97,97,97,94,94,99,99,99,99,99,99,99,99,99,99,99],"gold":124,"neow_bonus":"","is_daily":false,"chose_seed":false,"campfire_upgraded":7,"win_rate":0.0,"timestamp":1612679936,"path_taken":["M","?","M","?","?","R","?","?","T","?","M","E","?","?","R","BOSS","M","?","?","?","?","R","M","E","T","E","?","?","?","?","R","BOSS","M","?","?","?","?","R","?","$","T","?","R","?","?","?","R","BOSS"],"items_purchased_type":["Relic","Relic","Relic","Relic","Relic"],"build_version":"2020-12-22","purchased_purges":2,"victory":true,"max_hp_per_floor":[83,83,83,83,83,83,83,83,83,83,83,83,83,83,83,83,83,83,83,79,79,79,79,79,79,79,86,94,94,94,94,94,97,97,97,97,97,99,99,99,99,99,99,99,99,99,99,99,99,100],"card_choices":[{"not_picked":["Twin Strike","Sucker Punch"],"picked":"Pommel Strike","floor":2},{"not_picked":["Beam Cell","Reprogram+1"],"picked":"Phantasmal Killer+1","floor":12},{"not_picked":["Intimidate+1","ReachHeaven+1","ChainGang"],"picked":"SKIP","floor":25},{"not_picked":["Leap+1","Blade Dance+1","BlasphemousPunishment+1"],"picked":"SKIP","floor":27},{"not_picked":["Berserk","HellCatastrophe"],"picked":"Echo Form","floor":33}],"player_experience":288579,"relics_obtained":[{"floor":1,"key":"Toxic Egg 2"},{"floor":4,"key":"Dream Catcher"},{"floor":5,"key":"Oddly Smooth Stone"},{"floor":7,"key":"TheBean"},{"floor":9,"key":"Shuriken"},{"floor":10,"key":"SalivaCoin"},{"floor":11,"key":"Bronze Scales"},{"floor":12,"key":"D4"},{"floor":14,"key":"Dota2Spire:ArmletOfMordiggian"},{"floor":18,"key":"Dota2Spire:ShivaGuard"},{"floor":19,"key":"MagicDraw4"},{"floor":24,"key":"Dota2Spire:MantaStyle"},{"floor":25,"key":"TuHaoJin"},{"floor":25,"key":"Old Coin"},{"floor":26,"key":"Wakizashi"},{"floor":27,"key":"Dota2Spire:EtherealBlade"},{"floor":27,"key":"Strawberry"},{"floor":28,"key":"SharpPlug"},{"floor":33,"key":"Gensokyo:ConquerorOfFear"},{"floor":35,"key":"Nunchaku"},{"floor":38,"key":"ScarletDevilRocket"},{"floor":43,"key":"Bottled Flame"},{"floor":44,"key":"Dota2Spire:MaskOfMadness"},{"floor":47,"key":"Bag of Marbles"},{"floor":48,"key":"Mercury Hourglass"}],"event_choices":[],"is_beta":false,"boss_relics":[{"not_picked":["Philosopher\u0027s Stone","Astrolabe"],"picked":"Black Star"},{"not_picked":[]},{"not_picked":["Runic Dome","Velvet Choker","SacredBark"]}],"items_purged_floors":[31,42],"is_endless":false,"potions_floor_spawned":[3,11,12,24,28,35,44],"ascension_level":0}}