{"host":"7wi4qgm5yw4j7oz0","time":1612717936,"event":{"mods":["AchievementEnabler","BaseMod","Block Reminder","Colored Map","Colored Powertips","Highlight Path","Minty Spire (QoL Compilation)","Permanent Neow","Random Character Button","Rare Cards Sparkle","StSLib","everything is the same but u backflip on backflip"],"gold_per_floor":[17,32,32,49,59,59,59,88,168,187,187,201,201,201,201,298,298,316,334,362,362,362,388,388,398,398,398,410,425,425,425,425,527,527,540,552,552,118,118,151,151,186,237,237,252,252,252,266,266,266,266],"floor_reached":50,"language":"KOR","playtime":4115,"items_purged":["Strike_R"],"score":786,"play_id":"1c0f2636-fc89-43a6-a3d2-57b0048376fb","local_time":"20210208021216","is_ascension_mode":true,"campfire_choices":[{"data":"Metallicize","floor":6.0,"key":"SMITH"},{"data":"Warcry","floor":11.0,"key":"SMITH"},{"floor":13.0,"key":"REST"},{"floor":15.0,"key":"REST"},{"floor":24.0,"key":"REST"},{"floor":27.0,"key":"REST"},{"data":"Pommel Strike","floor":30.0,"key":"SMITH"},{"data":"Infernal Blade","floor":32.0,"key":"SMITH"},{"data":"Body Slam","floor":41,"key":"SMITH"},{"data":"Exhume","floor":44,"key":"SMITH"},{"data":"Double Tap","floor":46,"key":"SMITH"},{"data":"Madness","floor":49,"key":"SMITH"}],"circlet_count":0,"master_deck":["Strike_R","Defend_R","Defend_R","Defend_R","Defend_R","Bash","Panache","Clash","Warcry+1","Metallicize+1","Pommel Strike+1","Infernal Blade+1","Second Wind","Double Tap+1","Warcry+1","Headbutt+1","Flex","Ghostly","Ghostly","Ghostly","Ghostly","Ghostly","Spot Weakness","Armaments+1","Exhume+1","Rampage+1","Havoc+1","Offering+1","Inflame+1","Seeing Red","Body Slam+1","Madness+1","Madness","Metallicize+1","Decay"],"relics":["Burning Blood","StoneCalendar","Sundial","Runic Cube","Red Mask","CultistMask","Blood Vial","Torii","Astrolabe","Pear","Molten Egg 2","Juzu Bracelet","Lantern"],"acts_visited":["Exordium","TheCity","TheBeyond"],"potions_floor_usage":[40,45,45],"damage_taken":[{"damage":18.0,"enemies":"Jaw Worm","floor":1.0,"turns":4.0},{"damage":0.0,"enemies":"Cultist","floor":2.0,"turns":3.0},{"damage":4.0,"enemies":"Small Slimes","floor":4.0,"turns":3.0},{"damage":6.0,"enemies":"Exordium Wildlife","floor":5.0,"turns":4.0},{"damage":24.0,"enemies":"3 Sentries","floor":8.0,"turns":10.0},{"damage":16.0,"enemies":"3 Louse","floor":10.0,"turns":2.0},{"damage":37.0,"enemies":"Gremlin Gang","floor":12.0,"turns":7.0},{"damage":26.0,"enemies":"Hexaghost","floor":16.0,"turns":7.0},{"damage":18.0,"enemies":"2 Thieves","floor":18.0,"turns":4.0},{"damage":33.0,"enemies":"Shell Parasite","floor":19.0,"turns":6.0},{"damage":14.0,"enemies":"Masked Bandits","floor":20.0,"turns":4.0},{"damage":16.0,"enemies":"Book of Stabbing","floor":23.0,"turns":7.0},{"damage":18.0,"enemies":"Snake Plant","floor":25.0,"turns":2.0},{"damage":6.0,"enemies":"Centurion and Healer","floor":28.0,"turns":5.0},{"damage":5.0,"enemies":"Shelled Parasite and Fungi","floor":29.0,"turns":7.0},{"damage":14.0,"enemies":"Automaton","floor":33.0,"turns":10.0},{"damage":20.0,"enemies":"3 Darklings","floor":35.0,"turns":7.0},{"damage":1.0,"enemies":"Orb Walker","floor":36.0,"turns":2.0},{"damage":4,"enemies":"Reptomancer","floor":40,"turns":7},{"damage":3,"enemies":"Nemesis","floor":42,"turns":5},{"damage":7,"enemies":"Transient","floor":45,"turns":5},{"damage":3,"enemies":"Sphere and 2 Shapes","floor":48,"turns":7},{"damage":62,"enemies":"Donu and Deca","floor":50,"turns":8}],"seed_played":"1442811071258516335","potions_obtained":[{"floor":1.0,"key":"BlessingOfTheForge"},{"floor":4.0,"key":"LiquidBronze"},{"floor":7.0,"key":"Energy Potion"},{"floor":7.0,"key":"SneckoOil"},{"floor":10.0,"key":"PowerPotion"},{"floor":12.0,"key":"FearPotion"},{"floor":16.0,"key":"Energy Potion"},{"floor":20.0,"key":"FearPotion"},{"floor":25.0,"key":"AttackPotion"},{"floor":35.0,"key":"Block Potion"},{"floor":36.0,"key":"Explosive Potion"},{"floor":40,"key":"GamblersBrew"}],"is_trial":false,"path_per_floor":["M","M","$","M","M","R","?","E","T","M","R","M","R","?","R","B",null,"M","M","?","?","?","E","R","M","T","R","M","M","R","?","R","B",null,"M","M","?","$","?","E","R","E","T","R","M","R","?","M","R","B"],"character_chosen":"IRONCLAD","items_purchased":["Pear","Seeing Red","Body Slam"],"campfire_rested":4,"item_purchase_floors":[38,38,38],"current_hp_per_floor":[60,66,66,68,68,68,68,50,50,40,40,9,33,26,50,30,68,56,29,21,21,21,11,23,13,13,25,27,30,30,30,30,24,36,24,31,31,41,35,39,39,44,44,44,45,45,45,50,50,0,0],"gold":266,"neow_bonus":"RANDOM_COLORLESS_2","is_daily":false,"chose_seed":false,"campfire_upgraded":8,"win_rate":0.0,"timestamp":1612717936,"path_taken":["M","M","$","M","M","R","?","E","T","M","R","?","R","?","R","BOSS","M","M","?","?","?","E","R","M","T","R","?","M","R","?","R","BOSS","M","M","?","$","?","E","R","E","T","R","M","R","?","M","R","BOSS"],"items_purchased_type":["Relic","Card","Card"],"build_version":"2020-12-22","purchased_purges":1,"victory":false,"max_hp_per_floor":[80,80,80,80,80,80,80,80,80,80,80,80,80,80,80,80,80,80,80,80,40,40,40,40,40,40,40,40,40,40,40,40,40,40,40,40,40,50,50,50,50,50,50,50,50,50,50,50,50,50,50],"card_choices":[{"not_picked":["Thinking Ahead","Metamorphosis"],"picked":"Panache","floor":0.0},{"not_picked":["Iron Wave","Havoc"],"picked":"Clash","floor":1.0},{"not_picked":["Wild Strike","Reckless Charge"],"picked":"Warcry","floor":2.0},{"not_picked":["Fire Breathing","Perfected Strike"],"picked":"Metallicize","floor":4.0},{"not_picked":["True Grit","Iron Wave"],"picked":"Pommel Strike","floor":5.0},{"not_picked":["Flex","Shockwave"],"picked":"Infernal Blade","floor":8.0},{"not_picked":["Hemokinesis","Twin Strike"],"picked":"Fire Breathing","floor":10.0},{"not_picked":["Anger","Pommel Strike"],"picked":"Second Wind","floor":12.0},{"not_picked":["Offering","Limit Break"],"picked":"Double Tap","floor":16.0},{"not_picked":["Power Through","Sword Boomerang"],"picked":"Warcry+1","floor":18.0},{"not_picked":["Iron Wave+1","Wild Strike"],"picked":"Headbutt+1","floor":19.0},{"not_picked":["Armaments","Headbutt+1"],"picked":"Flex","floor":20.0},{"not_picked":["Sever Soul","Double Tap","Sword Boomerang+1"],"picked":"SKIP","floor":23.0},{"not_picked":["Sentinel+1","Clash"],"picked":"Spot Weakness","floor":25.0},{"not_picked":["Thunderclap","Sword Boomerang"],"picked":"Armaments","floor":28.0},{"not_picked":["Anger","Armaments","Rampage"],"picked":"SKIP","floor":29.0},{"not_picked":["Barricade","Berserk"],"picked":"Exhume","floor":33.0},{"not_picked":["Wild Strike","Armaments+1","Anger+1"],"picked":"SKIP","floor":35.0},{"not_picked":["Wild Strike","Cleave"],"picked":"Inflame+1","floor":36.0},{"not_picked":["Rampage+1","Searing Blow+1","Body Slam+1"],"picked":"SKIP","floor":40},{"not_picked":["Rampage+1","Searing Blow+1","Body Slam+1"],"picked":"SKIP","floor":40},{"not_picked":["Cleave+1","Power Through+1"],"picked":"Metallicize+1","floor":42},{"not_picked":["Rampage+1","Sword Boomerang+1","Wild Strike+1"],"picked":"SKIP","floor":45},{"not_picked":["Perfected Strike+1","True Grit","Searing Blow+1"],"picked":"SKIP","floor":48}],"player_experience":263836,"relics_obtained":[{"floor":8.0,"key":"StoneCalendar"},{"floor":9.0,"key":"Sundial"},{"floor":20.0,"key":"Red Mask"},{"floor":23.0,"key":"Blood Vial"},{"floor":26.0,"key":"Torii"},{"floor":40,"key":"Molten Egg 2"},{"floor":42,"key":"Juzu Bracelet"},{"floor":43,"key":"Lantern"}],"event_choices":[{"damage_healed":0.0,"max_hp_gain":0.0,"max_hp_loss":0.0,"gold_gain":0.0,"event_name":"Lab","player_choice":"Got Potions","floor":7.0,"gold_loss":0.0,"damage_taken":0.0},{"cards_removed":["Fire Breathing"],"damage_healed":0.0,"max_hp_gain":0.0,"max_hp_loss":0.0,"gold_gain":0.0,"event_name":"Golden Wing","player_choice":"Card Removal","floor":14.0,"gold_loss":0.0,"damage_taken":7.0},{"damage_healed":0.0,"max_hp_gain":0.0,"max_hp_loss":0.0,"gold_gain":0.0,"event_name":"Masked Bandits","player_choice":"Fought Bandits","floor":20.0,"gold_loss":0.0,"damage_taken":0.0},{"damage_healed":0.0,"max_hp_gain":0.0,"max_hp_loss":40.0,"gold_gain":0.0,"event_name":"Ghosts","player_choice":"Became a Ghost","floor":21.0,"gold_loss":0.0,"damage_taken":0.0,"cards_obtained":["Ghostly","Ghostly","Ghostly","Ghostly","Ghostly"]},{"damage_healed":0.0,"max_hp_gain":0.0,"max_hp_loss":0.0,"gold_gain":0.0,"event_name":"FaceTrader","player_choice":"Trade","floor":22.0,"gold_loss":0.0,"damage_taken":0.0,"relics_obtained":["CultistMask"]},{"damage_healed":0.0,"max_hp_gain":0.0,"max_hp_loss":0.0,"gold_gain":0.0,"event_name":"Upgrade Shrine","player_choice":"Upgraded","floor":31.0,"gold_loss":0.0,"damage_taken":0.0,"cards_upgraded":["Armaments"]},{"damage_healed":0.0,"max_hp_gain":0.0,"max_hp_loss":0.0,"gold_gain":0.0,"event_name":"Mysterious Sphere","player_choice":"Ignored","floor":37.0,"gold_loss":0.0,"damage_taken":0.0},{"damage_healed":0.0,"max_hp_gain":0.0,"max_hp_loss":0.0,"gold_gain":0.0,"event_name":"Winding Halls","player_choice":"Embrace Madness","floor":39.0,"gold_loss":0.0,"damage_taken":6.0,"cards_obtained":["Madness","Madness"]},{"damage_healed":0,"gold_gain":0,"player_choice":"Cursed","damage_taken":0,"max_hp_gain":0,"max_hp_loss":0,"event_name":"Wheel of Change","floor":47,"gold_loss":0,"cards_obtained":["Decay"]}],"is_beta":false,"boss_relics":[{"not_picked":["Fusion Hammer","Snecko Eye"],"picked":"Runic Cube"},{"not_picked":["Sozu","Philosopher\u0027s Stone"],"picked":"Astrolabe"}],"items_purged_floors":[38],"is_endless":false,"potions_floor_spawned":[1,4,10,12,16,20,25,35,36,40],"killed_by":"Donu and Deca","ascension_level":7}}