{"host":"u7bb6mvzuirwfcqo","time":1612661330,"event":{"mods":["2.2 Compatiblity","AchievementEnabler","BaseMod","Card Forge","Downfall","Hermit","Minty Spire (QoL Compilation)","Relic Stats","Replay The Spire","StSLib"],"gold_per_floor":[113,124,139,155,167,199,217,217,217],"floor_reached":8,"language":"ENG","playtime":307,"items_purged":[],"score":62,"play_id":"9087f670-b926-4220-8898-b788fef3c503","local_time":"20210206202850","is_ascension_mode":false,"campfire_choices":[],"circlet_count":0,"master_deck":["hermit:Strike_Hermit","hermit:Strike_Hermit","hermit:Strike_Hermit","hermit:Strike_Hermit","hermit:Defend_Hermit","hermit:Defend_Hermit","hermit:Defend_Hermit","hermit:Defend_Hermit","hermit:Snapshot","hermit:Covet","hermit:Headshot","hermit:BigShot","hermit:CursedWeapon","hermit:TakeAim","hermit:Brawl","hermit:Vantage","hermit:DeadMansHand"],"relics":["hermit:Momento","Hammer of Thor","Seething Fire","Anvil of the Gods","NeowsBlessing","Replay:Arrowhead"],"acts_visited":["Exordium"],"potions_floor_usage":[],"damage_taken":[{"damage":0,"enemies":"Cultist","floor":1,"turns":1},{"damage":0,"enemies":"2 Louse","floor":2,"turns":1},{"damage":0,"enemies":"Jaw Worm","floor":3,"turns":1},{"damage":8,"enemies":"3 Louse","floor":4,"turns":2},{"damage":18,"enemies":"Exordium Wildlife","floor":5,"turns":4},{"damage":36,"enemies":"Gremlin Nob","floor":6,"turns":5},{"damage":6,"enemies":"Red Slaver","floor":7,"turns":3},{"damage":12,"enemies":"Replay:BlueRogue","floor":8,"turns":3}],"seed_played":"-9107432687958940993","potions_obtained":[{"floor":1,"key":"SneckoOil"},{"floor":2,"key":"sneckomod:MuddlingPotion"},{"floor":4,"key":"ColorlessPotion"}],"is_trial":false,"path_per_floor":["M","M","M","M","M","E","M","E"],"character_chosen":"HERMIT","items_purchased":[],"campfire_rested":0,"item_purchase_floors":[],"current_hp_per_floor":[75,75,75,67,49,13,7,0,0],"gold":217,"neow_bonus":"THREE_ENEMY_KILL","is_daily":false,"chose_seed":false,"campfire_upgraded":0,"win_rate":0.0,"timestamp":1612661330,"path_taken":["M","M","M","M","M","E","?","E"],"items_purchased_type":[],"build_version":"2020-12-22","purchased_purges":0,"victory":false,"max_hp_per_floor":[75,75,75,75,75,75,75,75,75],"relic_stats":{"counters":[8,20],"obtain_stats":[{"NeowsBlessing":0,"Anvil of the Gods":0,"Hammer of Thor":0,"Seething Fire":0,"hermit:Momento":0,"Replay:Arrowhead":6},{"NeowsBlessing":0,"Anvil of the Gods":0,"Hammer of Thor":0,"Seething Fire":0,"hermit:Momento":0,"Replay:Arrowhead":6},{"NeowsBlessing":0,"Anvil of the Gods":0,"Hammer of Thor":0,"Seething Fire":0,"hermit:Momento":0,"Replay:Arrowhead":14}]},"card_choices":[{"not_picked":["hermit:LoneWolf","hermit:Dive"],"picked":"hermit:Headshot","floor":1},{"not_picked":["hermit:Spite","hermit:Coalescence"],"picked":"hermit:BigShot","floor":2},{"not_picked":["hermit:Vantage","hermit:Gestalt"],"picked":"hermit:CursedWeapon","floor":3},{"not_picked":["hermit:ItchyTrigger","hermit:GhostlyPresence"],"picked":"hermit:TakeAim","floor":4},{"not_picked":["hermit:Quickdraw","hermit:Glare"],"picked":"hermit:Brawl","floor":5},{"not_picked":["hermit:NoHoldsBarred","hermit:Coalescence"],"picked":"hermit:Vantage","floor":6},{"not_picked":["hermit:NoHoldsBarred","hermit:Determination"],"picked":"hermit:DeadMansHand","floor":7}],"player_experience":25787,"relics_obtained":[{"floor":6,"key":"Replay:Arrowhead"}],"event_choices":[],"is_beta":false,"boss_relics":[],"items_purged_floors":[],"is_endless":false,"potions_floor_spawned":[1,2,4,7],"killed_by":"Replay:BlueRogue","ascension_level":0}}