{"host":"qvcm5n1ry1q9iv9x","time":1612683082,"event":{"mods":["Act Like it!","BaseMod","BetterRewards","Colored Map","Colored Powertips","Downfall","Friendly Minions","Highlight Path","Minty Spire (QoL Compilation)","Quick Restart","Relic Sorter","Shop Mod","StSLib"],"gold_per_floor":[0,16,26,26,26,26,53,87,106,117,146,156,170,196,206,305,305,305,324,324,324,324,340,366,466,466,17,17,50,50,50,62,163,163,163,175,175,275,291,106,106,106,106,106,106,118,18,38,56,56],"floor_reached":51,"language":"ZHS","playtime":3357,"items_purged":["Pain","downfall:Haunted"],"score":983,"play_id":"b977659a-90a2-425e-ae44-7f1001fc7ca0","local_time":"20210207153122","is_ascension_mode":false,"campfire_choices":[{"data":"Guardian:StasisStrike","floor":1.0,"key":"SMITH"},{"data":"Guardian:TwinSlam","floor":6.0,"key":"SMITH"},{"data":"Guardian:Emergency","floor":18.0,"key":"SMITH"},{"data":"Guardian:Recover","floor":26.0,"key":"SMITH"},{"data":"Guardian:FastForward","floor":30.0,"key":"SMITH"},{"data":"Slimebound:CheckThePlaybook","floor":35.0,"key":"SMITH"},{"data":"Guardian:Repulse","floor":43.0,"key":"SMITH"},{"data":"Guardian:RefractedBeam","floor":45.0,"key":"SMITH"},{"data":"Guardian:RefractedBeam+1","floor":47.0,"key":"SMITH"}],"circlet_count":0,"master_deck":["Guardian:Strike_Guardian","Guardian:Defend_Guardian","Guardian:CurlUp","Guardian:TwinSlam+1","Guardian:StasisStrike+1","Guardian:Recover+1","Guardian:BronzeArmor","Guardian:BronzeArmor","Guardian:Emergency+1","Guardian:RevengeProtocol","Guardian:ArmoredProtocol","Guardian:Suspension","Guardian:ExploitGems","Guardian:Planning+1","Guardian:Preprogram+1","Guardian:RollAttack","Guardian:Orbwalk","Guardian:SphericShield","Guardian:Incinerate","expansioncontent:QuickStudy","expansioncontent:DashGenerateEvil","Slimebound:CheckThePlaybook+1","downfall:Icky","Guardian:FastForward+1","Guardian:RefractedBeam+2","Guardian:PrismaticBarrier+1","Guardian:ConstructionForm","Guardian:BronzeOrb","downfall:Aged","Guardian:ConstructionForm","Doubt","Shame","Guardian:DecasProtection","Guardian:SpikerProtocol","Guardian:Repulse+1","Injury","Slimebound:CheckThePlaybook+1","Guardian:EvasiveProtocol+1"],"relics":["Guardian:ModeShifter","Pantograph","Strawberry","Anchor","Matryoshka","Darkstone Periapt","Empty Cage","Akabeko","Juzu Bracelet","Bird Faced Urn","The Courier","Centennial Puzzle","expansioncontent:StudyCardRelic","Guardian:StasisEgg","Du-Vu Doll","Bronze Scales","Torii","Happy Flower","DollysMirror","downfall:HeartBlessingGreen"],"acts_visited":["Exordium","TheCity","TheBeyond"],"potions_floor_usage":[],"damage_taken":[{"damage":2.0,"enemies":"2 Louse","floor":2.0,"turns":3.0},{"damage":0.0,"enemies":"Cultist","floor":3.0,"turns":4.0},{"damage":6.0,"enemies":"Lagavulin","floor":8.0,"turns":6.0},{"damage":2.0,"enemies":"Jaw Worm","floor":9.0,"turns":3.0},{"damage":2.0,"enemies":"2 Fungi Beasts","floor":10.0,"turns":4.0},{"damage":16.0,"enemies":"Gremlin Nob","floor":11.0,"turns":5.0},{"damage":2.0,"enemies":"3 Louse","floor":12.0,"turns":3.0},{"damage":4.0,"enemies":"Exordium Wildlife","floor":13.0,"turns":5.0},{"damage":3.0,"enemies":"Lagavulin","floor":14.0,"turns":7.0},{"damage":2.0,"enemies":"Red Slaver","floor":15.0,"turns":3.0},{"damage":41.0,"enemies":"SI_SHIV_ARCHETYPE","floor":16.0,"turns":12.0},{"damage":3.0,"enemies":"Chosen","floor":19.0,"turns":6.0},{"damage":11.0,"enemies":"Snake Plant","floor":23.0,"turns":4.0},{"damage":18.0,"enemies":"Colosseum Nobs","floor":25.0,"turns":6.0},{"damage":0.0,"enemies":"downfall:FleeingMerchant","floor":27.0,"turns":4.0},{"damage":0.0,"enemies":"Slavers","floor":29.0,"turns":6.0},{"damage":0.0,"enemies":"Centurion and Healer","floor":32.0,"turns":4.0},{"damage":8.0,"enemies":"WA_ARCHETYPE_CALM","floor":33.0,"turns":8.0},{"damage":0.0,"enemies":"Orb Walker","floor":36.0,"turns":2.0},{"damage":31.0,"enemies":"3 Shapes","floor":39.0,"turns":4.0},{"damage":3.0,"enemies":"downfall:FleeingMerchant","floor":40.0,"turns":4.0},{"damage":0.0,"enemies":"downfall:FleeingMerchant","floor":46.0,"turns":3.0},{"damage":0.0,"enemies":"Jaw Worm Horde","floor":48.0,"turns":3.0},{"damage":10.0,"enemies":"Sphere and 2 Shapes","floor":49.0,"turns":4.0},{"damage":0.0,"enemies":"IC_BLOCK_ARCHETYPE","floor":50.0,"turns":10.0}],"seed_played":"-8582952172167934094","potions_obtained":[{"floor":8.0,"key":"SkillPotion"},{"floor":10.0,"key":"BlessingOfTheForge"},{"floor":11.0,"key":"champ:CounterPotion"},{"floor":33.0,"key":"Guardian:BlockOnCardUsePotion"}],"is_trial":false,"path_per_floor":["R","M","M","?","?","R","T","E","M","M","E","M","M","E","M","B",null,"R","M","?","?","?","M","T","?","R","$","?","E","R","?","M","B",null,"R","M","?","?","M","$","T","?","R","?","R","$","R","M","M","B",null],"character_chosen":"GUARDIAN","items_purchased":["Guardian:Orbwalk","Guardian:SphericShield","Guardian:Incinerate","expansioncontent:QuickStudy","expansioncontent:DashGenerateEvil","Guardian:SpikerProtocol","Guardian:Repulse","Happy Flower","DollysMirror"],"campfire_rested":0,"item_purchase_floors":[27,27,27,27,27,40,40,46,46],"current_hp_per_floor":[80,78,78,78,78,78,85,79,77,75,59,57,53,50,48,32,87,87,84,84,84,84,73,73,55,55,57,63,67,67,67,69,85,93,93,93,99,134,103,106,106,112,112,112,112,118,118,122,122,140],"gold":56,"neow_bonus":"THREE_RARE_CARDS","is_daily":false,"chose_seed":false,"campfire_upgraded":9,"win_rate":0.0,"timestamp":1612683082,"path_taken":["R","M","M","?","?","R","T","E","M","M","E","M","?","E","M","BOSS","R","M","?","?","?","M","T","?","R","$","?","E","R","?","M","BOSS","R","M","?","?","M","$","T","?","R","?","R","$","R","M","M","BOSS"],"items_purchased_type":["Card","Card","Card","Card","Card","Card","Card","Relic","Relic"],"build_version":"2020-12-22","purchased_purges":2,"victory":true,"max_hp_per_floor":[80,80,80,80,80,80,87,87,87,87,87,87,87,87,87,87,87,87,87,87,87,87,87,87,87,87,87,93,93,93,93,93,93,93,93,93,99,134,134,134,134,140,140,140,140,140,140,140,140,140],"card_choices":[{"not_picked":["Guardian:RevengeProtocol","Guardian:StasisField"],"picked":"Guardian:StasisStrike","floor":0.0},{"not_picked":["Guardian:Reroute","Guardian:CrystalBeam"],"picked":"Guardian:Recover","floor":2.0},{"not_picked":["Guardian:VentSteam","Guardian:Gem_Lightblue"],"picked":"Guardian:Gem_Fragmented","floor":3.0},{"not_picked":["Guardian:HyperBeam_Guardian","Guardian:PiercingHide"],"picked":"Guardian:BronzeArmor","floor":8.0},{"not_picked":["Guardian:Gem_Green","Guardian:Harden"],"picked":"Guardian:BronzeArmor","floor":9.0},{"not_picked":["Guardian:Gem_Fragmented","Guardian:Reroute"],"picked":"Guardian:Emergency","floor":10.0},{"not_picked":["Guardian:WalkerClaw","Guardian:TemporalShield"],"picked":"Guardian:Gem_Cyan","floor":11.0},{"not_picked":["Guardian:Gem_Green","Guardian:VentSteam"],"picked":"Guardian:RevengeProtocol","floor":12.0},{"not_picked":["Guardian:Reroute","Guardian:WalkerClaw"],"picked":"Guardian:ArmoredProtocol","floor":13.0},{"not_picked":["Guardian:ShieldCharger","Guardian:Planning"],"picked":"Guardian:Suspension","floor":14.0},{"not_picked":["Guardian:Gem_Lightblue","Guardian:ChargeCore"],"picked":"Guardian:ExploitGems","floor":15.0},{"not_picked":["Guardian:Gem_Synthetic","Guardian:SphericShield"],"picked":"Guardian:Gem_Orange","floor":16.0},{"not_picked":["Guardian:Gem_Cyan","Guardian:RollAttack"],"picked":"Guardian:Planning+1","floor":19.0},{"not_picked":["Guardian:Recover","Guardian:VentSteam+1"],"picked":"Guardian:Gem_Fragmented","floor":23.0},{"not_picked":["Guardian:TemporalShield+1","Guardian:PolyBeam"],"picked":"Guardian:Preprogram+1","floor":25.0},{"not_picked":["Guardian:Emergency+1","Guardian:Recover+1"],"picked":"Guardian:RollAttack","floor":27.0},{"not_picked":["Guardian:PiercingHide+1","Guardian:RollAttack"],"picked":"Guardian:FastForward","floor":29.0},{"not_picked":["Guardian:Suspension","Guardian:WalkerClaw"],"picked":"Guardian:PrismaticBarrier+1","floor":32.0},{"not_picked":["Guardian:AncientConstruct","Guardian:Gem_Synthetic"],"picked":"Guardian:ConstructionForm","floor":33.0},{"not_picked":["Guardian:Reroute+1","Guardian:ShieldCharger"],"picked":"Guardian:BronzeOrb","floor":36.0},{"not_picked":["Guardian:VentSteam+1","Guardian:WalkerClaw+1"],"picked":"Guardian:Gem_Red","floor":39.0},{"not_picked":["Guardian:TemporalShield+1","Guardian:Suspension"],"picked":"Guardian:DecasProtection","floor":40.0},{"not_picked":["Guardian:Reroute+1","Guardian:DecasProtection+1"],"picked":"Guardian:Gem_White","floor":46.0},{"not_picked":["Guardian:RefractedBeam+1","Guardian:BodySlam"],"picked":"Guardian:EvasiveProtocol+1","floor":48.0},{"not_picked":["Guardian:PiercingHide+1","Guardian:Gem_Yellow","Guardian:ChargeCore"],"picked":"SKIP","floor":49.0}],"player_experience":194214,"relics_obtained":[{"floor":7.0,"key":"Strawberry"},{"floor":8.0,"key":"Anchor"},{"floor":11.0,"key":"Matryoshka"},{"floor":14.0,"key":"Darkstone Periapt"},{"floor":24.0,"key":"Akabeko"},{"floor":24.0,"key":"Juzu Bracelet"},{"floor":25.0,"key":"Bird Faced Urn"},{"floor":25.0,"key":"The Courier"},{"floor":29.0,"key":"Centennial Puzzle"},{"floor":41.0,"key":"Bronze Scales"},{"floor":41.0,"key":"Torii"}],"event_choices":[{"damage_healed":0.0,"max_hp_gain":0.0,"max_hp_loss":0.0,"gold_gain":0.0,"event_name":"Vampires","player_choice":"Ignored","floor":21.0,"gold_loss":0.0,"damage_taken":0.0},{"damage_healed":0.0,"max_hp_gain":0.0,"max_hp_loss":0.0,"gold_gain":0.0,"event_name":"The Library","player_choice":"Read","floor":31.0,"gold_loss":0.0,"damage_taken":0.0,"cards_obtained":["Guardian:RefractedBeam"]},{"cards_removed":["downfall:Haunted"],"damage_healed":0.0,"max_hp_gain":0.0,"max_hp_loss":0.0,"gold_gain":0.0,"event_name":"NoteForYourself","player_choice":"Took Card","floor":42.0,"gold_loss":0.0,"damage_taken":0.0,"cards_obtained":["Injury"]}],"is_beta":false,"boss_relics":[{"not_picked":["Tiny House","Runic Pyramid"],"picked":"Empty Cage"},{"not_picked":["Velvet Choker","Busted Crown"],"picked":"expansioncontent:StudyCardRelic"}],"items_purged_floors":[40,46],"is_endless":false,"potions_floor_spawned":[8,10,11,15,16,33,48,49],"ascension_level":0}}