{"host":"oiw60b5ins9fyx34","time":1612678766,"event":{"mods":["BaseMod","Colored Map","Colored Powertips","Minty Spire (QoL Compilation)","Permanent Neow","Quick Restart","Rare Cards Sparkle","Relic Stats","StSLib","The Cursed"],"gold_per_floor":[116,128,128,158,270,282,329,341,380,420,452,478,31,47,47,167,167,180,180,180],"floor_reached":19,"language":"JPN","playtime":748,"items_purged":["Strike_R"],"score":224,"play_id":"7d1f3f54-4c9e-4e6c-beea-ce8b61f923ba","local_time":"20210207151926","is_ascension_mode":true,"campfire_choices":[{"data":"Rupture","floor":6,"key":"SMITH"},{"floor":8,"key":"REST"},{"data":"Inflame","floor":15,"key":"SMITH"}],"circlet_count":0,"master_deck":["Strike_R","Strike_R","Defend_R","Defend_R","Defend_R","Bash","Shrug It Off","Rupture+1","Clothesline","Demon Form","Intimidate+1","Shrug It Off+1","Fire Breathing","Inflame+1","Dual Wield+1","Immolate","Rupture+1","Sentinel+1","Evolve+1","Pummel+1"],"relics":["Burning Blood","NeowsBlessing","MawBank","Toxic Egg 2","Oddly Smooth Stone","Anchor","Red Skull","Bronze Scales","Astrolabe"],"acts_visited":["Exordium","TheCity"],"potions_floor_usage":[11,14,16,16],"damage_taken":[{"damage":0,"enemies":"Small Slimes","floor":1,"turns":1},{"damage":0,"enemies":"Cultist","floor":2,"turns":1},{"damage":0,"enemies":"2 Louse","floor":4,"turns":1},{"damage":64,"enemies":"3 Sentries","floor":7,"turns":14},{"damage":45,"enemies":"Lagavulin","floor":10,"turns":9},{"damage":3,"enemies":"Blue Slaver","floor":11,"turns":6},{"damage":14,"enemies":"3 Louse","floor":12,"turns":4},{"damage":3,"enemies":"Gremlin Gang","floor":14,"turns":5},{"damage":26,"enemies":"Hexaghost","floor":16,"turns":9},{"damage":33,"enemies":"Chosen","floor":18,"turns":6},{"damage":26,"enemies":"Shell Parasite","floor":19,"turns":6}],"seed_played":"-1086164622998578063","potions_obtained":[{"floor":1,"key":"Regen Potion"},{"floor":4,"key":"Strength Potion"},{"floor":10,"key":"Regen Potion"},{"floor":14,"key":"ColorlessPotion"}],"is_trial":false,"path_per_floor":["M","M","?","M","?","R","E","R","T","E","M","M","$","M","R","B",null,"M","M"],"character_chosen":"IRONCLAD","items_purchased":["Red Skull","Inflame","Bronze Scales"],"campfire_rested":1,"item_purchase_floors":[13,13,13],"current_hp_per_floor":[80,80,77,80,80,80,22,46,46,7,25,17,17,34,34,14,64,37,11,11],"gold":180,"neow_bonus":"THREE_ENEMY_KILL","is_daily":false,"chose_seed":false,"campfire_upgraded":2,"win_rate":0.0,"timestamp":1612678766,"path_taken":["M","M","?","M","?","R","E","R","T","E","?","M","$","M","R","BOSS","M","M"],"items_purchased_type":["Relic","Card","Relic"],"build_version":"2020-12-22","purchased_purges":1,"victory":false,"max_hp_per_floor":[80,80,80,80,80,80,80,80,80,80,80,80,80,80,80,80,80,80,80,80],"relic_stats":{"counters":[11,61],"Bronze Scales":[101],"Astrolabe":["Rupture","Sentinel","Evolve"],"MawBank":120,"obtain_stats":[{"Anchor":10,"NeowsBlessing":0,"Bronze Scales":13,"Astrolabe":17,"Oddly Smooth Stone":9,"Toxic Egg 2":7,"MawBank":3,"Burning Blood":0,"Red Skull":13},{"Anchor":5,"NeowsBlessing":0,"Bronze Scales":7,"Astrolabe":9,"Oddly Smooth Stone":4,"Toxic Egg 2":4,"MawBank":2,"Burning Blood":0,"Red Skull":7},{"Anchor":26,"NeowsBlessing":0,"Bronze Scales":36,"Astrolabe":50,"Oddly Smooth Stone":17,"Toxic Egg 2":17,"MawBank":2,"Burning Blood":0,"Red Skull":36}],"Burning Blood":45},"card_choices":[{"not_picked":["Evolve","Bloodletting"],"picked":"Shrug It Off","floor":1},{"not_picked":["Heavy Blade","Flex"],"picked":"Rupture","floor":2},{"not_picked":["Heavy Blade","Dark Embrace"],"picked":"Clothesline","floor":4},{"not_picked":["Armaments+1","Heavy Blade"],"picked":"Demon Form","floor":7},{"not_picked":["Bloodletting+1","Warcry+1"],"picked":"Intimidate+1","floor":10},{"not_picked":["Anger","Warcry+1"],"picked":"Shrug It Off+1","floor":11},{"not_picked":["Armaments+1","True Grit+1"],"picked":"Fire Breathing","floor":12},{"not_picked":["Clothesline","Dark Embrace"],"picked":"Dual Wield+1","floor":14},{"not_picked":["Exhume+1","Double Tap+1"],"picked":"Immolate","floor":16},{"not_picked":["Clothesline","Perfected Strike"],"picked":"Pummel+1","floor":18}],"player_experience":703113,"relics_obtained":[{"floor":7,"key":"Toxic Egg 2"},{"floor":9,"key":"Oddly Smooth Stone"},{"floor":10,"key":"Anchor"}],"event_choices":[{"damage_healed":0,"gold_gain":0,"player_choice":"Success","damage_taken":3,"relics_obtained":["MawBank"],"max_hp_gain":0,"max_hp_loss":0,"event_name":"Scrap Ooze","floor":3,"gold_loss":0},{"damage_healed":0,"gold_gain":100,"player_choice":"Pray","damage_taken":0,"max_hp_gain":0,"max_hp_loss":0,"event_name":"Golden Shrine","floor":5,"gold_loss":0}],"is_beta":false,"boss_relics":[{"not_picked":["Empty Cage","Runic Dome"],"picked":"Astrolabe"}],"items_purged_floors":[13],"is_endless":false,"potions_floor_spawned":[1,4,10,14],"killed_by":"Shell Parasite","ascension_level":5}}