{"host":"iyjyqcbjxxczmrf0","time":1612674789,"event":{"mods":["2.2 Compatiblity","Act Like it!","Aspiration","BaseMod","Bestiary","Better Note","BetterRewards","Conspire","Downfall","Friendly Minions","Gensokyo","GungeonMod","Hallownest","Hermit","HololiveMod","Hubris","Infinite Spire","Jorbs\u0027s Wanderer Trilogy","Koishi","Lobotomy","LobotomyExtend","Marisa????????","Minty Spire (QoL Compilation)","Permanent Neow","Reimu??????","Remilia??????","Replay The Spire","Shop Mod","Spikes Relics","StSLib","SuperFastMode","The Animator","The Gatherer","The Hierophant","The Servant 0.9.4","TheFirefly"],"gold_per_floor":[114,114,114,64,84,117,117,63,63,63,63,63],"floor_reached":11,"language":"ENG","playtime":426,"items_purged":[],"score":69,"play_id":"56c086e5-96ae-4abc-b920-35b6ec1509d6","local_time":"20210207001309","is_ascension_mode":false,"campfire_choices":[{"floor":10,"key":"REST"}],"circlet_count":0,"master_deck":["DemoMod:Strike_Huntress","DemoMod:Strike_Huntress","DemoMod:Strike_Huntress","DemoMod:Defend_Huntress","DemoMod:Defend_Huntress","DemoMod:Defend_Huntress","DemoMod:Defend_Huntress","DemoMod:Roll","DemoMod:ManualReload","DemoMod:RustySidearm","DemoMod:CrossBow","Murderer","DemoMod:BSG","CrumblingArmor","VoidDream","DemoMod:PracticeMakesPerfect","Injury","DemoMod:SkilledReload+1"],"relics":["DemoMod:Dog","CogitoBucket","LetterFromLob","Gensokyo:PortableGap","Strawberry","Chameleon Ring","Shovel","conspire:DeflatedDodgeball","Kunai"],"acts_visited":["Gensokyo:Gensokyo"],"potions_floor_usage":[],"damage_taken":[{"damage":0,"enemies":"Gensokyo:2_Kodama","floor":1,"turns":5},{"damage":6,"enemies":"Gensokyo:Python","floor":5,"turns":4},{"damage":53,"enemies":"Gensokyo:Mamizou","floor":6,"turns":6},{"damage":25,"enemies":"Gensokyo:Aya","floor":11,"turns":5}],"seed_played":"1741910537910146261","potions_obtained":[{"floor":5,"key":"BlessingOfTheForge"},{"floor":6,"key":"Dexterity Potion"}],"is_trial":false,"path_per_floor":["M","?","?","COS","M","E","?","$","T","R","E"],"character_chosen":"HUNTRESS","items_purchased":["DemoMod:SkilledReload+1"],"campfire_rested":1,"item_purchase_floors":[8],"current_hp_per_floor":[70,63,60,60,54,1,1,1,1,20,0,0],"gold":63,"neow_bonus":"","is_daily":false,"chose_seed":false,"campfire_upgraded":0,"win_rate":0.0,"timestamp":1612674789,"path_taken":["M","?","?","COS","M","E","?","$","T","R","E"],"items_purchased_type":["Card"],"build_version":"2020-12-22","purchased_purges":0,"victory":false,"max_hp_per_floor":[70,63,70,70,70,70,67,67,64,64,64,64],"card_choices":[{"not_picked":["Bloodbath","CherryBlossoms"],"picked":"Murderer","floor":1},{"not_picked":["DemoMod:Ejector","DemoMod:JK47"],"picked":"DemoMod:BSG","floor":1},{"not_picked":["Wellcheers","OSAHOGD"],"picked":"CrumblingArmor","floor":5},{"not_picked":["DemoMod:BoxingGlove","DemoMod:PotionOfGunFriendShip","DemoMod:StickyCrossBow"],"picked":"SKIP","floor":5},{"not_picked":["BeautyBeast","Scorched"],"picked":"VoidDream","floor":6},{"not_picked":["DemoMod:AC15","DemoMod:LifeOrb"],"picked":"DemoMod:PracticeMakesPerfect","floor":6}],"player_experience":1079357,"relics_obtained":[{"floor":1,"key":"LetterFromLob"},{"floor":6,"key":"Chameleon Ring"},{"floor":9,"key":"conspire:DeflatedDodgeball"}],"event_choices":[],"is_beta":false,"boss_relics":[],"items_purged_floors":[],"is_endless":false,"potions_floor_spawned":[5,6],"killed_by":"Gensokyo:Aya","ascension_level":0}}