{"host":"jvd5k9mqzerszifx","time":1612684433,"event":{"mods":["AchievementEnabler","Act Like it!","BaseMod","Bestiary","Better Note","Better Third Choice","Colored Map","Colored Powertips","Conspire","DeckTracker","Gensokyo","GungeonMod","Hallownest","Hermit","Hubris","Infinite Spire","Jorbs\u0027s Wanderer Trilogy","Koishi","Marisa（F雨　魔理沙）","Minty Spire (QoL Compilation)","MostiFishMod","Relic Stats","Replay The Spire","Reworked Bosses","Spicy Shops","StSLib","The Administrix","The Bug Knight","The Cursed","The Hierophant","The Jungle","The Servant 0.9.4","【功能Mod】聪明的最终Boss"],"gold_per_floor":[132,164,198,268,268,336,398,398,448,16,16,16,56,56,56,256,256,286,286,286,286,286,286,346,400,448,518,518,518,518,518,518,518,518],"floor_reached":33,"language":"ZHS","playtime":1429,"items_purged":[],"score":741,"play_id":"2f039d58-9c29-44d7-a260-36a0ced55230","local_time":"20210207155353","is_ascension_mode":true,"campfire_choices":[{"data":"TheCursedMod:Strike_TheCursed","floor":8,"key":"PURGE"},{"data":"TheCursedMod:Strike_TheCursed","floor":8,"key":"PURGE"},{"data":"TheCursedMod:Strike_TheCursed","floor":8,"key":"PURGE"},{"data":"TheCursedMod:Defend_TheCursed","floor":8,"key":"PURGE"},{"data":"TheCursedMod:Defend_TheCursed","floor":8,"key":"PURGE"},{"data":"TheCursedMod:Defend_TheCursed","floor":8,"key":"PURGE"},{"data":"TheCursedMod:Defend_TheCursed","floor":8,"key":"PURGE"},{"data":"TheCursedMod:Strike_TheCursed","floor":8,"key":"PURGE"},{"data":"TheCursedMod:CursedWand","floor":8,"key":"SMITH"},{"data":"TheCursedMod:CleanUpWorkshop","floor":8,"key":"SMITH"},{"data":"TheCursedMod:ReleasedKnowledge","floor":8,"key":"SMITH"},{"data":"TheCursedMod:SpitefulPlan","floor":8,"key":"SMITH"},{"data":"TheCursedMod:CursedAmulet","floor":8,"key":"SMITH"},{"data":"TheCursedMod:CursedBoomerang","floor":8,"key":"SMITH"},{"data":"TheCursedMod:CircleOfCorruption","floor":8,"key":"SMITH"},{"data":"TheCursedMod:CursedSpellbook","floor":8,"key":"SMITH"},{"floor":8,"key":"REST"},{"data":"TheCursedMod:NeowsMight","floor":15,"key":"SMITH"},{"data":"TheCursedMod:ManaBullet","floor":15,"key":"SMITH"},{"floor":15,"key":"REST"},{"data":"TheCursedMod:CircleOfFlame","floor":23,"key":"SMITH"},{"data":"infinitespire:Gouge","floor":23,"key":"SMITH"},{"data":"ReplayTheSpireMod:Echoes of Time","floor":23,"key":"SMITH"},{"floor":23,"key":"RECALL"},{"data":"TheCursedMod:LuckyCharm","floor":30,"key":"SMITH"},{"floor":30,"key":"REST"},{"data":"stsjorbsmod:Prestidigitation","floor":32,"key":"SMITH"},{"floor":32,"key":"REST"}],"circlet_count":0,"master_deck":["AscendersBane","TheCursedMod:CursedWand+1","TheCursedMod:CleanUpWorkshop+1","TheCursedMod:ReleasedKnowledge+1","TheCursedMod:SpitefulPlan+1","TheCursedMod:CursedAmulet+1","TheCursedMod:CursedSpellbook+1","TheCursedMod:CircleOfCorruption+1","TheCursedMod:NeowsMight+1","TheCursedMod:ManaBullet+1","TheCursedMod:CircleOfFlame+1","infinitespire:Gouge+1","ReplayTheSpireMod:Echoes of Time+1","TheCursedMod:LuckyCharm+1","stsjorbsmod:Prestidigitation+1"],"relics":["TheCursedMod:BlackMagic101","Peace Pipe","Ginger","Turnip","Unceasing Top","Omamori","Ice Cream","The Courier","Medical Kit","WingedGreaves","HandDrill","Frozen Eye","Blue Candle","DemoMod:Metronome","DaveBox","NeowsBlessing","DianPoetry","Letter Opener","Juzu Bracelet","Ancient Tea Set","ClockworkSouvenir","Bottled Tornado","Replay:Baseball","Regal Pillow","Ring of Hypnosis","DemoMod:GlassGuonStoneRelic","Ring of Chaos","Ying","hubris:Icosahedron","Pear","Oddly Smooth Stone","Tiny Chest","hubris:CuriousFeather","ReplayTheSpireMod:TigerMarble"],"acts_visited":["Exordium","TheCity"],"potions_floor_usage":[],"damage_taken":[{"damage":0,"enemies":"Jaw Worm","floor":1,"turns":1},{"damage":0,"enemies":"Cultist","floor":2,"turns":1},{"damage":0,"enemies":"Small Slimes","floor":3,"turns":1},{"damage":5,"enemies":"Looter","floor":4,"turns":3},{"damage":15,"enemies":"Gremlin Nob","floor":6,"turns":4},{"damage":7,"enemies":"3 Sentries","floor":7,"turns":5},{"damage":0,"enemies":"3 Louse","floor":13,"turns":1},{"damage":0,"enemies":"Slime Boss","floor":16,"turns":1},{"damage":0,"enemies":"Spheric Guardian","floor":18,"turns":1},{"damage":0,"enemies":"Gremlin Leader","floor":24,"turns":1},{"damage":0,"enemies":"HollowMod:Nosk","floor":25,"turns":1},{"damage":0,"enemies":"Gremlin Leader","floor":27,"turns":1},{"damage":171,"enemies":"Automaton","floor":33,"turns":4}],"seed_played":"-3244421670456416250","potions_obtained":[{"floor":3,"key":"Fire Potion"},{"floor":7,"key":"SneckoOil"}],"is_trial":false,"path_per_floor":["M","M","M","M","?","E","E","R","T","$","?","?","M","?","R","B",null,"M","?","AVR","?","?","R","E","E","T","E","?","?","R","?","R","B"],"character_chosen":"THE_CURSED","items_purchased":["ClockworkSouvenir","Bottled Tornado","Replay:Baseball","TheCursedMod:NeowsMight"],"campfire_rested":4,"item_purchase_floors":[10,10,10,10],"current_hp_per_floor":[68,68,68,63,63,48,41,63,63,63,56,56,56,56,75,75,75,75,75,75,75,75,75,85,85,85,85,85,85,85,85,85,0,0],"gold":518,"neow_bonus":"THREE_ENEMY_KILL","is_daily":false,"chose_seed":false,"campfire_upgraded":15,"win_rate":0.0,"timestamp":1612684433,"path_taken":["M","M","M","M","?","E","E","R","T","$","?","?","M","?","R","BOSS","M","?","AVR","?","?","R","E","E","T","E","?","?","R","?","R","BOSS"],"items_purchased_type":["Relic","Relic","Relic","Card"],"build_version":"2020-12-22","purchased_purges":0,"victory":false,"max_hp_per_floor":[75,75,75,75,75,75,75,75,75,75,75,75,75,75,75,75,75,75,75,75,75,75,75,85,85,85,85,85,85,85,85,85,85,85],"relic_stats":{"Regal Pillow":0,"counters":[13,25],"Blue Candle":[2],"Juzu Bracelet":3,"Ginger":[0],"Letter Opener":[142],"Medical Kit":[1],"Peace Pipe":9,"Tiny Chest":0,"Turnip":[2],"HandDrill":[6],"obtain_stats":[{"Ice Cream":0,"Regal Pillow":11,"Ying":20,"DaveBox":0,"DianPoetry":4,"DemoMod:GlassGuonStoneRelic":2,"Juzu Bracelet":7,"Ginger":0,"Bottled Tornado":10,"Ancient Tea Set":9,"ClockworkSouvenir":10,"Frozen Eye":0,"hubris:Icosahedron":21,"DemoMod:Metronome":0,"Tiny Chest":26,"WingedGreaves":0,"hubris:CuriousFeather":27,"HandDrill":0,"TheCursedMod:BlackMagic101":0,"Pear":24,"NeowsBlessing":0,"Ring of Hypnosis":12,"Blue Candle":0,"Oddly Smooth Stone":25,"The Courier":0,"Ring of Chaos":17,"Omamori":0,"Letter Opener":6,"Medical Kit":0,"Peace Pipe":0,"Replay:Baseball":10,"Turnip":0,"ReplayTheSpireMod:TigerMarble":28,"Unceasing Top":0},{"Ice Cream":0,"Regal Pillow":6,"Ying":9,"DaveBox":0,"DianPoetry":4,"DemoMod:GlassGuonStoneRelic":2,"Juzu Bracelet":6,"Ginger":0,"Bottled Tornado":6,"Ancient Tea Set":6,"ClockworkSouvenir":6,"Frozen Eye":0,"hubris:Icosahedron":9,"DemoMod:Metronome":0,"Tiny Chest":11,"WingedGreaves":0,"hubris:CuriousFeather":12,"HandDrill":0,"TheCursedMod:BlackMagic101":0,"Pear":10,"NeowsBlessing":0,"Ring of Hypnosis":6,"Blue Candle":0,"Oddly Smooth Stone":11,"The Courier":0,"Ring of Chaos":8,"Omamori":0,"Letter Opener":5,"Medical Kit":0,"Peace Pipe":0,"Replay:Baseball":6,"Turnip":0,"ReplayTheSpireMod:TigerMarble":12,"Unceasing Top":0},{"Ice Cream":0,"Regal Pillow":15,"Ying":18,"DaveBox":0,"DianPoetry":4,"DemoMod:GlassGuonStoneRelic":2,"Juzu Bracelet":15,"Ginger":0,"Bottled Tornado":15,"Ancient Tea Set":15,"ClockworkSouvenir":15,"Frozen Eye":0,"hubris:Icosahedron":18,"DemoMod:Metronome":0,"Tiny Chest":20,"WingedGreaves":0,"hubris:CuriousFeather":21,"HandDrill":0,"TheCursedMod:BlackMagic101":0,"Pear":19,"NeowsBlessing":0,"Ring of Hypnosis":15,"Blue Candle":0,"Oddly Smooth Stone":20,"The Courier":0,"Ring of Chaos":17,"Omamori":0,"Letter Opener":10,"Medical Kit":0,"Peace Pipe":0,"Replay:Baseball":15,"Turnip":0,"ReplayTheSpireMod:TigerMarble":21,"Unceasing Top":0}],"Unceasing Top":[0]},"card_choices":[{"not_picked":["TheCursedMod:ManaBullet","TheCursedMod:SmokeScreen"],"picked":"TheCursedMod:ReleasedKnowledge","floor":1},{"not_picked":["TheCursedMod:CursedBoomerang","TheCursedMod:EmpowerCircles"],"picked":"TheCursedMod:SpitefulPlan","floor":2},{"not_picked":["TheCursedMod:CircleOfCorruption","TheCursedMod:SaltUponWound"],"picked":"TheCursedMod:CursedAmulet","floor":3},{"not_picked":["TheCursedMod:WearCloak","TheCursedMod:PrepareRite"],"picked":"TheCursedMod:CursedBoomerang","floor":4},{"not_picked":["TheCursedMod:SpitefulStrike","TheCursedMod:SoulCrush"],"picked":"TheCursedMod:CursedSpellbook","floor":6},{"not_picked":["TheCursedMod:CursedMace","TheCursedMod:Stigma"],"picked":"TheCursedMod:CircleOfCorruption","floor":7},{"not_picked":["TheCursedMod:SoulReap","TheCursedMod:VoidForm"],"picked":"TheCursedMod:ManaBullet","floor":13},{"not_picked":["TheCursedMod:CircleOfWindfury","TheCursedMod:Hemoplague"],"picked":"TheCursedMod:CircleOfFlame","floor":18},{"not_picked":["infinitespire:Oblivion","infinitespire:FinalStrike"],"picked":"infinitespire:Gouge","floor":19},{"not_picked":["TheCursedMod:RavingStaff","TheCursedMod:AbyssShockwave","TheCursedMod:StunningStrike"],"picked":"SKIP","floor":24},{"not_picked":["TheCursedMod:Stigma","TheCursedMod:CircleOfCorruption"],"picked":"TheCursedMod:LuckyCharm","floor":25},{"not_picked":["TheCursedMod:CursedArmor","TheCursedMod:DoubleShield"],"picked":"TheCursedMod:Grudge","floor":27}],"player_experience":348443,"relics_obtained":[{"floor":6,"key":"Letter Opener"},{"floor":7,"key":"Juzu Bracelet"},{"floor":9,"key":"Ancient Tea Set"},{"floor":12,"key":"Ring of Hypnosis"},{"floor":24,"key":"Pear"},{"floor":25,"key":"Oddly Smooth Stone"},{"floor":26,"key":"Tiny Chest"},{"floor":27,"key":"hubris:CuriousFeather"}],"event_choices":[{"cards_removed":["TheCursedMod:Dregs"],"damage_healed":0,"gold_gain":0,"player_choice":"Removed Curses","damage_taken":0,"max_hp_gain":0,"max_hp_loss":0,"event_name":"Fountain of Cleansing","floor":5,"gold_loss":0},{"damage_healed":0,"gold_gain":1,"player_choice":"Relic ","damage_taken":7,"max_hp_gain":0,"max_hp_loss":0,"event_name":"betterThird:BetterScrap","floor":11,"gold_loss":0,"cards_obtained":["MostiFishMod:Impulse"]},{"cards_removed":["TheCursedMod:CursedBoomerang"],"damage_healed":0,"gold_gain":0,"player_choice":"Forget","damage_taken":0,"max_hp_gain":0,"max_hp_loss":0,"event_name":"Living Wall","floor":14,"gold_loss":0},{"damage_healed":0,"gold_gain":0,"player_choice":"Ignored","damage_taken":0,"max_hp_gain":0,"max_hp_loss":0,"event_name":"Ghosts","floor":22,"gold_loss":0},{"cards_removed":["TheCursedMod:Grudge"],"damage_healed":0,"gold_gain":0,"player_choice":"Purged","damage_taken":0,"max_hp_gain":0,"max_hp_loss":0,"event_name":"Purifier","floor":29,"gold_loss":0},{"damage_healed":0,"gold_gain":0,"player_choice":"Read","damage_taken":0,"max_hp_gain":0,"max_hp_loss":0,"event_name":"The Library","floor":31,"gold_loss":0,"cards_obtained":["stsjorbsmod:Prestidigitation"]}],"is_beta":false,"boss_relics":[{"not_picked":["Black Star","infinitespire:Cupcake"],"picked":"Ring of Chaos"}],"items_purged_floors":[],"is_endless":false,"potions_floor_spawned":[3,7,13,24],"killed_by":"Automaton","ascension_level":12}}