{"host":"qksa0nge77ubun9a","time":1612657680,"event":{"mods":["AchievementEnabler","BaseMod","Colored Map","Colored Powertips","Googly Eyes","Highlight Path","Minty Spire (QoL Compilation)","Quick Restart","StSLib"],"gold_per_floor":[110,110,121,140,41,41,66,66,90,109,119,119,153,172,172,267,267,284,303,303,315,230,230,230,230],"floor_reached":24,"language":"ENG","playtime":973,"items_purged":["Defend_R"],"score":322,"play_id":"453dcec5-ecf6-45bc-b47d-a0c1faf4fe3f","local_time":"20210206162800","is_ascension_mode":true,"campfire_choices":[{"data":"Bash","floor":6.0,"key":"SMITH"},{"data":"Flex","floor":8.0,"key":"SMITH"},{"floor":12.0,"key":"REST"},{"data":"Pummel","floor":15.0,"key":"SMITH"},{"floor":23,"key":"REST"}],"circlet_count":0,"master_deck":["AscendersBane","Strike_R","Strike_R","Strike_R","Strike_R","Strike_R","Defend_R","Defend_R","Defend_R","Bash+1","Pummel+1","Flex+1","Sword Boomerang","Cleave","Dropkick","Power Through","Dark Embrace","Shrug It Off","Wild Strike","Perfected Strike","Barricade","Iron Wave+1","Twin Strike","Sever Soul","Pommel Strike+1","Body Slam+1"],"relics":["Black Blood","NeowsBlessing","Toy Ornithopter","Dream Catcher","Red Skull","Shuriken"],"acts_visited":["Exordium","TheCity"],"potions_floor_usage":[21,21],"damage_taken":[{"damage":0.0,"enemies":"Jaw Worm","floor":1.0,"turns":1.0},{"damage":0.0,"enemies":"Cultist","floor":3.0,"turns":1.0},{"damage":0.0,"enemies":"2 Louse","floor":4.0,"turns":1.0},{"damage":35.0,"enemies":"3 Sentries","floor":7.0,"turns":7.0},{"damage":18.0,"enemies":"Large Slime","floor":10.0,"turns":3.0},{"damage":14.0,"enemies":"Exordium Thugs","floor":11.0,"turns":3.0},{"damage":15.0,"enemies":"Lagavulin","floor":13.0,"turns":7.0},{"damage":14.0,"enemies":"Red Slaver","floor":14.0,"turns":2.0},{"damage":67.0,"enemies":"The Guardian","floor":16.0,"turns":14.0},{"damage":12.0,"enemies":"Chosen","floor":18.0,"turns":3.0},{"damage":26,"enemies":"Spheric Guardian","floor":19,"turns":4},{"damage":46,"enemies":"Shelled Parasite and Fungi","floor":21,"turns":5},{"damage":28,"enemies":"Gremlin Leader","floor":24,"turns":3}],"seed_played":"3893799523521135042","potions_obtained":[{"floor":4.0,"key":"BloodPotion"},{"floor":11.0,"key":"Fire Potion"},{"floor":14.0,"key":"GamblersBrew"},{"floor":16.0,"key":"Fire Potion"},{"floor":19,"key":"Fire Potion"}],"is_trial":false,"path_per_floor":["M","?","M","M","$","R","E","R","T","M","M","R","E","M","R","B",null,"M","M","?","M","?","R","E"],"character_chosen":"IRONCLAD","items_purchased":["Cleave"],"campfire_rested":2,"item_purchase_floors":[5],"current_hp_per_floor":[78,80,80,80,80,80,51,51,51,39,31,55,46,43,43,8,62,62,48,48,24,24,48,20,20],"gold":230,"neow_bonus":"THREE_ENEMY_KILL","is_daily":false,"chose_seed":false,"campfire_upgraded":3,"win_rate":0.0,"timestamp":1612657680,"path_taken":["M","?","M","?","?","R","E","R","T","M","M","R","E","M","R","BOSS","M","M","?","M","?","R","E"],"items_purchased_type":["Card"],"build_version":"2020-12-22","purchased_purges":1,"victory":false,"max_hp_per_floor":[80,80,80,80,80,80,80,80,80,80,80,80,80,80,80,80,80,80,80,80,80,80,80,80,80],"card_choices":[{"not_picked":["Perfected Strike","Flame Barrier"],"picked":"Pummel","floor":1.0},{"not_picked":["Rupture","Anger"],"picked":"Flex","floor":3.0},{"not_picked":["Intimidate","Clothesline"],"picked":"Sword Boomerang","floor":4.0},{"not_picked":["Searing Blow","Dual Wield"],"picked":"Dropkick","floor":7.0},{"not_picked":["Disarm","Carnage"],"picked":"Power Through","floor":10.0},{"not_picked":["Anger","Body Slam"],"picked":"Dark Embrace","floor":11.0},{"not_picked":["Anger","Thunderclap"],"picked":"Shrug It Off","floor":12.0},{"not_picked":["Body Slam","Sentinel"],"picked":"Wild Strike","floor":13.0},{"not_picked":["Rupture","Shrug It Off"],"picked":"Perfected Strike","floor":14.0},{"not_picked":["Corruption","Feed"],"picked":"Barricade","floor":16.0},{"not_picked":["Body Slam","Cleave"],"picked":"Iron Wave+1","floor":18.0},{"not_picked":["Iron Wave","Body Slam"],"picked":"Twin Strike","floor":19},{"not_picked":["Dark Embrace","Demon Form"],"picked":"Pommel Strike+1","floor":21},{"not_picked":["Perfected Strike+1","Disarm"],"picked":"Body Slam+1","floor":23}],"player_experience":1345050,"relics_obtained":[{"floor":7.0,"key":"Toy Ornithopter"},{"floor":9.0,"key":"Dream Catcher"},{"floor":13.0,"key":"Red Skull"}],"event_choices":[{"damage_healed":2.0,"max_hp_gain":0.0,"max_hp_loss":0.0,"gold_gain":0.0,"event_name":"Wheel of Change","player_choice":"Full Heal","floor":2.0,"gold_loss":0.0,"damage_taken":0.0},{"damage_healed":0,"gold_gain":0,"player_choice":"Read","damage_taken":0,"max_hp_gain":0,"max_hp_loss":0,"event_name":"The Library","floor":20,"gold_loss":0,"cards_obtained":["Sever Soul"]},{"damage_healed":0,"gold_gain":0,"player_choice":"Obtained Relic","damage_taken":0,"relics_obtained":["Shuriken"],"max_hp_gain":0,"max_hp_loss":0,"event_name":"Addict","floor":22,"gold_loss":85}],"is_beta":false,"boss_relics":[{"not_picked":["Sozu","Pandora\u0027s Box"],"picked":"Black Blood"}],"items_purged_floors":[5],"is_endless":false,"potions_floor_spawned":[4,11,14,16,19],"killed_by":"Gremlin Leader","ascension_level":11}}