{"host":"xfi24g1jbker97hv","time":1612720685,"event":{"mods":["AchievementEnabler","BaseMod","Colored Map","DeckTracker","Keyboard Shortcuts","Minty Spire (QoL Compilation)","Quick Restart","SuperFastMode"],"gold_per_floor":[118,134,152,162,36,63,79,79,79],"floor_reached":8,"language":"KOR","playtime":493,"items_purged":["Strike_B"],"score":60,"play_id":"00440a75-f0d6-4e2f-9f75-57333f7b6959","local_time":"20210208025805","is_ascension_mode":false,"campfire_choices":[],"circlet_count":0,"master_deck":["Strike_B","Strike_B","Strike_B","Defend_B+1","Defend_B+1","Defend_B","Defend_B","Zap","Dualcast","Self Repair","Cold Snap","Machine Learning","Steam","Redo","Glacier","Coolheaded"],"relics":["Runic Pyramid","War Paint"],"acts_visited":["Exordium"],"potions_floor_usage":[8,8],"damage_taken":[{"damage":4,"enemies":"2 Louse","floor":1,"turns":3},{"damage":1,"enemies":"Cultist","floor":2,"turns":4},{"damage":0,"enemies":"Small Slimes","floor":3,"turns":4},{"damage":19,"enemies":"3 Louse","floor":4,"turns":4},{"damage":27,"enemies":"3 Sentries","floor":6,"turns":10},{"damage":8,"enemies":"Large Slime","floor":7,"turns":8},{"damage":45,"enemies":"Gremlin Nob","floor":8,"turns":6}],"seed_played":"5976526235128613107","potions_obtained":[{"floor":6,"key":"Block Potion"},{"floor":7,"key":"AttackPotion"}],"is_trial":false,"path_per_floor":["M","M","M","M","$","E","M","E"],"character_chosen":"DEFECT","items_purchased":["Redo"],"campfire_rested":0,"item_purchase_floors":[5],"current_hp_per_floor":[71,75,75,63,63,43,42,0,0],"gold":79,"neow_bonus":"BOSS_RELIC","is_daily":false,"chose_seed":false,"campfire_upgraded":0,"win_rate":0.0,"timestamp":1612720685,"path_taken":["M","M","M","M","$","E","M","E"],"items_purchased_type":["Card"],"build_version":"2020-12-22","purchased_purges":1,"victory":false,"max_hp_per_floor":[75,75,75,75,75,75,75,75,75],"card_choices":[{"not_picked":["Hologram","Coolheaded"],"picked":"Self Repair","floor":1},{"not_picked":["Gash","Ball Lightning"],"picked":"Cold Snap","floor":2},{"not_picked":["Coolheaded","Sweeping Beam"],"picked":"Machine Learning","floor":3},{"not_picked":["Tempest","Go for the Eyes"],"picked":"Steam","floor":4},{"not_picked":["Go for the Eyes","Auto Shields"],"picked":"Glacier","floor":6},{"not_picked":["Turbo","Leap"],"picked":"Coolheaded","floor":7}],"player_experience":5593,"relics_obtained":[{"floor":6,"key":"War Paint"}],"event_choices":[],"is_beta":false,"boss_relics":[],"items_purged_floors":[5],"is_endless":false,"potions_floor_spawned":[6,7],"killed_by":"Gremlin Nob","ascension_level":0}}