{"host":"g2dipcf2fg7v2dle","time":1612672632,"event":{"mods":["AchievementEnabler","Aspiration","BaseMod","Bestiary","Better Third Choice","BetterRewards","Challenge The Spire","Colored Map","Colored Powertips","Conspire","Curses Come First","DeckTracker","GifTheSpireLib","Googly Eyes","Halation","Hubris","Infinite Spire","Minty Spire (QoL Compilation)","Relic Sorter","Relic Stats","Replay The Spire","Spicy Shops","Spire Arcade","StSLib","Stuff the Spire","SuperFastMode","The Jungle","The Servant 0.9.4","Trackpad","Waifu the Spire"],"gold_per_floor":[118,133,133,133,133,173,173,173,173],"floor_reached":8,"language":"ENG","playtime":432,"items_purged":[],"score":84,"play_id":"1f12ffae-a809-4dc7-b61c-6470e88900e7","local_time":"20210206233712","is_ascension_mode":true,"campfire_choices":[{"floor":7,"key":"REST"}],"circlet_count":0,"master_deck":["AscendersBane","Strike_G","Strike_G","Strike_G","Strike_G","Strike_G","Defend_G","Defend_G","Defend_G","Defend_G","Defend_G","Survivor","Neutralize","Deadly Poison+1","Atom Bomb","Slice"],"relics":["halation:SimulatedSpire","hubris:Icosahedron","Golden Idol","Toy Ornithopter"],"acts_visited":["Exordium"],"potions_floor_usage":[6],"damage_taken":[{"damage":4,"enemies":"Jaw Worm","floor":1,"turns":6},{"damage":0,"enemies":"conspire:RoseBush","floor":2,"turns":4},{"damage":39,"enemies":"Replay:BlueRogue","floor":6,"turns":9},{"damage":46,"enemies":"Gremlin Nob","floor":8,"turns":5}],"seed_played":"5646081633962398873","potions_obtained":[{"floor":2,"key":"LiquidBronze"}],"is_trial":false,"path_per_floor":["M","M","?","?","?","E","R","E"],"character_chosen":"THE_SILENT","items_purchased":[],"campfire_rested":1,"item_purchase_floors":[],"current_hp_per_floor":[59,59,59,59,59,20,39,0,0],"gold":173,"neow_bonus":"SIMULATED_SPIRE","is_daily":false,"chose_seed":false,"campfire_upgraded":0,"win_rate":0.0,"timestamp":1612672632,"path_taken":["M","M","?","?","?","E","R","E"],"items_purchased_type":[],"build_version":"2020-12-22","purchased_purges":0,"victory":false,"max_hp_per_floor":[70,70,70,65,65,65,65,65,65],"relic_stats":{"counters":[4,24],"Golden Idol":8,"obtain_stats":[{"hubris:Icosahedron":3,"Golden Idol":4,"halation:SimulatedSpire":0,"Toy Ornithopter":6,"Ring of the Snake":0},{"hubris:Icosahedron":2,"Golden Idol":2,"halation:SimulatedSpire":0,"Toy Ornithopter":3,"Ring of the Snake":0},{"hubris:Icosahedron":10,"Golden Idol":10,"halation:SimulatedSpire":0,"Toy Ornithopter":19,"Ring of the Snake":0}],"Toy Ornithopter":0},"card_choices":[{"not_picked":["Finisher","Backflip"],"picked":"Deadly Poison","floor":1},{"not_picked":["Distraction","Hidden Blade"],"picked":"Atom Bomb","floor":2},{"not_picked":["Dagger Throw","Heel Hook"],"picked":"Slice","floor":6}],"player_experience":191464,"relics_obtained":[{"floor":6,"key":"Toy Ornithopter"}],"event_choices":[{"damage_healed":0,"gold_gain":0,"player_choice":"Lose Max HP","damage_taken":0,"relics_obtained":["Golden Idol"],"max_hp_gain":0,"max_hp_loss":5,"event_name":"Golden Idol","floor":4,"gold_loss":0}],"is_beta":false,"boss_relics":[],"items_purged_floors":[],"is_endless":false,"potions_floor_spawned":[2],"killed_by":"Gremlin Nob","ascension_level":11}}