{"host":"yx8wv8d7ru77s2k1","time":1612719915,"event":{"mods":["BaseMod","Colored Map","Downfall","Hermit","Infinite Spire","Jorbs\u0027s Wanderer Trilogy","Marisa????????","Minty Spire (QoL Compilation)","Relic Sorter","Reliquary","Spikes Relics","StSLib","The Bug Knight","The Disciple","The Hierophant","The Necromancer","The Servant 0.9.4"],"gold_per_floor":[116,116,41,41,41,76,76,103,103,113,166,184,199,19,19,120,120,132,132,102,102],"floor_reached":20,"language":"ENG","playtime":542,"items_purged":["Strike_B","Strike_B"],"score":180,"play_id":"a4aeb31a-9d96-427f-a4a9-0b99ea2c37b0","local_time":"20210207184515","is_ascension_mode":false,"campfire_choices":[{"data":"Redo","floor":7,"key":"SMITH"},{"floor":15,"key":"REST"}],"circlet_count":0,"master_deck":["Strike_B","Defend_B","Defend_B","Defend_B","Defend_B","Zap","Dualcast","Redo+1","Machine Learning","Doom and Gloom","Self Repair","Defragment","Echo Form"],"relics":["Cracked Core","Shuriken","reliquary:IridiumChain","infinitespire:EmpoweringShard","infinitespire:Lucky Rock","Philosopher\u0027s Stone"],"acts_visited":["Exordium","TheCity"],"potions_floor_usage":[6,16],"damage_taken":[{"damage":1,"enemies":"Jaw Worm","floor":1,"turns":4},{"damage":16,"enemies":"Lagavulin","floor":6,"turns":7},{"damage":30,"enemies":"3 Sentries","floor":8,"turns":8},{"damage":1,"enemies":"Cultist","floor":10,"turns":3},{"damage":7,"enemies":"Small Slimes","floor":12,"turns":2},{"damage":4,"enemies":"Blue Slaver","floor":13,"turns":4},{"damage":22,"enemies":"Slime Boss","floor":16,"turns":9},{"damage":25,"enemies":"Shell Parasite","floor":18,"turns":6},{"damage":17,"enemies":"2 Thieves","floor":20,"turns":2}],"seed_played":"-7077605953366738937","potions_obtained":[{"floor":1,"key":"champ:CounterPotion"},{"floor":12,"key":"GamblersBrew"}],"is_trial":true,"path_per_floor":["M","?","$","$","?","E","R","E","T","M","T","M","M","$","R","B",null,"M","?","M"],"character_chosen":"DEFECT","items_purchased":["Defragment"],"campfire_rested":1,"item_purchase_floors":[14],"current_hp_per_floor":[74,74,74,74,74,58,58,28,28,27,27,20,23,23,45,30,75,64,64,47,47],"gold":102,"neow_bonus":"","is_daily":false,"chose_seed":false,"campfire_upgraded":1,"win_rate":0.0,"timestamp":1612719915,"path_taken":["M","?","?","$","?","E","R","E","T","M","?","M","?","$","R","BOSS","M","?","M"],"items_purchased_type":["Card"],"build_version":"2020-12-22","purchased_purges":2,"victory":false,"max_hp_per_floor":[75,75,75,75,75,75,75,75,75,75,75,75,75,75,75,75,75,75,75,75,75],"card_choices":[{"not_picked":["Coolheaded","Sweeping Beam"],"picked":"Redo","floor":1},{"not_picked":["Stack","Aggregate","Skim"],"picked":"SKIP","floor":6},{"not_picked":["Static Discharge","Melter"],"picked":"Machine Learning","floor":8},{"not_picked":["Barrage","White Noise"],"picked":"Doom and Gloom","floor":10},{"not_picked":["Defragment","Stack"],"picked":"Self Repair","floor":12},{"not_picked":["Ball Lightning","Turbo","Rebound"],"picked":"SKIP","floor":13},{"not_picked":["Thunder Strike","Core Surge"],"picked":"Echo Form","floor":16},{"not_picked":["Tempest","Stack+1","Melter"],"picked":"SKIP","floor":18}],"player_experience":186924,"relics_obtained":[{"floor":6,"key":"Shuriken"},{"floor":8,"key":"reliquary:IridiumChain"},{"floor":9,"key":"infinitespire:EmpoweringShard"},{"floor":11,"key":"infinitespire:Lucky Rock"}],"event_choices":[{"cards_removed":["Strike_B"],"damage_healed":0,"gold_gain":0,"player_choice":"Purged","damage_taken":0,"max_hp_gain":0,"max_hp_loss":0,"event_name":"Purifier","floor":2,"gold_loss":0},{"damage_healed":0,"gold_gain":0,"player_choice":"Ignored","damage_taken":0,"max_hp_gain":0,"max_hp_loss":0,"event_name":"Ghosts","floor":19,"gold_loss":0}],"is_beta":false,"boss_relics":[{"not_picked":["Cursed Key","Tiny House"],"picked":"Philosopher\u0027s Stone"}],"items_purged_floors":[3,14],"is_endless":false,"potions_floor_spawned":[1,12],"killed_by":"2 Thieves","ascension_level":0}}