{"host":"0awa854l6bexpjrv","time":1612680920,"event":{"mods":["BaseMod","Block Reminder","Colored Map","Colored Powertips","Downfall","Highlight Path","Minty Spire (QoL Compilation)","Quick Restart","Rare Cards Sparkle","StSLib","SuperFastMode"],"gold_per_floor":[109,109,109,34,34,34,109,109,109,109,133,133,149,189,189,319,319,339,339,339,339,358,391,391,391,391,391,316,441,441,135,135,135,135],"floor_reached":33,"language":"ENG","playtime":2733,"items_purged":["Injury"],"score":344,"play_id":"cd1b36da-04fb-47ee-a719-a74e659f3d75","local_time":"20210206225520","is_ascension_mode":true,"campfire_choices":[{"floor":6.0,"key":"REST"},{"floor":12.0,"key":"REST"},{"data":"Entrench","floor":15.0,"key":"SMITH"},{"data":"Uppercut","floor":24.0,"key":"SMITH"},{"data":"Shockwave","floor":27,"key":"SMITH"},{"data":"Disarm","floor":30,"key":"SMITH"},{"data":"Reaper","floor":32,"key":"SMITH"}],"circlet_count":0,"master_deck":["Bash+1","Clothesline","Blood for Blood+1","Ghostly Armor","Whirlwind","Carnage","Offering","Entrench+1","Reaper","Impervious","Shockwave+1","Burning Pact","Uppercut+1","Headbutt","Metallicize","Whirlwind","True Grit+1","Reaper+1","Ghostly","Ghostly","Ghostly","Ghostly","Ghostly","Disarm+1","Flame Barrier+1"],"relics":["Burning Blood","Prayer Wheel","Golden Idol","Question Card","Juzu Bracelet","Regal Pillow","Pandora\u0027s Box","Potion Belt","Bottled Lightning","CaptainsWheel","Bottled Flame","Strawberry","Oddly Smooth Stone"],"acts_visited":["Exordium","TheCity"],"potions_floor_usage":[29],"damage_taken":[{"damage":19.0,"enemies":"Jaw Worm","floor":1.0,"turns":5.0},{"damage":3.0,"enemies":"Small Slimes","floor":11.0,"turns":3.0},{"damage":0.0,"enemies":"Cultist","floor":13.0,"turns":4.0},{"damage":10.0,"enemies":"Gremlin Nob","floor":14.0,"turns":3.0},{"damage":57.0,"enemies":"Slime Boss","floor":16.0,"turns":11.0},{"damage":9.0,"enemies":"3 Byrds","floor":18.0,"turns":6.0},{"damage":7.0,"enemies":"Spheric Guardian","floor":22.0,"turns":6.0},{"damage":18.0,"enemies":"Gremlin Leader","floor":23.0,"turns":9.0},{"damage":3,"enemies":"Colosseum Slavers","floor":29,"turns":6},{"damage":8,"enemies":"Colosseum Nobs","floor":29,"turns":6},{"damage":53,"enemies":"Automaton","floor":33,"turns":6}],"seed_played":"-4289033538871862349","potions_obtained":[{"floor":1.0,"key":"Guardian:BlockOnCardUsePotion"},{"floor":11.0,"key":"PowerPotion"},{"floor":13.0,"key":"Block Potion"},{"floor":14.0,"key":"SteroidPotion"},{"floor":23.0,"key":"ColorlessPotion"}],"is_trial":false,"path_per_floor":["M","?","?","$","T","R","?","?","T","?","M","R","M","E","R","B",null,"M","?","?","?","M","E","R","?","T","R","?","?","R","$","R","B"],"character_chosen":"IRONCLAD","items_purchased":["Strawberry","Oddly Smooth Stone"],"campfire_rested":2,"item_purchase_floors":[31,31],"current_hp_per_floor":[59,45,45,45,45,66,55,48,48,48,51,72,72,68,68,17,58,63,63,36,36,35,36,36,36,36,36,36,34,34,41,41,0,0],"gold":135,"neow_bonus":"ONE_RARE_RELIC","is_daily":false,"chose_seed":false,"campfire_upgraded":5,"win_rate":0.0,"timestamp":1612680920,"path_taken":["M","?","?","$","?","R","?","?","T","?","M","R","M","E","R","BOSS","M","?","?","?","M","E","R","?","T","R","?","?","R","$","R","BOSS"],"items_purchased_type":["Relic","Relic"],"build_version":"2020-12-22","purchased_purges":1,"victory":false,"max_hp_per_floor":[72,72,72,72,72,72,72,72,72,72,72,72,72,72,72,72,72,72,72,36,36,36,36,36,36,36,36,36,36,36,43,43,43,43],"card_choices":[{"not_picked":["Rupture","Iron Wave"],"picked":"Clothesline","floor":1.0},{"not_picked":["Searing Blow","Perfected Strike"],"picked":"Blood for Blood","floor":1.0},{"not_picked":["Iron Wave","Warcry","Clash"],"picked":"Ghostly Armor","floor":11.0},{"not_picked":["Warcry","Headbutt","Burning Pact"],"picked":"Whirlwind","floor":11.0},{"not_picked":["Iron Wave","Havoc","Warcry"],"picked":"Carnage","floor":13.0},{"not_picked":["Dropkick","Sword Boomerang","Headbutt"],"picked":"Offering","floor":13.0},{"not_picked":["Cleave","Dual Wield","Clash"],"picked":"Entrench","floor":14.0},{"not_picked":["Immolate","Offering","Berserk"],"picked":"Reaper","floor":16.0},{"not_picked":["Iron Wave","Shockwave","Sword Boomerang"],"picked":"True Grit","floor":18.0},{"not_picked":["Burning Pact","Iron Wave+1","Twin Strike+1"],"picked":"Reaper","floor":18.0},{"not_picked":["Sever Soul","Seeing Red","Shockwave"],"picked":"Flame Barrier+1","floor":22.0},{"not_picked":["Rage","Hemokinesis","Havoc+1","Anger"],"picked":"SKIP","floor":22.0},{"not_picked":["Whirlwind","Anger","Fire Breathing","Hemokinesis"],"picked":"SKIP","floor":23.0}],"player_experience":734320,"relics_obtained":[{"floor":5.0,"key":"Question Card"},{"floor":9.0,"key":"Juzu Bracelet"},{"floor":14.0,"key":"Regal Pillow"},{"floor":23.0,"key":"Potion Belt"},{"floor":26,"key":"Bottled Lightning"},{"floor":29,"key":"CaptainsWheel"},{"floor":29,"key":"Bottled Flame"}],"event_choices":[{"damage_healed":0.0,"max_hp_gain":0.0,"max_hp_loss":0.0,"gold_gain":0.0,"event_name":"Shining Light","player_choice":"Entered Light","floor":2.0,"gold_loss":0.0,"damage_taken":14.0,"cards_upgraded":["Defend_R","Blood for Blood"]},{"damage_healed":0.0,"max_hp_gain":0.0,"max_hp_loss":0.0,"gold_gain":0.0,"event_name":"Golden Idol","player_choice":"Take Wound","floor":3.0,"gold_loss":0.0,"damage_taken":0.0,"relics_obtained":["Golden Idol"],"cards_obtained":["Injury"]},{"damage_healed":0.0,"max_hp_gain":0.0,"max_hp_loss":0.0,"gold_gain":75.0,"event_name":"World of Goop","player_choice":"Gather Gold","floor":7.0,"gold_loss":0.0,"damage_taken":11.0},{"cards_removed":["Strike_R"],"damage_healed":0.0,"max_hp_gain":0.0,"max_hp_loss":0.0,"gold_gain":0.0,"event_name":"Golden Wing","player_choice":"Card Removal","floor":8.0,"gold_loss":0.0,"damage_taken":7.0},{"damage_healed":0.0,"max_hp_gain":0.0,"max_hp_loss":0.0,"gold_gain":0.0,"event_name":"Living Wall","player_choice":"Grow","floor":10.0,"gold_loss":0.0,"damage_taken":0.0,"cards_upgraded":["Bash"]},{"damage_healed":0.0,"max_hp_gain":0.0,"max_hp_loss":0.0,"gold_gain":0.0,"event_name":"Upgrade Shrine","player_choice":"Upgraded","floor":19.0,"gold_loss":0.0,"damage_taken":0.0,"cards_upgraded":["True Grit"]},{"damage_healed":0.0,"max_hp_gain":0.0,"max_hp_loss":36.0,"gold_gain":0.0,"event_name":"Ghosts","player_choice":"Became a Ghost","floor":20.0,"gold_loss":0.0,"damage_taken":0.0,"cards_obtained":["Ghostly","Ghostly","Ghostly","Ghostly","Ghostly"]},{"damage_healed":0.0,"max_hp_gain":0.0,"max_hp_loss":0.0,"gold_gain":0.0,"event_name":"The Library","player_choice":"Read","floor":21.0,"gold_loss":0.0,"damage_taken":0.0,"cards_obtained":["Disarm"]},{"damage_healed":0.0,"max_hp_gain":0.0,"max_hp_loss":0.0,"gold_gain":0.0,"cards_transformed":["Entrench"],"event_name":"Transmorgrifier","player_choice":"Transformed","floor":25.0,"gold_loss":0.0,"damage_taken":0.0,"cards_obtained":["Flex"]},{"cards_removed":["Flex"],"damage_healed":0,"gold_gain":0,"player_choice":"Gave Gold","damage_taken":0,"max_hp_gain":0,"max_hp_loss":0,"event_name":"Beggar","floor":28,"gold_loss":75},{"damage_healed":0,"gold_gain":0,"player_choice":"Fight","damage_taken":0,"max_hp_gain":0,"max_hp_loss":0,"event_name":"Colosseum","floor":29,"gold_loss":0},{"damage_healed":0,"gold_gain":0,"player_choice":"Fought Nobs","damage_taken":0,"max_hp_gain":0,"max_hp_loss":0,"event_name":"Colosseum","floor":29,"gold_loss":0}],"is_beta":false,"boss_relics":[{"not_picked":["Astrolabe","Coffee Dripper"],"picked":"Pandora\u0027s Box"}],"items_purged_floors":[4],"is_endless":false,"potions_floor_spawned":[1,11,13,14,23,29],"killed_by":"Automaton","ascension_level":5}}