{"host":"mnljlkge2zm8bbif","time":1612739845,"event":{"mods":["Aspiration","BaseMod","Beaked The Cultist","Better Third Choice","BetterRewards","CCEM2","Challenge The Spire","Displayed Cursed Tome","Gremlin Mod","Hubris","Minty Spire (QoL Compilation)","Relic Stats","Replay The Spire","Robot Space Explorer","Shop Mod","Spicy Shops","StSLib","The Marked"],"gold_per_floor":[118,118,134,309,16,16,35,48,48,48,48,68,100,115,115,115,115],"floor_reached":16,"language":"ENG","playtime":998,"items_purged":[],"score":268,"play_id":"4152cba6-d29f-4e03-9c05-021139947a1e","local_time":"20210207181725","is_ascension_mode":true,"campfire_choices":[{"data":"Unload","floor":6,"key":"SMITH"},{"floor":11,"key":"REST"},{"floor":15,"key":"REST"}],"circlet_count":0,"master_deck":["AscendersBane","Strike_G","Strike_G","Strike_G","Strike_G","Strike_G","Defend_G","Defend_G+1","Defend_G","Defend_G","Defend_G","Survivor","Neutralize","Unload+1","Doubt","Unload","hubris:NaturalOne","theextravagant:PerfectTheBasics","Demonic Infusion"],"relics":["Ring of the Snake","CCEMRelics:PocketTank","CCEMRelics:FryingPan","Singing Bowl","DollysMirror","PrismaticShard","CCEMRelics:IronFruit","hubris:Icosahedron","hubris:SlimyHat"],"acts_visited":["Exordium"],"potions_floor_usage":[12,13,16,16],"damage_taken":[{"damage":3,"enemies":"2 Louse","floor":1,"turns":3},{"damage":0,"enemies":"Cultist","floor":3,"turns":3},{"damage":12,"enemies":"Jaw Worm","floor":7,"turns":2},{"damage":10,"enemies":"3 Louse","floor":8,"turns":5},{"damage":0,"enemies":"2 Fungi Beasts","floor":12,"turns":2},{"damage":19,"enemies":"3 Sentries","floor":13,"turns":6},{"damage":35,"enemies":"Exordium Thugs","floor":14,"turns":6},{"damage":39,"enemies":"The Guardian","floor":16,"turns":11}],"seed_played":"-6073488514793793343","potions_obtained":[{"floor":8,"key":"Fire Potion"},{"floor":13,"key":"SteroidPotion"},{"floor":14,"key":"LiquidMemories"}],"is_trial":false,"path_per_floor":["M","?","M","?","$","R","M","M","T","?","R","M","E","M","R","B"],"character_chosen":"THE_SILENT","items_purchased":["CCEMRelics:PocketTank","CCEMRelics:FryingPan","Singing Bowl","DollysMirror","PrismaticShard"],"campfire_rested":2,"item_purchase_floors":[0,0,0,5,5],"current_hp_per_floor":[40,40,42,42,42,42,32,24,29,29,53,55,36,1,26,0,0],"gold":115,"neow_bonus":"","is_daily":false,"chose_seed":false,"campfire_upgraded":1,"win_rate":0.0,"timestamp":1612739845,"path_taken":["M","?","?","?","?","R","M","M","T","?","R","M","E","?","R","BOSS"],"items_purchased_type":["Relic","Relic","Relic","Relic","Relic"],"build_version":"2020-12-22","purchased_purges":0,"victory":false,"max_hp_per_floor":[72,72,74,74,74,74,76,78,83,83,83,85,85,85,85,85,85],"relic_stats":{"Singing Bowl":10,"counters":[202,940],"obtain_stats":[{"TwistedFunnel":0,"Replay:Accelerometer":10,"CCEMRelics:PorcelainBowl":19,"Spirit Poop":11,"Whetstone":0,"hubris:MysteriousPyramids":0,"Boot":9,"Old Coin":6,"Blood Vial":26,"Replay:Ringing Soul":41,"hubris:AstralHammer":0,"Replay:Bronze Core":17,"beaked:SacredDeck":17,"CCEMRelics:DissonantTune":9,"MealTicket":41,"CCEMRelics:Sandal":8,"Fusion Hammer":34,"Replay:Wax Seal":53,"CCEMRelics:FiftyFTOfRope":28,"MerchantsRug":0,"hubris:SphereOfDissonance":43,"Eternal Feather":23,"Paper Crane":3,"CCEMRelics:FestiveHat":9,"CCEMRelics:PocketTank":0,"hubris:TenFootPole":24,"Kintsugi":34,"hubris:Reverence":4,"Regal Pillow":0,"Lantern":53,"Singing Bowl":0,"CCEMRelics:WrappedPresent":11,"StoneCalendar":42,"Blue Doll":0,"Bag of Preparation":7,"Replay:Multitool":6,"hubris:EmptyBottle":0,"Smiling Mask":31,"Pet Ghost":54,"Burning Blood":0,"Replay:Rubber Ducky":13,"Matryoshka":6,"Shovel":34,"hubris:FunFungus":11,"Chemical X":0,"aspiration:FutureDiary":17,"CCEMRelics:PaperClip":0,"CCEMRelics:JestersCrown":12,"Ring of the Snake":0,"aspiration:ChemicalBlood":38,"hubris:GlazedTorus":0,"aspiration:VileToxins":5,"Lee\u0027s Waffle":19,"NeowsBlessing":0,"hubris:64BitClover":29,"PreservedInsect":9,"The Courier":34,"beaked:SacredNecklace":34,"hubris:Towel":21,"MawBank":7,"hubris:Spice":0,"Ornamental Fan":27,"CCEMRelics:FryingPan":9,"Durian":12,"Bottled Lightning":28,"hubris:BottledRain":0,"Calipers":0,"hubris:CrystalStatue":43,"Vajra":23,"HoveringKite":17,"hubris:VirtuousBlindfold":34,"CCEMRelics:SoftDrink":11,"aspiration:Stabinomicon":24,"Lizard Tail":9,"Centennial Puzzle":41,"HornCleat":14,"FaceOfCleric":4,"DollysMirror":42,"Strawberry":26,"Honey Jar":0,"Philosopher\u0027s Stone":17,"Iron Hammer":5,"Toxic Egg 2":4,"Byrd Skull":0,"Ring of Hypnosis":4,"Happy Flower":0,"hubris:DuctTape":53,"aspiration:Nostalgia":0,"ReplayTheSpireMod:CursedCoin":5,"Replay:Grab Bag":34,"Oddly Smooth Stone":54,"aspiration:SeaSaltIceCream":0,"War Paint":38,"aspiration:HiddenCompartment":34,"hubris:Zylophone":10,"Replay:Baseball":3,"Bronze Scales":32,"Onion Ring":9,"Molten Egg 2":5,"hubris:PeanutButter":4,"Simple Rune":7,"ReplayTheSpireMod:TigerMarble":53,"Grinning Jar":41,"Mirror":29,"aspiration:HatOfInfinitePower":9,"NlothsMask":24,"ReplayFunnel":8,"Iron Core":38,"beaked:ShinyBauble":28,"Enchiridion":21,"Mango":0,"Snake Skull":12,"Juzu Bracelet":0,"Incense Burner":10,"hubris:SlimyHat":13,"PrismaticShard":5,"Dream Catcher":0,"Replay:Bandana":20,"hubris:Icosahedron":21,"Chameleon Ring":0,"CCEMRelics:OldTooth":12,"Gambling Chip":27,"Pantograph":0,"Red Mask":19,"CCEMRelics:LagavulinClaw":9,"Gremlin Food":9,"CCEMRelics:Barrel":7,"Quantum Egg":7,"aspiration:HummingbirdHeart":27,"White Beast Statue":0,"CCEMRelics:SpiritsEdge":0,"Calling Bell":34,"CCEMRelics:IronFruit":9,"Anchor":12,"CaptainsWheel":21,"Ring of Fury":4,"ChewingGum":34,"aspiration:KaomsHeart":36,"hubris:BundleOfHerbs":10,"Snack Pack":9,"hubris:GrandSneckoEye":34,"Bag of Marbles":31,"Membership Card":0,"FossilizedHelix":38,"hubris:AncientText":25},{"TwistedFunnel":0,"Replay:Accelerometer":58,"CCEMRelics:PorcelainBowl":167,"Spirit Poop":87,"Whetstone":16,"hubris:MysteriousPyramids":108,"Boot":57,"Old Coin":20,"Blood Vial":12,"Replay:Ringing Soul":36,"hubris:AstralHammer":84,"Replay:Bronze Core":91,"beaked:SacredDeck":23,"CCEMRelics:DissonantTune":126,"MealTicket":78,"CCEMRelics:Sandal":117,"Fusion Hammer":145,"Replay:Wax Seal":82,"CCEMRelics:FiftyFTOfRope":192,"MerchantsRug":84,"hubris:SphereOfDissonance":36,"Eternal Feather":95,"Paper Crane":18,"CCEMRelics:FestiveHat":64,"CCEMRelics:PocketTank":194,"hubris:TenFootPole":12,"Kintsugi":100,"hubris:Reverence":62,"Regal Pillow":0,"Lantern":155,"Singing Bowl":194,"CCEMRelics:WrappedPresent":134,"StoneCalendar":36,"Blue Doll":179,"Bag of Preparation":46,"Replay:Multitool":51,"hubris:EmptyBottle":0,"Smiling Mask":15,"Pet Ghost":41,"Burning Blood":42,"Replay:Rubber Ducky":60,"Matryoshka":63,"Shovel":175,"hubris:FunFungus":134,"Chemical X":84,"aspiration:FutureDiary":9,"CCEMRelics:PaperClip":42,"CCEMRelics:JestersCrown":65,"Ring of the Snake":0,"aspiration:ChemicalBlood":76,"hubris:GlazedTorus":108,"aspiration:VileToxins":55,"Lee\u0027s Waffle":167,"NeowsBlessing":53,"hubris:64BitClover":13,"PreservedInsect":51,"The Courier":175,"beaked:SacredNecklace":100,"hubris:Towel":11,"MawBank":125,"hubris:Spice":0,"Ornamental Fan":142,"CCEMRelics:FryingPan":133,"Durian":21,"Bottled Lightning":171,"hubris:BottledRain":157,"Calipers":42,"hubris:CrystalStatue":150,"Vajra":27,"HoveringKite":67,"hubris:VirtuousBlindfold":100,"CCEMRelics:SoftDrink":183,"aspiration:Stabinomicon":70,"Lizard Tail":64,"Centennial Puzzle":149,"HornCleat":121,"FaceOfCleric":110,"DollysMirror":36,"Strawberry":71,"Honey Jar":122,"Philosopher\u0027s Stone":166,"Iron Hammer":85,"Toxic Egg 2":49,"Byrd Skull":157,"Ring of Hypnosis":18,"Happy Flower":42,"hubris:DuctTape":82,"aspiration:Nostalgia":42,"ReplayTheSpireMod:CursedCoin":55,"Replay:Grab Bag":100,"Oddly Smooth Stone":83,"aspiration:SeaSaltIceCream":42,"War Paint":76,"aspiration:HiddenCompartment":175,"hubris:Zylophone":21,"Replay:Baseball":62,"Bronze Scales":174,"Onion Ring":46,"Molten Egg 2":124,"hubris:PeanutButter":131,"Simple Rune":161,"ReplayTheSpireMod:TigerMarble":82,"Grinning Jar":177,"Mirror":29,"aspiration:HatOfInfinitePower":117,"NlothsMask":27,"ReplayFunnel":64,"Iron Core":76,"beaked:ShinyBauble":171,"Enchiridion":139,"Mango":108,"Snake Skull":21,"Juzu Bracelet":16,"Incense Burner":134,"hubris:SlimyHat":200,"PrismaticShard":196,"Dream Catcher":0,"Replay:Bandana":11,"hubris:Icosahedron":69,"Chameleon Ring":84,"CCEMRelics:OldTooth":184,"Gambling Chip":72,"Pantograph":157,"Red Mask":25,"CCEMRelics:LagavulinClaw":182,"Gremlin Food":5,"CCEMRelics:Barrel":56,"Quantum Egg":86,"aspiration:HummingbirdHeart":171,"White Beast Statue":157,"CCEMRelics:SpiritsEdge":84,"Calling Bell":175,"CCEMRelics:IronFruit":198,"Anchor":21,"CaptainsWheel":93,"Ring of Fury":18,"ChewingGum":31,"aspiration:KaomsHeart":101,"hubris:BundleOfHerbs":21,"Snack Pack":21,"hubris:GrandSneckoEye":74,"Bag of Marbles":99,"Membership Card":157,"FossilizedHelix":34,"hubris:AncientText":97},{"TwistedFunnel":0,"Replay:Accelerometer":218,"CCEMRelics:PorcelainBowl":784,"Spirit Poop":409,"Whetstone":52,"hubris:MysteriousPyramids":480,"Boot":214,"Old Coin":66,"Blood Vial":35,"Replay:Ringing Soul":126,"hubris:AstralHammer":402,"Replay:Bronze Core":418,"beaked:SacredDeck":81,"CCEMRelics:DissonantTune":556,"MealTicket":350,"CCEMRelics:Sandal":521,"Fusion Hammer":663,"Replay:Wax Seal":384,"CCEMRelics:FiftyFTOfRope":892,"MerchantsRug":402,"hubris:SphereOfDissonance":126,"Eternal Feather":430,"Paper Crane":61,"CCEMRelics:FestiveHat":243,"CCEMRelics:PocketTank":902,"hubris:TenFootPole":35,"Kintsugi":444,"hubris:Reverence":241,"Regal Pillow":0,"Lantern":717,"Singing Bowl":902,"CCEMRelics:WrappedPresent":594,"StoneCalendar":126,"Blue Doll":841,"Bag of Preparation":168,"Replay:Multitool":199,"hubris:EmptyBottle":0,"Smiling Mask":46,"Pet Ghost":150,"Burning Blood":156,"Replay:Rubber Ducky":237,"Matryoshka":242,"Shovel":822,"hubris:FunFungus":594,"Chemical X":402,"aspiration:FutureDiary":26,"CCEMRelics:PaperClip":156,"CCEMRelics:JestersCrown":260,"Ring of the Snake":0,"aspiration:ChemicalBlood":338,"hubris:GlazedTorus":480,"aspiration:VileToxins":210,"Lee\u0027s Waffle":784,"NeowsBlessing":208,"hubris:64BitClover":38,"PreservedInsect":199,"The Courier":822,"beaked:SacredNecklace":444,"hubris:Towel":31,"MawBank":554,"hubris:Spice":0,"Ornamental Fan":642,"CCEMRelics:FryingPan":588,"Durian":69,"Bottled Lightning":802,"hubris:BottledRain":734,"Calipers":156,"hubris:CrystalStatue":695,"Vajra":88,"HoveringKite":281,"hubris:VirtuousBlindfold":444,"CCEMRelics:SoftDrink":854,"aspiration:Stabinomicon":298,"Lizard Tail":243,"Centennial Puzzle":688,"HornCleat":535,"FaceOfCleric":489,"DollysMirror":126,"Strawberry":304,"Honey Jar":540,"Philosopher\u0027s Stone":781,"Iron Hammer":404,"Toxic Egg 2":179,"Byrd Skull":734,"Ring of Hypnosis":61,"Happy Flower":156,"hubris:DuctTape":384,"aspiration:Nostalgia":156,"ReplayTheSpireMod:CursedCoin":210,"Replay:Grab Bag":444,"Oddly Smooth Stone":392,"aspiration:SeaSaltIceCream":156,"War Paint":338,"aspiration:HiddenCompartment":822,"hubris:Zylophone":69,"Replay:Baseball":241,"Bronze Scales":814,"Onion Ring":168,"Molten Egg 2":549,"hubris:PeanutButter":580,"Simple Rune":748,"ReplayTheSpireMod:TigerMarble":384,"Grinning Jar":834,"Mirror":96,"aspiration:HatOfInfinitePower":521,"NlothsMask":88,"ReplayFunnel":243,"Iron Core":338,"beaked:ShinyBauble":802,"Enchiridion":624,"Mango":480,"Snake Skull":69,"Juzu Bracelet":52,"Incense Burner":594,"hubris:SlimyHat":923,"PrismaticShard":908,"Dream Catcher":0,"Replay:Bandana":31,"hubris:Icosahedron":292,"Chameleon Ring":402,"CCEMRelics:OldTooth":860,"Gambling Chip":311,"Pantograph":734,"Red Mask":84,"CCEMRelics:LagavulinClaw":849,"Gremlin Food":10,"CCEMRelics:Barrel":211,"Quantum Egg":406,"aspiration:HummingbirdHeart":802,"White Beast Statue":734,"CCEMRelics:SpiritsEdge":402,"Calling Bell":822,"CCEMRelics:IronFruit":915,"Anchor":69,"CaptainsWheel":423,"Ring of Fury":61,"ChewingGum":105,"aspiration:KaomsHeart":446,"hubris:BundleOfHerbs":69,"Snack Pack":69,"hubris:GrandSneckoEye":331,"Bag of Marbles":438,"Membership Card":734,"FossilizedHelix":114,"hubris:AncientText":433}],"Ring of the Snake":[147]},"card_choices":[{"not_picked":["Dash","Acrobatics","Hidden Blade"],"picked":"Singing Bowl","floor":1},{"not_picked":["Choke","hubris:Sniper","Concentrate"],"picked":"Singing Bowl","floor":3},{"not_picked":["Finesse","beaked:StunningBlow","RobotSpaceExplorer:SelfCleaning"],"picked":"Singing Bowl","floor":7},{"not_picked":["ThirdEye","Draining Mist","Madness"],"picked":"Singing Bowl","floor":8},{"not_picked":["theextravagant:Repell","Flex","RobotSpaceExplorer:Probe"],"picked":"Singing Bowl","floor":12},{"not_picked":["Anger","Prostrate"],"picked":"theextravagant:PerfectTheBasics","floor":13},{"not_picked":["Life Link","Hologram"],"picked":"Demonic Infusion","floor":14}],"player_experience":501118,"relics_obtained":[{"floor":9,"key":"CCEMRelics:IronFruit"},{"floor":13,"key":"hubris:SlimyHat"}],"event_choices":[{"damage_healed":0,"gold_gain":0,"player_choice":"1 cards matched","damage_taken":0,"max_hp_gain":0,"max_hp_loss":0,"event_name":"Match and Keep!","floor":2,"gold_loss":0,"cards_obtained":["Unload"]},{"damage_healed":0,"gold_gain":175,"player_choice":"AGREE","damage_taken":134,"max_hp_gain":0,"max_hp_loss":0,"event_name":"betterThird:BetterSerpent","floor":4,"gold_loss":0}],"is_beta":false,"boss_relics":[],"items_purged_floors":[],"is_endless":false,"potions_floor_spawned":[8,13,14],"killed_by":"The Guardian","ascension_level":12}}