{"host":"x000krxjblg8jdg4","time":1612734828,"event":{"mods":["BaseMod","Downfall","Hermit","Minty Spire (QoL Compilation)","StSLib","The Cursed","The Runesmith","The Servant 0.9.4"],"gold_per_floor":[156,156,156,221,20,127,127,208,256,374,459,590,721,812,812,1137,1137,1209,1218,1283,1283,651,751,858,867,867,352,446,162,243,302,302,639,811,850,143,331,28,28,131,140,254,254,344,448,542,672,727,736,1055,1055,1097,1143,592,664,664,758,823,221,245,307,382,444,483,548,557,921,921,986,1025,353,405,451,571,620,710,820,869,981,1032,959,1061,1082,1431,1443,1517,1591,1668,1719,817,917,210,317,417,450,512,567,609,645,654,972,972,1021,1054,1116,1181,1236,1352,1404,701,817,229,339,375,469,508,517,835,835,900,118,173,212,277,384,384],"floor_reached":125,"language":"ENG","playtime":4558,"items_purged":[],"score":4176,"play_id":"37e235a4-0ed8-41aa-9cc1-c4aa3b0a25cc","local_time":"20210207195348","daily_mods":["Vintage","Allstar","Colorless Cards","Heirloom","Flight","downfall:ChampStances","DeadlyEvents","Elite Swarm","Midas"],"is_ascension_mode":false,"campfire_choices":[{"floor":7,"key":"REST"},{"floor":15,"key":"REST"},{"floor":25,"key":"REST"},{"floor":32,"key":"REST"},{"floor":41,"key":"REST"},{"floor":49,"key":"REST"},{"floor":66,"key":"REST"},{"floor":83,"key":"REST"},{"floor":100,"key":"REST"},{"floor":117,"key":"REST"}],"circlet_count":0,"master_deck":["Strike_R","Strike_R","Strike_R","Strike_R+1","Defend_R+1","Defend_R","Defend_R","Defend_R","Bash","Swift Strike","Sadistic Nature","Impatience+1","Mayhem","Forethought+1","Perfected Strike","Limit Break","HandOfGreed","Berserk","Mayhem","Magnetism","Berserk","The Bomb","Feed","RitualDagger","Pummel+1","Evolve","Flash of Steel","Apotheosis","Mind Blast","Inflame","Reaper","Sadistic Nature","Rupture","Reaper+1","Hemokinesis+1","Fire Breathing","Panache","Anger+1","Twin Strike+1","Immolate+1","Perfected Strike+1","Bludgeon+1","Demon Form","Apotheosis","Cleave+1","Flex+1","Mayhem","Bloodletting+1","Hemokinesis+1","Whirlwind+1","Bandage Up+1","Mind Blast+1","Secret Weapon+1","Anger+1","Flex+1","Sadistic Nature","Apotheosis+1","Berserk","The Bomb+1","Berserk","Whirlwind+1","Barricade","Combust","Enlightenment+1","Bloodletting+1","Secret Weapon+1","Berserk","Inflame","Perfected Strike+1","Limit Break+1","Sadistic Nature","Reckless Charge+1","Mayhem","Panache","Combust","Uppercut+1","Flex+1","Mind Blast+1","Immolate+1","Dramatic Entrance+1","Barricade+1","Demon Form+1","Flex+1","Juggernaut+1","Inflame+1","Flex+1","Whirlwind+1","Mayhem+1"],"relics":["Burning Blood","champ:ChampStancesModRelic","Calipers","Slimebound:StickyStick","Golden Idol","Bottled Tornado","Happy Flower","Boot","Bag of Preparation","Anchor","Regal Pillow","Champion Belt","Lantern","Singing Bowl","HornCleat","CeramicFish","Dream Catcher","Strawberry","MealTicket","Sling","War Paint","Runesmith:Nanobots","Oddly Smooth Stone","Akabeko","hexamod:BolsterEngine","PreservedInsect","Molten Egg 2","Centennial Puzzle","Runesmith:AutoHammer","Tiny House","Bottled Flame","Guardian:PocketSentry","Nunchaku","ClockworkSouvenir","hexamod:Sixitude","sneckomod:BlankCard","Potion Belt","Vajra","Pen Nib","Blood Vial","Mango","champ:DuelingGlove","Bronze Scales","bronze:BronzeIdol","Letter Opener","champ:ChampStancesModRelic","Tiny Chest","Whetstone","Toxic Egg 2","Question Card","White Beast Statue","Smiling Mask","Runesmith:Locket","Toy Ornithopter","Magic Flower","Shuriken","Peace Pipe","Dead Branch","Mark of Pain","InkBottle","Orichalcum","FossilizedHelix","Torii","Gremlin Horn","Red Skull","Art of War","MawBank","Omamori","Bird Faced Urn","Fusion Hammer","Slimebound:PreparedRelic","Kunai","Self Forming Clay","Ancient Tea Set","Bag of Marbles","Darkstone Periapt","Chemical X","StoneCalendar","Bottled Lightning","DollysMirror","Mercury Hourglass","Mummified Hand","bronze:DecasWashers","Du-Vu Doll","Matryoshka","Runic Cube","champ:ChampStancesModRelic","Pantograph","Unceasing Top","Pear","Meat on the Bone","hexamod:CandleOfCauterizing","Blue Candle","Sundial","Ornamental Fan","Frozen Egg 2","Eternal Feather","StrikeDummy","Paper Frog","expansioncontent:StudyCardRelic","Pocketwatch","TungstenRod","Ginger","Incense Burner","Lizard Tail","champ:DeflectingBracers"],"acts_visited":["Exordium","TheCity","TheBeyond","Exordium","TheCity","TheBeyond","Exordium","TheCity"],"potions_floor_usage":[23,23,84,84],"damage_taken":[{"damage":0,"enemies":"Small Slimes","floor":1,"turns":3},{"damage":26,"enemies":"Jaw Worm","floor":4,"turns":2},{"damage":39,"enemies":"Gremlin Nob","floor":6,"turns":4},{"damage":14,"enemies":"Lagavulin","floor":8,"turns":5},{"damage":33,"enemies":"Gremlin Nob","floor":10,"turns":3},{"damage":1,"enemies":"Lagavulin","floor":11,"turns":4},{"damage":1,"enemies":"Gremlin Nob","floor":12,"turns":4},{"damage":26,"enemies":"3 Sentries","floor":13,"turns":5},{"damage":22,"enemies":"Lagavulin","floor":14,"turns":5},{"damage":32,"enemies":"The Guardian","floor":16,"turns":6},{"damage":5,"enemies":"Chosen","floor":18,"turns":4},{"damage":48,"enemies":"Shell Parasite","floor":20,"turns":4},{"damage":13,"enemies":"Book of Stabbing","floor":23,"turns":3},{"damage":37,"enemies":"Slavers","floor":24,"turns":3},{"damage":7,"enemies":"Book of Stabbing","floor":28,"turns":3},{"damage":0,"enemies":"Gremlin Leader","floor":30,"turns":1},{"damage":2,"enemies":"Shelled Parasite and Fungi","floor":31,"turns":3},{"damage":63,"enemies":"Automaton","floor":33,"turns":5},{"damage":12,"enemies":"3 Darklings","floor":35,"turns":3},{"damage":15,"enemies":"2 Orb Walkers","floor":37,"turns":3},{"damage":44,"enemies":"Giant Head","floor":40,"turns":6},{"damage":0,"enemies":"Reptomancer","floor":42,"turns":3},{"damage":0,"enemies":"Nemesis","floor":44,"turns":2},{"damage":0,"enemies":"Reptomancer","floor":45,"turns":3},{"damage":0,"enemies":"Nemesis","floor":46,"turns":1},{"damage":12,"enemies":"Reptomancer","floor":47,"turns":2},{"damage":5,"enemies":"3 Shapes","floor":48,"turns":1},{"damage":47,"enemies":"Donu and Deca","floor":50,"turns":4},{"damage":2,"enemies":"Jaw Worm","floor":52,"turns":1},{"damage":0,"enemies":"Cultist","floor":53,"turns":1},{"damage":0,"enemies":"2 Louse","floor":55,"turns":1},{"damage":25,"enemies":"Lagavulin","floor":57,"turns":1},{"damage":0,"enemies":"Large Slime","floor":58,"turns":1},{"damage":2,"enemies":"3 Louse","floor":61,"turns":1},{"damage":0,"enemies":"Red Slaver","floor":63,"turns":1},{"damage":5,"enemies":"Lots of Slimes","floor":64,"turns":1},{"damage":2,"enemies":"3 Louse","floor":65,"turns":1},{"damage":38,"enemies":"Hexaghost","floor":67,"turns":2},{"damage":3,"enemies":"Spheric Guardian","floor":69,"turns":1},{"damage":0,"enemies":"3 Byrds","floor":70,"turns":2},{"damage":0,"enemies":"Snecko","floor":72,"turns":1},{"damage":28,"enemies":"Sentry and Sphere","floor":73,"turns":1},{"damage":0,"enemies":"Book of Stabbing","floor":74,"turns":1},{"damage":38,"enemies":"Centurion and Healer","floor":75,"turns":1},{"damage":0,"enemies":"Slavers","floor":76,"turns":1},{"damage":10,"enemies":"Book of Stabbing","floor":77,"turns":1},{"damage":0,"enemies":"3 Cultists","floor":78,"turns":1},{"damage":0,"enemies":"Slavers","floor":79,"turns":1},{"damage":2,"enemies":"Chosen and Byrds","floor":80,"turns":2},{"damage":12,"enemies":"Book of Stabbing","floor":82,"turns":1},{"damage":2,"enemies":"Automaton","floor":84,"turns":2},{"damage":0,"enemies":"3 Shapes","floor":86,"turns":1},{"damage":0,"enemies":"Orb Walker","floor":87,"turns":1},{"damage":0,"enemies":"3 Darklings","floor":88,"turns":1},{"damage":10,"enemies":"Writhing Mass","floor":89,"turns":1},{"damage":0,"enemies":"Nemesis","floor":91,"turns":1},{"damage":0,"enemies":"Giant Head","floor":93,"turns":1},{"damage":10,"enemies":"Nemesis","floor":94,"turns":1},{"damage":0,"enemies":"Spire Growth","floor":95,"turns":1},{"damage":8,"enemies":"Sphere and 2 Shapes","floor":96,"turns":1},{"damage":50,"enemies":"Transient","floor":97,"turns":3},{"damage":25,"enemies":"3 Darklings","floor":98,"turns":1},{"damage":0,"enemies":"4 Shapes","floor":99,"turns":1},{"damage":27,"enemies":"Awakened One","floor":101,"turns":3},{"damage":15,"enemies":"Jaw Worm","floor":103,"turns":1},{"damage":0,"enemies":"Cultist","floor":104,"turns":1},{"damage":0,"enemies":"2 Louse","floor":105,"turns":1},{"damage":30,"enemies":"Gremlin Gang","floor":106,"turns":1},{"damage":0,"enemies":"Blue Slaver","floor":107,"turns":1},{"damage":0,"enemies":"Lagavulin","floor":108,"turns":1},{"damage":0,"enemies":"Exordium Thugs","floor":109,"turns":1},{"damage":0,"enemies":"Gremlin Nob","floor":111,"turns":1},{"damage":0,"enemies":"3 Sentries","floor":113,"turns":1},{"damage":0,"enemies":"2 Fungi Beasts","floor":114,"turns":1},{"damage":0,"enemies":"Lagavulin","floor":115,"turns":1},{"damage":0,"enemies":"Gremlin Gang","floor":116,"turns":1},{"damage":0,"enemies":"Slime Boss","floor":118,"turns":1},{"damage":0,"enemies":"2 Thieves","floor":120,"turns":1},{"damage":0,"enemies":"Shell Parasite","floor":122,"turns":1},{"damage":0,"enemies":"Snecko","floor":123,"turns":1},{"damage":0,"enemies":"3 Cultists","floor":124,"turns":1},{"damage":4,"enemies":"Gremlin Leader","floor":125,"turns":1}],"seed_played":"8107843110637238172","potions_obtained":[{"floor":1,"key":"LiquidMemories"},{"floor":6,"key":"AttackPotion"},{"floor":8,"key":"AttackPotion"},{"floor":24,"key":"Fire Potion"},{"floor":28,"key":"Strength Potion"},{"floor":34,"key":"Strength Potion"},{"floor":44,"key":"ElixirPotion"},{"floor":45,"key":"Energy Potion"},{"floor":69,"key":"Energy Potion"},{"floor":84,"key":"Explosive Potion"},{"floor":86,"key":"sneckomod:MuddlingPotion"},{"floor":95,"key":"Regen Potion"}],"is_trial":true,"path_per_floor":["M","?","?","M","$","E","R","E","T","E","E","E","E","E","R","B",null,"M","?","M","?","$","E","E","R","T","$","E","$","E","M","R","B",null,"M","$","?","$","?","E","R","E","T","E","E","E","E","M","R","B",null,"M","M","$","M","?","E","M","$","T","M","?","M","M","M","R","B",null,"M","M","$","M","M","E","M","E","E","M","E","M","?","E","R","B",null,"M","M","M","M","$","E","$","E","E","M","M","M","M","M","R","B",null,"M","M","M","M","M","E","M","$","E","$","E","M","E","M","R","B",null,"M","$","M","M","M","E"],"character_chosen":"IRONCLAD","items_purchased":["Happy Flower","Perfected Strike","Strawberry","MealTicket","Sling","Pummel","Evolve","Flash of Steel","Akabeko","hexamod:BolsterEngine","Inflame","Reaper","Molten Egg 2","Rupture","Fire Breathing","Panache","Guardian:PocketSentry","Nunchaku","ClockworkSouvenir","Anger+1","sneckomod:BlankCard","Potion Belt","Toxic Egg 2","Question Card","Flex+1","Runesmith:Locket","Bloodletting+1","Hemokinesis+1","Whirlwind+1","Bandage Up+1","FossilizedHelix","Torii","Anger+1","Flex+1","Bag of Marbles","Darkstone Periapt","Chemical X","Combust","Enlightenment+1","Bloodletting+1","Secret Weapon+1","StoneCalendar","Bottled Lightning","DollysMirror","Perfected Strike+1","Combust","Sundial","Ornamental Fan","Uppercut+1","Flex+1","Mind Blast+1","Frozen Egg 2","Eternal Feather","Dramatic Entrance+1","TungstenRod","Ginger","Inflame+1","Flex+1","Whirlwind+1"],"campfire_rested":10,"item_purchase_floors":[5,5,22,22,22,22,22,22,27,27,27,27,29,29,36,36,36,36,36,36,38,38,54,54,54,59,59,59,59,59,71,71,71,71,90,90,90,90,90,90,90,92,92,92,92,110,110,110,110,110,110,112,112,112,121,121,121,121,121],"current_hp_per_floor":[80,60,60,60,60,52,76,68,68,71,76,80,60,44,80,54,80,80,74,62,62,69,62,33,74,74,89,88,89,91,91,93,93,98,92,98,98,98,98,60,98,100,100,114,116,116,116,116,116,101,122,122,122,122,122,122,122,122,122,122,122,111,122,125,128,128,128,128,128,128,128,128,128,128,128,128,128,128,128,128,128,128,128,128,128,128,128,128,128,128,128,128,128,128,128,128,128,128,128,128,128,128,128,128,138,138,138,138,138,138,138,138,138,138,138,138,138,138,138,138,138,138,138,138,138,138],"gold":384,"neow_bonus":"","is_daily":false,"chose_seed":false,"campfire_upgraded":0,"win_rate":0.0,"timestamp":1612734828,"path_taken":["M","?","?","M","$","E","R","E","T","E","E","E","E","E","R","BOSS","M","?","?","?","$","E","E","R","T","$","?","$","E","M","R","BOSS","M","$","?","$","?","E","R","E","T","E","E","E","E","?","R","BOSS","M","M","$","M","?","E","M","$","T","M","?","M","M","M","R","BOSS","M","M","$","M","M","E","M","E","E","M","E","M","?","?","R","BOSS","M","M","M","M","$","E","$","E","E","M","M","M","M","M","R","BOSS","M","M","M","M","M","E","M","$","E","$","E","M","E","M","R","BOSS","M","$","M","M","M","E"],"items_purchased_type":["Relic","Card","Relic","Relic","Relic","Card","Card","Card","Relic","Relic","Card","Card","Relic","Card","Card","Card","Relic","Relic","Relic","Card","Relic","Relic","Relic","Relic","Card","Relic","Card","Card","Card","Card","Relic","Relic","Card","Card","Relic","Relic","Relic","Card","Card","Card","Card","Relic","Relic","Relic","Card","Card","Relic","Relic","Card","Card","Card","Relic","Relic","Card","Relic","Relic","Card","Card","Card"],"build_version":"2020-12-22","purchased_purges":0,"victory":false,"max_hp_per_floor":[80,80,80,80,80,80,80,80,80,80,80,80,80,80,80,80,80,80,80,80,80,87,87,89,89,89,89,89,89,91,91,93,93,98,98,98,98,98,98,98,98,100,100,114,116,116,116,116,116,122,122,122,122,122,122,122,122,122,122,122,122,122,122,125,128,128,128,128,128,128,128,128,128,128,128,128,128,128,128,128,128,128,128,128,128,128,128,128,128,128,128,128,128,128,128,128,128,128,128,128,128,128,128,128,138,138,138,138,138,138,138,138,138,138,138,138,138,138,138,138,138,138,138,138,138,138],"card_choices":[{"not_picked":["Corruption","Thinking Ahead"],"picked":"Limit Break","floor":6},{"not_picked":["Bludgeon","Secret Weapon"],"picked":"HandOfGreed","floor":8},{"not_picked":["Fiend Fire","Master of Strategy"],"picked":"Berserk","floor":10},{"not_picked":["Brutality","Violence"],"picked":"Mayhem","floor":11},{"not_picked":["Corruption","Violence"],"picked":"Magnetism","floor":12},{"not_picked":["Immolate","Corruption"],"picked":"Berserk","floor":13},{"not_picked":["Secret Technique","Juggernaut"],"picked":"The Bomb","floor":14},{"not_picked":["Violence","Secret Technique"],"picked":"Feed","floor":16},{"not_picked":["Brutality","Impervious"],"picked":"Apotheosis","floor":23},{"not_picked":["Violence","Magnetism","Mayhem"],"picked":"Singing Bowl","floor":24},{"not_picked":["Iron Wave","Shockwave"],"picked":"Mind Blast","floor":25},{"not_picked":["Violence","Thinking Ahead"],"picked":"Sadistic Nature","floor":28},{"not_picked":["Fiend Fire+1","Mayhem","Transmutation"],"picked":"Singing Bowl","floor":30},{"not_picked":["Infernal Blade","Clash+1","Flame Barrier"],"picked":"Singing Bowl","floor":32},{"not_picked":["Magnetism","Metamorphosis"],"picked":"Reaper+1","floor":33},{"not_picked":["Second Wind","Thunderclap+1"],"picked":"Hemokinesis+1","floor":34},{"not_picked":["Headbutt+1","Clothesline+1"],"picked":"Twin Strike+1","floor":37},{"not_picked":["Brutality","Master of Strategy"],"picked":"Immolate+1","floor":40},{"not_picked":["Flex+1","Shockwave+1"],"picked":"Perfected Strike+1","floor":41},{"not_picked":["Double Tap","Impervious","Juggernaut"],"picked":"Singing Bowl","floor":42},{"not_picked":["HandOfGreed+1","Magnetism"],"picked":"Bludgeon+1","floor":44},{"not_picked":["Master of Strategy","Feed+1","Impervious"],"picked":"Singing Bowl","floor":45},{"not_picked":["Feed+1","Secret Technique"],"picked":"Demon Form","floor":46},{"not_picked":["Juggernaut","Corruption"],"picked":"Apotheosis","floor":47},{"not_picked":["Dual Wield","Iron Wave+1"],"picked":"Cleave+1","floor":49},{"not_picked":["Corruption","Violence","Master of Strategy"],"picked":"Singing Bowl","floor":50},{"not_picked":["Chrysalis+1","Double Tap+1","Impervious+1"],"picked":"Mayhem","floor":57},{"not_picked":["Dual Wield+1","Body Slam+1","Clothesline+1"],"picked":"Mind Blast+1","floor":66},{"not_picked":["Impervious+1","Brutality","Fiend Fire+1"],"picked":"Secret Weapon+1","floor":67},{"not_picked":["Fiend Fire+1","Secret Weapon+1","Barricade"],"picked":"Sadistic Nature","floor":74},{"not_picked":["Exhume+1","Chrysalis+1","Fiend Fire+1"],"picked":"Apotheosis+1","floor":76},{"not_picked":["Metamorphosis+1","Corruption","Chrysalis+1"],"picked":"Berserk","floor":77},{"not_picked":["Brutality","Chrysalis+1","Thinking Ahead+1"],"picked":"The Bomb+1","floor":79},{"not_picked":["Brutality","Secret Weapon+1","Bludgeon+1"],"picked":"Berserk","floor":82},{"not_picked":["Trip+1","Perfected Strike+1","Thunderclap+1"],"picked":"Whirlwind+1","floor":83},{"not_picked":["Chrysalis+1","The Bomb+1","Magnetism"],"picked":"Barricade","floor":84},{"not_picked":["Transmutation+1","Thinking Ahead+1","Exhume+1"],"picked":"Berserk","floor":91},{"not_picked":["Sadistic Nature","Master of Strategy+1","Violence+1"],"picked":"Limit Break+1","floor":93},{"not_picked":["Chrysalis+1","Transmutation+1","Bludgeon+1"],"picked":"Sadistic Nature","floor":94},{"not_picked":["Finesse+1","Clothesline+1","Burning Pact+1"],"picked":"Reckless Charge+1","floor":100},{"not_picked":["Barricade","Secret Technique+1","Apotheosis+1"],"picked":"Mayhem","floor":101},{"not_picked":["Juggernaut","Brutality","Sadistic Nature"],"picked":"Panache","floor":108},{"not_picked":["Transmutation+1","HandOfGreed+1","Brutality"],"picked":"Immolate+1","floor":111},{"not_picked":["Secret Technique+1","Offering+1","Reaper+1"],"picked":"Barricade+1","floor":113},{"not_picked":["HandOfGreed+1","Offering+1","Feed+1"],"picked":"Demon Form+1","floor":115},{"not_picked":["Warcry+1","Dark Shackles+1","Havoc+1"],"picked":"Flex+1","floor":117},{"not_picked":["Chrysalis+1","Secret Technique+1","Thinking Ahead+1"],"picked":"Juggernaut+1","floor":118},{"not_picked":["Reaper+1","Secret Weapon+1","Impervious+1"],"picked":"Mayhem+1","floor":125}],"player_experience":100584,"relics_obtained":[{"floor":1,"key":"Slimebound:StickyStick"},{"floor":4,"key":"Bottled Tornado"},{"floor":6,"key":"Boot"},{"floor":8,"key":"Bag of Preparation"},{"floor":9,"key":"Anchor"},{"floor":10,"key":"Regal Pillow"},{"floor":11,"key":"Champion Belt"},{"floor":12,"key":"Lantern"},{"floor":13,"key":"Singing Bowl"},{"floor":14,"key":"HornCleat"},{"floor":18,"key":"CeramicFish"},{"floor":20,"key":"Dream Catcher"},{"floor":23,"key":"War Paint"},{"floor":24,"key":"Runesmith:Nanobots"},{"floor":26,"key":"Oddly Smooth Stone"},{"floor":28,"key":"PreservedInsect"},{"floor":30,"key":"Centennial Puzzle"},{"floor":31,"key":"Runesmith:AutoHammer"},{"floor":35,"key":"Bottled Flame"},{"floor":37,"key":"hexamod:Sixitude"},{"floor":40,"key":"Vajra"},{"floor":42,"key":"Pen Nib"},{"floor":43,"key":"Blood Vial"},{"floor":44,"key":"Mango"},{"floor":45,"key":"champ:DuelingGlove"},{"floor":46,"key":"Bronze Scales"},{"floor":47,"key":"bronze:BronzeIdol"},{"floor":48,"key":"Letter Opener"},{"floor":52,"key":"Tiny Chest"},{"floor":53,"key":"Whetstone"},{"floor":55,"key":"White Beast Statue"},{"floor":58,"key":"Smiling Mask"},{"floor":60,"key":"Toy Ornithopter"},{"floor":61,"key":"Magic Flower"},{"floor":63,"key":"Shuriken"},{"floor":64,"key":"Peace Pipe"},{"floor":65,"key":"Dead Branch"},{"floor":69,"key":"InkBottle"},{"floor":70,"key":"Orichalcum"},{"floor":72,"key":"Gremlin Horn"},{"floor":73,"key":"Red Skull"},{"floor":75,"key":"Art of War"},{"floor":78,"key":"MawBank"},{"floor":80,"key":"Omamori"},{"floor":86,"key":"Slimebound:PreparedRelic"},{"floor":87,"key":"Kunai"},{"floor":88,"key":"Self Forming Clay"},{"floor":89,"key":"Ancient Tea Set"},{"floor":95,"key":"Mercury Hourglass"},{"floor":96,"key":"Mummified Hand"},{"floor":97,"key":"bronze:DecasWashers"},{"floor":98,"key":"Du-Vu Doll"},{"floor":99,"key":"Matryoshka"},{"floor":103,"key":"Pantograph"},{"floor":104,"key":"Unceasing Top"},{"floor":105,"key":"Pear"},{"floor":106,"key":"Meat on the Bone"},{"floor":107,"key":"hexamod:CandleOfCauterizing"},{"floor":109,"key":"Blue Candle"},{"floor":114,"key":"StrikeDummy"},{"floor":116,"key":"Paper Frog"},{"floor":120,"key":"Pocketwatch"},{"floor":122,"key":"Incense Burner"},{"floor":123,"key":"Lizard Tail"},{"floor":124,"key":"champ:DeflectingBracers"}],"event_choices":[{"damage_healed":0,"gold_gain":0,"player_choice":"Take Damage","damage_taken":20,"relics_obtained":["Golden Idol"],"max_hp_gain":0,"max_hp_loss":0,"event_name":"Golden Idol","floor":2,"gold_loss":0},{"damage_healed":0,"gold_gain":0,"player_choice":"Ignored","damage_taken":0,"max_hp_gain":0,"max_hp_loss":0,"event_name":"Shining Light","floor":3,"gold_loss":0},{"damage_healed":0,"gold_gain":0,"player_choice":"Joined the Cult","damage_taken":6,"max_hp_gain":0,"max_hp_loss":0,"event_name":"Nest","floor":19,"gold_loss":0,"cards_obtained":["RitualDagger"]},{"damage_healed":0,"gold_gain":0,"player_choice":"Ignored","damage_taken":0,"max_hp_gain":0,"max_hp_loss":0,"event_name":"Transmorgrifier","floor":21,"gold_loss":0},{"damage_healed":0,"gold_gain":0,"player_choice":"Fight","damage_taken":0,"max_hp_gain":0,"max_hp_loss":0,"event_name":"Mysterious Sphere","floor":37,"gold_loss":0},{"cards_removed":["Strike_R"],"damage_healed":0,"gold_gain":0,"player_choice":"Removed Attack","damage_taken":0,"max_hp_gain":0,"max_hp_loss":0,"event_name":"Falling","floor":39,"gold_loss":0},{"damage_healed":0,"gold_gain":0,"player_choice":"Leave","damage_taken":0,"max_hp_gain":0,"max_hp_loss":0,"event_name":"The Cleric","floor":56,"gold_loss":0},{"damage_healed":0,"gold_gain":75,"player_choice":"Gather Gold","damage_taken":11,"max_hp_gain":0,"max_hp_loss":0,"event_name":"World of Goop","floor":62,"gold_loss":0},{"damage_healed":0,"gold_gain":0,"player_choice":"Obtained Relic","damage_taken":0,"relics_obtained":["Bird Faced Urn"],"max_hp_gain":0,"max_hp_loss":0,"event_name":"Addict","floor":81,"gold_loss":85}],"is_beta":false,"boss_relics":[{"not_picked":["Pandora\u0027s Box","expansioncontent:StudyCardRelic","Busted Crown"]},{"not_picked":["Sozu","Calling Bell"],"picked":"Tiny House"},{"not_picked":["Cursed Key","bronze:MakeshiftBattery","Coffee Dripper"]},{"not_picked":["Runic Dome","Empty Cage"],"picked":"Mark of Pain"},{"not_picked":["Astrolabe","Cursed Key"],"picked":"Fusion Hammer"},{"not_picked":["expansioncontent:StudyCardRelic","Coffee Dripper"],"picked":"Runic Cube"},{"not_picked":["Velvet Choker","Empty Cage"],"picked":"expansioncontent:StudyCardRelic"}],"items_purged_floors":[],"is_endless":true,"potions_floor_spawned":[1,6,8,12,14,24,28,30,31,37,44,45,47,53,55,57,58,61,63,64,65,67,69,70,72,73,74,75,76,77,78,79,80,82,84,86,87,88,89,91,93,94,95,96,97,98,99,101,103,104,105,106,107,108,109,111,113,114,115,116,118,120,122,123,124,125],"killed_by":"Gremlin Leader","ascension_level":0}}