{"host":"uc8wz0q199a7d901","time":1612688719,"event":{"mods":["2.2 Compatiblity","BaseMod","Colored Map","DeckTracker","Highlight Path","Minty Spire (QoL Compilation)","Permanent Neow","Quick Restart","SuperFastMode"],"gold_per_floor":[114,114,133,152,2,2,21,59,134,134,172,172,191,210,210,335,335,354,373,23,23,38,68,83,83,83,83,98,128,143,143,143],"floor_reached":31,"language":"KOR","playtime":996,"items_purged":["Strike_G"],"score":339,"play_id":"4610a4bc-df25-4529-9183-ff42351cafcb","local_time":"20210207180519","daily_mods":["Heirloom","ControlledChaos","Lethality"],"is_ascension_mode":false,"campfire_choices":[{"data":"Eviscerate","floor":6.0,"key":"SMITH"},{"data":"Prepared","floor":10.0,"key":"SMITH"},{"floor":15.0,"key":"REST"},{"data":"Noxious Fumes","floor":25,"key":"SMITH"},{"data":"A Thousand Cuts","floor":27,"key":"SMITH"}],"circlet_count":0,"master_deck":["Strike_G","Strike_G","Strike_G","Strike_G","Defend_G","Defend_G","Defend_G","Defend_G","Defend_G","Survivor","Neutralize","Prepared+1","Eviscerate+1","PiercingWail","A Thousand Cuts+1","Choke","Corpse Explosion","Noxious Fumes+1","Acrobatics+1","Prepared+1"],"relics":["Ring of the Snake","Frozen Eye","Thread and Needle","Bloody Idol","Pen Nib","Bird Faced Urn","Matryoshka","Boot","Black Star","Potion Belt","Vajra","Toxic Egg 2","Dream Catcher","InkBottle","Nunchaku","The Courier"],"acts_visited":["Exordium","TheCity"],"potions_floor_usage":[23,23,23,29,29,30,31],"damage_taken":[{"damage":0.0,"enemies":"2 Louse","floor":1.0,"turns":2.0},{"damage":0.0,"enemies":"Jaw Worm","floor":3.0,"turns":3.0},{"damage":0.0,"enemies":"Cultist","floor":4.0,"turns":2.0},{"damage":5.0,"enemies":"Looter","floor":7.0,"turns":2.0},{"damage":16.0,"enemies":"Lagavulin","floor":8.0,"turns":4.0},{"damage":0.0,"enemies":"Gremlin Nob","floor":11.0,"turns":2.0},{"damage":21.0,"enemies":"Gremlin Gang","floor":13.0,"turns":4.0},{"damage":0.0,"enemies":"Red Slaver","floor":14.0,"turns":4.0},{"damage":24.0,"enemies":"The Guardian","floor":16.0,"turns":9.0},{"damage":24.0,"enemies":"Spheric Guardian","floor":18.0,"turns":5.0},{"damage":0.0,"enemies":"Chosen","floor":19.0,"turns":5.0},{"damage":5.0,"enemies":"Snake Plant","floor":22.0,"turns":3.0},{"damage":17,"enemies":"Book of Stabbing","floor":23,"turns":4},{"damage":4,"enemies":"Cultist and Chosen","floor":24,"turns":4},{"damage":6,"enemies":"Snecko","floor":28,"turns":4},{"damage":0,"enemies":"Gremlin Leader","floor":29,"turns":7},{"damage":45,"enemies":"Sentry and Sphere","floor":30,"turns":6},{"damage":28,"enemies":"Book of Stabbing","floor":31,"turns":3}],"seed_played":"8884597751285247366","potions_obtained":[{"floor":3.0,"key":"SneckoOil"},{"floor":7.0,"key":"DuplicationPotion"},{"floor":14.0,"key":"CultistPotion"},{"floor":16.0,"key":"SpeedPotion"},{"floor":23,"key":"Fire Potion"},{"floor":24,"key":"PowerPotion"},{"floor":29,"key":"Energy Potion"}],"is_trial":false,"path_per_floor":["M","?","M","M","$","R","M","E","T","R","E","?","M","M","R","B",null,"M","M","$","?","M","E","M","R","T","R","M","E","M","E"],"character_chosen":"THE_SILENT","items_purchased":["Pen Nib","Potion Belt","DistilledChaos","SkillPotion"],"campfire_rested":1,"item_purchase_floors":[5,20,20,20],"current_hp_per_floor":[70,65,65,65,65,65,60,44,44,44,44,44,27,27,46,28,65,44,48,48,48,54,44,45,45,45,45,46,59,21,0,0],"gold":143,"neow_bonus":"","is_daily":true,"chose_seed":false,"campfire_upgraded":4,"win_rate":0.0,"timestamp":1612688719,"path_taken":["M","?","M","M","$","R","M","E","T","R","E","?","M","?","R","BOSS","M","M","$","?","M","E","M","R","T","R","M","E","M","E"],"items_purchased_type":["Relic","Relic","Potion","Potion"],"build_version":"2020-12-22","purchased_purges":1,"victory":false,"max_hp_per_floor":[70,65,65,65,65,65,65,65,65,65,65,65,65,65,65,65,65,65,65,65,65,65,65,65,65,65,65,65,65,65,65,65],"card_choices":[{"not_picked":["Dodge and Roll","Deflect"],"picked":"Prepared","floor":1.0},{"not_picked":["Prepared","Deflect"],"picked":"Eviscerate","floor":3.0},{"not_picked":["Dodge and Roll","Outmaneuver"],"picked":"PiercingWail","floor":4.0},{"not_picked":["Dagger Throw","Sucker Punch","Acrobatics"],"picked":"SKIP","floor":7.0},{"not_picked":["Flying Knee","Deflect","Quick Slash"],"picked":"SKIP","floor":8.0},{"not_picked":["Reflex","Underhanded Strike"],"picked":"A Thousand Cuts","floor":11.0},{"not_picked":["Backstab","Flying Knee"],"picked":"Choke","floor":13.0},{"not_picked":["Flying Knee","Acrobatics","Quick Slash"],"picked":"SKIP","floor":14.0},{"not_picked":["Wraith Form v2","Die Die Die"],"picked":"Corpse Explosion","floor":16.0},{"not_picked":["All Out Attack","Outmaneuver","Backflip"],"picked":"SKIP","floor":18.0},{"not_picked":["PiercingWail","Acrobatics","Cloak And Dagger+1"],"picked":"SKIP","floor":19.0},{"not_picked":["Heel Hook","PiercingWail"],"picked":"Noxious Fumes","floor":22.0},{"not_picked":["Expertise+1","PiercingWail+1"],"picked":"Acrobatics+1","floor":23},{"not_picked":["Outmaneuver+1","Quick Slash+1","Cloak And Dagger+1"],"picked":"SKIP","floor":24},{"not_picked":["Dagger Spray","Riddle With Holes"],"picked":"Prepared+1","floor":28},{"not_picked":["Underhanded Strike","Die Die Die","Accuracy+1"],"picked":"SKIP","floor":29},{"not_picked":["Cloak And Dagger+1","Heel Hook+1","Blade Dance+1"],"picked":"SKIP","floor":30}],"player_experience":729282,"relics_obtained":[{"floor":8.0,"key":"Bird Faced Urn"},{"floor":9.0,"key":"Matryoshka"},{"floor":11.0,"key":"Boot"},{"floor":23,"key":"Vajra"},{"floor":23,"key":"Toxic Egg 2"},{"floor":26,"key":"Dream Catcher"},{"floor":26,"key":"InkBottle"},{"floor":29,"key":"Nunchaku"},{"floor":29,"key":"The Courier"}],"event_choices":[{"damage_healed":0.0,"max_hp_gain":0.0,"max_hp_loss":5.0,"gold_gain":0.0,"event_name":"Golden Idol","player_choice":"Lose Max HP","floor":2.0,"gold_loss":0.0,"damage_taken":0.0,"relics_obtained":["Golden Idol"]},{"damage_healed":0.0,"max_hp_gain":0.0,"max_hp_loss":0.0,"gold_gain":0.0,"event_name":"Liars Game","player_choice":"Ignored","floor":12.0,"gold_loss":0.0,"damage_taken":0.0},{"damage_healed":0.0,"max_hp_gain":0.0,"max_hp_loss":0.0,"gold_gain":0.0,"event_name":"Forgotten Altar","player_choice":"Gave Idol","floor":21.0,"relics_lost":["Golden Idol"],"gold_loss":0.0,"damage_taken":0.0,"relics_obtained":["Bloody Idol"]}],"is_beta":false,"boss_relics":[{"not_picked":["Ring of the Serpent","Philosopher\u0027s Stone"],"picked":"Black Star"}],"items_purged_floors":[20],"is_endless":false,"potions_floor_spawned":[3,7,14,16,23,24,29],"killed_by":"Book of Stabbing","ascension_level":0}}