{"host":"d52brwsy6af8zvaq","time":1612726342,"event":{"mods":["AchievementEnabler","BaseMod","Bestiary","Highlight Path","Minty Spire (QoL Compilation)","Quick Restart","Relic Stats","ojb\u0027s Better Paths Mod"],"gold_per_floor":[109,184,184,200,219,219,246,246,246,81,93,93,93],"floor_reached":12,"language":"ENG","playtime":392,"items_purged":[],"score":156,"play_id":"0bb79b1e-07b7-4f76-8cb7-b167b1d30847","local_time":"20210207123221","is_ascension_mode":true,"campfire_choices":[{"data":"Zap","floor":6.0,"key":"SMITH"},{"data":"Fusion","floor":8,"key":"SMITH"}],"circlet_count":0,"master_deck":["AscendersBane","Strike_B","Strike_B","Strike_B","Defend_B","Defend_B","Defend_B","Defend_B","Zap+1","Dualcast","Static Discharge","Self Repair","Cold Snap","Fusion+1","Redo","Sunder","Doom and Gloom"],"relics":["Cracked Core","Meat on the Bone","Omamori"],"acts_visited":["Exordium"],"potions_floor_usage":[11],"damage_taken":[{"damage":0.0,"enemies":"2 Louse","floor":1.0,"turns":2.0},{"damage":2.0,"enemies":"Jaw Worm","floor":4.0,"turns":4.0},{"damage":1.0,"enemies":"Cultist","floor":5.0,"turns":3.0},{"damage":47.0,"enemies":"Gremlin Nob","floor":7.0,"turns":4.0},{"damage":9,"enemies":"Large Slime","floor":11,"turns":6},{"damage":38,"enemies":"3 Sentries","floor":12,"turns":5}],"seed_played":"-1842752102980966139","potions_obtained":[{"floor":4.0,"key":"Weak Potion"},{"floor":11,"key":"LiquidBronze"}],"is_trial":false,"path_per_floor":["M","?","?","M","M","R","E","R","T","$","M","E"],"character_chosen":"DEFECT","items_purchased":["Block Potion","Redo","Sunder"],"campfire_rested":0,"item_purchase_floors":[10,10,10],"current_hp_per_floor":[71,60,60,58,64,64,24,24,24,24,34,0,0],"gold":93,"neow_bonus":"TEN_PERCENT_HP_BONUS","is_daily":false,"chose_seed":false,"campfire_upgraded":2,"win_rate":0.0,"timestamp":1612726341,"path_taken":["M","?","?","M","M","R","E","R","T","$","M","E"],"items_purchased_type":["Potion","Card","Card"],"build_version":"2020-12-22","purchased_purges":0,"victory":false,"max_hp_per_floor":[78,78,78,78,78,78,78,78,78,78,78,78,78],"relic_stats":{"counters":[6,24],"obtain_stats":[{"Omamori":9,"Cracked Core":0,"Meat on the Bone":7},{"Omamori":4,"Cracked Core":0,"Meat on the Bone":4},{"Omamori":13,"Cracked Core":0,"Meat on the Bone":13}],"Meat on the Bone":12},"card_choices":[{"not_picked":["Beam Cell","Barrage"],"picked":"Static Discharge","floor":1.0},{"not_picked":["Compile Driver","Coolheaded"],"picked":"Self Repair","floor":4.0},{"not_picked":["Biased Cognition","Beam Cell"],"picked":"Cold Snap","floor":5.0},{"not_picked":["Leap","Cold Snap"],"picked":"Fusion","floor":7},{"not_picked":["Scrape","Barrage"],"picked":"Doom and Gloom","floor":11}],"player_experience":2188152,"relics_obtained":[{"floor":7,"key":"Meat on the Bone"},{"floor":9,"key":"Omamori"}],"event_choices":[{"damage_healed":0.0,"max_hp_gain":0.0,"max_hp_loss":0.0,"gold_gain":75.0,"event_name":"World of Goop","player_choice":"Gather Gold","floor":2.0,"gold_loss":0.0,"damage_taken":11.0},{"cards_removed":["Strike_B"],"damage_healed":0.0,"max_hp_gain":0.0,"max_hp_loss":0.0,"gold_gain":0.0,"event_name":"Wheel of Change","player_choice":"Card Removal","floor":3.0,"gold_loss":0.0,"damage_taken":0.0}],"is_beta":false,"boss_relics":[],"items_purged_floors":[],"is_endless":false,"potions_floor_spawned":[4,11],"killed_by":"3 Sentries","ascension_level":20}}