{"host":"yq7vhdvcv08g2502","time":1612691296,"event":{"mods":["Act Like it!","BaseMod","Colored Powertips","Custom Start","Gensokyo","Marisa????????","Minty Spire (QoL Compilation)","Quick Restart","Reimu??????","StSLib","The Servant 0.9.4"],"gold_per_floor":[115,131,131,166,177,177,189,209,209,222,222,242,260,275,275,380,380,395,395,395,296,296,325,325,337,360,360,320,320,330,580,580,680,680,695,695,722,722,733,733,733],"floor_reached":40,"language":"ENG","playtime":1935,"items_purged":["Defend_S"],"score":565,"play_id":"895d9909-2c73-468d-b40a-4d88ad20c4a6","local_time":"20210207094816","is_ascension_mode":true,"campfire_choices":[{"data":"LightFlow","floor":6.0,"key":"SMITH"},{"data":"KidneyShot","floor":11.0,"key":"SMITH"},{"floor":15.0,"key":"REST"},{"floor":24.0,"key":"REST"},{"data":"Solidify","floor":29.0,"key":"SMITH"},{"floor":32.0,"key":"REST"}],"circlet_count":0,"master_deck":["Strike_S","Strike_S","Defend_S","KidneyShot+1","Exchange","LightFlow+1","BottledTime","BottledTime","InstantArmor","Rearm+1","Luminosity+1","Solidify+1","Defy","Solidify","DoubleEdge","Advance","BottledTime","Defy","MurderousAura","Deny+1","Replace+1","Barrier+1"],"relics":["Uniform","Boot","The Courier","RedLine:ReiMu","Darkstone Periapt","Bottled Tornado","Ancient Tea Set","Astrolabe","Pen Nib"],"acts_visited":["Gensokyo:Gensokyo","Gensokyo:Gensokyoer","Gensokyo:Gensokyoest"],"potions_floor_usage":[],"damage_taken":[{"damage":0.0,"enemies":"Gensokyo:Python","floor":1.0,"turns":2.0},{"damage":7.0,"enemies":"Gensokyo:3_Fairies","floor":2.0,"turns":4.0},{"damage":17.0,"enemies":"Gensokyo:Mamizou","floor":4.0,"turns":8.0},{"damage":0.0,"enemies":"Gensokyo:2_Kodama","floor":5.0,"turns":2.0},{"damage":0.0,"enemies":"Gensokyo:VengefulSpirit","floor":7.0,"turns":2.0},{"damage":10.0,"enemies":"Gensokyo:Gryphon_and_Rabbit","floor":8.0,"turns":3.0},{"damage":0.0,"enemies":"Gensokyo:Python_and_Kodama","floor":10.0,"turns":3.0},{"damage":0.0,"enemies":"Gensokyo:3_Kodama","floor":12.0,"turns":2.0},{"damage":0.0,"enemies":"Gensokyo:Kitsune","floor":13.0,"turns":2.0},{"damage":0.0,"enemies":"Gensokyo:2_Rabbits","floor":14.0,"turns":2.0},{"damage":4.0,"enemies":"Gensokyo:Yukari","floor":16.0,"turns":9.0},{"damage":8.0,"enemies":"Gensokyo:AngelMirror","floor":18.0,"turns":2.0},{"damage":39.0,"enemies":"Gensokyo:Reisen","floor":23.0,"turns":5.0},{"damage":0.0,"enemies":"Gensokyo:2_Gloops","floor":25.0,"turns":2.0},{"damage":0.0,"enemies":"Gensokyo:Slime_Group","floor":30.0,"turns":4.0},{"damage":0.0,"enemies":"Gensokyo:Eiki","floor":33.0,"turns":5.0},{"damage":19.0,"enemies":"Gensokyo:3_Bats","floor":35.0,"turns":2.0},{"damage":67.0,"enemies":"Gensokyo:3_Bats","floor":38.0,"turns":2.0},{"damage":5.0,"enemies":"Gensokyo:AncientGuardian","floor":39.0,"turns":5.0},{"damage":48,"enemies":"Gensokyo:Marisa","floor":40,"turns":7}],"seed_played":"7707915946168430724","potions_obtained":[{"floor":4.0,"key":"SteroidPotion"},{"floor":5.0,"key":"Regen Potion"},{"floor":10.0,"key":"Energy Potion"},{"floor":12.0,"key":"PowerPotion"},{"floor":16.0,"key":"FearPotion"},{"floor":23.0,"key":"LiquidMemories"},{"floor":30.0,"key":"PowerPotion"},{"floor":33.0,"key":"Block Potion"}],"is_trial":false,"path_per_floor":["M","M","?","?","M","R","M","M","T","M","R","M","M","M","R","B",null,"M","?","?","$","T","E","R","M","T","?","?","R","M","?","R","B",null,"M","?","T","?","M","E"],"character_chosen":"THE_SERVANT","items_purchased":["BottledTime"],"campfire_rested":3,"item_purchase_floors":[21],"current_hp_per_floor":[65,58,58,41,41,41,41,31,31,31,31,31,31,31,50,61,64,56,56,56,56,56,17,36,36,36,36,36,36,36,36,54,54,60,41,41,41,41,36,0,0],"gold":733,"neow_bonus":"TRANSFORM_CARD","is_daily":false,"chose_seed":false,"campfire_upgraded":3,"win_rate":0.0,"timestamp":1612691296,"path_taken":["M","M","?","?","M","R","M","M","T","M","R","M","M","M","R","BOSS","M","?","?","$","?","E","R","?","T","?","?","R","M","?","R","BOSS","M","?","?","?","M","E"],"items_purchased_type":["Card"],"build_version":"2020-12-22","purchased_purges":1,"victory":false,"max_hp_per_floor":[65,65,65,65,65,65,65,65,65,65,65,65,65,65,65,65,65,65,65,65,65,65,65,65,65,65,65,65,65,65,62,62,62,62,62,62,62,62,62,62,62],"card_choices":[{"not_picked":["Potential","ShatteredReality"],"picked":"BottledTime","floor":1.0},{"not_picked":["InstantArmor","Unruled"],"picked":"BottledTime","floor":2.0},{"not_picked":["Deadline","DualDimension"],"picked":"InstantArmor","floor":4.0},{"not_picked":["WasteNot","FastForward"],"picked":"Rearm","floor":5.0},{"not_picked":["Foresight","Revamp"],"picked":"Luminosity","floor":7.0},{"not_picked":["Snipe","Deadline","WasteNot"],"picked":"SKIP","floor":8.0},{"not_picked":["Unruled","Hightail","Barrier"],"picked":"SKIP","floor":10.0},{"not_picked":["Rearm","TimeWarp"],"picked":"Solidify","floor":12.0},{"not_picked":["Revamp","Snipe","Sabotage"],"picked":"SKIP","floor":13.0},{"not_picked":["FanOfKnives","WasteNot"],"picked":"Defy","floor":14.0},{"not_picked":["SoulSculpture","PendulumOfEternity"],"picked":"Solidify","floor":16.0},{"not_picked":["TimeWarp","Rewind"],"picked":"DoubleEdge","floor":18.0},{"not_picked":["Barrier+1","DancingSilver+1","Manipulate+1"],"picked":"SKIP","floor":23.0},{"not_picked":["Foresight+1","Revamp","Alleviate"],"picked":"SKIP","floor":25.0},{"not_picked":["Unruled","ForgedInTime"],"picked":"Defy","floor":30.0},{"not_picked":["PendulumOfEternity","ForgedInTime"],"picked":"MurderousAura","floor":33.0},{"not_picked":["TimeWarp+1","SurpressingFire","Replace"],"picked":"SKIP","floor":35.0},{"not_picked":["MoonPhase+1","TimeWarp+1","Unruled"],"picked":"SKIP","floor":39.0}],"player_experience":299995,"relics_obtained":[{"floor":4.0,"key":"Boot"},{"floor":9.0,"key":"The Courier"},{"floor":22.0,"key":"Darkstone Periapt"},{"floor":23.0,"key":"Bottled Tornado"},{"floor":26.0,"key":"Ancient Tea Set"},{"floor":37.0,"key":"Pen Nib"}],"event_choices":[],"is_beta":false,"boss_relics":[{"not_picked":["Ectoplasm","SlaversCollar"],"picked":"RedLine:ReiMu"},{"not_picked":["SacredBark","Black Star"],"picked":"Astrolabe"}],"items_purged_floors":[21],"is_endless":false,"potions_floor_spawned":[4,5,10,12,13,16,23,30,33],"killed_by":"Gensokyo:Marisa","ascension_level":5}}