{"host":"08z5bj28eube4vug","time":1612674808,"event":{"mods":["100% Spire Juice","2.2 Compatiblity","Abigail Mod","Act Like it!","BaseMod","Beaked The Cultist","Bestiary","Friendly Minions","Gensokyo","GungeonMod","Hallownest","Kiyohime????","Koishi","Lobotomy","Marisa????????","Minty Spire (QoL Compilation)","Prisma Mod","Remilia??????","Replay The Spire","Spire Arcade","StSLib","Td1madao Mod","The Alterego","The Bug Knight","The Jungle","The Sage","The Senshi","The Servant 0.9.4","Waifu the Spire","WarShipGirlsR/????R mod","Yuri Mod"],"gold_per_floor":[111,111,123,123,135,163,163,193,218,81,95,60,60,91,91,192,192,207,60,60,71,71,71,102,102,102,122,87,107,142,242,2,102,102,118,118,168,168,0,0,10,23,23,35,35,35],"floor_reached":45,"language":"ENG","playtime":3640,"items_purged":["Voices"],"score":517,"play_id":"46c78b1d-1e47-46b5-bb34-651932cf7207","local_time":"20210207081328","is_ascension_mode":true,"campfire_choices":[{"floor":7.0,"key":"REST"},{"data":"Moonworks:RagingMadness","floor":13.0,"key":"SMITH"},{"data":"Moonworks:MetallicMonocoque","floor":15.0,"key":"SMITH"},{"data":"Moonworks:Encore","floor":23.0,"key":"SMITH"},{"floor":25,"key":"REST"},{"floor":32,"key":"REST"},{"data":"Moonworks:MeltingMemories","floor":40,"key":"SMITH"}],"circlet_count":0,"master_deck":["Moonworks:Strike","Moonworks:Strike","Moonworks:Strike","Moonworks:Strike+1","Moonworks:Defend","Moonworks:Defend","Moonworks:Defend+1","Moonworks:Defend","Moonworks:Ambush+1","Moonworks:LongDistanceShot","Thinking Ahead","Moonworks:LulusLuckyEgg","Moonworks:MetallicMonocoque+1","Moonworks:ImOnFire","Moonworks:FinalSurgery","Moonworks:NicePresent","Good Instincts","Moonworks:AngelHand","Moonworks:RagingMadness+1","Moonworks:Encore+1","beaked:WalkersFury","Moonworks:LulusLuckyEgg+1","Moonworks:StiffCrystal","Necronomicurse","Moonworks:AngelHand","Moonworks:AwakeningOfTalent","Moonworks:DevilHand+1","Moonworks:NicePresent","Moonworks:ShieldCounter","Moonworks:NicePresent","Moonworks:EvilSpyWorkPreparation+1","Moonworks:MeltingMemories+1","Moonworks:IndiscriminateFireSupport","Moonworks:IndiscriminateFireSupport+1","Moonworks:LuckyCharm+1"],"relics":["Moonworks:BrokenBomb","Moonworks:Homemark","PreservedInsect","MealTicket","Toy Ornithopter","ReplayTheSpireMod:CursedCoin","HollowMod:LifeEnderRelic","beaked:SacredDeck","Pet Ghost","Necronomicon","CaptainsWheel","DemoMod:DecoyRelic","Juzu Bracelet","Ring of Chaos","Peace Pipe","Lee\u0027s Waffle","Gremlin Horn"],"acts_visited":["Exordium","TheCity","TheBeyond"],"potions_floor_usage":[39],"damage_taken":[{"damage":2.0,"enemies":"Small Slimes","floor":1.0,"turns":4.0},{"damage":0.0,"enemies":"2 Louse","floor":3.0,"turns":3.0},{"damage":0.0,"enemies":"Jaw Worm","floor":5.0,"turns":3.0},{"damage":5.0,"enemies":"3 Sentries","floor":6.0,"turns":9.0},{"damage":7.0,"enemies":"Gremlin Nob","floor":8.0,"turns":3.0},{"damage":0.0,"enemies":"Looter","floor":11.0,"turns":3.0},{"damage":7.0,"enemies":"HollowMod:MossKnight","floor":14.0,"turns":5.0},{"damage":5.0,"enemies":"Fading Forest","floor":16.0,"turns":11.0},{"damage":21.0,"enemies":"2 Thieves","floor":18.0,"turns":4.0},{"damage":1.0,"enemies":"Chosen","floor":21.0,"turns":4.0},{"damage":21,"enemies":"Slavers","floor":24,"turns":7},{"damage":5,"enemies":"Snecko","floor":27,"turns":5},{"damage":9,"enemies":"Chosen and Byrds","floor":29,"turns":6},{"damage":10,"enemies":"Replay:Snechameleon","floor":30,"turns":5},{"damage":17,"enemies":"Automaton","floor":33,"turns":8},{"damage":3,"enemies":"3 Darklings","floor":35,"turns":5},{"damage":25,"enemies":"2 Orb Walkers","floor":37,"turns":5},{"damage":0,"enemies":"Orb Walker","floor":41,"turns":2},{"damage":19,"enemies":"Jaw Worm Horde","floor":42,"turns":2},{"damage":30,"enemies":"Writhing Mass","floor":44,"turns":4},{"damage":21,"enemies":"3 Darklings","floor":45,"turns":2}],"seed_played":"8201978642551732580","potions_obtained":[{"floor":1.0,"key":"LifebloodPotion"},{"floor":5.0,"key":"LifebloodPotion"},{"floor":8.0,"key":"Adrenaline Potion"},{"floor":14.0,"key":"Elixir"},{"floor":16.0,"key":"sagemod:Wine"},{"floor":29,"key":"Strength Potion"},{"floor":30,"key":"Moonworks:OneHundredPercentOrangeJuicePotion"},{"floor":37,"key":"Fire Potion"},{"floor":44,"key":"Dexterity Potion"}],"is_trial":false,"path_per_floor":["M","?","M","?","M","E","R","E","T","$","M","$","R","E","R","B",null,"M","$","?","M","?","R","E","R","T","M","$","M","E","?","R","B",null,"M","$","?","?","$","R","M","M","T","M","M"],"character_chosen":"THE_STARBREAKER","items_purchased":["ReplayTheSpireMod:CursedCoin","Good Instincts","Moonworks:RagingMadness","Pet Ghost","Moonworks:AwakeningOfTalent","Lee\u0027s Waffle","Moonworks:IndiscriminateFireSupport"],"campfire_rested":3,"item_purchase_floors":[10,10,12,19,28,39,39],"current_hp_per_floor":[40,40,40,28,28,23,41,34,34,49,49,60,60,53,53,60,60,39,54,54,53,37,37,16,34,34,29,44,35,25,25,43,26,60,57,60,35,35,67,67,67,48,48,18,0,0],"gold":35,"neow_bonus":"RANDOM_COLORLESS_2","is_daily":false,"chose_seed":false,"campfire_upgraded":4,"win_rate":0.0,"timestamp":1612674808,"path_taken":["M","?","M","?","M","E","R","E","T","$","M","$","R","E","R","BOSS","M","$","?","M","?","R","E","R","T","M","?","M","E","?","R","BOSS","M","$","?","?","$","R","M","M","T","M","M"],"items_purchased_type":["Relic","Card","Card","Relic","Card","Relic","Card"],"build_version":"2020-12-22","purchased_purges":1,"victory":false,"max_hp_per_floor":[60,60,60,60,60,60,60,60,60,60,60,60,60,60,60,60,60,60,60,60,60,60,60,60,60,60,60,60,60,60,60,60,60,60,60,60,60,60,67,67,67,67,67,67,67,67],"card_choices":[{"not_picked":["ReplayTheSpireMod:Necrogeddon","Chrysalis"],"picked":"Thinking Ahead","floor":0.0},{"not_picked":["Moonworks:BigMagnum","Moonworks:ImOnFire"],"picked":"Moonworks:LulusLuckyEgg","floor":1.0},{"not_picked":["Moonworks:EvilSpyWorkPreparation","Moonworks:Flamethrower"],"picked":"Moonworks:MetallicMonocoque","floor":3.0},{"not_picked":["Moonworks:DeployBits","Moonworks:ImmovableObject"],"picked":"Moonworks:ImOnFire","floor":5.0},{"not_picked":["Moonworks:UnpaidWork","Moonworks:IntelligenceOfficer"],"picked":"Moonworks:FinalSurgery","floor":6.0},{"not_picked":["Moonworks:Assault","Moonworks:JonathanRush"],"picked":"Moonworks:NicePresent","floor":8.0},{"not_picked":["Moonworks:LulusLuckyEgg","Moonworks:x16BigRocket"],"picked":"Moonworks:AngelHand","floor":11.0},{"not_picked":["Moonworks:UnluckyCharm","Moonworks:CloudOfSeagulls","Moonworks:Heat300Percent"],"picked":"SKIP","floor":14.0},{"not_picked":["Moonworks:MetallicMonocoque","Moonworks:ShieldCounter"],"picked":"Moonworks:Encore","floor":16.0},{"not_picked":["Moonworks:Assault","Moonworks:ImOnFire+1"],"picked":"Moonworks:LulusLuckyEgg+1","floor":18.0},{"not_picked":["Moonworks:Heat300Percent","Moonworks:CloudOfSeagulls+1"],"picked":"Moonworks:StiffCrystal","floor":21.0},{"not_picked":["Moonworks:ImOnFire+1","Moonworks:CloudOfSeagulls"],"picked":"Moonworks:AngelHand","floor":24},{"not_picked":["Moonworks:LulusLuckyEgg","Moonworks:DeployBits+1","Moonworks:Assault"],"picked":"SKIP","floor":27},{"not_picked":["Moonworks:CloudOfSeagulls+1","Moonworks:FullSpeedAlicianrone"],"picked":"Moonworks:DevilHand+1","floor":29},{"not_picked":["Moonworks:CloudOfSeagulls","Moonworks:DeployBits"],"picked":"Moonworks:NicePresent","floor":30},{"not_picked":["Moonworks:Gamble","Moonworks:Blazing"],"picked":"Moonworks:ShieldCounter","floor":33},{"not_picked":["Moonworks:Assault","Moonworks:ImOnFire"],"picked":"Moonworks:NicePresent","floor":35},{"not_picked":["Moonworks:Assault","Moonworks:SakisCookie"],"picked":"Moonworks:EvilSpyWorkPreparation+1","floor":37},{"not_picked":[],"picked":"Moonworks:MeltingMemories","floor":38},{"not_picked":["Moonworks:DeployBits","Moonworks:BigMagnum+1"],"picked":"Moonworks:IndiscriminateFireSupport+1","floor":41},{"not_picked":["Moonworks:DeployBits","Moonworks:IndiscriminateFireSupport"],"picked":"Moonworks:LuckyCharm+1","floor":42},{"not_picked":["Moonworks:Flamethrower","Moonworks:FinalSurgery+1","Moonworks:SweetBattle"],"picked":"SKIP","floor":44}],"player_experience":884899,"relics_obtained":[{"floor":6.0,"key":"PreservedInsect"},{"floor":8.0,"key":"MealTicket"},{"floor":9.0,"key":"Toy Ornithopter"},{"floor":14.0,"key":"HollowMod:LifeEnderRelic"},{"floor":22.0,"key":"Necronomicon"},{"floor":24,"key":"CaptainsWheel"},{"floor":26,"key":"DemoMod:DecoyRelic"},{"floor":30,"key":"Juzu Bracelet"},{"floor":37,"key":"Peace Pipe"},{"floor":43,"key":"Gremlin Horn"}],"event_choices":[{"damage_healed":0.0,"max_hp_gain":0.0,"max_hp_loss":0.0,"gold_gain":0.0,"event_name":"Living Wall","player_choice":"Grow","floor":2.0,"gold_loss":0.0,"damage_taken":0.0,"cards_upgraded":["Moonworks:Ambush"]},{"damage_healed":0.0,"max_hp_gain":0.0,"max_hp_loss":0.0,"gold_gain":0.0,"event_name":"Shining Light","player_choice":"Entered Light","floor":4.0,"gold_loss":0.0,"damage_taken":12.0,"cards_upgraded":["Moonworks:Defend","Moonworks:Strike"]},{"damage_healed":0.0,"max_hp_gain":0.0,"max_hp_loss":0.0,"gold_gain":0.0,"event_name":"Cursed Tome","player_choice":"Obtained Book","floor":22.0,"gold_loss":0.0,"damage_taken":16.0},{"damage_healed":0,"gold_gain":100,"player_choice":"Pray","damage_taken":0,"max_hp_gain":0,"max_hp_loss":0,"event_name":"Golden Shrine","floor":31,"gold_loss":0},{"damage_healed":0,"gold_gain":0,"player_choice":"Fight","damage_taken":0,"max_hp_gain":0,"max_hp_loss":0,"event_name":"Mysterious Sphere","floor":37,"gold_loss":0}],"is_beta":false,"boss_relics":[{"not_picked":["beaked:MawFillet","ReplayTheSpireMod:DimensionalGlitch"],"picked":"beaked:SacredDeck"},{"not_picked":["Velvet Choker","Runic Dome"],"picked":"Ring of Chaos"}],"items_purged_floors":[10],"is_endless":false,"potions_floor_spawned":[1,5,8,14,16,29,30,33,37,44],"killed_by":"3 Darklings","ascension_level":1}}