{"host":"h2hvhmnr6sxj7mkx","time":1612698900,"event":{"mods":["BaseMod","Marisa????????","Minty Spire (QoL Compilation)","StSLib"],"gold_per_floor":[118,134,154,166,25,52,70,70,70,89,108,134,134,153,153,250,250,270,270,280,25,99,99,99,99,99,112,144,144,163,193,193,292,292,305,305,360,360,110,140,140,153,153,153,153,168,168,183,183,183],"floor_reached":51,"language":"ENG","playtime":4258,"items_purged":[],"score":727,"play_id":"70ef7ab6-b033-4708-9e48-4d83c7537347","local_time":"20210207055500","is_ascension_mode":false,"campfire_choices":[{"data":"Hello World","floor":8,"key":"SMITH"},{"data":"Loop","floor":13,"key":"SMITH"},{"data":"Loop","floor":15,"key":"SMITH"},{"floor":23,"key":"REST"},{"floor":29,"key":"REST"},{"floor":32,"key":"REST"},{"data":"Redo","floor":41,"key":"SMITH"},{"data":"Conserve Battery","floor":45,"key":"SMITH"},{"floor":47,"key":"REST"},{"data":"Auto Shields","floor":49,"key":"SMITH"}],"circlet_count":0,"master_deck":["Strike_B+1","Strike_B+1","Defend_B+1","Defend_B+1","Defend_B+1","Defend_B+1","Zap","Dualcast","Dramatic Entrance","Redo+1","Auto Shields+1","Ball Lightning","Hello World+1","Loop+1","Conserve Battery+1","Streamline","Beam Cell","Stack+1","Melter","Loop+1","Gash","Steam+1","Amplify+1","Force Field+1","Loop+1","Auto Shields+1","Apotheosis+1","Skim+1","Doom and Gloom","Compile Driver","BootSequence+1","Redo+1","Stack+1","Defragment+1","Electrodynamics+1","Conserve Battery+1","Madness+1","Madness+1","Sweeping Beam","Transmutation+1","Doom and Gloom","Skim+1","Sweeping Beam","Redo+1","Conserve Battery+1"],"relics":["Cracked Core","Toxic Egg 2","FossilizedHelix","Frozen Egg 2","SlaversCollar","Mercury Hourglass","Ice Cream","Lizard Tail","Centennial Puzzle","Nuclear Battery","CatCart","Pantograph","White Beast Statue","Ornamental Fan"],"acts_visited":["Exordium","TheCity","TheBeyond"],"potions_floor_usage":[6,12,31,33,33,37,40,46,50],"damage_taken":[{"damage":1,"enemies":"Cultist","floor":1,"turns":3},{"damage":0,"enemies":"Small Slimes","floor":2,"turns":2},{"damage":0,"enemies":"Jaw Worm","floor":3,"turns":2},{"damage":2,"enemies":"Blue Slaver","floor":4,"turns":3},{"damage":20,"enemies":"3 Sentries","floor":6,"turns":4},{"damage":2,"enemies":"Large Slime","floor":7,"turns":5},{"damage":0,"enemies":"3 Louse","floor":10,"turns":2},{"damage":0,"enemies":"2 Fungi Beasts","floor":11,"turns":1},{"damage":20,"enemies":"Gremlin Nob","floor":12,"turns":4},{"damage":0,"enemies":"Large Slime","floor":14,"turns":5},{"damage":5,"enemies":"The Guardian","floor":16,"turns":10},{"damage":31,"enemies":"2 Thieves","floor":18,"turns":5},{"damage":23,"enemies":"3 Byrds","floor":20,"turns":5},{"damage":0,"enemies":"Shelled Parasite and Fungi","floor":27,"turns":5},{"damage":25,"enemies":"Slavers","floor":28,"turns":3},{"damage":7,"enemies":"Snake Plant","floor":30,"turns":4},{"damage":0,"enemies":"Book of Stabbing","floor":31,"turns":4},{"damage":11,"enemies":"Automaton","floor":33,"turns":7},{"damage":0,"enemies":"Orb Walker","floor":35,"turns":3},{"damage":13,"enemies":"Orin","floor":37,"turns":8},{"damage":22,"enemies":"Nemesis","floor":40,"turns":7},{"damage":0,"enemies":"3 Darklings","floor":42,"turns":5},{"damage":1,"enemies":"Writhing Mass","floor":46,"turns":5},{"damage":0,"enemies":"Sphere and 2 Shapes","floor":48,"turns":2},{"damage":57,"enemies":"Time Eater","floor":50,"turns":7}],"seed_played":"-9153043023749798112","potions_obtained":[{"floor":4,"key":"Regen Potion"},{"floor":7,"key":"PowerPotion"},{"floor":10,"key":"CultistPotion"},{"floor":14,"key":"SteroidPotion"},{"floor":28,"key":"Swift Potion"},{"floor":31,"key":"EssenceOfSteel"},{"floor":33,"key":"AttackPotion"},{"floor":37,"key":"Block Potion"},{"floor":42,"key":"DuplicationPotion"},{"floor":46,"key":"Weak Potion"},{"floor":48,"key":"Weak Potion"}],"is_trial":false,"path_per_floor":["M","M","M","M","$","E","M","R","T","M","M","E","R","M","R","B",null,"M","?","M","$","T","R","?","?","T","M","E","R","M","E","R","B",null,"M","?","?","T","$","E","R","M","T","?","R","M","R","M","R","B",null],"character_chosen":"DEFECT","items_purchased":["Loop","Conserve Battery","Streamline","Apotheosis+1","Skim+1","Transmutation+1","Doom and Gloom"],"campfire_rested":4,"item_purchase_floors":[5,5,5,21,21,39,39],"current_hp_per_floor":[74,74,74,72,72,61,59,59,59,59,59,39,39,39,39,34,75,44,44,21,21,21,43,43,43,43,43,18,40,33,33,55,44,75,75,66,53,53,53,31,31,31,31,31,31,30,52,52,52,18],"gold":183,"neow_bonus":"RANDOM_COLORLESS","is_daily":false,"chose_seed":false,"campfire_upgraded":6,"win_rate":0.0,"timestamp":1612698900,"path_taken":["M","M","M","?","$","E","M","R","T","M","M","E","R","M","R","BOSS","M","?","?","$","?","R","?","?","T","M","E","R","M","E","R","BOSS","M","?","?","?","$","E","R","M","T","?","R","M","R","M","R","BOSS"],"items_purchased_type":["Card","Card","Card","Card","Card","Card","Card"],"build_version":"2020-12-22","purchased_purges":0,"victory":true,"max_hp_per_floor":[75,75,75,75,75,75,75,75,75,75,75,75,75,75,75,75,75,75,75,75,75,75,75,75,75,75,75,75,75,75,75,75,75,75,75,75,75,75,75,75,75,75,75,75,75,75,75,75,75,75],"card_choices":[{"not_picked":["Blind","Dark Shackles"],"picked":"Dramatic Entrance","floor":0},{"not_picked":["Consume","Coolheaded"],"picked":"Redo","floor":1},{"not_picked":["Beam Cell","Sweeping Beam"],"picked":"Auto Shields","floor":2},{"not_picked":["Gash","White Noise"],"picked":"Ball Lightning","floor":3},{"not_picked":["Go for the Eyes","Stack"],"picked":"Hello World","floor":4},{"not_picked":["Cold Snap","Go for the Eyes"],"picked":"Beam Cell","floor":6},{"not_picked":["Barrage","Fusion+1"],"picked":"Stack+1","floor":7},{"not_picked":["Biased Cognition","Leap+1"],"picked":"Melter","floor":10},{"not_picked":["Storm","Doom and Gloom"],"picked":"Loop","floor":11},{"not_picked":["Coolheaded+1","Redo+1"],"picked":"Gash","floor":12},{"not_picked":["Beam Cell","Go for the Eyes"],"picked":"Steam+1","floor":14},{"not_picked":["Reboot+1","Seek+1"],"picked":"Amplify+1","floor":16},{"not_picked":["Cold Snap","Gash"],"picked":"Force Field+1","floor":18},{"not_picked":["Ball Lightning","Gash"],"picked":"Auto Shields+1","floor":20},{"not_picked":["Leap+1","Coolheaded+1"],"picked":"BootSequence+1","floor":27},{"not_picked":["Fusion+1","Stack+1"],"picked":"Redo+1","floor":28},{"not_picked":["Compile Driver","Steam Power+1"],"picked":"Stack+1","floor":30},{"not_picked":["Ball Lightning","Beam Cell"],"picked":"Defragment+1","floor":31},{"not_picked":["Fission+1","Multi-Cast+1"],"picked":"Electrodynamics+1","floor":33},{"not_picked":["Compile Driver+1","Gash"],"picked":"Conserve Battery+1","floor":35},{"not_picked":["Streamline+1","Reprogram+1"],"picked":"Sweeping Beam","floor":37},{"not_picked":["Consume+1","Sweeping Beam+1"],"picked":"Skim+1","floor":40},{"not_picked":["Lockon","Beam Cell"],"picked":"Sweeping Beam","floor":42},{"not_picked":["Coolheaded+1","Cold Snap"],"picked":"Redo+1","floor":46},{"not_picked":["FTL","Go for the Eyes+1"],"picked":"Conserve Battery+1","floor":48}],"player_experience":26484,"relics_obtained":[{"floor":6,"key":"Toxic Egg 2"},{"floor":9,"key":"FossilizedHelix"},{"floor":12,"key":"Frozen Egg 2"},{"floor":22,"key":"Mercury Hourglass"},{"floor":26,"key":"Ice Cream"},{"floor":28,"key":"Lizard Tail"},{"floor":31,"key":"Centennial Puzzle"},{"floor":37,"key":"CatCart"},{"floor":38,"key":"Pantograph"},{"floor":40,"key":"White Beast Statue"},{"floor":43,"key":"Ornamental Fan"}],"event_choices":[{"damage_healed":0,"gold_gain":0,"player_choice":"Copied","damage_taken":0,"max_hp_gain":0,"max_hp_loss":0,"event_name":"Duplicator","floor":19,"gold_loss":0,"cards_obtained":["Loop"]},{"damage_healed":0,"gold_gain":0,"cards_transformed":["Strike_B","Strike_B"],"player_choice":"Became Test Subject","damage_taken":0,"max_hp_gain":0,"max_hp_loss":0,"event_name":"Drug Dealer","floor":24,"gold_loss":0,"cards_obtained":["Doom and Gloom","Compile Driver"]},{"damage_healed":0,"gold_gain":0,"player_choice":"Simplicity","damage_taken":0,"max_hp_gain":0,"max_hp_loss":0,"event_name":"Back to Basics","floor":25,"gold_loss":0,"cards_upgraded":["Strike_B","Strike_B","Defend_B","Defend_B","Defend_B","Defend_B"]},{"damage_healed":0,"gold_gain":0,"player_choice":"Embrace Madness","damage_taken":9,"max_hp_gain":0,"max_hp_loss":0,"event_name":"Winding Halls","floor":36,"gold_loss":0,"cards_obtained":["Madness","Madness"]},{"damage_healed":0,"gold_gain":0,"player_choice":"Fight","damage_taken":0,"max_hp_gain":0,"max_hp_loss":0,"event_name":"OrinTheCat","floor":37,"gold_loss":0},{"damage_healed":0,"gold_gain":0,"player_choice":"Ignored","damage_taken":0,"max_hp_gain":0,"max_hp_loss":0,"event_name":"The Moai Head","floor":44,"gold_loss":0}],"is_beta":false,"boss_relics":[{"not_picked":["FrozenCore","Fusion Hammer"],"picked":"SlaversCollar"},{"not_picked":["Snecko Eye","Velvet Choker"],"picked":"Nuclear Battery"}],"items_purged_floors":[],"is_endless":false,"potions_floor_spawned":[4,7,10,14,28,31,33,37,42,46,48],"ascension_level":0}}