{"host":"anox4050deqdcqoh","time":1612709269,"event":{"mods":["BaseMod","Colored Map","Highlight Path","Minty Spire (QoL Compilation)","Quick Restart","Rare Cards Sparkle","everything is the same but u backflip on backflip"],"gold_per_floor":[99,99,99,99,99,99,99,99,99,99,99,99,99,99,99,99,99,99,99,99,99,99,99,99,99,99,99,99,99,99,99,99,99,99,99,99,99,99,99,99,99,99,99,99,99,99,99,99,99,99,99,99,24,24,24],"floor_reached":54,"language":"ENG","playtime":4022,"items_purged":["Strike_P"],"score":801,"play_id":"4f0d1b62-0f72-49c6-8fad-344578d08838","local_time":"20210207094749","is_ascension_mode":false,"campfire_choices":[{"data":"Eruption","floor":6.0,"key":"SMITH"},{"data":"Wallop","floor":15.0,"key":"SMITH"},{"data":"WaveOfTheHand","floor":23.0,"key":"SMITH"},{"floor":28.0,"key":"REST"},{"floor":32.0,"key":"REST"},{"floor":40,"key":"REST"},{"data":"LikeWater","floor":44,"key":"SMITH"},{"floor":46,"key":"REST"},{"floor":49,"key":"RECALL"},{"data":"Judgement","floor":52,"key":"SMITH"}],"circlet_count":0,"master_deck":["Strike_P","Defend_P","Defend_P","Eruption+1","Vigilance","MentalFortress","Indignation","FlurryOfBlows","CrushJoints","Wallop+1","ReachHeaven+1","LikeWater+1","EmptyFist+1","Judgement+1","Scrawl","FlyingSleeves+1","Establishment+1","Perseverance+1","Wireheading","LikeWater","Tantrum+1","WaveOfTheHand+1","Pray","FlurryOfBlows+1","Tantrum+1","FearNoEvil+1","Devotion","ClearTheMind+1","ThirdEye","Perseverance","MentalFortress+1","SpiritShield+1","Madness+1","Madness+1","CarveReality+1","LikeWater+1"],"relics":["Ectoplasm","InkBottle","Torii","Molten Egg 2","Odd Mushroom","Astrolabe","Letter Opener","Happy Flower","Oddly Smooth Stone","Black Star","Ancient Tea Set","Toxic Egg 2","HornCleat","Singing Bowl","TeardropLocket"],"acts_visited":["Exordium","TheCity","TheBeyond","TheEnding"],"potions_floor_usage":[50,50,50],"damage_taken":[{"damage":1.0,"enemies":"Jaw Worm","floor":1.0,"turns":4.0},{"damage":0.0,"enemies":"2 Louse","floor":5.0,"turns":2.0},{"damage":13.0,"enemies":"Gremlin Nob","floor":7.0,"turns":3.0},{"damage":0.0,"enemies":"Cultist","floor":8.0,"turns":1.0},{"damage":10.0,"enemies":"Lagavulin","floor":10.0,"turns":6.0},{"damage":2.0,"enemies":"The Mushroom Lair","floor":11.0,"turns":4.0},{"damage":8.0,"enemies":"Gremlin Gang","floor":12.0,"turns":2.0},{"damage":1.0,"enemies":"Exordium Thugs","floor":13.0,"turns":4.0},{"damage":0.0,"enemies":"2 Fungi Beasts","floor":14.0,"turns":3.0},{"damage":0.0,"enemies":"Slime Boss","floor":16.0,"turns":3.0},{"damage":1.0,"enemies":"Chosen","floor":18.0,"turns":3.0},{"damage":0.0,"enemies":"Spheric Guardian","floor":21.0,"turns":2.0},{"damage":7.0,"enemies":"Snake Plant","floor":22.0,"turns":5.0},{"damage":35.0,"enemies":"Slavers","floor":24.0,"turns":9.0},{"damage":0.0,"enemies":"Sentry and Sphere","floor":25.0,"turns":3.0},{"damage":9.0,"enemies":"Centurion and Healer","floor":27.0,"turns":5.0},{"damage":8.0,"enemies":"Snecko","floor":29.0,"turns":7.0},{"damage":14.0,"enemies":"Book of Stabbing","floor":30.0,"turns":7.0},{"damage":13.0,"enemies":"3 Cultists","floor":31.0,"turns":5.0},{"damage":1.0,"enemies":"Automaton","floor":33.0,"turns":8.0},{"damage":10,"enemies":"3 Shapes","floor":35,"turns":8},{"damage":30,"enemies":"3 Darklings","floor":36,"turns":5},{"damage":1,"enemies":"Maw","floor":38,"turns":8},{"damage":1,"enemies":"Sphere and 2 Shapes","floor":39,"turns":6},{"damage":1,"enemies":"Reptomancer","floor":41,"turns":5},{"damage":43,"enemies":"Nemesis","floor":45,"turns":7},{"damage":7,"enemies":"4 Shapes","floor":48,"turns":5},{"damage":30,"enemies":"Time Eater","floor":50,"turns":15},{"damage":81,"enemies":"Shield and Spear","floor":54,"turns":5}],"seed_played":"6283013600960684705","potions_obtained":[{"floor":1.0,"key":"DistilledChaos"},{"floor":5.0,"key":"Block Potion"},{"floor":12.0,"key":"BottledMiracle"},{"floor":13.0,"key":"FairyPotion"},{"floor":14.0,"key":"Strength Potion"},{"floor":30.0,"key":"Fire Potion"},{"floor":38,"key":"LiquidBronze"},{"floor":39,"key":"Strength Potion"},{"floor":48,"key":"SkillPotion"}],"is_trial":false,"path_per_floor":["M","?","?","$","M","R","E","M","T","E","?","M","M","M","R","B",null,"M","?","$","M","M","R","E","M","T","M","R","M","E","M","R","B",null,"M","M","?","M","M","R","E","?","T","R","E","R","T","M","R","B",null,"R","$","E"],"character_chosen":"WATCHER","items_purchased":[],"campfire_rested":4,"item_purchase_floors":[],"current_hp_per_floor":[71,71,71,71,71,71,58,58,58,48,46,38,37,37,37,37,72,71,71,71,71,64,64,29,29,29,20,41,33,19,6,27,26,72,62,32,32,31,30,51,50,41,41,41,20,41,41,34,34,4,72,72,72,0,0],"gold":24,"neow_bonus":"BOSS_RELIC","is_daily":false,"chose_seed":false,"campfire_upgraded":5,"win_rate":0.0,"timestamp":1612709269,"path_taken":["M","?","?","$","M","R","E","M","T","E","?","M","M","M","R","BOSS","M","?","$","M","M","R","E","?","T","M","R","M","E","M","R","BOSS","M","?","?","M","M","R","E","?","T","R","E","R","?","M","R","BOSS","R","$","E"],"items_purchased_type":[],"build_version":"2020-12-22","purchased_purges":1,"victory":false,"max_hp_per_floor":[72,72,72,72,72,72,72,72,72,72,72,72,72,72,72,72,72,72,72,72,72,72,72,72,72,72,72,72,72,72,72,72,72,72,72,72,72,72,72,72,72,72,72,72,72,72,72,72,72,72,72,72,72,72,72],"card_choices":[{"not_picked":["InnerPeace","JustLucky"],"picked":"MentalFortress","floor":1.0},{"not_picked":["Protect","FollowUp"],"picked":"FlurryOfBlows","floor":5.0},{"not_picked":["Perseverance","CutThroughFate"],"picked":"CrushJoints","floor":7.0},{"not_picked":["FollowUp","Perseverance"],"picked":"Wallop","floor":8.0},{"not_picked":["SandsOfTime+1","ClearTheMind"],"picked":"ReachHeaven+1","floor":10.0},{"not_picked":["CarveReality+1","CrushJoints+1"],"picked":"Halt","floor":11.0},{"not_picked":["EmptyBody","Meditate"],"picked":"LikeWater","floor":12.0},{"not_picked":["CrushJoints+1","Swivel"],"picked":"EmptyFist+1","floor":13.0},{"not_picked":["CutThroughFate+1","Fasting2"],"picked":"Judgement","floor":14.0},{"not_picked":["SpiritShield","Vault"],"picked":"Scrawl","floor":16.0},{"not_picked":["Consecrate+1","EmptyMind"],"picked":"Wireheading","floor":18.0},{"not_picked":["Prostrate","BowlingBash+1"],"picked":"Tantrum+1","floor":21.0},{"not_picked":["Crescendo","EmptyFist+1"],"picked":"WaveOfTheHand","floor":22.0},{"not_picked":["PathToVictory","FlyingSleeves+1"],"picked":"Pray","floor":24.0},{"not_picked":["Fasting2","EmptyBody"],"picked":"FlurryOfBlows+1","floor":25.0},{"not_picked":["Protect","Weave+1"],"picked":"Tantrum+1","floor":27.0},{"not_picked":["EmptyBody","ConjureBlade","EmptyFist+1"],"picked":"SKIP","floor":29.0},{"not_picked":["SashWhip+1","LikeWater+1"],"picked":"FearNoEvil+1","floor":30.0},{"not_picked":["FlyingSleeves+1","Judgement","SashWhip+1"],"picked":"SKIP","floor":31.0},{"not_picked":["SpiritShield","ConjureBlade"],"picked":"Devotion","floor":33.0},{"not_picked":["Collect","EmptyBody+1"],"picked":"ClearTheMind+1","floor":35},{"not_picked":["FlurryOfBlows+1","Sanctity"],"picked":"ThirdEye","floor":36},{"not_picked":["Protect","SashWhip+1"],"picked":"Perseverance","floor":38},{"not_picked":["Omniscience","Consecrate+1"],"picked":"MentalFortress+1","floor":39},{"not_picked":["ClearTheMind+1","WaveOfTheHand+1"],"picked":"SpiritShield+1","floor":41},{"not_picked":["Perseverance+1","CutThroughFate+1"],"picked":"CarveReality+1","floor":45},{"not_picked":["Prostrate+1","ThirdEye+1"],"picked":"LikeWater+1","floor":48}],"player_experience":451545,"relics_obtained":[{"floor":7.0,"key":"InkBottle"},{"floor":9.0,"key":"Torii"},{"floor":10.0,"key":"Molten Egg 2"},{"floor":11.0,"key":"Odd Mushroom"},{"floor":24.0,"key":"Letter Opener"},{"floor":26.0,"key":"Happy Flower"},{"floor":30.0,"key":"Oddly Smooth Stone"},{"floor":41,"key":"Ancient Tea Set"},{"floor":41,"key":"Toxic Egg 2"},{"floor":45,"key":"HornCleat"},{"floor":45,"key":"Singing Bowl"},{"floor":47,"key":"TeardropLocket"}],"event_choices":[{"damage_healed":0.0,"max_hp_gain":0.0,"max_hp_loss":0.0,"gold_gain":0.0,"event_name":"Liars Game","player_choice":"Ignored","floor":2.0,"gold_loss":0.0,"damage_taken":0.0},{"damage_healed":0.0,"max_hp_gain":0.0,"max_hp_loss":0.0,"gold_gain":0.0,"cards_transformed":["Defend_P"],"event_name":"Living Wall","player_choice":"Change","floor":3.0,"gold_loss":0.0,"damage_taken":0.0,"cards_obtained":["Indignation"]},{"damage_healed":0.0,"max_hp_gain":0.0,"max_hp_loss":0.0,"gold_gain":0.0,"event_name":"Mushrooms","player_choice":"Fought Mushrooms","floor":11.0,"gold_loss":0.0,"damage_taken":0.0},{"damage_healed":0.0,"max_hp_gain":0.0,"max_hp_loss":0.0,"gold_gain":0.0,"event_name":"Duplicator","player_choice":"Copied","floor":19.0,"gold_loss":0.0,"damage_taken":0.0,"cards_obtained":["LikeWater"]},{"cards_removed":["Halt"],"damage_healed":0,"gold_gain":0,"player_choice":"Removed Skill","damage_taken":0,"max_hp_gain":0,"max_hp_loss":0,"event_name":"Falling","floor":37,"gold_loss":0},{"damage_healed":0,"gold_gain":0,"player_choice":"Embrace Madness","damage_taken":9,"max_hp_gain":0,"max_hp_loss":0,"event_name":"Winding Halls","floor":42,"gold_loss":0,"cards_obtained":["Madness","Madness"]}],"is_beta":false,"boss_relics":[{"not_picked":["SacredBark","Sozu"],"picked":"Astrolabe"},{"not_picked":["Empty Cage","Calling Bell"],"picked":"Black Star"}],"items_purged_floors":[53],"is_endless":false,"potions_floor_spawned":[1,5,12,13,14,21,25,27,30,38,39,48],"killed_by":"Shield and Spear","ascension_level":0}}