{"host":"lxu17chzujqn8whl","time":1612734330,"event":{"mods":["BaseMod","Minty Spire (QoL Compilation)","Relic Stats","StSLib"],"gold_per_floor":[117,117,117,138,157,232,232,273,273],"floor_reached":8,"language":"ENG","playtime":200,"items_purged":[],"score":56,"play_id":"fd78919f-5d76-4acc-bb50-5090d7797e64","local_time":"20210207134530","is_ascension_mode":false,"campfire_choices":[{"data":"Evaluate","floor":7,"key":"SMITH"}],"circlet_count":0,"master_deck":["Strike_P","Strike_P","Strike_P","Strike_P","Defend_P","Defend_P","Defend_P","Defend_P","Eruption+1","Vigilance","Consecrate+1","Evaluate+1","EmptyBody"],"relics":["PureWater","Golden Idol","CeramicFish"],"acts_visited":["Exordium"],"potions_floor_usage":[],"damage_taken":[{"damage":2,"enemies":"2 Louse","floor":1,"turns":2},{"damage":1,"enemies":"Jaw Worm","floor":4,"turns":2},{"damage":0,"enemies":"Small Slimes","floor":5,"turns":3},{"damage":25,"enemies":"Gremlin Nob","floor":8,"turns":5}],"seed_played":"-2828854198538468304","potions_obtained":[{"floor":4,"key":"BlessingOfTheForge"},{"floor":8,"key":"LiquidBronze"}],"is_trial":false,"path_per_floor":["M","?","?","M","M","?","R","E"],"character_chosen":"WATCHER","items_purchased":[],"campfire_rested":0,"item_purchase_floors":[],"current_hp_per_floor":[70,52,52,51,51,40,40,15,15],"gold":273,"neow_bonus":"UPGRADE_CARD","is_daily":false,"chose_seed":false,"campfire_upgraded":1,"win_rate":0.0,"timestamp":1612734330,"path_taken":["M","?","?","M","M","?","R","E"],"items_purchased_type":[],"build_version":"2020-12-22","purchased_purges":0,"victory":false,"max_hp_per_floor":[72,72,72,72,72,72,72,72,72],"relic_stats":{"counters":[4,12],"Golden Idol":16,"CeramicFish":0,"obtain_stats":[{"Golden Idol":2,"CeramicFish":8,"PureWater":0},{"Golden Idol":1,"CeramicFish":4,"PureWater":0},{"Golden Idol":2,"CeramicFish":12,"PureWater":0}]},"card_choices":[{"not_picked":["ReachHeaven","ThirdEye"],"picked":"Consecrate","floor":1},{"not_picked":["EmptyBody","WindmillStrike"],"picked":"Evaluate","floor":4},{"not_picked":["JustLucky","CrushJoints"],"picked":"EmptyBody","floor":5}],"player_experience":652058,"relics_obtained":[{"floor":8,"key":"CeramicFish"}],"event_choices":[{"damage_healed":0,"gold_gain":0,"player_choice":"Take Damage","damage_taken":18,"relics_obtained":["Golden Idol"],"max_hp_gain":0,"max_hp_loss":0,"event_name":"Golden Idol","floor":2,"gold_loss":0},{"damage_healed":0,"gold_gain":0,"player_choice":"Grow","damage_taken":0,"max_hp_gain":0,"max_hp_loss":0,"event_name":"Living Wall","floor":3,"gold_loss":0,"cards_upgraded":["Consecrate"]},{"damage_healed":0,"gold_gain":75,"player_choice":"Gather Gold","damage_taken":11,"max_hp_gain":0,"max_hp_loss":0,"event_name":"World of Goop","floor":6,"gold_loss":0}],"is_beta":false,"boss_relics":[],"items_purged_floors":[],"is_endless":false,"potions_floor_spawned":[4,8],"killed_by":"Gremlin Nob","ascension_level":0}}