{"host":"bq8ii4ghyb2mkf8g","time":1612717614,"event":{"mods":["BaseMod","Colored Map","Minty Spire (QoL Compilation)","Quick Restart","Replay The Spire","StSLib"],"gold_per_floor":[118,118,43,121,139,139,150,150,201,201,218,148,182,194,194,297,297,308,165,240,265,285,285,310,310,362,397,85,85,110,121,121,217,217,233,233,0,0,18,48,62,89,89,89,108,136,155,186,186,283,283,300,311,97,172,183,183,210,210,210,53,88,119,153,153,153,255,255,272,290,301,316,18,109,119,152,187,187,216,70,102,102,102,102,102,205,205,225,146,179,179,179,179,212,266,299,316,349,374,374,408,408,503,503,516,516,369,385,411,439,439,473,498,510,542,554,478,503,503,607,607,627,627,658,690,725,755,630,662,690,690,707,550,583,597,597,697,697,713,724,724,735,657,687,559,585,616,616,486,486,589,605,655,758,758,771,771],"floor_reached":156,"language":"ZHS","playtime":4163,"items_purged":["Poisoned Stab+1","Escape Plan+1"],"score":6055,"play_id":"12802f59-17ba-43d4-b767-c0923dc85245","local_time":"20210208010654","daily_mods":["SealedDeck","DeadlyEvents","Elite Swarm","Binary"],"is_ascension_mode":true,"campfire_choices":[{"data":"Calculated Gamble","floor":6.0,"key":"SMITH"},{"data":"Reflex","floor":8.0,"key":"SMITH"},{"data":"Acrobatics","floor":10.0,"key":"SMITH"},{"data":"Underhanded Strike","floor":15.0,"key":"SMITH"},{"data":"Terror","floor":23.0,"key":"SMITH"},{"data":"Backflip","floor":25.0,"key":"SMITH"},{"data":"Deflect","floor":29.0,"key":"SMITH"},{"data":"Escape Plan","floor":32.0,"key":"SMITH"},{"floor":44.0,"key":"REST"},{"floor":49.0,"key":"REST"},{"data":"Eviscerate","floor":57.0,"key":"SMITH"},{"floor":66.0,"key":"DIG"},{"floor":78.0,"key":"DIG"},{"data":"Underhanded Strike+1","floor":85.0,"key":"PURGE"},{"floor":93.0,"key":"DIG"},{"floor":100.0,"key":"DIG"},{"floor":102.0,"key":"DIG"},{"data":"Backflip+1","floor":131.0,"key":"PURGE"},{"floor":136.0,"key":"REST"},{"floor":148,"key":"REST"},{"floor":150,"key":"DIG"}],"circlet_count":0,"master_deck":["Deflect+1","Reflex+1","Acrobatics+1","Calculated Gamble+1","Terror+1","Eviscerate+1","Eviscerate+1","Outmaneuver"],"relics":["Ring of the Snake","Busted Crown","Centennial Puzzle","Ancient Tea Set","Empty Cage","Medical Kit","Replay:Bottled Flurry","Omamori","Bronze Scales","Replay:Mystery Machine","ClockworkSouvenir","Replay:Baseball","Onion Ring","SlaversCollar","Red Mask","Oddly Smooth Stone","Tough Bandages","Replay:Bottled Eggs","Replay:Wax Seal","Lantern","Gremlin Food","Mirror","Sling","Replay:Multitool","Basket Of Snakes","Bag of Preparation","DollysMirror","SacredBark","PreservedInsect","Pen Nib","Dream Catcher","HoveringKite","Membership Card","MealTicket","Snake Skull","OrangePellets","Calipers","Black Star","Akabeko","Letter Opener","Ornamental Fan","Counterbalance","Smiling Mask","Durian","Honey Jar"],"acts_visited":["Exordium","TheCity","TheBeyond","Exordium","TheCity","TheBeyond","Exordium","TheCity","TheBeyond","Exordium"],"potions_floor_usage":[154],"damage_taken":[{"damage":0.0,"enemies":"Jaw Worm","floor":1.0,"turns":1.0},{"damage":0.0,"enemies":"2 Louse","floor":5.0,"turns":1.0},{"damage":0.0,"enemies":"Small Slimes","floor":7.0,"turns":1.0},{"damage":0.0,"enemies":"Red Slaver","floor":11.0,"turns":1.0},{"damage":0.0,"enemies":"Lagavulin","floor":13.0,"turns":1.0},{"damage":0.0,"enemies":"Looter","floor":14.0,"turns":1.0},{"damage":0.0,"enemies":"The Guardian","floor":16.0,"turns":1.0},{"damage":0.0,"enemies":"2 Thieves","floor":18.0,"turns":1.0},{"damage":0.0,"enemies":"Replay:Snechameleon","floor":21.0,"turns":1.0},{"damage":0.0,"enemies":"3 Byrds","floor":22.0,"turns":1.0},{"damage":0.0,"enemies":"Book of Stabbing","floor":24.0,"turns":1.0},{"damage":0.0,"enemies":"Replay:Snechameleon","floor":27.0,"turns":1.0},{"damage":0.0,"enemies":"Gremlin Leader","floor":30.0,"turns":1.0},{"damage":0.0,"enemies":"Snake Plant","floor":31.0,"turns":1.0},{"damage":0.0,"enemies":"Automaton","floor":33.0,"turns":1.0},{"damage":0.0,"enemies":"3 Darklings","floor":35.0,"turns":1.0},{"damage":0.0,"enemies":"3 Shapes","floor":39.0,"turns":1.0},{"damage":0.0,"enemies":"Giant Head","floor":40.0,"turns":1.0},{"damage":0.0,"enemies":"Sphere and 2 Shapes","floor":41.0,"turns":1.0},{"damage":0.0,"enemies":"Reptomancer","floor":42.0,"turns":1.0},{"damage":0.0,"enemies":"Transient","floor":45.0,"turns":5.0},{"damage":0.0,"enemies":"R_Hoarder","floor":46.0,"turns":3.0},{"damage":0.0,"enemies":"Maw","floor":47.0,"turns":1.0},{"damage":0.0,"enemies":"Nemesis","floor":48.0,"turns":1.0},{"damage":0.0,"enemies":"Awakened One","floor":50.0,"turns":2.0},{"damage":0.0,"enemies":"Small Slimes","floor":52.0,"turns":1.0},{"damage":0.0,"enemies":"Cultist","floor":53.0,"turns":1.0},{"damage":0.0,"enemies":"Jaw Worm","floor":56.0,"turns":1.0},{"damage":0.0,"enemies":"Lagavulin","floor":58.0,"turns":1.0},{"damage":0.0,"enemies":"3 Sentries","floor":62.0,"turns":1.0},{"damage":0.0,"enemies":"Gremlin Nob","floor":63.0,"turns":1.0},{"damage":0.0,"enemies":"Lagavulin","floor":64.0,"turns":1.0},{"damage":0.0,"enemies":"Hexaghost","floor":67.0,"turns":1.0},{"damage":0.0,"enemies":"2 Thieves","floor":69.0,"turns":1.0},{"damage":0.0,"enemies":"Shell Parasite","floor":70.0,"turns":1.0},{"damage":0.0,"enemies":"Snecko","floor":71.0,"turns":1.0},{"damage":0.0,"enemies":"Centurion and Healer","floor":72.0,"turns":1.0},{"damage":0.0,"enemies":"Snake Plant","floor":75.0,"turns":1.0},{"damage":0.0,"enemies":"Gremlin Leader","floor":76.0,"turns":1.0},{"damage":0.0,"enemies":"Book of Stabbing","floor":77.0,"turns":1.0},{"damage":0.0,"enemies":"Slavers","floor":79.0,"turns":1.0},{"damage":0.0,"enemies":"Replay:Snechameleon","floor":81.0,"turns":1.0},{"damage":0.0,"enemies":"Pondfish","floor":86.0,"turns":2.0},{"damage":0.0,"enemies":"Orb Walker","floor":88.0,"turns":1.0},{"damage":0.0,"enemies":"Nemesis","floor":90.0,"turns":1.0},{"damage":0.0,"enemies":"R_Hoarder","floor":94.0,"turns":1.0},{"damage":0.0,"enemies":"Reptomancer","floor":96.0,"turns":1.0},{"damage":0.0,"enemies":"3 Darklings","floor":97.0,"turns":1.0},{"damage":0.0,"enemies":"Nemesis","floor":98.0,"turns":1.0},{"damage":0.0,"enemies":"Reptomancer","floor":99.0,"turns":1.0},{"damage":0.0,"enemies":"R_Hoarder","floor":101.0,"turns":1.0},{"damage":0.0,"enemies":"Time Eater","floor":103.0,"turns":2.0},{"damage":0.0,"enemies":"Cultist","floor":105.0,"turns":1.0},{"damage":0.0,"enemies":"Small Slimes","floor":108.0,"turns":1.0},{"damage":0.0,"enemies":"Gremlin Nob","floor":109.0,"turns":1.0},{"damage":0.0,"enemies":"3 Sentries","floor":110.0,"turns":1.0},{"damage":0.0,"enemies":"Gremlin Nob","floor":112.0,"turns":1.0},{"damage":0.0,"enemies":"Lagavulin","floor":113.0,"turns":1.0},{"damage":0.0,"enemies":"2 Louse","floor":114.0,"turns":1.0},{"damage":0.0,"enemies":"3 Sentries","floor":115.0,"turns":1.0},{"damage":0.0,"enemies":"Red Slaver","floor":116.0,"turns":1.0},{"damage":0.0,"enemies":"Gremlin Nob","floor":118.0,"turns":1.0},{"damage":0.0,"enemies":"Slime Boss","floor":120.0,"turns":1.0},{"damage":0.0,"enemies":"Spheric Guardian","floor":122.0,"turns":1.0},{"damage":0.0,"enemies":"Book of Stabbing","floor":124.0,"turns":1.0},{"damage":0.0,"enemies":"Slavers","floor":125.0,"turns":1.0},{"damage":0.0,"enemies":"Gremlin Leader","floor":126.0,"turns":1.0},{"damage":0.0,"enemies":"Slavers","floor":127.0,"turns":1.0},{"damage":0.0,"enemies":"Book of Stabbing","floor":129.0,"turns":1.0},{"damage":0.0,"enemies":"Gremlin Leader","floor":130.0,"turns":1.0},{"damage":0.0,"enemies":"2 Thieves","floor":132.0,"turns":1.0},{"damage":0.0,"enemies":"Slavers","floor":134.0,"turns":1.0},{"damage":0.0,"enemies":"Snake Plant","floor":135.0,"turns":1.0},{"damage":0.0,"enemies":"Pondfish","floor":137.0,"turns":3.0},{"damage":0.0,"enemies":"3 Shapes","floor":139.0,"turns":1.0},{"damage":0.0,"enemies":"Orb Walker","floor":140.0,"turns":1.0},{"damage":0.0,"enemies":"Spire Growth","floor":142.0,"turns":1.0},{"damage":0,"enemies":"R_Hoarder","floor":144,"turns":1},{"damage":0,"enemies":"Reptomancer","floor":146,"turns":1},{"damage":0,"enemies":"R_Hoarder","floor":147,"turns":1},{"damage":0,"enemies":"4 Shapes","floor":152,"turns":1},{"damage":0,"enemies":"Mind Bloom Boss Battle","floor":153,"turns":1},{"damage":0,"enemies":"Time Eater","floor":154,"turns":2},{"damage":0,"enemies":"2 Louse","floor":156,"turns":1}],"seed_played":"-1682733902385666652","potions_obtained":[{"floor":5.0,"key":"SkillPotion"},{"floor":13.0,"key":"Languid Potion"},{"floor":18.0,"key":"Block Potion"},{"floor":22.0,"key":"Reflective Coating"},{"floor":35.0,"key":"GhostInAJar"},{"floor":64.0,"key":"PowerPotion"},{"floor":90.0,"key":"Fire Potion"},{"floor":116.0,"key":"Fruit Juice"},{"floor":120.0,"key":"Dexterity Potion"},{"floor":134.0,"key":"Death Potion"}],"is_trial":true,"path_per_floor":["M","?","$","?","M","R","M","R","T","R","M","$","E","M","R","B",null,"M","$","?","E","M","R","E","R","T","E","$","R","E","M","R","B",null,"M","?","?","$","M","E","M","E","T","R","M","E","M","E","R","B",null,"M","M","$","?","M","R","E","$","T","$","E","E","E","?","R_BF","B",null,"M","M","M","M","$","R","M","E","E","R","E","$","E","?","R_BF","PTL","R","B",null,"M","$","E","$","?","R","E","R","E","M","E","E","R","E","R","B",null,"M","?","$","M","E","E","R","E","E","M","E","M","$","E","R","B",null,"M","?","E","E","E","E","$","E","E","R","M","$","E","M","R","B",null,"M","M","?","M","$","E","$","E","E","R","$","R","?","M","R","B",null,"M"],"character_chosen":"THE_SILENT","items_purchased":["Terror","Medical Kit","ClockworkSouvenir","Replay:Baseball","Eviscerate","Gremlin Food","Sling","Basket Of Snakes","DollysMirror","Tactician","Membership Card","Snake Skull","OrangePellets","Calipers","Akabeko","Letter Opener","Ornamental Fan"],"campfire_rested":4,"item_purchase_floors":[12,19,28,28,54,54,61,73,80,89,107,117,128,133,143,145,149],"current_hp_per_floor":[70,70,70,70,70,70,70,70,70,70,70,70,70,70,70,70,70,70,70,63,63,63,63,63,63,63,63,63,63,63,63,63,63,70,70,70,70,70,70,70,70,70,70,70,70,70,70,70,70,70,70,70,70,70,63,63,63,63,63,63,63,63,63,63,63,63,63,70,70,70,70,70,70,70,70,70,70,70,70,70,70,70,70,70,70,70,70,70,70,70,70,70,70,70,70,70,70,70,70,70,70,70,70,70,70,70,70,70,70,70,63,63,63,63,63,73,80,80,80,80,80,80,80,80,80,80,80,80,80,80,80,80,80,80,80,80,80,80,80,80,80,80,80,80,80,80,80,80,80,80,60,60,65,65,85,85,85],"gold":771,"neow_bonus":"","is_daily":false,"chose_seed":false,"campfire_upgraded":9,"win_rate":0.0,"timestamp":1612717614,"path_taken":["M","?","$","?","M","R","M","R","T","R","M","$","E","M","R","BOSS","M","$","?","?","M","R","E","R","T","E","$","R","E","M","R","BOSS","M","?","?","$","?","E","M","E","T","R","M","E","M","?","R","BOSS","M","M","$","?","M","R","E","$","T","$","E","?","E","?","R_BF","BOSS","M","M","M","M","$","R","M","E","E","R","E","$","E","?","R_BF","PTL","R","BOSS","M","$","?","$","?","R","E","R","E","?","E","?","R","E","R","BOSS","M","?","$","M","?","E","R","E","E","M","E","M","$","E","R","BOSS","M","?","?","?","?","E","$","E","E","R","?","$","E","M","R","BOSS","M","?","?","M","$","E","?","?","E","R","$","R","?","M","R","BOSS","M"],"items_purchased_type":["Card","Relic","Relic","Relic","Card","Relic","Relic","Relic","Relic","Card","Relic","Relic","Relic","Relic","Relic","Relic","Relic"],"build_version":"2020-12-22","purchased_purges":2,"victory":false,"max_hp_per_floor":[70,70,70,70,70,70,70,70,70,70,70,70,70,70,70,70,70,70,70,70,70,70,70,70,70,70,70,70,70,70,70,70,70,70,70,70,70,70,70,70,70,70,70,70,70,70,70,70,70,70,70,70,70,70,70,70,70,70,70,70,70,70,70,70,70,70,70,70,70,70,70,70,70,70,70,70,70,70,70,70,70,70,70,70,70,70,70,70,70,70,70,70,70,70,70,70,70,70,70,70,70,70,70,70,70,70,70,70,70,70,70,70,70,70,70,80,80,80,80,80,80,80,80,80,80,80,80,80,80,80,80,80,80,80,80,80,80,80,80,80,80,80,80,80,80,80,80,80,80,80,80,80,85,85,85,85,85],"card_choices":[{"not_picked":[],"picked":"Outmaneuver","floor":156}],"player_experience":139302,"relics_obtained":[{"floor":9.0,"key":"Centennial Puzzle"},{"floor":13.0,"key":"Ancient Tea Set"},{"floor":21.0,"key":"Replay:Bottled Flurry"},{"floor":24.0,"key":"Omamori"},{"floor":26.0,"key":"Bronze Scales"},{"floor":27.0,"key":"Replay:Mystery Machine"},{"floor":30.0,"key":"Onion Ring"},{"floor":40.0,"key":"Oddly Smooth Stone"},{"floor":42.0,"key":"Tough Bandages"},{"floor":43.0,"key":"Replay:Bottled Eggs"},{"floor":46.0,"key":"Replay:Wax Seal"},{"floor":48.0,"key":"Lantern"},{"floor":60.0,"key":"Mirror"},{"floor":66.0,"key":"Replay:Multitool"},{"floor":78.0,"key":"Bag of Preparation"},{"floor":93.0,"key":"PreservedInsect"},{"floor":100.0,"key":"Pen Nib"},{"floor":102.0,"key":"Dream Catcher"},{"floor":150,"key":"Counterbalance"},{"floor":151,"key":"Smiling Mask"},{"floor":153,"key":"Durian"}],"event_choices":[{"damage_healed":0.0,"max_hp_gain":0.0,"max_hp_loss":0.0,"gold_gain":78.0,"event_name":"Golden Wing","player_choice":"Gained Gold","floor":4.0,"gold_loss":0.0,"damage_taken":0.0},{"damage_healed":0.0,"max_hp_gain":0.0,"max_hp_loss":0.0,"gold_gain":75.0,"event_name":"FaceTrader","player_choice":"Touch","floor":20.0,"gold_loss":0.0,"damage_taken":7.0},{"damage_healed":0.0,"max_hp_gain":0.0,"max_hp_loss":0.0,"gold_gain":0.0,"event_name":"SensoryStone","player_choice":"Memory 1","floor":36.0,"gold_loss":0.0,"damage_taken":0.0},{"damage_healed":0.0,"max_hp_gain":0.0,"max_hp_loss":0.0,"gold_gain":0.0,"event_name":"Tomb of Lord Red Mask","player_choice":"Paid","floor":37.0,"gold_loss":233.0,"damage_taken":0.0,"relics_obtained":["Red Mask"]},{"damage_healed":0.0,"max_hp_gain":0.0,"max_hp_loss":0.0,"gold_gain":75.0,"event_name":"FaceTrader","player_choice":"Touch","floor":55.0,"gold_loss":0.0,"damage_taken":7.0},{"damage_healed":0.0,"max_hp_gain":0.0,"max_hp_loss":0.0,"gold_gain":0.0,"event_name":"The Cleric","player_choice":"Leave","floor":65.0,"gold_loss":0.0,"damage_taken":0.0},{"damage_healed":0.0,"max_hp_gain":0.0,"max_hp_loss":0.0,"gold_gain":0.0,"event_name":"The Mausoleum","player_choice":"Ignored","floor":82.0,"gold_loss":0.0,"damage_taken":0.0},{"cards_removed":["Tactician"],"damage_healed":0.0,"max_hp_gain":0.0,"max_hp_loss":0.0,"gold_gain":0.0,"event_name":"Falling","player_choice":"Removed Skill","floor":92.0,"gold_loss":0.0,"damage_taken":0.0},{"damage_healed":0.0,"max_hp_gain":0.0,"max_hp_loss":0.0,"gold_gain":0.0,"event_name":"Accursed Blacksmith","player_choice":"Ignored","floor":106.0,"gold_loss":0.0,"damage_taken":0.0},{"damage_healed":0.0,"max_hp_gain":0.0,"max_hp_loss":0.0,"gold_gain":0.0,"event_name":"Scrap Ooze","player_choice":"Success","floor":111.0,"gold_loss":0.0,"damage_taken":7.0,"relics_obtained":["MealTicket"]},{"damage_healed":0.0,"max_hp_gain":0.0,"max_hp_loss":0.0,"gold_gain":0.0,"event_name":"Golden Wing","player_choice":"Ignored","floor":119.0,"gold_loss":0.0,"damage_taken":0.0},{"damage_healed":0.0,"max_hp_gain":0.0,"max_hp_loss":0.0,"gold_gain":0.0,"event_name":"Duplicator","player_choice":"Copied","floor":123.0,"gold_loss":0.0,"damage_taken":0.0,"cards_obtained":["Eviscerate"]},{"cards_removed":["Eviscerate"],"damage_healed":0.0,"max_hp_gain":0.0,"max_hp_loss":0.0,"gold_gain":0.0,"event_name":"Falling","player_choice":"Removed Attack","floor":141.0,"gold_loss":0.0,"damage_taken":0.0},{"damage_healed":0,"gold_gain":0,"player_choice":"Fight","damage_taken":0,"max_hp_gain":0,"max_hp_loss":0,"event_name":"MindBloom","floor":153,"gold_loss":0}],"is_beta":false,"boss_relics":[{"not_picked":["Kintsugi","Snecko Heart"],"picked":"Empty Cage"},{"not_picked":["SacredBark","Coffee Dripper"],"picked":"SlaversCollar"},{"not_picked":["Replay:Bronze Core","Snecko Scales","Sozu"]},{"not_picked":["Replay:Grab Bag","Calling Bell","Kintsugi"]},{"not_picked":["Black Star","Astrolabe"],"picked":"SacredBark"},{"not_picked":["Coffee Dripper","Tiny House"],"picked":"HoveringKite"},{"not_picked":["Astrolabe","Painkiller Herb","Replay:Ancient Bell"]},{"not_picked":["Fusion Hammer","Snecko Heart"],"picked":"Black Star"},{"not_picked":["Abe\u0027s Treasure","Snecko Scales"],"picked":"Honey Jar"}],"items_purged_floors":[3,128],"is_endless":true,"potions_floor_spawned":[5,13,18,22,24,30,35,45,50,53,62,63,64,70,71,77,79,90,97,98,99,101,105,114,116,120,122,124,126,132,134,139,140,152],"killed_by":"2 Louse","ascension_level":1}}