{"host":"7wi4qgm5yw4j7oz0","time":1612708830,"event":{"mods":["AchievementEnabler","BaseMod","Block Reminder","Colored Map","Colored Powertips","Highlight Path","Minty Spire (QoL Compilation)","Permanent Neow","Random Character Button","Rare Cards Sparkle","StSLib","everything is the same but u backflip on backflip"],"gold_per_floor":[218,19,39,39,49,80,80,98,144,144,159,206,231,247,247,344,344,324,301,315,333,333,333,71,81,107,139,54,64,75,75,75],"floor_reached":31,"language":"KOR","playtime":2135,"items_purged":["Strike_R"],"score":375,"play_id":"a062ef63-4998-4307-9a17-0474372c3f5a","local_time":"20210207234030","is_ascension_mode":true,"campfire_choices":[{"data":"Inflame","floor":7.0,"key":"SMITH"},{"floor":10.0,"key":"REST"},{"data":"Body Slam","floor":15.0,"key":"SMITH"},{"data":"Limit Break","floor":23.0,"key":"SMITH"}],"circlet_count":0,"master_deck":["Strike_R+1","Strike_R+1","Defend_R","Defend_R+1","Defend_R","Bash","Iron Wave","Inflame+1","Body Slam+1","Rage","Sword Boomerang","Twin Strike","Cleave","Shockwave","Battle Trance","Limit Break+1","Feed+1","Burning Pact+1","Bloodletting+1","Pommel Strike","Flex","Battle Trance","Headbutt","Spot Weakness","Offering"],"relics":["Burning Blood","Mercury Hourglass","Regal Pillow","Whetstone","Smiling Mask","Astrolabe","Paper Frog","Toy Ornithopter","Magic Flower","Happy Flower"],"acts_visited":["Exordium","TheCity"],"potions_floor_usage":[27,29,30],"damage_taken":[{"damage":6.0,"enemies":"2 Louse","floor":1.0,"turns":3.0},{"damage":3.0,"enemies":"Jaw Worm","floor":3.0,"turns":4.0},{"damage":4.0,"enemies":"Small Slimes","floor":5.0,"turns":5.0},{"damage":31.0,"enemies":"Gremlin Nob","floor":6.0,"turns":5.0},{"damage":12.0,"enemies":"Blue Slaver","floor":8.0,"turns":3.0},{"damage":9.0,"enemies":"3 Louse","floor":11.0,"turns":2.0},{"damage":9.0,"enemies":"Lagavulin","floor":13.0,"turns":5.0},{"damage":4.0,"enemies":"Red Slaver","floor":14.0,"turns":2.0},{"damage":33.0,"enemies":"Hexaghost","floor":16.0,"turns":9.0},{"damage":11.0,"enemies":"2 Thieves","floor":18.0,"turns":4.0},{"damage":11.0,"enemies":"Chosen","floor":20.0,"turns":2.0},{"damage":18.0,"enemies":"Shelled Parasite and Fungi","floor":21.0,"turns":4.0},{"damage":22.0,"enemies":"Snake Plant","floor":25.0,"turns":3.0},{"damage":38,"enemies":"Slavers","floor":27,"turns":4},{"damage":15,"enemies":"Snecko","floor":29,"turns":4},{"damage":22,"enemies":"Sentry and Sphere","floor":30,"turns":4},{"damage":34,"enemies":"Centurion and Healer","floor":31,"turns":4}],"seed_played":"5281223369753757308","potions_obtained":[{"floor":3.0,"key":"DuplicationPotion"},{"floor":5.0,"key":"SpeedPotion"},{"floor":8.0,"key":"Ancient Potion"},{"floor":11.0,"key":"Fruit Juice"},{"floor":21.0,"key":"BlessingOfTheForge"},{"floor":27,"key":"Fire Potion"},{"floor":29,"key":"Strength Potion"}],"is_trial":false,"path_per_floor":["M","$","M","?","M","E","R","M","T","R","M","T","E","M","R","B",null,"M","$","M","M","?","R","$","M","T","E","?","M","M","M"],"character_chosen":"IRONCLAD","items_purchased":["Inflame","Body Slam","Flex","Paper Frog"],"campfire_rested":1,"item_purchase_floors":[2,2,19,24],"current_hp_per_floor":[72,72,75,59,61,36,36,30,30,69,71,71,68,70,70,43,75,74,74,73,65,65,65,65,49,49,26,26,28,23,0,0],"gold":75,"neow_bonus":"HUNDRED_GOLD","is_daily":false,"chose_seed":false,"campfire_upgraded":3,"win_rate":0.0,"timestamp":1612708830,"path_taken":["M","$","M","?","M","E","R","M","T","R","M","?","E","M","R","BOSS","M","$","M","M","?","R","$","M","T","E","?","M","M","M"],"items_purchased_type":["Card","Card","Card","Relic"],"build_version":"2020-12-22","purchased_purges":1,"victory":false,"max_hp_per_floor":[80,80,80,80,80,80,80,80,80,80,85,85,85,85,85,85,85,89,89,93,97,97,97,97,97,97,101,101,101,101,101,101],"card_choices":[{"not_picked":["True Grit","Metallicize"],"picked":"Iron Wave","floor":1.0},{"not_picked":["Clothesline","Perfected Strike"],"picked":"Rage","floor":3.0},{"not_picked":["Wild Strike","Headbutt"],"picked":"Sword Boomerang","floor":5.0},{"not_picked":["Pommel Strike","True Grit"],"picked":"Twin Strike","floor":6.0},{"not_picked":["Pommel Strike","Wild Strike"],"picked":"Cleave","floor":8.0},{"not_picked":["Inflame","Flex"],"picked":"Shockwave","floor":11.0},{"not_picked":["Combust","Fiend Fire","Twin Strike"],"picked":"SKIP","floor":13.0},{"not_picked":["Evolve","Metallicize"],"picked":"Battle Trance","floor":14.0},{"not_picked":["Double Tap","Juggernaut"],"picked":"Limit Break","floor":16.0},{"not_picked":["Reckless Charge+1","Clash"],"picked":"Pommel Strike","floor":18.0},{"not_picked":["Perfected Strike","Bloodletting"],"picked":"Battle Trance","floor":20.0},{"not_picked":["Evolve","Combust","Second Wind"],"picked":"SKIP","floor":21.0},{"not_picked":["Evolve","Combust","Second Wind"],"picked":"SKIP","floor":21.0},{"not_picked":["Pommel Strike+1","Combust+1"],"picked":"Headbutt","floor":25},{"not_picked":["Burning Pact","Inflame","Sword Boomerang+1"],"picked":"SKIP","floor":27},{"not_picked":["Pommel Strike","Intimidate+1"],"picked":"Spot Weakness","floor":29},{"not_picked":["Thunderclap","Iron Wave"],"picked":"Offering","floor":30}],"player_experience":257437,"relics_obtained":[{"floor":6.0,"key":"Mercury Hourglass"},{"floor":9.0,"key":"Regal Pillow"},{"floor":12.0,"key":"Whetstone"},{"floor":13.0,"key":"Smiling Mask"},{"floor":26,"key":"Toy Ornithopter"},{"floor":27,"key":"Magic Flower"}],"event_choices":[{"damage_healed":0.0,"max_hp_gain":0.0,"max_hp_loss":0.0,"gold_gain":0.0,"event_name":"Shining Light","player_choice":"Entered Light","floor":4.0,"gold_loss":0.0,"damage_taken":16.0,"cards_upgraded":["Defend_R","Strike_R"]},{"damage_healed":0.0,"max_hp_gain":0.0,"max_hp_loss":0.0,"gold_gain":0.0,"event_name":"Vampires","player_choice":"Ignored","floor":22.0,"gold_loss":0.0,"damage_taken":0.0},{"damage_healed":0,"gold_gain":0,"player_choice":"Obtained Relic","damage_taken":0,"relics_obtained":["Happy Flower"],"max_hp_gain":0,"max_hp_loss":0,"event_name":"Addict","floor":28,"gold_loss":85}],"is_beta":false,"boss_relics":[{"not_picked":["Runic Pyramid","Mark of Pain"],"picked":"Astrolabe"}],"items_purged_floors":[2],"is_endless":false,"potions_floor_spawned":[3,5,8,11,21,27,29],"killed_by":"Centurion and Healer","ascension_level":6}}