{"host":"18ybagvpjbhxblmx","time":1612738623,"event":{"mods":["BaseMod","BetterRewards","Colored Map","Conspire","Friendly Minions","Hermit","Hubris","Infinite Spire","Koishi","Marisa????????","Minty Spire (QoL Compilation)","Quick Restart","Replay The Spire","StSLib","The Administrix","The Cursed","The Runesmith","The Servant 0.9.4"],"gold_per_floor":[112,112,112,184,203,203,128,142,142,142,167,167,167],"floor_reached":12,"language":"ENG","playtime":877,"items_purged":["TheCursedMod:Strike_TheCursed"],"score":66,"play_id":"c0c8447a-f495-46e3-a7f8-595561f99149","local_time":"20210207235703","is_ascension_mode":false,"campfire_choices":[{"data":"TheCursedMod:DemonicPact","floor":6.0,"key":"SMITH"},{"data":"TheCursedMod:CleanUpWorkshop","floor":10.0,"key":"SMITH"}],"circlet_count":0,"master_deck":["TheCursedMod:Strike_TheCursed","TheCursedMod:Strike_TheCursed","TheCursedMod:Strike_TheCursed","TheCursedMod:Defend_TheCursed","TheCursedMod:Defend_TheCursed","TheCursedMod:Defend_TheCursed","TheCursedMod:Defend_TheCursed","TheCursedMod:CursedWand","TheCursedMod:CleanUpWorkshop+1","TheCursedMod:HellsGateOpen+1","TheCursedMod:DemonicPact+1","Survey Options","TheCursedMod:Obscuration","TheCursedMod:SmokeScreen","TheCursedMod:FleshFromBone"],"relics":["TheCursedMod:BlackMagic101","Runesmith:Nanobots","Pondfish Scales","infinitespire:FocusingShard","Pen Nib","Odd Mushroom"],"acts_visited":["Exordium"],"potions_floor_usage":[],"damage_taken":[{"damage":4.0,"enemies":"Cultist","floor":1.0,"turns":5.0},{"damage":3.0,"enemies":"2 Louse","floor":5.0,"turns":3.0},{"damage":2.0,"enemies":"Jaw Worm","floor":8.0,"turns":3.0},{"damage":2.0,"enemies":"The Mushroom Lair","floor":11.0,"turns":7.0},{"damage":0,"enemies":"Lagavulin","floor":12,"turns":1}],"seed_played":"-8762282018669232989","potions_obtained":[],"is_trial":false,"path_per_floor":["M","?","$","T","M","R","$","M","T","R","?","E"],"character_chosen":"THE_CURSED","items_purchased":["Runesmith:Nanobots","TheCursedMod:HellsGateOpen+1","TheCursedMod:DemonicPact","Survey Options"],"campfire_rested":0,"item_purchase_floors":[0,0,0,0],"current_hp_per_floor":[36,36,36,36,33,33,33,31,31,31,29,29,29],"gold":167,"neow_bonus":"","is_daily":false,"chose_seed":false,"campfire_upgraded":2,"win_rate":0.0,"timestamp":1612738623,"path_taken":["M","?","$","?","M","R","$","M","T","R","?","E"],"items_purchased_type":["Relic","Card","Card","Card"],"build_version":"2020-12-22","purchased_purges":1,"victory":false,"max_hp_per_floor":[75,75,75,75,75,75,75,75,75,75,75,75,75],"card_choices":[{"not_picked":["TheCursedMod:Hemoplague","TheCursedMod:VitalStrike"],"picked":"TheCursedMod:Obscuration","floor":1.0},{"not_picked":["TheCursedMod:CircleOfCorruption","TheCursedMod:Wield","TheCursedMod:SmokeScreen"],"picked":"SKIP","floor":5.0},{"not_picked":["TheCursedMod:OutForBlood","TheCursedMod:Wield"],"picked":"TheCursedMod:SmokeScreen","floor":8.0},{"not_picked":["TheCursedMod:Wield","TheCursedMod:Grudge"],"picked":"TheCursedMod:FleshFromBone","floor":11.0}],"player_experience":325376,"relics_obtained":[{"floor":4.0,"key":"infinitespire:FocusingShard"},{"floor":9.0,"key":"Pen Nib"},{"floor":11.0,"key":"Odd Mushroom"}],"event_choices":[{"cards_removed":["TheCursedMod:Dregs"],"damage_healed":0.0,"max_hp_gain":0.0,"max_hp_loss":0.0,"gold_gain":0.0,"event_name":"Fountain of Cleansing","player_choice":"Removed Curses","floor":2.0,"gold_loss":0.0,"damage_taken":0.0},{"damage_healed":0.0,"max_hp_gain":0.0,"max_hp_loss":0.0,"gold_gain":0.0,"event_name":"Mushrooms","player_choice":"Fought Mushrooms","floor":11.0,"gold_loss":0.0,"damage_taken":0.0}],"is_beta":false,"boss_relics":[],"items_purged_floors":[7],"is_endless":false,"potions_floor_spawned":[11],"killed_by":"Lagavulin","ascension_level":0}}