{"host":"2lo6hma6kymb0g9i","time":1612716427,"event":{"mods":["BaseMod","Colored Map","DeckTracker","Minty Spire (QoL Compilation)"],"gold_per_floor":[114,114,39,52,72,107,120,120,120,120,120],"floor_reached":10,"language":"JPN","playtime":516,"items_purged":["Strike_G"],"score":136,"play_id":"c86da094-4e77-43f0-91a6-d76174a783ea","local_time":"20210208014707","is_ascension_mode":true,"campfire_choices":[{"data":"Footwork","floor":8,"key":"SMITH"}],"circlet_count":0,"master_deck":["AscendersBane","Strike_G","Strike_G","Strike_G","Defend_G","Defend_G","Defend_G","Defend_G","Defend_G","Survivor","Neutralize","Riddle With Holes","Finisher","Dagger Throw","PiercingWail","Poisoned Stab","Footwork+1"],"relics":["Ring of the Snake","NeowsBlessing","Bag of Marbles","Pear"],"acts_visited":["Exordium"],"potions_floor_usage":[6],"damage_taken":[{"damage":0,"enemies":"Small Slimes","floor":1,"turns":1},{"damage":0,"enemies":"Cultist","floor":4,"turns":1},{"damage":0,"enemies":"2 Louse","floor":5,"turns":1},{"damage":32,"enemies":"3 Sentries","floor":6,"turns":10},{"damage":10,"enemies":"Gremlin Gang","floor":7,"turns":5},{"damage":47,"enemies":"Gremlin Nob","floor":10,"turns":4}],"seed_played":"-1102277405073255855","potions_obtained":[{"floor":4,"key":"ColorlessPotion"}],"is_trial":false,"path_per_floor":["M","?","$","M","M","E","M","R","T","E"],"character_chosen":"THE_SILENT","items_purchased":[],"campfire_rested":0,"item_purchase_floors":[],"current_hp_per_floor":[59,59,59,59,59,27,17,17,27,0,0],"gold":120,"neow_bonus":"THREE_ENEMY_KILL","is_daily":false,"chose_seed":false,"campfire_upgraded":1,"win_rate":0.0,"timestamp":1612716427,"path_taken":["M","?","$","?","M","E","M","R","T","E"],"items_purchased_type":[],"build_version":"2020-12-22","purchased_purges":1,"victory":false,"max_hp_per_floor":[66,66,66,66,66,66,66,66,76,76,76],"card_choices":[{"not_picked":["Deflect","Backflip"],"picked":"Riddle With Holes","floor":1},{"not_picked":["Eviscerate","Choke"],"picked":"Dagger Throw","floor":4},{"not_picked":["Cloak And Dagger","Blur"],"picked":"PiercingWail","floor":5},{"not_picked":["Unload","Doppelganger"],"picked":"Poisoned Stab","floor":6},{"not_picked":["Underhanded Strike","Flying Knee"],"picked":"Footwork","floor":7}],"player_experience":1144732,"relics_obtained":[{"floor":6,"key":"Bag of Marbles"},{"floor":9,"key":"Pear"}],"event_choices":[{"damage_healed":0,"gold_gain":0,"cards_transformed":["Strike_G"],"player_choice":"Transformed","damage_taken":0,"max_hp_gain":0,"max_hp_loss":0,"event_name":"Transmorgrifier","floor":2,"gold_loss":0,"cards_obtained":["Finisher"]}],"is_beta":false,"boss_relics":[],"items_purged_floors":[3],"is_endless":false,"potions_floor_spawned":[4],"killed_by":"Gremlin Nob","ascension_level":20}}