{"host":"k7udt7atmcuzf6l0","time":1612700816,"event":{"mods":["AchievementEnabler","BaseMod","BetterRewards","Colored Map","Colored Powertips","Highlight Path","Minty Spire (QoL Compilation)","Quick Restart","Rare Cards Sparkle","Relic Stats","StSLib","UnlockEverythingMod"],"gold_per_floor":[112,112,132,44,119,151,151,180,207,224,224,256,268,287,287,287,287],"floor_reached":16,"language":"ZHS","playtime":499,"items_purged":[],"score":145,"play_id":"aa74abb2-4bde-4de2-af6d-fd9011b28f12","local_time":"20210207202656","is_ascension_mode":false,"campfire_choices":[{"data":"Cloak And Dagger","floor":7,"key":"SMITH"},{"data":"Blade Dance","floor":11,"key":"SMITH"},{"data":"Footwork","floor":15,"key":"SMITH"}],"circlet_count":0,"master_deck":["Strike_G","Strike_G","Strike_G","Strike_G","Strike_G","Defend_G","Defend_G","Defend_G","Defend_G","Defend_G","Survivor","Neutralize","Cloak And Dagger+1","Footwork+1","Dagger Spray","Outmaneuver","Blade Dance","Blade Dance+1","Burst"],"relics":["Ring of the Snake","NeowsBlessing","Lantern","Art of War","Ancient Tea Set","Paper Crane"],"acts_visited":["Exordium"],"potions_floor_usage":[8,10,16],"damage_taken":[{"damage":0,"enemies":"2 Louse","floor":1,"turns":1},{"damage":0,"enemies":"Jaw Worm","floor":3,"turns":1},{"damage":0,"enemies":"Gremlin Nob","floor":6,"turns":1},{"damage":24,"enemies":"Lagavulin","floor":8,"turns":11},{"damage":0,"enemies":"Cultist","floor":10,"turns":3},{"damage":6,"enemies":"3 Sentries","floor":12,"turns":7},{"damage":1,"enemies":"Lots of Slimes","floor":13,"turns":3},{"damage":0,"enemies":"Looter","floor":14,"turns":2},{"damage":40,"enemies":"Slime Boss","floor":16,"turns":10}],"seed_played":"2280375737398851907","potions_obtained":[{"floor":1,"key":"GhostInAJar"},{"floor":8,"key":"ColorlessPotion"},{"floor":14,"key":"Strength Potion"}],"is_trial":false,"path_per_floor":["M","?","M","$","?","E","R","E","T","M","R","E","M","M","R","B"],"character_chosen":"THE_SILENT","items_purchased":["Footwork","Dagger Spray"],"campfire_rested":0,"item_purchase_floors":[4,4],"current_hp_per_floor":[70,70,70,70,63,63,63,39,39,39,39,33,32,32,32,0,0],"gold":287,"neow_bonus":"THREE_ENEMY_KILL","is_daily":false,"chose_seed":false,"campfire_upgraded":3,"win_rate":0.0,"timestamp":1612700816,"path_taken":["M","?","M","$","?","E","R","E","T","M","R","E","?","M","R","BOSS"],"items_purchased_type":["Card","Card"],"build_version":"2020-12-22","purchased_purges":0,"victory":false,"max_hp_per_floor":[70,70,70,70,70,70,70,70,70,70,70,70,70,70,70,70,70],"relic_stats":{"counters":[9,39],"Art of War":[2],"obtain_stats":[{"Lantern":6,"NeowsBlessing":0,"Art of War":8,"Paper Crane":12,"Ancient Tea Set":9,"Ring of the Snake":0},{"Lantern":3,"NeowsBlessing":0,"Art of War":4,"Paper Crane":6,"Ancient Tea Set":4,"Ring of the Snake":0},{"Lantern":3,"NeowsBlessing":0,"Art of War":14,"Paper Crane":24,"Ancient Tea Set":14,"Ring of the Snake":0}],"Ring of the Snake":[18]},"card_choices":[{"not_picked":["Predator","Flechettes","Catalyst"],"picked":"SKIP","floor":1},{"not_picked":["Outmaneuver","Dagger Throw"],"picked":"Cloak And Dagger","floor":3},{"not_picked":["Sucker Punch","Terror"],"picked":"Outmaneuver","floor":6},{"not_picked":["Deflect","Dodge and Roll"],"picked":"Blade Dance","floor":8},{"not_picked":["Dodge and Roll","Dagger Spray"],"picked":"Blade Dance","floor":10},{"not_picked":["Riddle With Holes","Dodge and Roll"],"picked":"Burst","floor":12},{"not_picked":["Catalyst","Choke","Dagger Throw"],"picked":"SKIP","floor":13},{"not_picked":["Deflect","Dagger Spray","Quick Slash"],"picked":"SKIP","floor":14}],"player_experience":69019,"relics_obtained":[{"floor":6,"key":"Lantern"},{"floor":8,"key":"Art of War"},{"floor":9,"key":"Ancient Tea Set"},{"floor":12,"key":"Paper Crane"}],"event_choices":[{"damage_healed":0,"gold_gain":0,"player_choice":"Leave","damage_taken":0,"max_hp_gain":0,"max_hp_loss":0,"event_name":"The Cleric","floor":2,"gold_loss":0},{"damage_healed":0,"gold_gain":75,"player_choice":"Touch","damage_taken":7,"max_hp_gain":0,"max_hp_loss":0,"event_name":"FaceTrader","floor":5,"gold_loss":0}],"is_beta":false,"boss_relics":[],"items_purged_floors":[],"is_endless":false,"potions_floor_spawned":[1,8,14],"killed_by":"Slime Boss","ascension_level":0}}