{"host":"2zw05eexjythz74b","time":1612729853,"event":{"mods":["AchievementEnabler","BaseMod","Better Altar","Colored Map","Minty Spire (QoL Compilation)","StSLib","everything is the same but u backflip on backflip"],"gold_per_floor":[114,189,201,213,313,347,347,358,358,369,399,419,435,435,435,435,435],"floor_reached":16,"language":"ENG","playtime":778,"items_purged":[],"score":131,"play_id":"692126ca-d7f1-4a38-bd9d-32eaf84a88c4","local_time":"20210207143053","is_ascension_mode":true,"campfire_choices":[{"data":"Searing Blow","floor":7,"key":"SMITH"},{"data":"Entrench","floor":15,"key":"SMITH"}],"circlet_count":0,"master_deck":["Strike_R","Strike_R","Strike_R","Strike_R","Strike_R","Defend_R","Defend_R","Defend_R","Defend_R","Bash","Searing Blow+1","Intimidate","Power Through","Shockwave","Flame Barrier","Demon Form","Entrench+1"],"relics":["Burning Blood","Anchor","Centennial Puzzle","Bag of Marbles","Self Forming Clay"],"acts_visited":["Exordium"],"potions_floor_usage":[6,11,11,16],"damage_taken":[{"damage":7,"enemies":"Jaw Worm","floor":1,"turns":3},{"damage":4,"enemies":"2 Louse","floor":3,"turns":3},{"damage":11,"enemies":"Cultist","floor":4,"turns":4},{"damage":53,"enemies":"Lagavulin","floor":6,"turns":7},{"damage":4,"enemies":"Blue Slaver","floor":8,"turns":3},{"damage":0,"enemies":"Red Slaver","floor":10,"turns":4},{"damage":13,"enemies":"3 Sentries","floor":11,"turns":9},{"damage":0,"enemies":"2 Fungi Beasts","floor":12,"turns":2},{"damage":3,"enemies":"Exordium Wildlife","floor":13,"turns":3},{"damage":31,"enemies":"Slime Boss","floor":16,"turns":6}],"seed_played":"2943589047567339748","potions_obtained":[{"floor":4,"key":"DistilledChaos"},{"floor":8,"key":"EssenceOfSteel"},{"floor":10,"key":"CultistPotion"},{"floor":12,"key":"SpeedPotion"}],"is_trial":false,"path_per_floor":["M","?","M","M","?","E","R","M","T","M","E","M","M","?","R","B"],"character_chosen":"IRONCLAD","items_purchased":[],"campfire_rested":0,"item_purchase_floors":[],"current_hp_per_floor":[79,68,70,65,65,18,18,20,20,26,19,25,28,28,28,0,0],"gold":435,"neow_bonus":"RANDOM_COMMON_RELIC","is_daily":false,"chose_seed":false,"campfire_upgraded":2,"win_rate":0.0,"timestamp":1612729853,"path_taken":["M","?","M","M","?","E","R","M","T","M","E","M","?","?","R","BOSS"],"items_purchased_type":[],"build_version":"2020-12-22","purchased_purges":0,"victory":false,"max_hp_per_floor":[80,80,80,80,80,80,80,80,80,80,80,80,80,80,80,80,80],"card_choices":[{"not_picked":["Twin Strike","Thunderclap"],"picked":"Searing Blow","floor":1},{"not_picked":["Shrug It Off","Wild Strike"],"picked":"Intimidate","floor":3},{"not_picked":["True Grit","Inflame"],"picked":"Power Through","floor":4},{"not_picked":["Clash","Uppercut","Bludgeon"],"picked":"SKIP","floor":6},{"not_picked":["Second Wind","Wild Strike","Clash"],"picked":"SKIP","floor":8},{"not_picked":["Pommel Strike","Perfected Strike"],"picked":"Shockwave","floor":10},{"not_picked":["Flex","Feel No Pain"],"picked":"Ghostly Armor","floor":11},{"not_picked":["Iron Wave","True Grit"],"picked":"Flame Barrier","floor":12},{"not_picked":["Sword Boomerang","Heavy Blade"],"picked":"Demon Form","floor":13}],"player_experience":244763,"relics_obtained":[{"floor":6,"key":"Centennial Puzzle"},{"floor":9,"key":"Bag of Marbles"},{"floor":11,"key":"Self Forming Clay"}],"event_choices":[{"damage_healed":0,"gold_gain":75,"player_choice":"Gather Gold","damage_taken":11,"max_hp_gain":0,"max_hp_loss":0,"event_name":"World of Goop","floor":2,"gold_loss":0},{"damage_healed":0,"gold_gain":100,"player_choice":"Gold","damage_taken":0,"max_hp_gain":0,"max_hp_loss":0,"event_name":"Wheel of Change","floor":5,"gold_loss":0},{"damage_healed":0,"gold_gain":0,"cards_transformed":["Ghostly Armor"],"player_choice":"Transformed","damage_taken":0,"max_hp_gain":0,"max_hp_loss":0,"event_name":"Transmorgrifier","floor":14,"gold_loss":0,"cards_obtained":["Entrench"]}],"is_beta":false,"boss_relics":[],"items_purged_floors":[],"is_endless":false,"potions_floor_spawned":[4,8,10,12],"killed_by":"Slime Boss","ascension_level":3}}