{"host":"sc0o2qwpf9j16a4i","time":1612708952,"event":{"mods":["AchievementEnabler","BaseMod","BetterRewards","Block Reminder","Colored Map","Colored Powertips","Custom Start","Highlight Path","Minty Spire (QoL Compilation)","Relic Stats"],"gold_per_floor":[141,191,230,405,50,50,137,170,170,27,411,453,510,324,324,609,609,648,696,696,656,701,701,701],"floor_reached":23,"language":"ENG","playtime":642,"items_purged":["Doubt"],"score":326,"play_id":"993eaa6f-86e0-4367-a118-869fca6e3302","local_time":"20210207164232","daily_mods":["Insanity","Diverse","Midas"],"is_ascension_mode":false,"campfire_choices":[{"floor":15,"key":"REST"}],"circlet_count":0,"master_deck":["Turbo","Concentrate","Armaments+1","Go for the Eyes","Warcry","FollowUp","Cleave","Go for the Eyes","Outmaneuver","Caltrops","Deflect","Redo","Dagger Spray","SignatureMove","Backstab","Static Discharge","Underhanded Strike","Auto Shields","Cold Snap","Hologram","FollowUp","Underhanded Strike","Deflect","Poisoned Stab","Worship+1","Cleave","Consecrate","Turbo","Cold Snap","Compile Driver","Clash","Go for the Eyes","Reflex","ClearTheMind","True Grit","Clash","Swivel","ClearTheMind","Second Wind","Headbutt","FollowUp","FlyingSleeves","Force Field","FollowUp","Combust","Clash","TalkToTheHand","Leap","Study","Evaluate","Cleave","True Grit","Feed","Terror","Shrug It Off","Corruption","Conclude","Clothesline","Escape Plan","Omniscience","FollowUp"],"relics":["Burning Blood","Bronze Scales","Pantograph","Pen Nib","Old Coin","Sozu","Enchiridion"],"acts_visited":["Exordium","TheCity"],"potions_floor_usage":[7,8,16,16,22],"damage_taken":[{"damage":0,"enemies":"Small Slimes","floor":1,"turns":3},{"damage":0,"enemies":"2 Louse","floor":3,"turns":3},{"damage":0,"enemies":"3 Sentries","floor":7,"turns":3},{"damage":0,"enemies":"Jaw Worm","floor":8,"turns":1},{"damage":6,"enemies":"Gremlin Nob","floor":11,"turns":3},{"damage":11,"enemies":"Large Slime","floor":12,"turns":3},{"damage":0,"enemies":"Looter","floor":13,"turns":1},{"damage":15,"enemies":"Hexaghost","floor":16,"turns":9},{"damage":0,"enemies":"3 Byrds","floor":18,"turns":2},{"damage":1,"enemies":"Chosen","floor":19,"turns":4},{"damage":11,"enemies":"Snecko","floor":22,"turns":6},{"damage":8,"enemies":"Gremlin Leader","floor":23,"turns":3}],"seed_played":"874317591882286181","potions_obtained":[{"floor":3,"key":"EssenceOfSteel"},{"floor":7,"key":"Fruit Juice"},{"floor":16,"key":"DuplicationPotion"}],"is_trial":true,"path_per_floor":["M","?","M","?","$","?","E","M","T","$","E","M","M","$","R","B",null,"M","M","?","?","M","E"],"character_chosen":"IRONCLAD","items_purchased":["Feed","DistilledChaos","Fire Potion","Pen Nib","Clothesline","Escape Plan","Weak Potion"],"campfire_rested":1,"item_purchase_floors":[5,5,5,10,14,14,14],"current_hp_per_floor":[80,80,80,80,80,80,80,80,80,80,80,75,80,80,80,76,85,88,88,72,72,67,59,59],"gold":701,"neow_bonus":"","is_daily":false,"chose_seed":false,"campfire_upgraded":0,"win_rate":0.0,"timestamp":1612708952,"path_taken":["M","?","M","?","$","?","E","M","T","?","E","M","?","$","R","BOSS","M","M","?","?","M","E"],"items_purchased_type":["Card","Potion","Potion","Relic","Card","Card","Potion"],"build_version":"2020-12-22","purchased_purges":1,"victory":false,"max_hp_per_floor":[80,80,80,80,80,80,80,80,80,80,80,80,80,80,80,85,85,88,88,88,88,88,88,88],"relic_stats":{"Sozu":2,"counters":[12,41],"Bronze Scales":[72],"Pantograph":0,"Pen Nib":[6],"obtain_stats":[{"Sozu":17,"Bronze Scales":7,"Pantograph":9,"Enchiridion":20,"Pen Nib":10,"Burning Blood":0,"Old Coin":11},{"Sozu":8,"Bronze Scales":3,"Pantograph":4,"Enchiridion":10,"Pen Nib":4,"Burning Blood":0,"Old Coin":5},{"Sozu":26,"Bronze Scales":9,"Pantograph":10,"Enchiridion":32,"Pen Nib":10,"Burning Blood":0,"Old Coin":13}],"Burning Blood":30},"card_choices":[{"not_picked":["Static Discharge","Feel No Pain"],"picked":"Cleave","floor":1},{"not_picked":["All Out Attack","Protect"],"picked":"True Grit","floor":3},{"not_picked":["Crescendo","Backflip"],"picked":"Terror","floor":7},{"not_picked":["Perfected Strike","FearNoEvil"],"picked":"Shrug It Off","floor":8},{"not_picked":["Protect","Perseverance"],"picked":"Corruption","floor":11},{"not_picked":["MentalFortress","Slice","Crescendo"],"picked":"SKIP","floor":12},{"not_picked":["Ball Lightning","Fusion"],"picked":"Conclude","floor":13},{"not_picked":["Limit Break","Envenom"],"picked":"Omniscience","floor":16},{"not_picked":["EmptyBody","Tantrum","Dropkick+1"],"picked":"SKIP","floor":18},{"not_picked":["JustLucky","Tantrum+1","Backflip"],"picked":"SKIP","floor":19},{"not_picked":["EmptyBody","Consume"],"picked":"FollowUp","floor":22}],"player_experience":1265328,"relics_obtained":[{"floor":7,"key":"Bronze Scales"},{"floor":9,"key":"Pantograph"},{"floor":11,"key":"Old Coin"},{"floor":20,"key":"Enchiridion"}],"event_choices":[{"damage_healed":0,"gold_gain":50,"player_choice":"Gained Gold","damage_taken":0,"max_hp_gain":0,"max_hp_loss":0,"event_name":"Golden Wing","floor":2,"gold_loss":0},{"damage_healed":0,"gold_gain":175,"player_choice":"AGREE","damage_taken":0,"max_hp_gain":0,"max_hp_loss":0,"event_name":"Liars Game","floor":4,"gold_loss":0,"cards_obtained":["Doubt"]},{"damage_healed":0,"gold_gain":0,"player_choice":"Grow","damage_taken":0,"max_hp_gain":0,"max_hp_loss":0,"event_name":"Living Wall","floor":6,"gold_loss":0,"cards_upgraded":["Armaments"]},{"damage_healed":0,"gold_gain":0,"player_choice":"Obtained Book","damage_taken":16,"max_hp_gain":0,"max_hp_loss":0,"event_name":"Cursed Tome","floor":20,"gold_loss":0},{"damage_healed":0,"gold_gain":0,"player_choice":"Upgrade","damage_taken":0,"max_hp_gain":0,"max_hp_loss":0,"event_name":"Designer","floor":21,"gold_loss":40,"cards_upgraded":["Worship"]}],"is_beta":false,"boss_relics":[{"not_picked":["Coffee Dripper","Black Blood"],"picked":"Sozu"}],"items_purged_floors":[5],"is_endless":false,"potions_floor_spawned":[3,7,16,18,22],"killed_by":"Gremlin Leader","ascension_level":0}}