{"host":"iyjyqcbjxxczmrf0","time":1612679735,"event":{"mods":["2.2 Compatiblity","Act Like it!","Aspiration","BaseMod","Bestiary","Better Note","BetterRewards","Conspire","Downfall","Friendly Minions","Gensokyo","GungeonMod","Hallownest","Hermit","HololiveMod","Hubris","Infinite Spire","Jorbs\u0027s Wanderer Trilogy","Koishi","Lobotomy","LobotomyExtend","Marisa????????","Minty Spire (QoL Compilation)","Permanent Neow","Reimu??????","Remilia??????","Replay The Spire","Shop Mod","Spikes Relics","StSLib","SuperFastMode","The Animator","The Gatherer","The Hierophant","The Servant 0.9.4","TheFirefly"],"gold_per_floor":[117,48,94,113,43,377,377,409,432,432,443,443,456,269,269,364,364,377,390,390,403,403,431,431,441,441,467,484,484,598,618,618,733,733,752,772,112,125,225,225,551,551,551,562,597,617,627,661,661,758,808,799,799,799],"floor_reached":53,"language":"ENG","playtime":3619,"items_purged":[],"score":976,"play_id":"79d80767-2be0-4485-8fd0-a4049db4af75","local_time":"20210207013535","is_ascension_mode":false,"campfire_choices":[{"data":"MastersStateliness","floor":7.0,"key":"SMITH"},{"data":"ScarletShoot","floor":12.0,"key":"SMITH"},{"data":"QueenOfMidnight","floor":15.0,"key":"SMITH"},{"data":"BatForm","floor":24.0,"key":"SMITH"},{"data":"ScarletMeister","floor":32.0,"key":"SMITH"},{"floor":40.0,"key":"RECALL"},{"data":"DemonKingCradle","floor":42.0,"key":"SMITH"},{"data":"ScarletMeister","floor":49,"key":"SMITH"}],"circlet_count":0,"master_deck":["Defend_RM","Defend_RM","Defend_RM","Defend_RM","RedMoon","ScarletShoot+1","UnderTheZenith","Ultimatum","CharismaGuard","SuperhumanBloodyKnife","MastersStateliness+1","BatForm+1","VampireClaw","CharismaGuard","QueenOfMidnight+1","EquivalentExchange","MiserableFate","GlobalNightmare","ScarletImprint+1","ScarletNetherworld","ScarletMeister+1","ReplayTheSpireMod:Echoes of Time","ScarletNetherworld+1","MiserableFate+1","MastersStateliness","UnstableMagic+1","MastersStateliness","ScarletMeister+1","FitfulNightmare+1","Gensokyo:ManorOfTheDishes","ScarletCoffin+1","TwelveNightmare","hubris:DuctTapeCard","Gensokyo:SummonFieryMouse","CharismaGuard+1","TricksterDevil","Stigmanizer+1","RedRainbow+1"],"relics":["ScarletHat","Simple Rune","LetterFromLob","Vajra","MiniBlackHole","Bronze Scales","Replay:Wax Seal","hubris:Icosahedron","DemoMod:GnawedKey","Replay:Grab Bag","hubris:TerracottaHorce","aspiration:FutureDiary","aspiration:RitualDagger","HandDrill","Molten Egg 2","hubris:MobiusCoin","Snecko Eye","OrangePellets","aspiration:Lifesprig","Gensokyo:Companionship","SuspiciousGoo","hubris:DuctTape","infinitespire:Satchel","Sozu","DemoMod:GlassGuonStoneRelic"],"acts_visited":["Gensokyo:Gensokyo","Gensokyo:Gensokyoer","Gensokyo:Gensokyoest","Gensokyo:Gensokyo"],"potions_floor_usage":[],"damage_taken":[{"damage":5.0,"enemies":"Gensokyo:Gryphon","floor":1.0,"turns":3.0},{"damage":2.0,"enemies":"Gensokyo:3_Fairies","floor":4.0,"turns":20.0},{"damage":40.0,"enemies":"Gensokyo:Aya","floor":6.0,"turns":11.0},{"damage":0.0,"enemies":"Gensokyo:Mamizou","floor":8.0,"turns":8.0},{"damage":0.0,"enemies":"Gensokyo:Python","floor":11.0,"turns":5.0},{"damage":3.0,"enemies":"Gensokyo:5_Fairies","floor":13.0,"turns":5.0},{"damage":0.0,"enemies":"Gensokyo:Reimu","floor":16.0,"turns":8.0},{"damage":12.0,"enemies":"Gensokyo:3_Dogs","floor":18.0,"turns":4.0},{"damage":15.0,"enemies":"Gensokyo:Chomper","floor":19.0,"turns":5.0},{"damage":18.0,"enemies":"Gensokyo:Swordslinger","floor":21.0,"turns":3.0},{"damage":50.0,"enemies":"Gensokyo:Reisen","floor":23.0,"turns":8.0},{"damage":17.0,"enemies":"Gensokyo:Wraith","floor":25.0,"turns":4.0},{"damage":18.0,"enemies":"Nightmare","floor":27.0,"turns":6.0},{"damage":25.0,"enemies":"Gensokyo:Chomper_and_Gloop","floor":28.0,"turns":6.0},{"damage":22.0,"enemies":"Gensokyo:Monolith_and_Dog","floor":30.0,"turns":4.0},{"damage":15.0,"enemies":"Gensokyo:Wraith","floor":31.0,"turns":5.0},{"damage":58.0,"enemies":"Gensokyo:Eternal_Rivals","floor":33.0,"turns":9.0},{"damage":15.0,"enemies":"Gensokyo:AncientGuardian","floor":35.0,"turns":5.0},{"damage":15.0,"enemies":"Gensokyo:3_Boulders","floor":36.0,"turns":5.0},{"damage":69.0,"enemies":"Gensokyo:AtlasGolem","floor":38.0,"turns":10.0},{"damage":37.0,"enemies":"Gensokyo:Kasen","floor":41.0,"turns":12.0},{"damage":46,"enemies":"Gensokyo:Dusk_and_Dawn","floor":44,"turns":11},{"damage":38,"enemies":"Gensokyo:Doremy","floor":45,"turns":10},{"damage":21,"enemies":"Gensokyo:3_Boulders","floor":46,"turns":5},{"damage":18,"enemies":"Gensokyo:AtlasGolem","floor":47,"turns":6},{"damage":13,"enemies":"Gensokyo:Kasen","floor":48,"turns":4},{"damage":38,"enemies":"Gensokyo:Yuyuko","floor":50,"turns":8},{"damage":17,"enemies":"Gensokyo:Gryphon","floor":52,"turns":4},{"damage":0,"enemies":"Gensokyo:Gryphon","floor":53,"turns":1}],"seed_played":"-5980375921561906652","potions_obtained":[{"floor":1.0,"key":"Swift Potion"},{"floor":3.0,"key":"Fruit Juice"},{"floor":3.0,"key":"champ:CounterPotion"},{"floor":3.0,"key":"LiquidBronze"},{"floor":4.0,"key":"Milkshake"},{"floor":16.0,"key":"SteroidPotion"},{"floor":25.0,"key":"LifebloodPotion"}],"is_trial":false,"path_per_floor":["M","COS","?","M","?","E","R","E","T","?","M","R","M","$","R","B",null,"M","M","AVR","M","?","E","R","M","T","NM","M","?","M","M","R","B",null,"M","M","COS","M","?","R","E","R","T","M","E","M","M","E","R","B",null,"M","COS"],"character_chosen":"REMILIA","items_purchased":["DemoMod:GnawedKey","QueenOfMidnight"],"campfire_rested":0,"item_purchase_floors":[14,14],"current_hp_per_floor":[70,70,57,63,63,26,26,28,28,28,30,30,28,28,28,40,70,72,77,77,74,74,80,80,78,78,80,76,76,77,80,80,80,80,80,83,83,74,74,74,86,86,86,89,92,92,92,92,92,92,92,92,92,92],"gold":799,"neow_bonus":"RANDOM_COMMON_RELIC","is_daily":false,"chose_seed":false,"campfire_upgraded":7,"win_rate":0.0,"timestamp":1612679735,"path_taken":["M","COS","?","M","?","E","R","E","T","?","M","R","M","?","R","BOSS","M","M","AVR","M","?","E","R","M","T","NM","?","?","?","M","R","BOSS","M","M","COS","?","?","R","E","R","T","M","E","M","M","E","R","BOSS","M","COS"],"items_purchased_type":["Relic","Card"],"build_version":"2020-12-22","purchased_purges":0,"victory":false,"max_hp_per_floor":[75,75,80,80,80,80,80,80,80,80,80,80,80,80,80,80,80,80,80,80,80,80,80,80,80,80,80,80,80,80,80,80,80,80,80,83,83,86,86,86,86,86,86,89,92,92,92,92,92,92,92,92,92,92],"card_choices":[{"not_picked":["BloodHunter","BlasphemousPunishment"],"picked":"UnderTheZenith","floor":1.0},{"not_picked":["NightDance","VampireClaw"],"picked":"Ultimatum","floor":3.0},{"not_picked":["StarOfDavid","BloodHunter"],"picked":"CharismaGuard","floor":4.0},{"not_picked":["BloodyMagicSquare","CharismaGuard"],"picked":"SuperhumanBloodyKnife","floor":6.0},{"not_picked":["NightDance","BloodAndWine"],"picked":"MastersStateliness","floor":6.0},{"not_picked":["BloodyMagicSquare","BlasphemousPunishment"],"picked":"BatForm","floor":8.0},{"not_picked":["DiffusionOfMisfortune","StarOfDavid"],"picked":"VampireFantasy","floor":11.0},{"not_picked":["DevilSight","ReincarnationDial"],"picked":"VampireClaw","floor":11.0},{"not_picked":["RedRainbow","DevilSight"],"picked":"CharismaGuard","floor":13.0},{"not_picked":["HellCatastrophe","BatForm"],"picked":"EquivalentExchange","floor":16.0},{"not_picked":["VampireSweep","MillenniumVampire"],"picked":"MiserableFate","floor":18.0},{"not_picked":["DiffusionOfMisfortune+1","UnstableMagic","VampireKiss+1"],"picked":"SKIP","floor":19.0},{"not_picked":["RedRainbow","ChainGang"],"picked":"GlobalNightmare","floor":21.0},{"not_picked":["UltimateOffering","FitfulNightmare"],"picked":"ScarletImprint+1","floor":21.0},{"not_picked":["RedMagic+1","EternalNight"],"picked":"ScarletNetherworld","floor":23.0},{"not_picked":["ScarletGensokyo","VampireKiss+1"],"picked":"ScarletMeister","floor":25.0},{"not_picked":["NightLord+1","BloodHunter","NightDance+1"],"picked":"SKIP","floor":25.0},{"not_picked":["infinitespire:DeathsTouch","ReplayTheSpireMod:Black Plague"],"picked":"ReplayTheSpireMod:Echoes of Time","floor":27.0},{"not_picked":["RedNightlessCastle+1","MiserableFate"],"picked":"ScarletNetherworld+1","floor":27.0},{"not_picked":["BadLadyScramble+1","BloodyMagicSquare"],"picked":"MiserableFate+1","floor":28.0},{"not_picked":["VampirishNight+1","BloodHunter"],"picked":"MastersStateliness","floor":28.0},{"not_picked":["DiffusionOfMisfortune+1","BloodyHallows"],"picked":"UnstableMagic+1","floor":30.0},{"not_picked":["Stigmanizer+1","StarOfDavid+1"],"picked":"MastersStateliness","floor":31.0},{"not_picked":["MillenniumVampire","SuperhumanBloodyKnife+1","UnstableMagic"],"picked":"SKIP","floor":31.0},{"not_picked":["CurseOfVladTepes","BloodyCatastrophe"],"picked":"ScarletMeister","floor":33.0},{"not_picked":["RedRainbow+1","EternalNight+1","EndlessAdversity+1"],"picked":"SKIP","floor":35.0},{"not_picked":["NightDance+1","DevilSight+1","DiffusionOfMisfortune+1"],"picked":"SKIP","floor":35.0},{"not_picked":["ScarletDevil+1","ScarletImprint+1"],"picked":"FitfulNightmare+1","floor":36.0},{"not_picked":["AfternoonTea","GlobalNightmare","BombardNight+1"],"picked":"SKIP","floor":38.0},{"not_picked":["VampireKiss+1","EmergencyRegeneration"],"picked":"DemonKingCradle","floor":41.0},{"not_picked":["HellCatastrophe","CurseOfVladTepes"],"picked":"ScarletCoffin","floor":44},{"not_picked":["EndlessAdversity+1","NightDance+1"],"picked":"TwelveNightmare","floor":44},{"not_picked":["Stigmanizer+1","ScarletSymphony","HunterOfTheNight+1"],"picked":"SKIP","floor":45},{"not_picked":["DiffusionOfMisfortune+1","UnstableMagic+1","BloodHunter+1"],"picked":"SKIP","floor":46},{"not_picked":["EmergencyRegeneration+1","DiffusionOfMisfortune+1"],"picked":"CharismaGuard+1","floor":47},{"not_picked":["ScarletDream","EndlessAdversity+1","AfternoonTea"],"picked":"SKIP","floor":48},{"not_picked":["ScarletCoffin+1","ScarletMeister"],"picked":"TricksterDevil","floor":50},{"not_picked":["EternalNight","VampireSweep+1"],"picked":"Stigmanizer+1","floor":52},{"not_picked":["ScarletDream","ForbiddenFruit"],"picked":"RedRainbow+1","floor":52}],"player_experience":1080448,"relics_obtained":[{"floor":1.0,"key":"LetterFromLob"},{"floor":6.0,"key":"Vajra"},{"floor":8.0,"key":"Bronze Scales"},{"floor":9.0,"key":"Replay:Wax Seal"},{"floor":23.0,"key":"Molten Egg 2"},{"floor":26.0,"key":"ReplayTheSpireMod:Shallot"},{"floor":27.0,"key":"hubris:MobiusCoin"},{"floor":41.0,"key":"aspiration:Lifesprig"},{"floor":45,"key":"hubris:DuctTape"},{"floor":48,"key":"infinitespire:Satchel"}],"event_choices":[],"is_beta":false,"boss_relics":[{"not_picked":["RedLine:ReiMu","ChewingGum"],"picked":"Replay:Grab Bag"},{"not_picked":["conspire:SeveredTorchhead","Painkiller Herb"],"picked":"hubris:TerracottaHorce"},{"not_picked":["Hololive_Finger","hubris:VirtuousBlindfold"],"picked":"aspiration:FutureDiary"},{"not_picked":["hubris:BlackHole","Runic Pyramid"],"picked":"aspiration:RitualDagger"},{"not_picked":["hubris:HollowSoul","conspire:RunicOctahedron"],"picked":"Snecko Eye"},{"not_picked":["bronze:MakeshiftBattery","Empty Cage"],"picked":"Sozu"}],"items_purged_floors":[],"is_endless":true,"potions_floor_spawned":[1,4,11,16,19,25,27,30,31,33,35,38,44,45,48,52],"killed_by":"Gensokyo:Gryphon","ascension_level":0}}