{"host":"820xk69ekh5gtclf","time":1612671054,"event":{"mods":["Ascension Unlocker","BaseMod","Curses Come First","Custom Start","Downfall","Filter the Spire","Minty Spire (QoL Compilation)","Relic Stats","StSLib"],"gold_per_floor":[111,125,75,86,102,132,142,142,142,176,196,224,224,253,253,357,357,367,382,382,400,12,46,46,73,73,90,90,125,141,56,56,151,151,162,162,176,29,41,69,69,96,121,141,176,176,188,220,220,220,220,220,70,98,98],"floor_reached":56,"language":"ENG","playtime":4961,"items_purged":["Guardian:Strike_Guardian"],"score":1998,"play_id":"ea39623c-3d84-4bb8-929f-7dac53d13191","local_time":"20210206231054","is_ascension_mode":true,"campfire_choices":[{"data":"Guardian:MultiBeam","floor":8.0,"key":"SMITH"},{"data":"Guardian:CurlUp","floor":15.0,"key":"SMITH"},{"data":"Guardian:Recover","floor":24.0,"key":"SMITH"},{"data":"Guardian:Suspension","floor":28.0,"key":"SMITH"},{"data":"Guardian:BronzeArmor","floor":32.0,"key":"SMITH"},{"floor":46.0,"key":"RECALL"},{"data":"Guardian:TimeCapacitor","floor":49.0,"key":"SMITH"},{"data":"Guardian:Clone","floor":52.0,"key":"SMITH"}],"circlet_count":0,"master_deck":["AscendersBane","Guardian:Strike_Guardian","Guardian:Strike_Guardian+1","Guardian:Defend_Guardian","Guardian:Defend_Guardian","Guardian:Defend_Guardian","Guardian:Defend_Guardian","Guardian:CurlUp+1","Guardian:TwinSlam+1","Guardian:Planning","Guardian:BronzeArmor+1","Guardian:TimeCapacitor+1","Guardian:MultiBeam+1","Guardian:ShieldCharger","Guardian:Reroute+1","Guardian:RevengeProtocol+1","Guardian:ShieldCharger","Guardian:Recover+1","Guardian:SpikerProtocol+1","Guardian:TimeCapacitor+1","Mayhem+1","Guardian:Recover","Guardian:Planning","Guardian:Suspension+1","Guardian:ExploitGems","Guardian:Reroute+1","Guardian:CompilePackage","Guardian:MultiBeam+1","Guardian:VentSteam+1","Guardian:BodySlam+1","Guardian:GemFinder+1","Guardian:ShieldCharger","Guardian:Clone+1","Guardian:BodySlam+1","Guardian:SpikerProtocol+1","Guardian:Clone"],"relics":["Guardian:ModeShifterPlus","Juzu Bracelet","Sundial","Molten Egg 2","Frozen Egg 2","StrikeDummy","OrangePellets","Ancient Tea Set","Nunchaku","Prayer Wheel","Bottled Lightning","Akabeko","Coffee Dripper","Bird Faced Urn","Anchor","Dead Branch","Mummified Hand","Ornamental Fan","Pocketwatch"],"acts_visited":["Exordium","TheCity","TheBeyond","TheEnding"],"potions_floor_usage":[55],"damage_taken":[{"damage":0.0,"enemies":"Small Slimes","floor":1.0,"turns":3.0},{"damage":2.0,"enemies":"Jaw Worm","floor":2.0,"turns":5.0},{"damage":3.0,"enemies":"2 Louse","floor":4.0,"turns":3.0},{"damage":6.0,"enemies":"Exordium Thugs","floor":5.0,"turns":6.0},{"damage":17.0,"enemies":"Lagavulin","floor":6.0,"turns":11.0},{"damage":0.0,"enemies":"Large Slime","floor":7.0,"turns":9.0},{"damage":10.0,"enemies":"3 Sentries","floor":10.0,"turns":7.0},{"damage":9.0,"enemies":"Red Slaver","floor":11.0,"turns":5.0},{"damage":2.0,"enemies":"Lagavulin","floor":12.0,"turns":9.0},{"damage":6.0,"enemies":"Gremlin Nob","floor":14.0,"turns":3.0},{"damage":1.0,"enemies":"Hexaghost","floor":16.0,"turns":8.0},{"damage":0.0,"enemies":"Chosen","floor":18.0,"turns":6.0},{"damage":0.0,"enemies":"3 Byrds","floor":19.0,"turns":3.0},{"damage":11.0,"enemies":"Snake Plant","floor":21.0,"turns":5.0},{"damage":21.0,"enemies":"Slavers","floor":23.0,"turns":4.0},{"damage":1.0,"enemies":"Book of Stabbing","floor":25.0,"turns":7.0},{"damage":0.0,"enemies":"Snecko","floor":27.0,"turns":5.0},{"damage":14.0,"enemies":"Gremlin Leader","floor":29.0,"turns":6.0},{"damage":0.0,"enemies":"Cultist and Chosen","floor":30.0,"turns":5.0},{"damage":2.0,"enemies":"Collector","floor":33.0,"turns":9.0},{"damage":0.0,"enemies":"3 Darklings","floor":35.0,"turns":2.0},{"damage":0.0,"enemies":"Orb Walker","floor":37.0,"turns":3.0},{"damage":0.0,"enemies":"Maw","floor":39.0,"turns":7.0},{"damage":6.0,"enemies":"Reptomancer","floor":40.0,"turns":6.0},{"damage":0.0,"enemies":"Nemesis","floor":42.0,"turns":5.0},{"damage":0.0,"enemies":"Transient","floor":44.0,"turns":5.0},{"damage":0.0,"enemies":"Reptomancer","floor":45.0,"turns":5.0},{"damage":2.0,"enemies":"Spire Growth","floor":47.0,"turns":4.0},{"damage":0.0,"enemies":"Giant Head","floor":48.0,"turns":4.0},{"damage":21.0,"enemies":"Awakened One","floor":50.0,"turns":6.0},{"damage":14,"enemies":"Shield and Spear","floor":54,"turns":7},{"damage":19,"enemies":"The Heart","floor":55,"turns":8}],"seed_played":"-1505113676493471391","potions_obtained":[{"floor":4.0,"key":"Block Potion"},{"floor":10.0,"key":"FearPotion"},{"floor":14.0,"key":"LiquidBronze"},{"floor":18.0,"key":"Energy Potion"},{"floor":27.0,"key":"BlessingOfTheForge"},{"floor":33.0,"key":"Swift Potion"},{"floor":39.0,"key":"Guardian:AcceleratePotion"},{"floor":42.0,"key":"SpeedPotion"},{"floor":44.0,"key":"BlessingOfTheForge"},{"floor":48.0,"key":"FairyPotion"}],"is_trial":false,"path_per_floor":["M","M","?","M","M","E","M","R","T","E","M","E","?","E","R","B",null,"M","M","?","M","$","E","R","E","T","M","R","E","M","?","R","B",null,"M","?","M","?","M","E","?","E","T","M","E","R","M","E","R","B",null,"R","$","E","B",null],"character_chosen":"GUARDIAN","items_purchased":["Guardian:TimeCapacitor+1","Mayhem+1","OrangePellets","Guardian:SpikerProtocol+1"],"campfire_rested":0,"item_purchase_floors":[22,22,22,53],"current_hp_per_floor":[80,78,78,75,69,52,52,52,52,42,33,31,13,7,7,6,68,68,68,51,40,40,19,19,18,18,18,18,4,4,4,4,2,70,70,70,70,70,80,84,103,103,103,103,103,103,103,103,103,94,101,101,101,101,98],"gold":98,"neow_bonus":"TEN_PERCENT_HP_BONUS","is_daily":false,"chose_seed":false,"campfire_upgraded":7,"win_rate":0.0,"timestamp":1612671054,"path_taken":["M","M","?","M","M","E","M","R","T","E","M","E","?","E","R","BOSS","M","M","?","M","$","E","R","E","T","M","R","E","M","?","R","BOSS","M","?","M","?","M","E","?","E","T","M","E","R","M","E","R","BOSS","R","$","E","BOSS"],"items_purchased_type":["Card","Card","Relic","Card"],"build_version":"2020-12-22","purchased_purges":1,"victory":true,"max_hp_per_floor":[88,88,88,88,88,88,88,88,88,88,88,88,88,88,88,88,88,88,88,93,93,93,93,93,93,93,93,93,93,93,93,93,93,93,93,93,93,93,93,93,103,103,103,103,103,103,103,103,103,103,103,103,103,103,103],"relic_stats":{"OrangePellets":[13],"Nunchaku":[14],"counters":[32,181],"Sundial":[24],"Mummified Hand":[30],"Ornamental Fan":[32],"Bird Faced Urn":[64],"Dead Branch":[40],"Prayer Wheel":7,"Juzu Bracelet":1,"obtain_stats":[{"Guardian:ModeShifterPlus":17,"Dead Branch":42,"Guardian:ModeShifter":0,"Juzu Bracelet":6,"Frozen Egg 2":12,"Ancient Tea Set":23,"Akabeko":31,"OrangePellets":22,"Nunchaku":25,"Anchor":40,"Sundial":9,"Mummified Hand":45,"Ornamental Fan":48,"Bird Faced Urn":38,"Molten Egg 2":10,"Prayer Wheel":26,"Coffee Dripper":34,"Bottled Lightning":29,"StrikeDummy":14,"Pocketwatch":54},{"Guardian:ModeShifterPlus":11,"Dead Branch":25,"Guardian:ModeShifter":0,"Juzu Bracelet":5,"Frozen Egg 2":9,"Ancient Tea Set":15,"Akabeko":19,"OrangePellets":14,"Nunchaku":16,"Anchor":24,"Sundial":6,"Mummified Hand":27,"Ornamental Fan":29,"Bird Faced Urn":22,"Molten Egg 2":7,"Prayer Wheel":16,"Coffee Dripper":20,"Bottled Lightning":18,"StrikeDummy":10,"Pocketwatch":31},{"Guardian:ModeShifterPlus":69,"Dead Branch":142,"Guardian:ModeShifter":0,"Juzu Bracelet":28,"Frozen Egg 2":58,"Ancient Tea Set":87,"Akabeko":110,"OrangePellets":83,"Nunchaku":94,"Anchor":137,"Sundial":37,"Mummified Hand":152,"Ornamental Fan":160,"Bird Faced Urn":124,"Molten Egg 2":44,"Prayer Wheel":94,"Coffee Dripper":119,"Bottled Lightning":105,"StrikeDummy":61,"Pocketwatch":173}],"Pocketwatch":[0]},"card_choices":[{"not_picked":["Guardian:TemporalStrike","Guardian:Gem_Lightblue"],"picked":"Guardian:ChargeCore","floor":1.0},{"not_picked":["Guardian:PrismaticBeam","Guardian:CrystalBeam"],"picked":"Guardian:Planning","floor":2.0},{"not_picked":["Guardian:ChargeCore","Guardian:PrismaticBeam"],"picked":"Guardian:BronzeArmor","floor":4.0},{"not_picked":["Guardian:Reroute","Guardian:RollAttack"],"picked":"Guardian:TimeCapacitor","floor":5.0},{"not_picked":["Guardian:CrystalBeam","Guardian:EvasiveProtocol","Guardian:RollAttack"],"picked":"SKIP","floor":6.0},{"not_picked":["Guardian:Gem_Cyan","Guardian:PiercingHide"],"picked":"Guardian:MultiBeam","floor":7.0},{"not_picked":["Guardian:Gem_Cyan","Guardian:PrimingBeam+1"],"picked":"Guardian:ShieldCharger","floor":10.0},{"not_picked":["Guardian:ShieldCharger","Guardian:TimeSifter"],"picked":"Guardian:Reroute+1","floor":11.0},{"not_picked":["Guardian:CrystalBeam+1","Guardian:PolyBeam+1","Guardian:Emergency"],"picked":"SKIP","floor":12.0},{"not_picked":["Guardian:CrystalBeam+1","Guardian:PrismaticBarrier","Guardian:PrismaticBeam+1"],"picked":"SKIP","floor":14.0},{"not_picked":["Guardian:GemFire+1","Guardian:StasisField"],"picked":"Guardian:RevengeProtocol+1","floor":16.0},{"not_picked":["Guardian:Orbwalk+1","Guardian:WalkerClaw+1"],"picked":"Guardian:ShieldCharger","floor":18.0},{"not_picked":["Guardian:PrimingBeam+1","Guardian:SpikerProtocol+1"],"picked":"Guardian:Recover","floor":19.0},{"not_picked":["Guardian:Gem_Lightblue","Guardian:CrystalBeam+1"],"picked":"Guardian:SpikerProtocol+1","floor":21.0},{"not_picked":["Guardian:SpikerProtocol+1","Guardian:Harden"],"picked":"Guardian:Recover","floor":23.0},{"not_picked":["Guardian:Gem_Green","Guardian:PrimingBeam+1"],"picked":"Guardian:Planning","floor":25.0},{"not_picked":["Guardian:SpikerProtocol+1","Guardian:DecasProtection"],"picked":"Guardian:Suspension","floor":27.0},{"not_picked":["Guardian:PiercingHide","Guardian:Repulse+1","Guardian:WalkerClaw+1"],"picked":"SKIP","floor":27.0},{"not_picked":["Guardian:Gem_Lightblue","Guardian:TemporalShield+1"],"picked":"Guardian:HyperBeam_Guardian+1","floor":29.0},{"not_picked":["Guardian:TimeBomb","Guardian:BronzeArmor+1"],"picked":"Guardian:Gem_Purple","floor":30.0},{"not_picked":["Guardian:GuardianWhirl+1","Guardian:CrystalBeam+1","Guardian:Suspension"],"picked":"SKIP","floor":30.0},{"not_picked":["Guardian:GemFire+1","Guardian:AncientConstruct+1"],"picked":"Guardian:ExploitGems","floor":33.0},{"not_picked":["Guardian:Repulse+1","Guardian:Gem_Green"],"picked":"Guardian:Reroute+1","floor":35.0},{"not_picked":["Guardian:Reroute+1","Guardian:Gem_Green","Guardian:CrystalBeam+1"],"picked":"SKIP","floor":35.0},{"not_picked":["Guardian:Gem_Yellow","Guardian:Suspension"],"picked":"Guardian:CompilePackage","floor":37.0},{"not_picked":["Guardian:PrimingBeam+1","Guardian:Reroute+1","Guardian:ShieldSpikes"],"picked":"SKIP","floor":37.0},{"not_picked":["Guardian:CrystalBeam+1","Guardian:ChargeCore+1"],"picked":"Guardian:MultiBeam+1","floor":39.0},{"not_picked":["Guardian:TemporalStrike+1","Guardian:Gem_Red"],"picked":"Guardian:VentSteam+1","floor":39.0},{"not_picked":["Guardian:Suspension","Guardian:Recover"],"picked":"Guardian:BodySlam+1","floor":40.0},{"not_picked":["Guardian:Planning+1","Guardian:StasisStrike+1"],"picked":"Guardian:GemFinder+1","floor":42.0},{"not_picked":["Guardian:Recover","Guardian:WalkerClaw+1"],"picked":"Guardian:ShieldCharger","floor":44.0},{"not_picked":["Guardian:Gem_Lightblue","Guardian:Gem_Green"],"picked":"Guardian:Gem_Red","floor":44.0},{"not_picked":["Guardian:TemporalStrike+1","Guardian:Incinerate+1","Guardian:PiercingHide"],"picked":"SKIP","floor":44.0},{"not_picked":["Guardian:PrismaticBarrier","Guardian:TemporalShield+1"],"picked":"Guardian:Clone","floor":45.0},{"not_picked":["Guardian:Gem_Green","Guardian:Gem_Lightblue"],"picked":"Guardian:Gem_Red","floor":47.0},{"not_picked":["Guardian:DecasProtection+1","Guardian:TemporalStrike+1"],"picked":"Guardian:Gem_White","floor":47.0},{"not_picked":["Guardian:Gem_Synthetic","Guardian:Incinerate+1"],"picked":"Guardian:BodySlam+1","floor":47.0},{"not_picked":["Guardian:DonusPower+1","Guardian:PiercingHide","Guardian:Harden+1"],"picked":"SKIP","floor":48.0},{"not_picked":["Guardian:TemporalShield","Guardian:ShieldCharger"],"picked":"Guardian:Clone","floor":54}],"player_experience":2379271,"relics_obtained":[{"floor":6.0,"key":"Juzu Bracelet"},{"floor":9.0,"key":"Sundial"},{"floor":10.0,"key":"Molten Egg 2"},{"floor":12.0,"key":"Frozen Egg 2"},{"floor":14.0,"key":"StrikeDummy"},{"floor":23.0,"key":"Ancient Tea Set"},{"floor":25.0,"key":"Nunchaku"},{"floor":26.0,"key":"Prayer Wheel"},{"floor":29.0,"key":"Bottled Lightning"},{"floor":40.0,"key":"Anchor"},{"floor":42.0,"key":"Dead Branch"},{"floor":45.0,"key":"Mummified Hand"},{"floor":48.0,"key":"Ornamental Fan"},{"floor":54,"key":"Pocketwatch"}],"event_choices":[{"cards_removed":["Guardian:Strike_Guardian"],"damage_healed":0.0,"max_hp_gain":0.0,"max_hp_loss":0.0,"gold_gain":0.0,"event_name":"The Cleric","player_choice":"Card Removal","floor":3.0,"gold_loss":50.0,"damage_taken":0.0},{"damage_healed":0.0,"max_hp_gain":0.0,"max_hp_loss":0.0,"gold_gain":0.0,"event_name":"Shining Light","player_choice":"Entered Light","floor":13.0,"gold_loss":0.0,"damage_taken":18.0,"cards_upgraded":["Guardian:Strike_Guardian","Guardian:TwinSlam"]},{"damage_healed":0.0,"max_hp_gain":5.0,"max_hp_loss":0.0,"gold_gain":0.0,"event_name":"Forgotten Altar","player_choice":"Shed Blood","floor":20.0,"gold_loss":0.0,"damage_taken":22.0},{"damage_healed":0.0,"max_hp_gain":0.0,"max_hp_loss":0.0,"gold_gain":0.0,"event_name":"Addict","player_choice":"Obtained Relic","floor":31.0,"gold_loss":85.0,"damage_taken":0.0,"relics_obtained":["Akabeko"]},{"cards_removed":["Guardian:ChargeCore"],"damage_healed":0.0,"max_hp_gain":0.0,"max_hp_loss":0.0,"gold_gain":0.0,"event_name":"Falling","player_choice":"Removed Attack","floor":36.0,"gold_loss":0.0,"damage_taken":0.0},{"damage_healed":0.0,"max_hp_gain":0.0,"max_hp_loss":0.0,"gold_gain":0.0,"event_name":"WeMeetAgain","player_choice":"Paid Gold","floor":38.0,"gold_loss":147.0,"damage_taken":0.0,"relics_obtained":["Bird Faced Urn"]},{"cards_removed":["Guardian:HyperBeam_Guardian"],"damage_healed":9.0,"max_hp_gain":10.0,"max_hp_loss":0.0,"gold_gain":0.0,"event_name":"Bonfire Elementals","player_choice":"Offered Rare","floor":41.0,"gold_loss":0.0,"damage_taken":0.0}],"is_beta":false,"boss_relics":[{"not_picked":["Tiny House","Snecko Eye"],"picked":"Guardian:ModeShifterPlus"},{"not_picked":["Black Star","Calling Bell"],"picked":"Coffee Dripper"}],"items_purged_floors":[53],"is_endless":false,"potions_floor_spawned":[4,10,14,18,27,33,39,42,44,48,54],"ascension_level":10}}