{"host":"85rg8sallz0lemh6","time":1612687350,"event":{"mods":["BaseMod","Minty Spire (QoL Compilation)","Quick Restart"],"gold_per_floor":[115,131,231,251,264,295,295,310,310,343,199,228,228,243,243,367,367,383,407,200,200,213,244,244,279,279,312,312,312,10,24,24,152,152,165,165,186,519,536,536,536,564,588,588,603,55,55,80,80,80],"floor_reached":51,"language":"ENG","playtime":2709,"items_purged":["Strike_P"],"score":872,"play_id":"df93b5b0-7827-44ab-80dd-2719ed76b597","local_time":"20210207024230","is_ascension_mode":true,"campfire_choices":[{"data":"Eruption","floor":15.0,"key":"SMITH"},{"data":"FlurryOfBlows","floor":24,"key":"SMITH"},{"data":"SpiritShield","floor":28,"key":"SMITH"},{"floor":32,"key":"REST"},{"floor":40,"key":"REST"},{"floor":44,"key":"REST"},{"floor":47,"key":"REST"},{"floor":49,"key":"REST"}],"circlet_count":0,"master_deck":["Strike_P","Strike_P+1","Defend_P","Defend_P","Defend_P","Defend_P","Eruption+1","Vigilance","Consecrate","Tantrum","SandsOfTime","EmptyBody","EmptyFist","TalkToTheHand+1","InnerPeace+1","FlurryOfBlows+1","SashWhip+1","SpiritShield+1","LessonLearned","FlurryOfBlows","WindmillStrike+1","MentalFortress","MentalFortress+1"],"relics":["HolyWater","Damaru","Kunai","Potion Belt","Lee\u0027s Waffle","Calipers","Happy Flower","Lizard Tail","Juzu Bracelet","Mummified Hand","White Beast Statue","Omamori","TungstenRod","VioletLotus","Strawberry","Boot","OrangePellets","Centennial Puzzle","Anchor"],"acts_visited":["Exordium","TheCity","TheBeyond"],"potions_floor_usage":[25,33,33,37,42,45,45,48,50,50,50,50],"damage_taken":[{"damage":1.0,"enemies":"Cultist","floor":1.0,"turns":4.0},{"damage":2.0,"enemies":"2 Louse","floor":2.0,"turns":4.0},{"damage":0.0,"enemies":"Small Slimes","floor":4.0,"turns":2.0},{"damage":11.0,"enemies":"Exordium Wildlife","floor":5.0,"turns":4.0},{"damage":0.0,"enemies":"Lagavulin","floor":6.0,"turns":4.0},{"damage":12.0,"enemies":"Red Slaver","floor":8.0,"turns":5.0},{"damage":8.0,"enemies":"3 Sentries","floor":10.0,"turns":5.0},{"damage":29.0,"enemies":"Lagavulin","floor":12.0,"turns":5.0},{"damage":5.0,"enemies":"3 Louse","floor":14.0,"turns":3.0},{"damage":23.0,"enemies":"Hexaghost","floor":16.0,"turns":9.0},{"damage":3.0,"enemies":"Shell Parasite","floor":18.0,"turns":5.0},{"damage":1.0,"enemies":"2 Thieves","floor":19.0,"turns":4.0},{"damage":0,"enemies":"Centurion and Healer","floor":22,"turns":3},{"damage":0,"enemies":"Gremlin Leader","floor":23,"turns":6},{"damage":21,"enemies":"Slavers","floor":25,"turns":5},{"damage":5,"enemies":"Book of Stabbing","floor":27,"turns":4},{"damage":6,"enemies":"Snecko","floor":31,"turns":4},{"damage":20,"enemies":"Collector","floor":33,"turns":11},{"damage":30,"enemies":"3 Darklings","floor":35,"turns":6},{"damage":0,"enemies":"Orb Walker","floor":37,"turns":2},{"damage":34,"enemies":"Sphere and 2 Shapes","floor":39,"turns":7},{"damage":29,"enemies":"Reptomancer","floor":42,"turns":13},{"damage":21,"enemies":"Writhing Mass","floor":45,"turns":6},{"damage":2,"enemies":"Giant Head","floor":48,"turns":8},{"damage":10,"enemies":"Time Eater","floor":50,"turns":13}],"seed_played":"7314530382582469572","potions_obtained":[{"floor":5.0,"key":"SteroidPotion"},{"floor":6.0,"key":"LiquidMemories"},{"floor":10.0,"key":"PowerPotion"},{"floor":12.0,"key":"FearPotion"},{"floor":14.0,"key":"Weak Potion"},{"floor":22,"key":"BlessingOfTheForge"},{"floor":27,"key":"Block Potion"},{"floor":31,"key":"DuplicationPotion"},{"floor":33,"key":"PowerPotion"},{"floor":35,"key":"StancePotion"},{"floor":37,"key":"BlessingOfTheForge"},{"floor":39,"key":"StancePotion"},{"floor":42,"key":"Ancient Potion"},{"floor":45,"key":"Fire Potion"},{"floor":48,"key":"BottledMiracle"}],"is_trial":false,"path_per_floor":["M","M","?","M","M","E","$","M","T","E","$","E","?","M","R","B",null,"M","M","$","?","M","E","R","E","T","E","R","?","$","M","R","B",null,"M","?","M","?","M","R","?","E","T","R","M","$","R","E","R","B",null],"character_chosen":"WATCHER","items_purchased":["Lee\u0027s Waffle","FlurryOfBlows","Happy Flower","TungstenRod","PowerPotion","OrangePellets","Centennial Puzzle","MentalFortress","PowerPotion"],"campfire_rested":5,"item_purchase_floors":[11,20,20,30,46,46,46,46,46],"current_hp_per_floor":[71,69,69,69,58,58,58,46,46,38,79,50,50,45,45,22,73,70,69,69,69,69,69,69,48,48,43,43,43,43,37,58,38,73,43,43,43,43,9,30,30,8,8,32,11,11,35,33,57,47],"gold":80,"neow_bonus":"TRANSFORM_CARD","is_daily":false,"chose_seed":false,"campfire_upgraded":3,"win_rate":0.0,"timestamp":1612687350,"path_taken":["M","?","?","?","M","E","$","M","T","E","?","E","?","M","R","BOSS","M","M","$","?","?","E","R","E","T","E","R","?","$","M","R","BOSS","M","?","M","?","M","R","?","E","T","R","M","$","R","E","R","BOSS"],"items_purchased_type":["Relic","Card","Relic","Relic","Potion","Relic","Relic","Card","Potion"],"build_version":"2020-12-22","purchased_purges":1,"victory":true,"max_hp_per_floor":[72,72,72,72,72,72,72,72,72,72,79,79,73,73,73,73,73,73,73,73,73,73,73,73,73,73,73,73,73,73,73,73,73,73,73,73,73,73,73,73,73,80,80,80,80,80,80,80,80,80],"card_choices":[{"not_picked":["JustLucky","CutThroughFate","TalkToTheHand"],"picked":"SKIP","floor":1.0},{"not_picked":["TalkToTheHand","CarveReality"],"picked":"Tantrum","floor":2.0},{"not_picked":["PathToVictory","Collect"],"picked":"SandsOfTime","floor":4.0},{"not_picked":["PathToVictory","Fasting2","FlurryOfBlows"],"picked":"SKIP","floor":5.0},{"not_picked":["Halt","Brilliance"],"picked":"EmptyBody","floor":6.0},{"not_picked":["Halt","Prostrate"],"picked":"EmptyFist","floor":8.0},{"not_picked":["Prostrate","FlyingSleeves"],"picked":"TalkToTheHand","floor":10.0},{"not_picked":["Crescendo","FollowUp","Collect"],"picked":"SKIP","floor":12.0},{"not_picked":["Fasting2","EmptyFist"],"picked":"InnerPeace","floor":14.0},{"not_picked":["FlyingSleeves","FlurryOfBlows","Swivel"],"picked":"SKIP","floor":18.0},{"not_picked":["Swivel","BowlingBash","Vengeance"],"picked":"SKIP","floor":19.0},{"not_picked":["PathToVictory","Sanctity+1","Pray+1"],"picked":"SKIP","floor":22},{"not_picked":["Study+1","WindmillStrike"],"picked":"SashWhip+1","floor":23},{"not_picked":["FlyingSleeves","Omniscience","Crescendo+1"],"picked":"SKIP","floor":25},{"not_picked":["Prostrate+1","Evaluate"],"picked":"SpiritShield","floor":27},{"not_picked":["Wallop","BowlingBash","CarveReality+1"],"picked":"SKIP","floor":31},{"not_picked":["Judgement","Ragnarok"],"picked":"LessonLearned","floor":33},{"not_picked":["Evaluate+1","CutThroughFate+1","Collect+1"],"picked":"SKIP","floor":35},{"not_picked":["Conclude","BowlingBash+1","Crescendo+1"],"picked":"SKIP","floor":37},{"not_picked":["EmptyBody","SpiritShield"],"picked":"FlurryOfBlows","floor":39},{"not_picked":["Prostrate+1","FlyingSleeves"],"picked":"WindmillStrike+1","floor":42},{"not_picked":["Protect","BowlingBash","SandsOfTime"],"picked":"SKIP","floor":45},{"not_picked":["JustLucky","FlyingSleeves"],"picked":"MentalFortress+1","floor":48}],"player_experience":76536,"relics_obtained":[{"floor":6.0,"key":"Damaru"},{"floor":9.0,"key":"Kunai"},{"floor":10.0,"key":"Potion Belt"},{"floor":12.0,"key":"Calipers"},{"floor":23,"key":"Lizard Tail"},{"floor":25,"key":"Juzu Bracelet"},{"floor":26,"key":"Mummified Hand"},{"floor":27,"key":"White Beast Statue"},{"floor":42,"key":"Strawberry"},{"floor":43,"key":"Boot"},{"floor":48,"key":"Anchor"}],"event_choices":[{"damage_healed":0.0,"max_hp_gain":0.0,"max_hp_loss":0.0,"gold_gain":100.0,"event_name":"Wheel of Change","player_choice":"Gold","floor":3.0,"gold_loss":0.0,"damage_taken":0.0},{"damage_healed":0.0,"max_hp_gain":0.0,"max_hp_loss":6.0,"gold_gain":0.0,"event_name":"Golden Idol","player_choice":"Lose Max HP","floor":13.0,"gold_loss":0.0,"damage_taken":0.0,"relics_obtained":["Golden Idol"]},{"damage_healed":0,"gold_gain":0,"player_choice":"Forge","damage_taken":0,"max_hp_gain":0,"max_hp_loss":0,"event_name":"Accursed Blacksmith","floor":21,"gold_loss":0,"cards_upgraded":["TalkToTheHand"]},{"damage_healed":0,"gold_gain":0,"player_choice":"Stole Relic","damage_taken":0,"relics_obtained":["Omamori"],"max_hp_gain":0,"max_hp_loss":0,"event_name":"Addict","floor":29,"gold_loss":0,"cards_obtained":["Shame"]},{"damage_healed":0,"gold_gain":0,"player_choice":"Memory 1","damage_taken":0,"max_hp_gain":0,"max_hp_loss":0,"event_name":"SensoryStone","floor":36,"gold_loss":0},{"damage_healed":0,"gold_gain":333,"player_choice":"Gave Idol","damage_taken":0,"max_hp_gain":0,"max_hp_loss":0,"event_name":"The Moai Head","floor":38,"relics_lost":["Golden Idol"],"gold_loss":0},{"cards_removed":["Shame"],"damage_healed":0,"gold_gain":0,"player_choice":"Purged","damage_taken":0,"max_hp_gain":0,"max_hp_loss":0,"event_name":"Purifier","floor":41,"gold_loss":0}],"is_beta":false,"boss_relics":[{"not_picked":["Empty Cage","Busted Crown"],"picked":"HolyWater"},{"not_picked":["Tiny House","Sozu"],"picked":"VioletLotus"}],"items_purged_floors":[46],"is_endless":false,"potions_floor_spawned":[5,6,10,12,14,22,27,31,33,35,37,39,42,45,48],"ascension_level":1}}