{"host":"hs5g5f0q56ds4vmn","time":1612702605,"event":{"mods":["AchievementEnabler","BaseMod","DeckTracker","Highlight Path","Minty Spire (QoL Compilation)","SuperFastMode","everything is the same but u backflip on backflip"],"gold_per_floor":[118,138,158,333,349,349,362,373,450,465,465,75,75,92,92,92,92],"floor_reached":16,"language":"KOR","playtime":942,"items_purged":["Doubt"],"score":149,"play_id":"3d3f9f4b-32eb-4bc7-af0a-37d628db5f97","local_time":"20210207215645","is_ascension_mode":true,"campfire_choices":[{"data":"Dualcast","floor":6.0,"key":"SMITH"},{"data":"Chill","floor":11.0,"key":"SMITH"},{"data":"Mayhem","floor":13.0,"key":"SMITH"},{"data":"Defragment","floor":15.0,"key":"SMITH"}],"circlet_count":0,"master_deck":["AscendersBane","Strike_B","Strike_B","Strike_B","Defend_B+1","Defend_B","Defend_B","Zap","Dualcast+1","Writhe","Defragment+1","Scrape","Glacier","Genetic Algorithm","Ball Lightning","Chill+1","Hologram+1","Capacitor","Mayhem+1","Cold Snap"],"relics":["Cracked Core","Darkstone Periapt","Membership Card","War Paint"],"acts_visited":["Exordium"],"potions_floor_usage":[16],"damage_taken":[{"damage":12.0,"enemies":"Small Slimes","floor":1.0,"turns":3.0},{"damage":12.0,"enemies":"Jaw Worm","floor":2.0,"turns":3.0},{"damage":8.0,"enemies":"2 Louse","floor":3.0,"turns":4.0},{"damage":17.0,"enemies":"Exordium Wildlife","floor":5.0,"turns":6.0},{"damage":0.0,"enemies":"Blue Slaver","floor":7.0,"turns":4.0},{"damage":2.0,"enemies":"Looter","floor":8.0,"turns":4.0},{"damage":10.0,"enemies":"Exordium Thugs","floor":10.0,"turns":5.0},{"damage":0.0,"enemies":"3 Louse","floor":14.0,"turns":3.0},{"damage":7,"enemies":"The Guardian","floor":16,"turns":10}],"seed_played":"3693695129885435335","potions_obtained":[{"floor":1.0,"key":"PowerPotion"},{"floor":5.0,"key":"BlessingOfTheForge"}],"is_trial":false,"path_per_floor":["M","M","M","?","M","R","M","M","T","M","R","$","R","M","R","B"],"character_chosen":"DEFECT","items_purchased":["Membership Card","Capacitor","War Paint","Mayhem"],"campfire_rested":0,"item_purchase_floors":[12,12,12,12],"current_hp_per_floor":[56,44,36,36,19,19,19,17,17,7,7,7,7,7,7,0,0],"gold":92,"neow_bonus":"TRANSFORM_TWO_CARDS","is_daily":false,"chose_seed":false,"campfire_upgraded":4,"win_rate":0.0,"timestamp":1612702605,"path_taken":["M","M","M","?","M","R","M","M","T","M","R","$","R","M","R","BOSS"],"items_purchased_type":["Relic","Card","Relic","Card"],"build_version":"2020-12-22","purchased_purges":1,"victory":false,"max_hp_per_floor":[75,75,75,75,75,75,75,75,75,75,75,75,75,75,75,75,75],"card_choices":[{"not_picked":["Beam Cell","Leap"],"picked":"Glacier","floor":1.0},{"not_picked":["Auto Shields","Gash"],"picked":"Genetic Algorithm","floor":2.0},{"not_picked":["Hello World","Compile Driver","Gash"],"picked":"SKIP","floor":3.0},{"not_picked":["Double Energy","Conserve Battery"],"picked":"Ball Lightning","floor":5.0},{"not_picked":["Gash","Barrage"],"picked":"Chill","floor":7.0},{"not_picked":["Go for the Eyes","Rainbow","Steam"],"picked":"SKIP","floor":8.0},{"not_picked":["Fusion","BootSequence"],"picked":"Hologram","floor":10.0},{"not_picked":["Heatsinks","Leap"],"picked":"Cold Snap","floor":14.0}],"player_experience":632994,"relics_obtained":[{"floor":9.0,"key":"Darkstone Periapt"}],"event_choices":[{"damage_healed":0.0,"max_hp_gain":0.0,"max_hp_loss":0.0,"gold_gain":175.0,"event_name":"Liars Game","player_choice":"AGREE","floor":4.0,"gold_loss":0.0,"damage_taken":0.0,"cards_obtained":["Doubt"]}],"is_beta":false,"boss_relics":[],"items_purged_floors":[12],"is_endless":false,"potions_floor_spawned":[1,5,8],"killed_by":"The Guardian","ascension_level":11}}