{"host":"Kdaddybrian","time":1612673631,"event":{"mods":["AchievementEnabler","BaseMod","Bestiary","Colored Map","Colored Powertips","Minty Spire (QoL Compilation)","Potion Indicator Mod","Quick Restart","Rare Cards Sparkle","Relic Stats","StSLib","Uncapped","Weighted Paths"],"gold_per_floor":[119,130,130,146,162,162,162,194,194,194,222,237,263,338,338,435,435,445,458,458,476,476,476,491,491,516,542,542,561,47,61,61,165,165,181,5,19,29,29,29,29,29,29,29,55,67,67,67,67],"floor_reached":48,"language":"ENG","playtime":2276,"items_purged":["Strike_P"],"score":875,"play_id":"8a3b9c05-4a6b-44b0-a693-d61ebb953c5d","local_time":"20210206235351","is_ascension_mode":true,"campfire_choices":[{"data":"Eruption","floor":6.0,"key":"SMITH"},{"data":"FlurryOfBlows","floor":10.0,"key":"SMITH"},{"floor":15.0,"key":"REST"},{"floor":23.0,"key":"REST"},{"floor":25.0,"key":"REST"},{"floor":32,"key":"REST"},{"floor":40,"key":"REST"},{"floor":44,"key":"RECALL"}],"circlet_count":0,"master_deck":["AscendersBane","Strike_P","Defend_P","Defend_P+1","Defend_P","Eruption+1","Vigilance+1","FlurryOfBlows+1","CutThroughFate+1","WaveOfTheHand","SashWhip+1","EmptyBody","DeusExMachina","FlurryOfBlows","JustLucky","FearNoEvil","Wish+1","Consecrate","Tantrum","RitualDagger","Wallop","Necronomicurse","WaveOfTheHand+1","Decay","Pray","Worship","ClearTheMind+1","Conclude","LessonLearned","TalkToTheHand","Pray","Protect+1","Dark Shackles","Doubt","Writhe"],"relics":["Empty Cage","Boot","Whetstone","TeardropLocket","StrikeDummy","Fusion Hammer","Necronomicon","Dream Catcher","Nunchaku","ClockworkSouvenir","War Paint","Busted Crown","Singing Bowl"],"acts_visited":["Exordium","TheCity","TheBeyond"],"potions_floor_usage":[29,48,48,48,48,48,48],"damage_taken":[{"damage":0.0,"enemies":"Small Slimes","floor":1.0,"turns":3.0},{"damage":0.0,"enemies":"Cultist","floor":2.0,"turns":2.0},{"damage":0.0,"enemies":"2 Louse","floor":4.0,"turns":3.0},{"damage":24.0,"enemies":"Large Slime","floor":5.0,"turns":4.0},{"damage":6.0,"enemies":"Lagavulin","floor":8.0,"turns":7.0},{"damage":5.0,"enemies":"3 Sentries","floor":11.0,"turns":6.0},{"damage":0.0,"enemies":"3 Louse","floor":12.0,"turns":3.0},{"damage":3.0,"enemies":"Gremlin Nob","floor":13.0,"turns":3.0},{"damage":28.0,"enemies":"The Guardian","floor":16.0,"turns":11.0},{"damage":0.0,"enemies":"Shell Parasite","floor":18.0,"turns":6.0},{"damage":13.0,"enemies":"Chosen","floor":19.0,"turns":5.0},{"damage":0.0,"enemies":"Snecko","floor":21.0,"turns":3.0},{"damage":9.0,"enemies":"Shelled Parasite and Fungi","floor":24.0,"turns":5.0},{"damage":37.0,"enemies":"Gremlin Leader","floor":27.0,"turns":5.0},{"damage":5,"enemies":"Sentry and Sphere","floor":29,"turns":4},{"damage":15,"enemies":"Snecko","floor":31,"turns":4},{"damage":13,"enemies":"Collector","floor":33,"turns":7},{"damage":25,"enemies":"3 Darklings","floor":35,"turns":6},{"damage":30,"enemies":"3 Shapes","floor":37,"turns":9},{"damage":19,"enemies":"Maw","floor":38,"turns":7},{"damage":47,"enemies":"Giant Head","floor":45,"turns":10},{"damage":15,"enemies":"Spire Growth","floor":46,"turns":7},{"damage":43,"enemies":"Transient","floor":48,"turns":4}],"seed_played":"1687345423951412287","potions_obtained":[{"floor":5.0,"key":"LiquidMemories"},{"floor":8.0,"key":"FearPotion"},{"floor":12.0,"key":"Energy Potion"},{"floor":16.0,"key":"GamblersBrew"},{"floor":18.0,"key":"Ambrosia"},{"floor":19.0,"key":"Ancient Potion"},{"floor":21.0,"key":"LiquidMemories"},{"floor":29,"key":"BlessingOfTheForge"},{"floor":33,"key":"Energy Potion"},{"floor":38,"key":"EntropicBrew"}],"is_trial":false,"path_per_floor":["M","M","?","M","M","R","?","E","T","R","E","M","E","?","R","B",null,"M","M","?","M","?","R","M","R","T","E","?","M","$","M","R","B",null,"M","$","M","M","?","R","?","?","T","R","E","M","?","M"],"character_chosen":"WATCHER","items_purchased":["FairyPotion","ClockworkSouvenir","Worship","War Paint","FairyPotion","Pray"],"campfire_rested":5,"item_purchase_floors":[30,30,30,30,36,36],"current_hp_per_floor":[65,65,65,65,41,41,41,35,35,35,30,30,27,16,37,9,56,56,43,37,37,21,42,33,54,54,17,17,12,12,21,42,29,61,36,36,6,21,21,42,42,72,72,72,27,14,33,0,0],"gold":67,"neow_bonus":"BOSS_RELIC","is_daily":false,"chose_seed":false,"campfire_upgraded":2,"win_rate":0.0,"timestamp":1612673631,"path_taken":["M","M","?","?","M","R","?","E","T","R","E","M","E","?","R","BOSS","M","M","?","M","?","R","M","R","T","E","?","M","$","M","R","BOSS","M","$","M","M","?","R","?","?","T","R","E","M","?","?"],"items_purchased_type":["Potion","Relic","Card","Relic","Potion","Card"],"build_version":"2020-12-18","purchased_purges":1,"victory":false,"max_hp_per_floor":[72,72,72,72,72,72,72,72,72,72,72,72,72,72,72,72,72,72,72,72,72,72,72,72,72,72,72,72,72,72,72,72,72,72,72,72,72,72,72,72,72,72,72,72,74,76,76,76,76],"relic_stats":{"Dream Catcher":2,"Nunchaku":[17],"Busted Crown":14,"Singing Bowl":4,"counters":[23,124],"Necronomicon":[17],"Whetstone":["SashWhip","CutThroughFate"],"War Paint":["Defend_P","Wish"],"Boot":[106],"obtain_stats":[{"Singing Bowl":45,"Whetstone":9,"TeardropLocket":11,"War Paint":30,"Empty Cage":0,"Boot":8,"ClockworkSouvenir":30,"Dream Catcher":26,"Nunchaku":27,"Busted Crown":34,"Fusion Hammer":17,"Necronomicon":22,"PureWater":0,"StrikeDummy":13},{"Singing Bowl":21,"Whetstone":5,"TeardropLocket":6,"War Paint":15,"Empty Cage":0,"Boot":5,"ClockworkSouvenir":15,"Dream Catcher":13,"Nunchaku":14,"Busted Crown":17,"Fusion Hammer":9,"Necronomicon":12,"PureWater":0,"StrikeDummy":8},{"Singing Bowl":113,"Whetstone":19,"TeardropLocket":25,"War Paint":70,"Empty Cage":0,"Boot":19,"ClockworkSouvenir":70,"Dream Catcher":61,"Nunchaku":66,"Busted Crown":81,"Fusion Hammer":42,"Necronomicon":56,"PureWater":0,"StrikeDummy":31}]},"card_choices":[{"not_picked":["EmptyBody","Protect"],"picked":"FlurryOfBlows","floor":1.0},{"not_picked":["Crescendo","ThirdEye"],"picked":"CutThroughFate","floor":2.0},{"not_picked":["Halt","Crescendo"],"picked":"SashWhip","floor":4.0},{"not_picked":["InnerPeace","Indignation"],"picked":"EmptyBody","floor":5.0},{"not_picked":["WaveOfTheHand","EmptyBody"],"picked":"DeusExMachina","floor":8.0},{"not_picked":["Nirvana","Evaluate"],"picked":"FlurryOfBlows","floor":11.0},{"not_picked":["Meditate","ThirdEye"],"picked":"JustLucky","floor":12.0},{"not_picked":["InnerPeace","Pray"],"picked":"FearNoEvil","floor":13.0},{"not_picked":["DevaForm","MasterReality"],"picked":"Wish","floor":16.0},{"not_picked":["Evaluate+1","BowlingBash"],"picked":"Consecrate","floor":18.0},{"not_picked":["Collect","EmptyFist+1"],"picked":"Tantrum","floor":19.0},{"not_picked":["FlyingSleeves","Pray"],"picked":"Wallop","floor":21.0},{"not_picked":["JustLucky","Fasting2"],"picked":"WaveOfTheHand+1","floor":24.0},{"not_picked":["BowlingBash","Protect"],"picked":"MentalFortress","floor":27.0},{"not_picked":["Nirvana+1","Sanctity"],"picked":"Pray","floor":29},{"not_picked":["CutThroughFate+1","ForeignInfluence+1"],"picked":"ClearTheMind+1","floor":31},{"not_picked":["Crescendo","CrushJoints"],"picked":"Conclude","floor":32},{"not_picked":["ConjureBlade","Establishment"],"picked":"LessonLearned","floor":33},{"not_picked":[],"picked":"TalkToTheHand","floor":35},{"not_picked":["Nirvana"],"picked":"SKIP","floor":37},{"not_picked":[],"picked":"Protect+1","floor":38},{"not_picked":[],"picked":"Dark Shackles","floor":41},{"not_picked":["EmptyFist+1"],"picked":"Singing Bowl","floor":45},{"not_picked":["Sanctity"],"picked":"Singing Bowl","floor":46}],"player_experience":3027351,"relics_obtained":[{"floor":8.0,"key":"Boot"},{"floor":9.0,"key":"Whetstone"},{"floor":11.0,"key":"TeardropLocket"},{"floor":13.0,"key":"StrikeDummy"},{"floor":22.0,"key":"Necronomicon"},{"floor":26.0,"key":"Dream Catcher"},{"floor":27.0,"key":"Nunchaku"},{"floor":45,"key":"Singing Bowl"}],"event_choices":[{"damage_healed":0.0,"max_hp_gain":0.0,"max_hp_loss":0.0,"gold_gain":0.0,"cards_transformed":["Strike_P"],"event_name":"Transmorgrifier","player_choice":"Transformed","floor":3.0,"gold_loss":0.0,"damage_taken":0.0,"cards_obtained":["WaveOfTheHand"]},{"damage_healed":0.0,"max_hp_gain":0.0,"max_hp_loss":0.0,"gold_gain":0.0,"event_name":"Living Wall","player_choice":"Grow","floor":7.0,"gold_loss":0.0,"damage_taken":0.0,"cards_upgraded":["Vigilance"]},{"damage_healed":0.0,"max_hp_gain":0.0,"max_hp_loss":0.0,"gold_gain":75.0,"event_name":"World of Goop","player_choice":"Gather Gold","floor":14.0,"gold_loss":0.0,"damage_taken":11.0},{"damage_healed":0.0,"max_hp_gain":0.0,"max_hp_loss":0.0,"gold_gain":0.0,"event_name":"Nest","player_choice":"Joined the Cult","floor":20.0,"gold_loss":0.0,"damage_taken":6.0,"cards_obtained":["RitualDagger"]},{"damage_healed":0.0,"max_hp_gain":0.0,"max_hp_loss":0.0,"gold_gain":0.0,"event_name":"Cursed Tome","player_choice":"Obtained Book","floor":22.0,"gold_loss":0.0,"damage_taken":16.0},{"damage_healed":0.0,"max_hp_gain":0.0,"max_hp_loss":0.0,"gold_gain":0.0,"event_name":"Forgotten Altar","player_choice":"Smashed Altar","floor":28.0,"gold_loss":0.0,"damage_taken":0.0,"cards_obtained":["Decay"]},{"cards_removed":["MentalFortress"],"damage_healed":0,"gold_gain":0,"player_choice":"Removed Power","damage_taken":0,"max_hp_gain":0,"max_hp_loss":0,"event_name":"Falling","floor":39,"gold_loss":0},{"damage_healed":0,"gold_gain":0,"player_choice":"Memory 1","damage_taken":0,"max_hp_gain":0,"max_hp_loss":0,"event_name":"SensoryStone","floor":41,"gold_loss":0},{"damage_healed":30,"gold_gain":0,"player_choice":"Heal","damage_taken":0,"max_hp_gain":0,"max_hp_loss":0,"event_name":"MindBloom","floor":42,"gold_loss":0,"cards_obtained":["Doubt"]},{"damage_healed":19,"gold_gain":0,"player_choice":"Writhe","damage_taken":0,"max_hp_gain":0,"max_hp_loss":0,"event_name":"Winding Halls","floor":47,"gold_loss":0,"cards_obtained":["Writhe"]}],"is_beta":true,"boss_relics":[{"not_picked":["Black Star","SlaversCollar"],"picked":"Fusion Hammer"},{"not_picked":["SacredBark","Philosopher\u0027s Stone"],"picked":"Busted Crown"}],"items_purged_floors":[30],"is_endless":false,"potions_floor_spawned":[5,8,12,16,18,19,21,29,33,38,46],"killed_by":"Transient","ascension_level":10}}