{"host":"m4qpn8a4h7jhbw2f","time":1612680096,"event":{"mods":["BaseMod","Colored Map","Colored Powertips","Highlight Path","Minty Spire (QoL Compilation)","Rare Cards Sparkle","Relic Stats"],"gold_per_floor":[118,293,14,14,14,14,44,60,60,60,70,70,85,95,95,190,190,203,15,27,40,51,81,81,110,158,9,21,37,56,75,75,178,178,197,211,225,235,235,235,254,132,132,132,51,67,102,0,0,0],"floor_reached":51,"language":"ENG","playtime":4775,"items_purged":["Regret","Strike_R","Strike_R"],"score":938,"play_id":"6c823756-e8bc-4a87-940f-d14e5fb453c0","local_time":"20210207014136","is_ascension_mode":true,"campfire_choices":[{"data":"Disarm","floor":6,"key":"SMITH"},{"data":"Twin Strike","floor":10,"key":"SMITH"},{"data":"Dropkick","floor":12,"key":"SMITH"},{"data":"Rampage","floor":15,"key":"SMITH"},{"floor":24,"key":"REST"},{"data":"Uppercut","floor":32,"key":"SMITH"},{"floor":40,"key":"REST"},{"floor":44,"key":"REST"},{"floor":49,"key":"REST"}],"circlet_count":0,"master_deck":["Strike_R","Strike_R","Strike_R","Defend_R","Defend_R","Defend_R","Defend_R","Bash","Disarm+1","Dropkick+1","Twin Strike+1","Rage+1","Rampage+1","Offering+1","Pummel+1","Uppercut+1","Master of Strategy+1","Shockwave+1","Spot Weakness+1","Pommel Strike+1","Seeing Red+1","Thunderclap+1","Shrug It Off+1","Headbutt","Evolve","Demon Form","Heavy Blade","Infernal Blade+1","Inflame","Limit Break+1","Double Tap+1"],"relics":["Burning Blood","NeowsBlessing","Membership Card","Toxic Egg 2","Juzu Bracelet","Toy Ornithopter","Mercury Hourglass","Mark of Pain","Magic Flower","Kunai","Lantern","Champion Belt","Fusion Hammer","Dream Catcher","Blue Candle","Darkstone Periapt"],"acts_visited":["TheCity","TheBeyond"],"potions_floor_usage":[16,21,22,23,25,30,33,47,50,50],"damage_taken":[{"damage":0,"enemies":"Cultist","floor":1,"turns":1},{"damage":0,"enemies":"Gremlin Nob","floor":7,"turns":1},{"damage":0,"enemies":"Small Slimes","floor":8,"turns":1},{"damage":0,"enemies":"2 Louse","floor":11,"turns":1},{"damage":5,"enemies":"2 Fungi Beasts","floor":13,"turns":3},{"damage":15,"enemies":"Large Slime","floor":14,"turns":4},{"damage":32,"enemies":"Hexaghost","floor":16,"turns":8},{"damage":9,"enemies":"Chosen","floor":18,"turns":4},{"damage":28,"enemies":"2 Thieves","floor":20,"turns":4},{"damage":33,"enemies":"Sentry and Sphere","floor":21,"turns":4},{"damage":0,"enemies":"Chosen and Byrds","floor":22,"turns":4},{"damage":39,"enemies":"Slavers","floor":23,"turns":4},{"damage":17,"enemies":"Gremlin Leader","floor":25,"turns":5},{"damage":9,"enemies":"Snake Plant","floor":28,"turns":2},{"damage":0,"enemies":"3 Cultists","floor":29,"turns":3},{"damage":6,"enemies":"Snecko","floor":30,"turns":2},{"damage":0,"enemies":"Chosen and Byrds","floor":31,"turns":4},{"damage":60,"enemies":"Automaton","floor":33,"turns":6},{"damage":24,"enemies":"3 Shapes","floor":35,"turns":2},{"damage":14,"enemies":"Orb Walker","floor":36,"turns":4},{"damage":32,"enemies":"Spire Growth","floor":37,"turns":3},{"damage":7,"enemies":"Maw","floor":38,"turns":5},{"damage":20,"enemies":"4 Shapes","floor":41,"turns":3},{"damage":23,"enemies":"3 Darklings","floor":46,"turns":4},{"damage":46,"enemies":"Reptomancer","floor":47,"turns":4},{"damage":49,"enemies":"Donu and Deca","floor":50,"turns":6}],"seed_played":"-6205590340491391242","potions_obtained":[{"floor":1,"key":"GamblersBrew"},{"floor":8,"key":"Swift Potion"},{"floor":14,"key":"LiquidBronze"},{"floor":20,"key":"SneckoOil"},{"floor":21,"key":"AttackPotion"},{"floor":22,"key":"BloodPotion"},{"floor":25,"key":"SteroidPotion"},{"floor":31,"key":"FairyPotion"},{"floor":36,"key":"Fire Potion"},{"floor":41,"key":"SkillPotion"},{"floor":47,"key":"Weak Potion"}],"is_trial":false,"path_per_floor":["M","?","$","?","?","R","E","M","T","R","M","R","M","M","R","B",null,"M","$","M","M","M","E","R","E","T","$","M","M","M","M","R","B",null,"M","M","M","M","?","R","M","$","T","R","$","M","E","$","R","B",null],"character_chosen":"IRONCLAD","items_purchased":["Membership Card","Toxic Egg 2","Uppercut","Master of Strategy+1","Shockwave+1","Champion Belt","Dream Catcher","Limit Break+1","Double Tap+1"],"campfire_rested":4,"item_purchase_floors":[3,3,19,19,19,27,42,45,48],"current_hp_per_floor":[80,80,80,73,73,73,79,80,80,80,80,80,80,71,71,50,80,77,77,55,33,44,32,56,56,56,56,56,65,76,80,80,37,80,65,60,37,39,70,70,59,59,59,70,70,56,27,27,48,24],"gold":0,"neow_bonus":"THREE_ENEMY_KILL","is_daily":false,"chose_seed":false,"campfire_upgraded":5,"win_rate":0.0,"timestamp":1612680096,"path_taken":["M","?","$","?","?","R","E","M","T","R","M","R","M","M","R","BOSS","M","$","M","M","M","E","R","E","T","$","M","M","M","M","R","BOSS","M","M","M","M","?","R","M","$","T","R","$","M","E","$","R","BOSS"],"items_purchased_type":["Relic","Relic","Card","Card","Card","Relic","Relic","Card","Card"],"build_version":"2020-12-22","purchased_purges":3,"victory":true,"max_hp_per_floor":[80,80,80,80,80,80,80,80,80,80,80,80,80,80,80,80,80,80,80,80,80,80,80,80,80,80,80,80,80,80,80,80,80,80,80,80,80,80,70,70,70,70,70,70,70,70,70,70,70,70],"relic_stats":{"Darkstone Periapt":0,"Dream Catcher":2,"counters":[26,91],"Blue Candle":[0],"Magic Flower":[57],"Juzu Bracelet":0,"Kunai":[27],"Champion Belt":[55],"obtain_stats":[{"Darkstone Periapt":47,"Lantern":26,"NeowsBlessing":0,"Blue Candle":43,"Magic Flower":23,"Juzu Bracelet":5,"Burning Blood":0,"Mercury Hourglass":9,"Dream Catcher":42,"Mark of Pain":17,"Fusion Hammer":34,"Membership Card":3,"Kunai":25,"Champion Belt":27,"Toxic Egg 2":3,"Toy Ornithopter":7},{"Darkstone Periapt":25,"Lantern":13,"NeowsBlessing":0,"Blue Candle":23,"Magic Flower":12,"Juzu Bracelet":1,"Burning Blood":0,"Mercury Hourglass":3,"Dream Catcher":23,"Mark of Pain":7,"Fusion Hammer":18,"Membership Card":1,"Kunai":13,"Champion Belt":13,"Toxic Egg 2":1,"Toy Ornithopter":2},{"Darkstone Periapt":85,"Lantern":43,"NeowsBlessing":0,"Blue Candle":77,"Magic Flower":38,"Juzu Bracelet":1,"Burning Blood":0,"Mercury Hourglass":3,"Dream Catcher":77,"Mark of Pain":19,"Fusion Hammer":60,"Membership Card":1,"Kunai":43,"Champion Belt":43,"Toxic Egg 2":1,"Toy Ornithopter":2}],"Burning Blood":175,"Toy Ornithopter":68,"Mercury Hourglass":[415]},"card_choices":[{"not_picked":["Havoc","Sword Boomerang"],"picked":"Disarm","floor":1},{"not_picked":["Rupture","Sever Soul"],"picked":"Dropkick","floor":7},{"not_picked":["Entrench+1","Armaments+1"],"picked":"Twin Strike","floor":8},{"not_picked":["Anger","Brutality"],"picked":"Rage+1","floor":11},{"not_picked":["Disarm+1","Havoc+1"],"picked":"Rampage","floor":13},{"not_picked":["Second Wind+1","Rupture","Sever Soul"],"picked":"SKIP","floor":14},{"not_picked":["Fiend Fire","Juggernaut"],"picked":"Offering+1","floor":16},{"not_picked":["Power Through+1","Sever Soul"],"picked":"Pummel+1","floor":18},{"not_picked":["Uppercut","Flex+1"],"picked":"Spot Weakness+1","floor":20},{"not_picked":["Blood for Blood","True Grit+1"],"picked":"Pommel Strike+1","floor":21},{"not_picked":["Clothesline","Twin Strike"],"picked":"Seeing Red+1","floor":22},{"not_picked":["Sever Soul","Spot Weakness+1"],"picked":"Thunderclap+1","floor":23},{"not_picked":["Corruption","Reckless Charge"],"picked":"Shrug It Off+1","floor":25},{"not_picked":["Iron Wave","True Grit+1"],"picked":"Headbutt","floor":28},{"not_picked":["Havoc+1","Anger","Rage+1"],"picked":"SKIP","floor":29},{"not_picked":["Warcry+1","Body Slam"],"picked":"Evolve","floor":30},{"not_picked":["Dropkick","Body Slam","Twin Strike"],"picked":"SKIP","floor":31},{"not_picked":["Fiend Fire","Juggernaut"],"picked":"Demon Form","floor":33},{"not_picked":["Dropkick+1","True Grit+1","Iron Wave+1"],"picked":"SKIP","floor":35},{"not_picked":["Blood for Blood+1","Bloodletting+1","Perfected Strike"],"picked":"SKIP","floor":36},{"not_picked":["Headbutt+1","Seeing Red+1"],"picked":"Heavy Blade","floor":37},{"not_picked":["Bloodletting+1","Barricade","Twin Strike+1"],"picked":"SKIP","floor":38},{"not_picked":["Clothesline+1","Twin Strike+1"],"picked":"Infernal Blade+1","floor":41},{"not_picked":["Body Slam","Anger+1"],"picked":"Inflame","floor":44},{"not_picked":["Flex+1","Clothesline","Havoc+1"],"picked":"SKIP","floor":46},{"not_picked":["Hemokinesis","Sword Boomerang+1","Battle Trance+1"],"picked":"SKIP","floor":47}],"player_experience":237153,"relics_obtained":[{"floor":7,"key":"Toy Ornithopter"},{"floor":9,"key":"Mercury Hourglass"},{"floor":23,"key":"Magic Flower"},{"floor":25,"key":"Kunai"},{"floor":26,"key":"Lantern"},{"floor":43,"key":"Blue Candle"},{"floor":47,"key":"Darkstone Periapt"}],"event_choices":[{"damage_healed":0,"gold_gain":175,"player_choice":"AGREE","damage_taken":0,"max_hp_gain":0,"max_hp_loss":0,"event_name":"Liars Game","floor":2,"gold_loss":0,"cards_obtained":["Doubt"]},{"cards_removed":["Doubt"],"damage_healed":0,"gold_gain":0,"player_choice":"Card Removal","damage_taken":7,"max_hp_gain":0,"max_hp_loss":0,"event_name":"Golden Wing","floor":4,"gold_loss":0},{"damage_healed":0,"gold_gain":0,"player_choice":"Box","damage_taken":0,"relics_obtained":["Juzu Bracelet"],"max_hp_gain":0,"max_hp_loss":0,"event_name":"Big Fish","floor":5,"gold_loss":0,"cards_obtained":["Regret"]},{"damage_healed":70,"gold_gain":0,"player_choice":"Heal","damage_taken":0,"max_hp_gain":0,"max_hp_loss":10,"event_name":"The Moai Head","floor":39,"gold_loss":0}],"is_beta":false,"boss_relics":[{"not_picked":["Sozu","Calling Bell"],"picked":"Mark of Pain"},{"not_picked":["Coffee Dripper","Runic Cube"],"picked":"Fusion Hammer"}],"items_purged_floors":[19,42,48],"is_endless":false,"potions_floor_spawned":[1,8,14,20,21,22,25,31,36,41,47],"ascension_level":4}}