{"host":"06gxn1c1bsk424jw","time":1612673453,"event":{"mods":["BaseMod","DeckTracker","Minty Spire (QoL Compilation)","SuperFastMode"],"gold_per_floor":[112,122,197,212,226,260,260,260,283,302,319,319,319,352,352,428,428,440,440,440,458,139,172,172,185,185,200,200,74,89,101,101,172,172,190,190,190,190,210,210,235,235,235,265,283,84,84,100,100,100],"floor_reached":51,"language":"KOR","playtime":5782,"items_purged":["Perfected Strike","Clash"],"score":1367,"play_id":"9bcf8bd2-d12e-4b9b-968b-6eae95ad9135","local_time":"20210207135053","is_ascension_mode":true,"campfire_choices":[{"floor":8,"key":"REST"},{"data":"Fiend Fire","floor":13,"key":"SMITH"},{"data":"Flame Barrier","floor":15,"key":"SMITH"},{"floor":28,"key":"REST"},{"floor":32,"key":"REST"},{"data":"Demon Form","floor":40,"key":"SMITH"},{"data":"Limit Break","floor":47,"key":"SMITH"},{"data":"Double Tap","floor":49,"key":"SMITH"}],"circlet_count":0,"master_deck":["AscendersBane","Bash","Demon Form+1","Power Through","Headbutt","Fiend Fire+1","Clothesline","Hemokinesis","Shrug It Off","Flame Barrier+1","Disarm","Brutality","Disarm","Uppercut","Impervious","Limit Break+1","Clash","Bloodletting","Inflame","Decay","Evolve","Seeing Red","Corruption","Shrug It Off+1","Fire Breathing+1","Shrug It Off","Pummel","Body Slam","Double Tap+1","Shrug It Off+1","Shockwave+1","Ghostly Armor+1","Shrug It Off+1","Disarm+1","Chrysalis+1","Dual Wield+1"],"relics":["Burning Blood","Potion Belt","Pen Nib","Anchor","Paper Frog","Pandora\u0027s Box","ClockworkSouvenir","HornCleat","Bottled Tornado","Snecko Eye","Letter Opener","Toxic Egg 2","Pantograph","White Beast Statue"],"acts_visited":["Exordium","TheCity","TheBeyond"],"potions_floor_usage":[6,10,16,27,33,33,50,50,50,50],"damage_taken":[{"damage":11,"enemies":"Small Slimes","floor":1,"turns":5},{"damage":9,"enemies":"Jaw Worm","floor":2,"turns":6},{"damage":6,"enemies":"2 Louse","floor":4,"turns":4},{"damage":16,"enemies":"Blue Slaver","floor":5,"turns":5},{"damage":30,"enemies":"3 Sentries","floor":6,"turns":6},{"damage":4,"enemies":"3 Louse","floor":10,"turns":4},{"damage":6,"enemies":"Red Slaver","floor":11,"turns":4},{"damage":10,"enemies":"Gremlin Nob","floor":14,"turns":3},{"damage":29,"enemies":"Hexaghost","floor":16,"turns":10},{"damage":3,"enemies":"Chosen","floor":18,"turns":3},{"damage":13,"enemies":"3 Byrds","floor":21,"turns":5},{"damage":33,"enemies":"Book of Stabbing","floor":23,"turns":7},{"damage":15,"enemies":"Centurion and Healer","floor":25,"turns":7},{"damage":11,"enemies":"Snecko","floor":27,"turns":4},{"damage":20,"enemies":"Cultist and Chosen","floor":30,"turns":6},{"damage":1,"enemies":"Snake Plant","floor":31,"turns":5},{"damage":45,"enemies":"Collector","floor":33,"turns":8},{"damage":39,"enemies":"3 Darklings","floor":35,"turns":4},{"damage":0,"enemies":"Orb Walker","floor":39,"turns":3},{"damage":8,"enemies":"Reptomancer","floor":41,"turns":5},{"damage":2,"enemies":"Giant Head","floor":44,"turns":6},{"damage":2,"enemies":"Sphere and 2 Shapes","floor":45,"turns":6},{"damage":2,"enemies":"4 Shapes","floor":48,"turns":4},{"damage":30,"enemies":"Awakened One","floor":50,"turns":5}],"seed_played":"7988703360724536726","potions_obtained":[{"floor":5,"key":"ColorlessPotion"},{"floor":6,"key":"DistilledChaos"},{"floor":11,"key":"Weak Potion"},{"floor":25,"key":"ColorlessPotion"},{"floor":27,"key":"Ancient Potion"},{"floor":30,"key":"FearPotion"},{"floor":33,"key":"SpeedPotion"},{"floor":39,"key":"DuplicationPotion"},{"floor":41,"key":"Strength Potion"},{"floor":45,"key":"Explosive Potion"}],"is_trial":false,"path_per_floor":["M","M","?","M","M","E","?","R","T","M","M","?","R","E","R","B",null,"M","?","?","M","$","E","?","M","T","M","R","$","M","M","R","B",null,"M","?","?","?","M","R","E","T","T","E","M","$","R","M","R","B",null],"character_chosen":"IRONCLAD","items_purchased":["ClockworkSouvenir","Evolve","Shrug It Off","Chrysalis+1"],"campfire_rested":3,"item_purchase_floors":[22,22,29,46],"current_hp_per_floor":[63,60,49,49,39,15,15,37,37,39,39,39,39,35,35,12,59,62,62,62,55,55,28,28,19,19,14,36,36,22,27,49,10,59,26,26,61,61,61,61,59,59,59,61,61,61,61,61,61,37],"gold":100,"neow_bonus":"ONE_RANDOM_RARE_CARD","is_daily":false,"chose_seed":false,"campfire_upgraded":5,"win_rate":0.0,"timestamp":1612673453,"path_taken":["M","M","?","M","M","E","?","R","T","M","?","?","R","E","R","BOSS","M","?","?","M","$","E","?","?","T","M","R","$","M","M","R","BOSS","M","?","?","?","M","R","E","?","T","E","M","$","R","M","R","BOSS"],"items_purchased_type":["Relic","Card","Card","Card"],"build_version":"2020-12-22","purchased_purges":2,"victory":true,"max_hp_per_floor":[75,75,75,75,75,75,75,75,75,75,75,75,75,75,75,75,75,75,75,75,75,75,75,75,75,75,75,75,75,75,75,75,75,75,75,75,61,61,61,61,61,61,61,61,61,61,61,61,61,61],"card_choices":[{"not_picked":["Thunderclap","Sword Boomerang"],"picked":"Power Through","floor":1},{"not_picked":["Clothesline","Havoc"],"picked":"Headbutt","floor":2},{"not_picked":["Armaments","Perfected Strike"],"picked":"Fiend Fire","floor":4},{"not_picked":["Thunderclap","Reckless Charge"],"picked":"Clothesline","floor":5},{"not_picked":["Searing Blow","Seeing Red"],"picked":"Hemokinesis","floor":6},{"not_picked":["Havoc","Body Slam"],"picked":"Shrug It Off","floor":10},{"not_picked":["Entrench","Flex"],"picked":"Flame Barrier","floor":11},{"not_picked":["Blood for Blood","Bloodletting"],"picked":"Disarm","floor":14},{"not_picked":["Limit Break","Berserk"],"picked":"Brutality","floor":16},{"not_picked":["Twin Strike","Flex","Havoc"],"picked":"SKIP","floor":18},{"not_picked":["Whirlwind","Cleave","Flex"],"picked":"SKIP","floor":21},{"not_picked":["Juggernaut","Sword Boomerang"],"picked":"Seeing Red","floor":23},{"not_picked":["Armaments","Wild Strike"],"picked":"Shrug It Off+1","floor":25},{"not_picked":["Clash","Headbutt"],"picked":"Fire Breathing+1","floor":27},{"not_picked":["Inflame","Twin Strike"],"picked":"Pummel","floor":30},{"not_picked":["Evolve","True Grit"],"picked":"Body Slam","floor":31},{"not_picked":["Brutality","Corruption"],"picked":"Double Tap","floor":33},{"not_picked":["True Grit","Iron Wave+1"],"picked":"Shrug It Off+1","floor":35},{"not_picked":["Whirlwind+1","Flex+1"],"picked":"Shockwave+1","floor":39},{"not_picked":["Inflame","Body Slam"],"picked":"Ghostly Armor+1","floor":41},{"not_picked":["Thunderclap","Battle Trance+1"],"picked":"Shrug It Off+1","floor":44},{"not_picked":["Armaments+1","Cleave"],"picked":"Disarm+1","floor":45},{"not_picked":["Body Slam","Blood for Blood"],"picked":"Dual Wield+1","floor":48}],"player_experience":782271,"relics_obtained":[{"floor":6,"key":"Potion Belt"},{"floor":9,"key":"Pen Nib"},{"floor":14,"key":"Paper Frog"},{"floor":23,"key":"HornCleat"},{"floor":26,"key":"Bottled Tornado"},{"floor":41,"key":"Letter Opener"},{"floor":42,"key":"Toxic Egg 2"},{"floor":43,"key":"Pantograph"},{"floor":44,"key":"White Beast Statue"}],"event_choices":[{"damage_healed":0,"gold_gain":75,"player_choice":"Gather Gold","damage_taken":11,"max_hp_gain":0,"max_hp_loss":0,"event_name":"World of Goop","floor":3,"gold_loss":0},{"damage_healed":0,"gold_gain":0,"player_choice":"Ignored","damage_taken":0,"max_hp_gain":0,"max_hp_loss":0,"event_name":"Shining Light","floor":7,"gold_loss":0},{"damage_healed":0,"gold_gain":0,"player_choice":"Searched \u00271\u0027 times","damage_taken":0,"relics_obtained":["Anchor"],"max_hp_gain":0,"max_hp_loss":0,"event_name":"Dead Adventurer","floor":12,"gold_loss":0},{"damage_healed":0,"gold_gain":0,"player_choice":"Read","damage_taken":0,"max_hp_gain":0,"max_hp_loss":0,"event_name":"The Library","floor":19,"gold_loss":0,"cards_obtained":["Inflame"]},{"damage_healed":0,"gold_gain":0,"player_choice":"Smashed Altar","damage_taken":0,"max_hp_gain":0,"max_hp_loss":0,"event_name":"Forgotten Altar","floor":20,"gold_loss":0,"cards_obtained":["Decay"]},{"damage_healed":0,"gold_gain":0,"player_choice":"1 cards matched","damage_taken":0,"max_hp_gain":0,"max_hp_loss":0,"event_name":"Match and Keep!","floor":24,"gold_loss":0,"cards_obtained":["Corruption"]},{"damage_healed":0,"gold_gain":0,"player_choice":"Ignored","damage_taken":0,"max_hp_gain":0,"max_hp_loss":0,"event_name":"Tomb of Lord Red Mask","floor":36,"gold_loss":0},{"damage_healed":61,"gold_gain":0,"player_choice":"Heal","damage_taken":0,"max_hp_gain":0,"max_hp_loss":14,"event_name":"The Moai Head","floor":37,"gold_loss":0},{"cards_removed":["Dual Wield"],"damage_healed":0,"gold_gain":0,"player_choice":"Removed Skill","damage_taken":0,"max_hp_gain":0,"max_hp_loss":0,"event_name":"Falling","floor":38,"gold_loss":0}],"is_beta":false,"boss_relics":[{"not_picked":["Astrolabe","Philosopher\u0027s Stone"],"picked":"Pandora\u0027s Box"},{"not_picked":["Runic Dome","Coffee Dripper"],"picked":"Snecko Eye"}],"items_purged_floors":[22,29],"is_endless":false,"potions_floor_spawned":[5,6,11,25,27,30,33,39,41,45,48],"ascension_level":17}}