{"host":"xw709scqdmsx7obr","time":1612673483,"event":{"mods":["BaseMod","Colored Map","Downfall","Minty Spire (QoL Compilation)","Replay The Spire","StSLib"],"gold_per_floor":[99,99,99,99,63,63,63,63,75,91,107,107,142,52,66,167,167,167,167,184,184,184,20,20,54,39,51,61,77,77,87,102,102,102,102],"floor_reached":33,"language":"ENG","playtime":3139,"items_purged":["Slimebound:Defend_Slimebound"],"score":340,"play_id":"4d930522-87e9-40da-a50a-85e7fdb80a7a","local_time":"20210206235123","is_ascension_mode":false,"campfire_choices":[{"floor":1,"key":"RECALL"},{"data":"Slimebound:Overexert","floor":6,"key":"SMITH"},{"data":"Slimebound:ProtectTheBoss","floor":8,"key":"SMITH"},{"data":"Slimebound:Repurpose","floor":12,"key":"SMITH"},{"floor":18,"key":"DIG"},{"data":"Slimebound:LeadByExample","floor":30,"key":"SMITH"}],"circlet_count":0,"master_deck":["Slimebound:Tackle","Slimebound:Defend_Slimebound","Slimebound:Defend_Slimebound","Slimebound:Defend_Slimebound","Slimebound:Split","Slimebound:CorrosiveSpit","Slimebound:ProtectTheBoss+1","Slimebound:SlimeSpikes","Slimebound:Overexert+1","Slimebound:SplitLeeching","Slimebound:SplitLeeching","Slimebound:SplitBruiser","Slimebound:Repurpose+1","Slimebound:Prepare","Slimebound:RallyTheTroops","Slimebound:FirmFortitude","Slimebound:GrowthPunch","Slimebound:LivingWall","Slimebound:MegaLick","Slimebound:Tackle+1","Slimebound:Tackle+1","Slimebound:Tackle+1","Slimebound:Teamwork+1","Slimebound:Repurpose+1","Slimebound:LeadByExample+1"],"relics":["Slimebound:AbsorbEndCombat","downfall:HeartsMalice","Bag of Preparation","SacredBark","Replay:Mystery Machine","Divine Protection","Replay:Bottled Eggs"],"acts_visited":["Exordium","TheCity"],"potions_floor_usage":[16,25,25,25,33],"damage_taken":[{"damage":0,"enemies":"Cultist","floor":2,"turns":1},{"damage":0,"enemies":"2 Louse","floor":3,"turns":1},{"damage":0,"enemies":"downfall:FleeingMerchant","floor":5,"turns":1},{"damage":0,"enemies":"Jaw Worm","floor":9,"turns":3},{"damage":12,"enemies":"Blue Slaver","floor":10,"turns":2},{"damage":0,"enemies":"2 Fungi Beasts","floor":11,"turns":4},{"damage":0,"enemies":"Gremlin Nob","floor":13,"turns":3},{"damage":0,"enemies":"downfall:FleeingMerchant","floor":14,"turns":4},{"damage":6,"enemies":"Lots of Slimes","floor":15,"turns":3},{"damage":0,"enemies":"WA_ARCHETYPE_RETAIN","floor":16,"turns":4},{"damage":0,"enemies":"Chosen","floor":19,"turns":1},{"damage":19,"enemies":"Centurion and Healer","floor":20,"turns":6},{"damage":0,"enemies":"downfall:FleeingMerchant","floor":23,"turns":4},{"damage":17,"enemies":"Slavers","floor":25,"turns":4},{"damage":0,"enemies":"downfall:FleeingMerchant","floor":26,"turns":4},{"damage":4,"enemies":"Snake Plant","floor":27,"turns":3},{"damage":15,"enemies":"Cultist and Chosen","floor":28,"turns":5},{"damage":0,"enemies":"Snecko","floor":29,"turns":4},{"damage":5,"enemies":"Shelled Parasite and Fungi","floor":31,"turns":6},{"damage":10,"enemies":"Centurion and Healer","floor":32,"turns":6},{"damage":32,"enemies":"SI_MIRROR_ARCHETYPE","floor":33,"turns":8}],"seed_played":"-93763442426733717","potions_obtained":[{"floor":9,"key":"Dexterity Potion"},{"floor":15,"key":"champ:CounterPotion"},{"floor":16,"key":"LiquidBronze"},{"floor":20,"key":"CultistPotion"},{"floor":25,"key":"Venom Potion"},{"floor":28,"key":"sneckomod:MuddlingPotion"},{"floor":29,"key":"GamblersBrew"},{"floor":32,"key":"Strength Potion"}],"is_trial":false,"path_per_floor":["R","M","M","?","$","R","T","R","M","M","M","R","E","$","M","B",null,"R_BF","M","M","?","?","$","T","E","$","M","M","M","R","M","M","B"],"character_chosen":"SLIMEBOUND","items_purchased":["Slimebound:SplitLeeching","Slimebound:Teamwork"],"campfire_rested":0,"item_purchase_floors":[5,23],"current_hp_per_floor":[65,65,65,65,65,65,65,65,65,55,55,55,55,57,51,51,65,65,65,48,48,48,50,50,39,45,43,30,30,30,31,23,0,0,0],"gold":102,"neow_bonus":"THREE_ENEMY_KILL","is_daily":false,"chose_seed":false,"campfire_upgraded":4,"win_rate":0.0,"timestamp":1612673483,"path_taken":["R","M","?","?","$","R","T","R","M","M","M","R","E","$","M","BOSS","R_BF","M","M","?","?","?","T","E","$","M","M","M","R","M","M","BOSS"],"items_purchased_type":["Card","Card"],"build_version":"2020-12-22","purchased_purges":1,"victory":false,"max_hp_per_floor":[65,65,65,65,65,65,65,65,65,65,65,65,65,65,65,65,65,65,65,65,65,65,65,65,65,65,65,65,65,65,65,65,65,65,65],"card_choices":[{"not_picked":["Slimebound:LeechEnergy","Slimebound:GoopSpray"],"picked":"Slimebound:ProtectTheBoss","floor":2},{"not_picked":["Slimebound:SamplingLick","Slimebound:LivingWall"],"picked":"Slimebound:SlimeSpikes","floor":3},{"not_picked":["Slimebound:DuplicatedForm","Slimebound:SlimeTap"],"picked":"Slimebound:Overexert","floor":5},{"not_picked":["Slimebound:FinishingTackle","Slimebound:BestDefense"],"picked":"Slimebound:SplitBruiser","floor":9},{"not_picked":["Slimebound:LeechEnergy","Slimebound:Equalize"],"picked":"Slimebound:Repurpose","floor":10},{"not_picked":["Slimebound:SplitBruiser","Slimebound:GoopTackle"],"picked":"Slimebound:Prepare","floor":11},{"not_picked":["Slimebound:Prepare","Slimebound:AcidTongue","Slimebound:GoopSpray"],"picked":"SKIP","floor":13},{"not_picked":["Slimebound:Prepare","Slimebound:GoopSpray","Slimebound:FormOfPuddle"],"picked":"SKIP","floor":14},{"not_picked":["Slimebound:ComboTackle","Slimebound:Schlurp"],"picked":"Slimebound:RallyTheTroops","floor":15},{"not_picked":["Slimebound:RallyTheTroops","Slimebound:PrepareCrush"],"picked":"Slimebound:FirmFortitude","floor":16},{"not_picked":["Slimebound:Prepare+1","Slimebound:LivingWall"],"picked":"Slimebound:GrowthPunch","floor":19},{"not_picked":["Slimebound:BestDefense","Slimebound:TongueLash+1"],"picked":"Slimebound:LivingWall","floor":20},{"not_picked":["Slimebound:FinishingTackle","Slimebound:ComboTackle","Slimebound:Schlurp+1"],"picked":"SKIP","floor":23},{"not_picked":["Slimebound:GoopSpray","Slimebound:GoopTackle"],"picked":"Slimebound:Repurpose+1","floor":25},{"not_picked":["Slimebound:LeadByExample","Slimebound:GoopSpray","Slimebound:Schlurp"],"picked":"SKIP","floor":26},{"not_picked":["Slimebound:HauntingLick","Slimebound:RollThrough+1","Slimebound:LivingWall+1"],"picked":"SKIP","floor":27},{"not_picked":["Slimebound:SlimeSpikes","Slimebound:RollThrough","Slimebound:PressTheAttack"],"picked":"SKIP","floor":28},{"not_picked":["Slimebound:Chomp","Slimebound:SpikyOuterGoop"],"picked":"Slimebound:LeadByExample","floor":29},{"not_picked":["Slimebound:ViciousTackle","Slimebound:RejuvenatingLick","Slimebound:PressTheAttack"],"picked":"SKIP","floor":31},{"not_picked":["Slimebound:Equalize+1","Slimebound:AcidTongue","Slimebound:ComboTackle"],"picked":"SKIP","floor":32}],"player_experience":81586,"relics_obtained":[{"floor":13,"key":"Bag of Preparation"},{"floor":18,"key":"Replay:Mystery Machine"},{"floor":24,"key":"Divine Protection"},{"floor":25,"key":"Replay:Bottled Eggs"}],"event_choices":[{"damage_healed":0,"gold_gain":0,"player_choice":"Read","damage_taken":0,"max_hp_gain":0,"max_hp_loss":0,"event_name":"The Library","floor":21,"gold_loss":0,"cards_obtained":["Slimebound:MegaLick"]}],"is_beta":false,"boss_relics":[{"not_picked":["ReplayTheSpireMod:Onyx Gauntlets","Replay:Bronze Core"],"picked":"SacredBark"}],"items_purged_floors":[14],"is_endless":false,"potions_floor_spawned":[9,15,16,20,25,28,29,31,32],"killed_by":"SI_MIRROR_ARCHETYPE","ascension_level":0}}