{"host":"1ooxfz79hmpvpehx","time":1612721504,"event":{"mods":["BaseMod","Minty Spire (QoL Compilation)","Quick Restart","Replay The Spire","StSLib","SuperFastMode"],"gold_per_floor":[118,118,68,68,85,85,115,115,415,415,415,490,490,509,509,609,609,623,623,267,267,267,256,206,237,237,237],"floor_reached":26,"language":"ENG","playtime":558,"items_purged":["Doubt","Writhe","Replay:Hysterical Blindness"],"score":270,"play_id":"fff2eee8-1a4f-4a7c-87c2-d51c038981ea","local_time":"20210207151144","is_ascension_mode":false,"campfire_choices":[{"data":"Zap","floor":6,"key":"SMITH"},{"data":"All For One","floor":8,"key":"SMITH"},{"floor":10,"key":"RECALL"},{"data":"Dualcast","floor":13,"key":"SMITH"},{"data":"Capacitor","floor":15,"key":"SMITH"}],"circlet_count":0,"master_deck":["Strike_B","Defend_B","Defend_B","Defend_B","Zap+1","Dualcast+1","All For One+1","Capacitor+1","Sickly","Amnesia"],"relics":["Cracked Core","NeowsBlessing","Replay:PocketPolymizer","Old Coin","ReplayTheSpireMod:CursedCoin","Replay:Ancient Bell","Smiling Mask","Darkstone Periapt","StoneCalendar","Ring of Shattering","Ring of Panic","Replay:Arrowhead","Replay:Bottled Snecko"],"acts_visited":["Exordium","TheCity"],"potions_floor_usage":[16,16,16,18,26],"damage_taken":[{"damage":0,"enemies":"Cultist","floor":1,"turns":1},{"damage":0,"enemies":"Small Slimes","floor":5,"turns":1},{"damage":0,"enemies":"Lagavulin","floor":7,"turns":1},{"damage":4,"enemies":"Jaw Worm","floor":14,"turns":2},{"damage":22,"enemies":"The Guardian","floor":16,"turns":8},{"damage":23,"enemies":"Chosen","floor":18,"turns":6},{"damage":30,"enemies":"2 Thieves","floor":23,"turns":4},{"damage":39,"enemies":"Replay:Snechameleon","floor":25,"turns":6},{"damage":10,"enemies":"Centurion and Healer","floor":26,"turns":1}],"seed_played":"6258409021769761671","potions_obtained":[{"floor":5,"key":"AttackPotion"},{"floor":11,"key":"Strength Potion"},{"floor":11,"key":"Block Potion"},{"floor":16,"key":"SkillPotion"},{"floor":25,"key":"PowerPotion"}],"is_trial":false,"path_per_floor":["M","$","?","?","M","R","E","R","T","R","?","$","R","M","R","B",null,"M","?","$","PTL","PTL","M","$","E","M"],"character_chosen":"DEFECT","items_purchased":["ReplayTheSpireMod:CursedCoin","Replay:Arrowhead"],"campfire_rested":0,"item_purchase_floors":[12,20],"current_hp_per_floor":[75,75,75,75,75,75,75,75,75,75,75,75,75,71,71,49,93,70,76,76,76,76,46,46,7,0,0],"gold":237,"neow_bonus":"THREE_ENEMY_KILL","is_daily":false,"chose_seed":false,"campfire_upgraded":4,"win_rate":0.0,"timestamp":1612721504,"path_taken":["M","?","?","?","?","R","E","R","T","R","?","?","R","M","R","BOSS","M","?","$","PTL","PTL","M","$","E","M"],"items_purchased_type":["Relic","Relic"],"build_version":"2020-12-22","purchased_purges":3,"victory":false,"max_hp_per_floor":[75,75,75,75,75,75,75,75,75,75,75,75,75,75,75,75,93,93,99,99,99,99,99,99,99,99,99],"card_choices":[{"not_picked":["Ball Lightning","Coolheaded","Redo"],"picked":"SKIP","floor":1},{"not_picked":["Sweeping Beam","Panic Button","Streamline"],"picked":"SKIP","floor":5},{"not_picked":["Stack","Panic Button","Steam"],"picked":"SKIP","floor":7},{"not_picked":["Conserve Battery","Turbo","Beam Cell"],"picked":"SKIP","floor":14},{"not_picked":["Regret","ReplayTheSpireMod:Splinters"],"picked":"Replay:Hysterical Blindness","floor":17},{"not_picked":["Normality","Amnesia"],"picked":"Writhe","floor":17},{"not_picked":["Amnesia","CurseOfTheBell"],"picked":"Sickly","floor":17},{"not_picked":["Doom and Gloom","Tempest","Go for the Eyes"],"picked":"SKIP","floor":18},{"not_picked":["Conserve Battery","Time Bomb","BasicCrystalCard+1"],"picked":"SKIP","floor":23},{"not_picked":["Conserve Battery","Time Bomb","BasicCrystalCard+1"],"picked":"SKIP","floor":23},{"not_picked":["ReplayTheSpireMod:System Scan","Blizzard","Beam Cell"],"picked":"SKIP","floor":25}],"player_experience":25848,"relics_obtained":[{"floor":7,"key":"Replay:PocketPolymizer"},{"floor":9,"key":"Old Coin"},{"floor":19,"key":"Ring of Shattering"},{"floor":19,"key":"Ring of Panic"},{"floor":25,"key":"Replay:Bottled Snecko"}],"event_choices":[{"cards_removed":["Strike_B"],"damage_healed":0,"gold_gain":0,"player_choice":"Card Removal","damage_taken":0,"max_hp_gain":0,"max_hp_loss":0,"event_name":"The Cleric","floor":3,"gold_loss":50},{"damage_healed":0,"gold_gain":0,"player_choice":"Got Potions","damage_taken":0,"max_hp_gain":0,"max_hp_loss":0,"event_name":"Lab","floor":11,"gold_loss":0}],"is_beta":false,"boss_relics":[{"not_picked":["SlaversCollar","Calling Bell"],"picked":"Replay:Ancient Bell"},{"not_picked":["Lantern","Ancient Tea Set"],"picked":"Smiling Mask"},{"not_picked":["Mirror","White Beast Statue"],"picked":"Darkstone Periapt"},{"not_picked":["Mango","Calipers"],"picked":"StoneCalendar"}],"items_purged_floors":[12,20,24],"is_endless":false,"potions_floor_spawned":[5,16,25],"killed_by":"Centurion and Healer","ascension_level":0}}