{"host":"k7udt7atmcuzf6l0","time":1612689185,"event":{"mods":["AchievementEnabler","BaseMod","BetterRewards","Colored Map","Colored Powertips","Highlight Path","Minty Spire (QoL Compilation)","Quick Restart","Rare Cards Sparkle","Relic Stats","StSLib","UnlockEverythingMod"],"gold_per_floor":[111,6,6,22,22,22,42,42,89,89,103,115,145,157,157,260,260,230,230,230,44,44,44,44,44,44,44,44,44,44,44,44,44,44],"floor_reached":33,"language":"ZHS","playtime":711,"items_purged":[],"score":285,"play_id":"7d026ad9-a7fe-435c-a613-e2f94d492b5d","local_time":"20210207171305","is_ascension_mode":false,"campfire_choices":[{"data":"True Grit","floor":6.0,"key":"SMITH"},{"data":"Sever Soul","floor":8.0,"key":"SMITH"},{"data":"Second Wind","floor":10.0,"key":"SMITH"},{"data":"Immolate","floor":15.0,"key":"SMITH"},{"data":"Armaments","floor":23,"key":"SMITH"},{"data":"Bludgeon","floor":25,"key":"SMITH"},{"data":"Feel No Pain","floor":27,"key":"SMITH"},{"data":"Warcry","floor":29,"key":"SMITH"},{"data":"Fiend Fire","floor":32,"key":"SMITH"}],"circlet_count":0,"master_deck":["Strike_R","Strike_R","Strike_R","Strike_R","Strike_R","Defend_R","Defend_R","Defend_R","Defend_R","Bash","Sever Soul+1","Seeing Red","Thunderclap","True Grit+1","Second Wind+1","Immolate+1","Warcry+1","Bludgeon+1","Armaments+1","Necronomicurse","Rupture+1","Feel No Pain+1","Clothesline+1","Dual Wield+1","Fiend Fire+1","Metallicize+1"],"relics":["Burning Blood","NeowsBlessing","Smiling Mask","MealTicket","Ectoplasm","Necronomicon","Toolbox","Nloth\u0027s Gift","Regal Pillow","Omamori","Bottled Flame"],"acts_visited":["Exordium","TheCity"],"potions_floor_usage":[18,28,33],"damage_taken":[{"damage":0.0,"enemies":"2 Louse","floor":1.0,"turns":1.0},{"damage":0.0,"enemies":"Cultist","floor":4.0,"turns":1.0},{"damage":0.0,"enemies":"Small Slimes","floor":7.0,"turns":1.0},{"damage":5.0,"enemies":"Looter","floor":11.0,"turns":3.0},{"damage":10.0,"enemies":"Exordium Thugs","floor":12.0,"turns":2.0},{"damage":34.0,"enemies":"Gremlin Nob","floor":13.0,"turns":5.0},{"damage":10.0,"enemies":"3 Louse","floor":14.0,"turns":3.0},{"damage":16.0,"enemies":"Slime Boss","floor":16.0,"turns":7.0},{"damage":5,"enemies":"2 Thieves","floor":18,"turns":2},{"damage":0,"enemies":"Spheric Guardian","floor":20,"turns":1},{"damage":0,"enemies":"3 Cultists","floor":22,"turns":4},{"damage":21,"enemies":"Book of Stabbing","floor":28,"turns":3},{"damage":0,"enemies":"Centurion and Healer","floor":30,"turns":3},{"damage":35,"enemies":"Slavers","floor":31,"turns":5},{"damage":51,"enemies":"Collector","floor":33,"turns":5}],"seed_played":"-3741355167417216926","potions_obtained":[{"floor":1.0,"key":"DuplicationPotion"},{"floor":11.0,"key":"Explosive Potion"},{"floor":12.0,"key":"Energy Potion"},{"floor":13.0,"key":"Swift Potion"},{"floor":16.0,"key":"SkillPotion"},{"floor":22,"key":"PowerPotion"},{"floor":30,"key":"ElixirPotion"},{"floor":31,"key":"Block Potion"}],"is_trial":false,"path_per_floor":["M","$","?","M","?","R","M","R","T","R","M","M","E","M","R","B",null,"M","?","M","$","M","R","?","R","T","R","E","R","M","E","R","B"],"character_chosen":"IRONCLAD","items_purchased":["Seeing Red","Thunderclap","Feel No Pain","Toolbox"],"campfire_rested":0,"item_purchase_floors":[2,2,21,21],"current_hp_per_floor":[80,80,80,80,80,80,80,80,80,80,80,76,48,44,44,59,80,80,64,70,80,80,80,80,80,80,80,65,65,71,42,42,0,0],"gold":44,"neow_bonus":"THREE_ENEMY_KILL","is_daily":false,"chose_seed":false,"campfire_upgraded":9,"win_rate":0.0,"timestamp":1612689185,"path_taken":["M","$","?","M","?","R","M","R","T","R","M","?","E","M","R","BOSS","M","?","M","$","M","R","?","R","T","R","E","R","?","E","R","BOSS"],"items_purchased_type":["Card","Card","Card","Relic"],"build_version":"2020-12-22","purchased_purges":0,"victory":false,"max_hp_per_floor":[80,80,80,80,80,80,80,80,80,80,80,80,80,80,80,80,80,80,80,80,80,80,80,80,80,80,80,80,80,80,80,80,80,80],"relic_stats":{"Regal Pillow":0,"counters":[15,46],"MealTicket":10,"Ectoplasm":174,"Necronomicon":[16],"Nloth\u0027s Gift":2,"Smiling Mask":0,"obtain_stats":[{"Regal Pillow":26,"Bottled Flame":31,"NeowsBlessing":0,"Pantograph":5,"Toolbox":21,"MealTicket":13,"Ectoplasm":17,"Necronomicon":19,"Nloth\u0027s Gift":24,"Omamori":28,"Smiling Mask":9,"Burning Blood":0},{"Regal Pillow":11,"Bottled Flame":14,"NeowsBlessing":0,"Pantograph":2,"Toolbox":10,"MealTicket":6,"Ectoplasm":8,"Necronomicon":9,"Nloth\u0027s Gift":11,"Omamori":12,"Smiling Mask":3,"Burning Blood":0},{"Regal Pillow":30,"Bottled Flame":41,"NeowsBlessing":0,"Pantograph":2,"Toolbox":26,"MealTicket":13,"Ectoplasm":23,"Necronomicon":25,"Nloth\u0027s Gift":30,"Omamori":33,"Smiling Mask":3,"Burning Blood":0}],"Burning Blood":58},"card_choices":[{"not_picked":["Dropkick","Twin Strike"],"picked":"Sever Soul","floor":1.0},{"not_picked":["Wild Strike","Sever Soul"],"picked":"True Grit","floor":4.0},{"not_picked":["Armaments","Combust"],"picked":"Second Wind","floor":7.0},{"not_picked":["Sword Boomerang","Wild Strike"],"picked":"Immolate","floor":11.0},{"not_picked":["Pommel Strike","Headbutt","Thunderclap"],"picked":"SKIP","floor":12.0},{"not_picked":["Anger","Perfected Strike","Burning Pact"],"picked":"SKIP","floor":13.0},{"not_picked":["Metallicize","Rage"],"picked":"Warcry","floor":14.0},{"not_picked":["Exhume","Limit Break"],"picked":"Bludgeon","floor":16.0},{"not_picked":["Headbutt","Thunderclap"],"picked":"Armaments","floor":18},{"not_picked":["Ghostly Armor","Clash+1"],"picked":"Rupture+1","floor":20},{"not_picked":["Warcry","Carnage"],"picked":"Clothesline+1","floor":22},{"not_picked":["Barricade","Twin Strike"],"picked":"Dual Wield+1","floor":28},{"not_picked":["Twin Strike+1","Cleave"],"picked":"Fiend Fire","floor":30},{"not_picked":["Disarm","Power Through+1"],"picked":"Metallicize+1","floor":31}],"player_experience":59787,"relics_obtained":[{"floor":9.0,"key":"Smiling Mask"},{"floor":13.0,"key":"MealTicket"},{"floor":19,"key":"Necronomicon"},{"floor":26,"key":"Regal Pillow"},{"floor":28,"key":"Omamori"},{"floor":31,"key":"Bottled Flame"}],"event_choices":[{"damage_healed":0.0,"max_hp_gain":0.0,"max_hp_loss":0.0,"gold_gain":0.0,"event_name":"Liars Game","player_choice":"Ignored","floor":3.0,"gold_loss":0.0,"damage_taken":0.0},{"damage_healed":0.0,"max_hp_gain":0.0,"max_hp_loss":0.0,"gold_gain":0.0,"event_name":"WeMeetAgain","player_choice":"Gave Potion","floor":5.0,"gold_loss":0.0,"damage_taken":0.0,"relics_obtained":["Pantograph"]},{"damage_healed":0,"gold_gain":0,"player_choice":"Obtained Book","damage_taken":16,"max_hp_gain":0,"max_hp_loss":0,"event_name":"Cursed Tome","floor":19,"gold_loss":0},{"damage_healed":0,"gold_gain":0,"player_choice":"Traded Relic","damage_taken":0,"relics_obtained":["Nloth\u0027s Gift"],"max_hp_gain":0,"max_hp_loss":0,"event_name":"N\u0027loth","floor":24,"relics_lost":["Pantograph"],"gold_loss":0}],"is_beta":false,"boss_relics":[{"not_picked":["SlaversCollar","Black Blood"],"picked":"Ectoplasm"}],"items_purged_floors":[],"is_endless":false,"potions_floor_spawned":[1,11,12,13,16,22,30,31],"killed_by":"Collector","ascension_level":0}}