{"host":"1c52r9kaxdyo25eq","time":1612703089,"event":{"mods":["AchievementEnabler","BaseMod","DeckTracker","Minty Spire (QoL Compilation)","Rare Cards Sparkle","SuperFastMode","everything is the same but u backflip on backflip"],"gold_per_floor":[111,111,36,54,74,74,109,109,109,109,119,132,132,145,145,218,218,236,107,127,0,0,0],"floor_reached":22,"language":"KOR","playtime":408,"items_purged":["Clumsy","Strike_G"],"score":372,"play_id":"1675c64f-591b-40cd-9904-bb93076d1f27","local_time":"20210207220449","is_ascension_mode":true,"campfire_choices":[{"data":"Phantasmal Killer","floor":6,"key":"SMITH"},{"floor":8,"key":"REST"},{"data":"Strike_G","floor":10,"key":"PURGE"},{"data":"Strike_G","floor":15,"key":"PURGE"}],"circlet_count":0,"master_deck":["AscendersBane","Strike_G","Strike_G","Defend_G","Defend_G","Defend_G","Defend_G","Survivor","Neutralize","Phantasmal Killer+1","Tactician","Deadly Poison","Eviscerate","Blade Dance+1","Terror","A Thousand Cuts","Quick Slash"],"relics":["Ring of the Snake","Peace Pipe","Shuriken","Black Star"],"acts_visited":["Exordium","TheCity"],"potions_floor_usage":[16,18],"damage_taken":[{"damage":0,"enemies":"Jaw Worm","floor":1,"turns":4},{"damage":0,"enemies":"Cultist","floor":4,"turns":3},{"damage":5,"enemies":"Small Slimes","floor":5,"turns":4},{"damage":35,"enemies":"Gremlin Nob","floor":7,"turns":4},{"damage":4,"enemies":"Red Slaver","floor":11,"turns":3},{"damage":5,"enemies":"Blue Slaver","floor":12,"turns":2},{"damage":3,"enemies":"Looter","floor":14,"turns":2},{"damage":10,"enemies":"Slime Boss","floor":16,"turns":5},{"damage":27,"enemies":"Shell Parasite","floor":18,"turns":4},{"damage":25,"enemies":"Chosen","floor":20,"turns":5},{"damage":0,"enemies":"Shelled Parasite and Fungi","floor":22,"turns":1}],"seed_played":"-5498747841783322078","potions_obtained":[{"floor":1,"key":"GamblersBrew"},{"floor":7,"key":"Fire Potion"},{"floor":16,"key":"LiquidBronze"}],"is_trial":false,"path_per_floor":["M","?","$","M","M","R","E","R","T","R","M","M","?","M","R","B",null,"M","$","M","?","M"],"character_chosen":"THE_SILENT","items_purchased":["Quick Slash"],"campfire_rested":1,"item_purchase_floors":[19],"current_hp_per_floor":[59,59,59,59,54,54,19,38,38,38,34,29,29,26,26,16,54,27,27,2,2,2,2],"gold":0,"neow_bonus":"THREE_RARE_CARDS","is_daily":false,"chose_seed":false,"campfire_upgraded":1,"win_rate":0.0,"timestamp":1612703089,"path_taken":["M","?","$","?","M","R","E","R","T","R","M","M","?","?","R","BOSS","M","$","M","?","M"],"items_purchased_type":["Card"],"build_version":"2020-12-22","purchased_purges":2,"victory":false,"max_hp_per_floor":[66,66,66,66,66,66,66,66,66,66,66,66,66,66,66,66,66,66,66,66,66,66,66],"card_choices":[{"not_picked":["Unload","Burst"],"picked":"Phantasmal Killer","floor":0},{"not_picked":["Cloak And Dagger","Deadly Poison"],"picked":"Tactician","floor":1},{"not_picked":["Heel Hook","Caltrops","Flying Knee"],"picked":"SKIP","floor":4},{"not_picked":["Backflip","Slice"],"picked":"Eviscerate","floor":5},{"not_picked":["Blur","Dodge and Roll"],"picked":"Blade Dance","floor":7},{"not_picked":["Prepared","Slice"],"picked":"Terror","floor":11},{"not_picked":["Envenom","Slice","Quick Slash"],"picked":"SKIP","floor":12},{"not_picked":["Bane","Sucker Punch","Predator"],"picked":"SKIP","floor":14},{"not_picked":["Envenom","Wraith Form v2"],"picked":"A Thousand Cuts","floor":16},{"not_picked":["Deflect","Concentrate","Bane"],"picked":"SKIP","floor":18},{"not_picked":["Deflect","Sucker Punch","Outmaneuver"],"picked":"SKIP","floor":20}],"player_experience":649513,"relics_obtained":[{"floor":7,"key":"Peace Pipe"},{"floor":9,"key":"Shuriken"}],"event_choices":[{"damage_healed":0,"gold_gain":0,"cards_transformed":["Defend_G"],"player_choice":"Transformed","damage_taken":0,"max_hp_gain":0,"max_hp_loss":0,"event_name":"Transmorgrifier","floor":2,"gold_loss":0,"cards_obtained":["Deadly Poison"]},{"damage_healed":0,"gold_gain":0,"player_choice":"Forge","damage_taken":0,"max_hp_gain":0,"max_hp_loss":0,"event_name":"Accursed Blacksmith","floor":13,"gold_loss":0,"cards_upgraded":["Blade Dance"]},{"damage_healed":0,"gold_gain":0,"player_choice":"Paid Fearfully","damage_taken":0,"max_hp_gain":0,"max_hp_loss":0,"event_name":"Masked Bandits","floor":21,"gold_loss":127}],"is_beta":false,"boss_relics":[{"not_picked":["Runic Dome","Philosopher\u0027s Stone"],"picked":"Black Star"}],"items_purged_floors":[3,19],"is_endless":false,"potions_floor_spawned":[1,7,12,16],"killed_by":"Shelled Parasite and Fungi","ascension_level":20}}