{"host":"9slw7l0ws16384qq","time":1612722084,"event":{"mods":["A Penny For Your Troubles","BaseMod","Colored Map","Downfall","Evolution","Hubris","Minty Spire (QoL Compilation)","Replay The Spire","StS++","StSLib"],"gold_per_floor":[0,14,164,164,184,184,253,253,269,294,22,22,49,49,64,165,165,165,178,196,31,31,41,41,61,81,81,81,81,81,114,134,233,233,133,157,211,196,196,225,225,254,466,366,411,440,440,440,462,475],"floor_reached":51,"language":"FRA","playtime":1989,"items_purged":[],"score":1258,"play_id":"51964122-d943-47c1-a2c3-4182fe661b55","local_time":"20210207192124","is_ascension_mode":true,"campfire_choices":[{"floor":1.0,"key":"DIG"},{"data":"bronze:Iterate","floor":6.0,"key":"SMITH"},{"data":"bronze:Iterate","floor":12.0,"key":"SMITH"},{"data":"bronze:Iterate","floor":18.0,"key":"SMITH"},{"data":"bronze:Terminator","floor":28,"key":"SMITH"},{"floor":35,"key":"DIG"},{"data":"1","floor":44,"key":"LIFT"},{"data":"2","floor":47,"key":"LIFT"}],"circlet_count":0,"master_deck":["bronze:Iterate+1","bronze:Iterate+1","bronze:Iterate+1","bronze:Iterate","bronze:Shield","bronze:Shield+1","bronze:Shield","bronze:Replicate","bronze:Goto","bronze:FunctionCard","bronze:Terminator+1","bronze:Iterate+1"],"relics":["bronze:BronzeCore","EVO:Axolotl","hubris:CuriousFeather","FossilizedHelix","Snack Pack","bronze:CableSpool","Question Card","SlaversCollar","Medical Kit","Pear","Mercury Hourglass","Quantum Egg","downfall:HeartBlessingGreen","StSpp:PetrifiedCaterpillar","Girya","Kunai","bronze:Mallet","Boot","downfall:HeartBlessingBlue","Ancient Tea Set"],"acts_visited":["Exordium","TheCity","TheBeyond"],"potions_floor_usage":[50,50,50],"damage_taken":[{"damage":0.0,"enemies":"2 Louse","floor":2.0,"turns":2.0},{"damage":0.0,"enemies":"Cultist","floor":5.0,"turns":3.0},{"damage":0.0,"enemies":"Small Slimes","floor":9.0,"turns":2.0},{"damage":11.0,"enemies":"Lagavulin","floor":10.0,"turns":7.0},{"damage":0.0,"enemies":"downfall:FleeingMerchant","floor":11.0,"turns":4.0},{"damage":0.0,"enemies":"3 Sentries","floor":13.0,"turns":7.0},{"damage":0.0,"enemies":"Blue Slaver","floor":15.0,"turns":2.0},{"damage":23.0,"enemies":"DF_ARCHETYPE_STREAMLINE","floor":16.0,"turns":11.0},{"damage":0.0,"enemies":"Spheric Guardian","floor":19.0,"turns":4.0},{"damage":14,"enemies":"Chosen and Byrds","floor":20,"turns":7},{"damage":3,"enemies":"downfall:FleeingMerchant","floor":21,"turns":4},{"damage":0,"enemies":"Shelled Parasite and Fungi","floor":23,"turns":2},{"damage":0,"enemies":"Centurion and Healer","floor":25,"turns":4},{"damage":0,"enemies":"Snake Plant","floor":26,"turns":5},{"damage":4,"enemies":"Slavers","floor":31,"turns":5},{"damage":0,"enemies":"Sentry and Sphere","floor":32,"turns":4},{"damage":0,"enemies":"WA_ARCHETYPE_CALM","floor":33,"turns":5},{"damage":0,"enemies":"Orb Walker","floor":36,"turns":2},{"damage":17,"enemies":"2 Orb Walkers","floor":37,"turns":5},{"damage":12,"enemies":"downfall:FleeingMerchant","floor":38,"turns":4},{"damage":7,"enemies":"Giant Head","floor":40,"turns":7},{"damage":0,"enemies":"3 Darklings","floor":42,"turns":4},{"damage":0,"enemies":"downfall:FleeingMerchant","floor":43,"turns":1},{"damage":0,"enemies":"R_Hoarder","floor":45,"turns":4},{"damage":0,"enemies":"Sphere and 2 Shapes","floor":46,"turns":2},{"damage":0,"enemies":"Spire Growth","floor":49,"turns":1},{"damage":0,"enemies":"IC_BLOCK_ARCHETYPE","floor":50,"turns":1}],"seed_played":"-4639398534700860210","potions_obtained":[{"floor":8.0,"key":"downfall:CursedFountainPotion"},{"floor":10.0,"key":"SteroidPotion"},{"floor":15.0,"key":"SteroidPotion"}],"is_trial":false,"path_per_floor":["R_BF","M","?","?","M","R","T","?","M","E","$","R","E","?","M","B",null,"R","M","M","$","?","M","T","M","M","?","R","?","?","E","M","B",null,"R_BF","M","?","$","?","E","T","M","$","R","E","M","R","?","M","B",null],"character_chosen":"THE_AUTOMATON","items_purchased":["bronze:CableSpool","Medical Kit","Boot"],"campfire_rested":0,"item_purchase_floors":[11,21,43],"current_hp_per_floor":[63,63,63,63,63,63,63,63,63,52,54,54,58,58,60,45,64,64,66,54,51,51,55,65,71,73,73,73,73,73,75,80,80,80,80,80,65,63,63,72,72,78,80,90,90,90,90,82,84,86],"gold":475,"neow_bonus":"ONE_RARE_RELIC","is_daily":false,"chose_seed":false,"campfire_upgraded":4,"win_rate":0.0,"timestamp":1612722084,"path_taken":["R_BF","M","?","?","M","R","T","?","?","E","?","R","E","?","M","BOSS","R","M","M","$","?","M","T","?","M","?","R","?","?","E","M","BOSS","R_BF","M","?","$","?","E","T","M","$","R","E","M","R","?","M","BOSS"],"items_purchased_type":["Relic","Relic","Relic"],"build_version":"2020-12-22","purchased_purges":0,"victory":true,"max_hp_per_floor":[70,70,70,70,70,70,70,70,70,70,70,70,70,70,70,70,70,70,70,70,70,70,70,80,80,80,80,80,80,80,80,80,80,80,80,80,80,80,80,80,80,80,80,90,90,90,90,90,90,90],"card_choices":[{"not_picked":["bronze:WildBeam","bronze:Branch"],"picked":"bronze:DarkDash","floor":2.0},{"not_picked":["bronze:WhirlingStrike","bronze:GetLatest","bronze:Overheat"],"picked":"SKIP","floor":5.0},{"not_picked":["bronze:ForceShield","bronze:Iterate","bronze:WhirlingStrike"],"picked":"SKIP","floor":9.0},{"not_picked":["bronze:Repair","bronze:WhirlingStrike","bronze:BugBarrage"],"picked":"SKIP","floor":10.0},{"not_picked":["bronze:Format","bronze:Safeguard","bronze:Deprecate"],"picked":"SKIP","floor":11.0},{"not_picked":["bronze:Branch","bronze:NullPointer"],"picked":"bronze:Terminator","floor":13.0},{"not_picked":["bronze:Deprecate","bronze:Overheat","bronze:HyperBeam","bronze:WhirlingStrike"],"picked":"SKIP","floor":15.0},{"not_picked":["bronze:Format","bronze:Verify","bronze:AlphaBuild"],"picked":"bronze:Hardcode","floor":16.0},{"not_picked":["bronze:CloningBeam","bronze:ChildClass","bronze:ForLoop","bronze:Separator"],"picked":"SKIP","floor":19.0},{"not_picked":["bronze:BugBarrage+1","bronze:Repulsor","bronze:Frontload","bronze:Invalidate"],"picked":"SKIP","floor":20},{"not_picked":["bronze:DigitalCarnage","bronze:Allocate","bronze:BronzeOrb","bronze:BugBarrage+1"],"picked":"SKIP","floor":21},{"not_picked":["bronze:BugBarrage+1","bronze:Separator","bronze:Invalidate","bronze:Turbo"],"picked":"SKIP","floor":23},{"not_picked":["bronze:DelayedGuard+1","bronze:FineTuning+1","bronze:Shell","bronze:Shield"],"picked":"SKIP","floor":25},{"not_picked":["bronze:DelayedGuard+1","bronze:FineTuning+1","bronze:Shell","bronze:Shield"],"picked":"SKIP","floor":25},{"not_picked":["bronze:DelayedSlice","bronze:Fortify","bronze:Shield+1"],"picked":"bronze:Terminator","floor":26},{"not_picked":["bronze:BitShift","bronze:Hardcode","bronze:Boost","bronze:Iterate"],"picked":"SKIP","floor":31},{"not_picked":["bronze:Branch","bronze:Invalidate","bronze:Turbo","bronze:ForLoop"],"picked":"SKIP","floor":32},{"not_picked":["bronze:Iterate","bronze:WhirlingStrike+1","bronze:DelayedSlice","bronze:FineTuning"],"picked":"SKIP","floor":36},{"not_picked":["bronze:Shell","bronze:Frontload+1","bronze:GetLatest"],"picked":"bronze:Iterate+1","floor":37},{"not_picked":["bronze:BitShift+1","bronze:CutThrough","bronze:BuggyMess","bronze:Iterate"],"picked":"SKIP","floor":38},{"not_picked":["bronze:BitShift","bronze:Constructor+1","bronze:ThunderWave","bronze:Flail+1"],"picked":"SKIP","floor":40},{"not_picked":["bronze:Invalidate","bronze:CutThrough","bronze:WildBeam","bronze:Refactor"],"picked":"SKIP","floor":42},{"not_picked":["bronze:DelayedSlice","bronze:OilSpill","bronze:BuggyMess+1","bronze:Mutator"],"picked":"SKIP","floor":43},{"not_picked":["bronze:BugBarrage+1","bronze:ThunderWave","bronze:Turbo+1","bronze:MaxOutput+1"],"picked":"SKIP","floor":45},{"not_picked":["bronze:Optimize","bronze:ChosenStrike+1","bronze:Refactor","bronze:Philosophize+1"],"picked":"SKIP","floor":46},{"not_picked":["bronze:DelayedGuard","bronze:Constructor","bronze:Boost","bronze:WildBeam"],"picked":"SKIP","floor":49}],"player_experience":1662438,"relics_obtained":[{"floor":1.0,"key":"FossilizedHelix"},{"floor":10.0,"key":"Snack Pack"},{"floor":13.0,"key":"Question Card"},{"floor":24,"key":"Pear"},{"floor":31,"key":"Quantum Egg"},{"floor":35,"key":"StSpp:PetrifiedCaterpillar"},{"floor":37,"key":"Girya"},{"floor":39,"key":"Kunai"},{"floor":41,"key":"bronze:Mallet"},{"floor":45,"key":"Ancient Tea Set"}],"event_choices":[{"cards_removed":["downfall:Icky"],"damage_healed":0.0,"max_hp_gain":0.0,"max_hp_loss":0.0,"gold_gain":0.0,"event_name":"The Cleric","player_choice":"Card Removal","floor":14.0,"gold_loss":0.0,"damage_taken":0.0},{"damage_healed":0,"gold_gain":0,"player_choice":"Got Potions","damage_taken":0,"max_hp_gain":0,"max_hp_loss":0,"event_name":"Lab","floor":22,"gold_loss":0},{"damage_healed":0,"gold_gain":0,"player_choice":"Fight","damage_taken":0,"max_hp_gain":0,"max_hp_loss":0,"event_name":"Mysterious Sphere","floor":37,"gold_loss":0}],"is_beta":false,"boss_relics":[{"not_picked":["Empty Cage","Kintsugi"],"picked":"SlaversCollar"},{"not_picked":["StSpp:Magatama","StSpp:Balance","Snecko Eye"]}],"items_purged_floors":[],"is_endless":false,"potions_floor_spawned":[10,15,23,25,26,31,36,40,42,49],"ascension_level":6}}