{"host":"9bcvatsnbq1a3xq4","time":1612700772,"event":{"mods":["BaseMod","Bestiary","Block Reminder","Highlight Path","Minty Spire (QoL Compilation)","Relic Stats"],"gold_per_floor":[109,128,53,68,87,87,113,133,133,133,133,133,133,183,183,281,281,301,169,169,190,190,190],"floor_reached":22,"language":"ENG","playtime":1166,"items_purged":["Reprogram"],"score":368,"play_id":"5e2ea9c7-d8f9-44a5-bbcc-6d8b9b49f899","local_time":"20210207132612","is_ascension_mode":true,"campfire_choices":[{"data":"Go for the Eyes","floor":6,"key":"SMITH"},{"data":"Zap","floor":10,"key":"SMITH"},{"data":"Dualcast","floor":15,"key":"SMITH"}],"circlet_count":0,"master_deck":["AscendersBane","Zap+1","Dualcast+1","Rebound","Ball Lightning","All For One","Go for the Eyes+1","White Noise","Self Repair","Hello World","Biased Cognition","Lockon","Amplify","Barrage","Heatsinks","Lockon","Leap","Conserve Battery"],"relics":["Cracked Core","Tiny Chest","Golden Idol","Vajra","Pandora\u0027s Box"],"acts_visited":["Exordium","TheCity"],"potions_floor_usage":[7,8],"damage_taken":[{"damage":2,"enemies":"2 Louse","floor":1,"turns":3},{"damage":6,"enemies":"Small Slimes","floor":2,"turns":3},{"damage":2,"enemies":"Jaw Worm","floor":4,"turns":3},{"damage":7,"enemies":"Looter","floor":5,"turns":3},{"damage":6,"enemies":"Gremlin Nob","floor":7,"turns":3},{"damage":7,"enemies":"Exordium Wildlife","floor":8,"turns":3},{"damage":17,"enemies":"The Guardian","floor":16,"turns":10},{"damage":24,"enemies":"Chosen","floor":18,"turns":4},{"damage":32,"enemies":"Shell Parasite","floor":21,"turns":4},{"damage":24,"enemies":"3 Cultists","floor":22,"turns":3}],"seed_played":"-7228143284419147544","potions_obtained":[{"floor":1,"key":"SteroidPotion"},{"floor":5,"key":"Ancient Potion"},{"floor":7,"key":"Explosive Potion"}],"is_trial":false,"path_per_floor":["M","M","?","M","M","R","E","M","T","R","?","?","?","T","R","B",null,"M","$","?","M","M"],"character_chosen":"DEFECT","items_purchased":["Conserve Battery"],"campfire_rested":0,"item_purchase_floors":[19],"current_hp_per_floor":[69,63,63,61,54,54,48,41,41,41,41,46,46,46,46,36,65,48,48,48,23,0,0],"gold":190,"neow_bonus":"TEN_PERCENT_HP_BONUS","is_daily":false,"chose_seed":false,"campfire_upgraded":3,"win_rate":0.0,"timestamp":1612700772,"path_taken":["M","M","?","M","M","R","E","M","T","R","?","?","?","?","R","BOSS","M","$","?","M","M"],"items_purchased_type":["Card"],"build_version":"2020-12-22","purchased_purges":1,"victory":false,"max_hp_per_floor":[78,78,78,78,78,78,78,78,78,78,78,83,75,75,75,75,75,75,75,75,75,75,75],"relic_stats":{"counters":[10,39],"Golden Idol":28,"Tiny Chest":1,"Pandora\u0027s Box":["Lockon","Reprogram","Amplify","Barrage","Heatsinks","Lockon"],"obtain_stats":[{"Golden Idol":13,"Vajra":14,"Tiny Chest":7,"Pandora\u0027s Box":17,"Cracked Core":0},{"Golden Idol":6,"Vajra":6,"Tiny Chest":5,"Pandora\u0027s Box":7,"Cracked Core":0},{"Golden Idol":18,"Vajra":18,"Tiny Chest":15,"Pandora\u0027s Box":28,"Cracked Core":0}]},"card_choices":[{"not_picked":["Self Repair","Streamline"],"picked":"Rebound","floor":1},{"not_picked":["Force Field","Cold Snap"],"picked":"Ball Lightning","floor":2},{"not_picked":["Darkness","Conserve Battery"],"picked":"All For One","floor":4},{"not_picked":["Tempest","Sweeping Beam"],"picked":"Go for the Eyes","floor":5},{"not_picked":["Consume","Compile Driver"],"picked":"White Noise","floor":7},{"not_picked":["Fusion","Hologram"],"picked":"Self Repair","floor":8},{"not_picked":["Echo Form","Machine Learning"],"picked":"Biased Cognition","floor":16},{"not_picked":["BootSequence","Compile Driver"],"picked":"Leap","floor":18},{"not_picked":["Streamline","Go for the Eyes","Scrape"],"picked":"SKIP","floor":21}],"player_experience":808386,"relics_obtained":[{"floor":7,"key":"Tiny Chest"},{"floor":14,"key":"Vajra"}],"event_choices":[{"cards_removed":["Strike_B"],"damage_healed":0,"gold_gain":0,"player_choice":"Card Removal","damage_taken":0,"max_hp_gain":0,"max_hp_loss":0,"event_name":"The Cleric","floor":3,"gold_loss":75},{"damage_healed":0,"gold_gain":0,"cards_transformed":["Strike_B"],"player_choice":"Change","damage_taken":0,"max_hp_gain":0,"max_hp_loss":0,"event_name":"Living Wall","floor":11,"gold_loss":0,"cards_obtained":["Hello World"]},{"damage_healed":0,"gold_gain":0,"player_choice":"Donut","damage_taken":0,"max_hp_gain":5,"max_hp_loss":0,"event_name":"Big Fish","floor":12,"gold_loss":0},{"damage_healed":0,"gold_gain":0,"player_choice":"Lose Max HP","damage_taken":0,"relics_obtained":["Golden Idol"],"max_hp_gain":0,"max_hp_loss":8,"event_name":"Golden Idol","floor":13,"gold_loss":0},{"damage_healed":0,"gold_gain":0,"player_choice":"Ignored","damage_taken":0,"max_hp_gain":0,"max_hp_loss":0,"event_name":"Beggar","floor":20,"gold_loss":0}],"is_beta":false,"boss_relics":[{"not_picked":["Empty Cage","FrozenCore"],"picked":"Pandora\u0027s Box"}],"items_purged_floors":[19],"is_endless":false,"potions_floor_spawned":[1,5,7],"killed_by":"3 Cultists","ascension_level":20}}