{"host":"8f5cu9y0fpol72qs","time":1612686074,"event":{"mods":["AlwaysNeverKeys","BaseMod","Colored Map","Colored Powertips","Curses Come First","Highlight Path","Key Reminder","Minty Spire (QoL Compilation)","StSLib"],"gold_per_floor":[113,128,142,162,237,237,265,275,299,299,329,167,167,181,181,257,257,276,293,313,313,313],"floor_reached":21,"language":"ENG","playtime":2795,"items_purged":["Strike_G"],"score":357,"play_id":"c2d11d9f-b7d0-4d23-a590-c56d203a0134","local_time":"20210207002114","is_ascension_mode":true,"campfire_choices":[{"data":"Footwork","floor":6.0,"key":"SMITH"},{"floor":15.0,"key":"REST"}],"circlet_count":0,"master_deck":["AscendersBane","Strike_G","Strike_G","Defend_G","Defend_G","Defend_G","Defend_G","Defend_G","Survivor","Neutralize","Dash","Underhanded Strike","Quick Slash","Footwork+1","Well Laid Plans","Bouncing Flask","Expertise","Tools of the Trade","Crippling Poison","Choke"],"relics":["Snecko Eye","Happy Flower","keyreminder:keyreminder","Nunchaku","Empty Cage"],"acts_visited":["Exordium","TheCity"],"potions_floor_usage":[18,20],"damage_taken":[{"damage":4.0,"enemies":"Jaw Worm","floor":1.0,"turns":4.0},{"damage":2.0,"enemies":"Small Slimes","floor":2.0,"turns":4.0},{"damage":0.0,"enemies":"Cultist","floor":3.0,"turns":3.0},{"damage":8.0,"enemies":"Blue Slaver","floor":4.0,"turns":4.0},{"damage":4.0,"enemies":"3 Sentries","floor":7.0,"turns":8.0},{"damage":0.0,"enemies":"Exordium Thugs","floor":8.0,"turns":5.0},{"damage":12.0,"enemies":"Gremlin Nob","floor":11.0,"turns":5.0},{"damage":13.0,"enemies":"Large Slime","floor":14.0,"turns":4.0},{"damage":20,"enemies":"Slime Boss","floor":16,"turns":17},{"damage":19,"enemies":"3 Byrds","floor":18,"turns":6},{"damage":8,"enemies":"Chosen","floor":19,"turns":6},{"damage":10,"enemies":"Snake Plant","floor":20,"turns":4},{"damage":27,"enemies":"Centurion and Healer","floor":21,"turns":3}],"seed_played":"-1909781373697343561","potions_obtained":[{"floor":3.0,"key":"ColorlessPotion"},{"floor":7.0,"key":"Swift Potion"},{"floor":16,"key":"ColorlessPotion"},{"floor":20,"key":"Fruit Juice"}],"is_trial":false,"path_per_floor":["M","M","M","M","?","R","E","M","T","?","E","$","?","M","R","B",null,"M","M","M","M"],"character_chosen":"THE_SILENT","items_purchased":["Expertise"],"campfire_rested":1,"item_purchase_floors":[12],"current_hp_per_floor":[55,53,53,45,34,34,30,30,30,30,18,18,18,5,24,4,51,32,24,19,0,0],"gold":313,"neow_bonus":"BOSS_RELIC","is_daily":false,"chose_seed":false,"campfire_upgraded":1,"win_rate":0.0,"timestamp":1612686074,"path_taken":["M","M","M","M","?","R","E","M","T","?","E","$","?","?","R","BOSS","M","?","M","M"],"items_purchased_type":["Card"],"build_version":"2020-12-22","purchased_purges":1,"victory":false,"max_hp_per_floor":[66,66,66,66,66,66,66,66,66,66,66,66,66,66,66,66,66,66,66,71,71,71],"card_choices":[{"not_picked":["Slice","Cloak And Dagger"],"picked":"Dash","floor":1.0},{"not_picked":["Slice","PiercingWail"],"picked":"Underhanded Strike","floor":2.0},{"not_picked":["Heel Hook","Dodge and Roll"],"picked":"Quick Slash","floor":3.0},{"not_picked":["Well Laid Plans","Poisoned Stab"],"picked":"Footwork","floor":4.0},{"not_picked":["Setup","Outmaneuver","Deadly Poison"],"picked":"SKIP","floor":7.0},{"not_picked":["Deflect","Deadly Poison"],"picked":"Well Laid Plans","floor":8.0},{"not_picked":["Expertise","Underhanded Strike"],"picked":"Bouncing Flask","floor":11.0},{"not_picked":["Concentrate","Riddle With Holes","Quick Slash"],"picked":"SKIP","floor":14.0},{"not_picked":["A Thousand Cuts","Malaise"],"picked":"Tools of the Trade","floor":16},{"not_picked":["Deflect","Flying Knee"],"picked":"Crippling Poison","floor":18},{"not_picked":["Blade Dance","Caltrops","Deflect"],"picked":"SKIP","floor":19},{"not_picked":["Noxious Fumes","Outmaneuver"],"picked":"Choke","floor":20}],"player_experience":1039065,"relics_obtained":[{"floor":7.0,"key":"Happy Flower"},{"floor":11.0,"key":"Nunchaku"}],"event_choices":[{"damage_healed":0.0,"max_hp_gain":0.0,"max_hp_loss":0.0,"gold_gain":75.0,"event_name":"World of Goop","player_choice":"Gather Gold","floor":5.0,"gold_loss":0.0,"damage_taken":11.0},{"damage_healed":0.0,"max_hp_gain":0.0,"max_hp_loss":0.0,"gold_gain":0.0,"event_name":"Dead Adventurer","player_choice":"Searched \u00270\u0027 times","floor":10.0,"gold_loss":0.0,"damage_taken":0.0},{"damage_healed":0.0,"max_hp_gain":0.0,"max_hp_loss":0.0,"gold_gain":0.0,"event_name":"Liars Game","player_choice":"Ignored","floor":13.0,"gold_loss":0.0,"damage_taken":0.0}],"is_beta":false,"boss_relics":[{"not_picked":["WristBlade","Runic Dome"],"picked":"Empty Cage"}],"items_purged_floors":[12],"is_endless":false,"potions_floor_spawned":[3,7,16,20],"killed_by":"Centurion and Healer","ascension_level":17}}