{"host":"sq533724ysd7e9og","time":1612710854,"event":{"mods":["AchievementEnabler","Act Like it!","Aspiration","Astrologer","BaseMod","Better Note","Better Third Choice","Bossed Relics","CapriCore","Colored Map","Conspire","Custom Start","Dio Mod","Dota2Spire","Friendly Minions","Gensokyo","Halation","Hermit","HololiveMod","Hubris","Infinite Spire","Koishi","KomeijiMod","Lobotomy","LobotomyExtend","Mad Scientist","Marisa????????","Minty Spire (QoL Compilation)","MostiFishMod","Replay The Spire","SOS???????","Shade Mod","Small Relic Pack","StSLib","The Administrix","The Animator","The Cursed","The Exalted","The Forsaken","The Gatherer","The Immortal","The Servant 0.9.4","The Wild Card","Waifu the Spire","Yakumo Yukari mod","Yohane!","Yuyuko","??????REMEMod"],"gold_per_floor":[118,43,43,60,74,74,74,105,159,159,159,159,159,170,170,266,266,280,280,247,247,266,266,277,51,51,51,51,70,87,105,105,200,200,219,219,230,250,250,250],"floor_reached":39,"language":"ENG","playtime":2581,"items_purged":["AddBullet"],"score":356,"play_id":"77824048-e2c5-4372-9bbe-c9a6024cc584","local_time":"25640207221414","is_ascension_mode":false,"campfire_choices":[{"floor":15.0,"key":"REST"}],"circlet_count":0,"master_deck":["SpecialBullet","SpecialBullet","SpecialBullet","SpecialBullet","SpecialBullet","SpecialBullet","SpecialBullet","SpecialBullet","InformationCode","TrainingCode","ControlCode","MostiFishMod:Neptune","MostiFishMod:TheEndOfMoonlight","MostiFishMod:SparklingWater+1","MostiFishMod:FantasySummer","MostiFishMod:NightSea","Desolation","Hololive_CallMoonaHoshinova","UnstableBomb","astrologer:MeteorShower","MostiFishMod:Overload+1","AdministrixMod:RebukeDesires","hermit:BlackWind","TT2Protocol","Advance","JA","Koishi:MassHysteria","Soda+1","TodaysExpression","SpecialBullet","VampireClaw","TheCursedMod:VitalStrike","Bromod:Blaze","hermit:PistolWhip+1","Chargeshoot","animator:YunYun+1","TheCursedMod:ManaCirculation","SecurityCode","BodiesMountain","theForsaken:Prudence","theForsaken:HorrifyingStrike+1","relicPack:ZaWorld","SomewhereSpear+1","Koishi:RacingHeart+1"],"relics":["CogitoBucket","DaveBox","REME_ComplimentaryCards","MoonlightInvasionPlan","SynthV:TestCard","LetterFromLob","aspiration:Nostalgia","Sizzling Blood","Replay:PocketPolymizer","Potion Belt","War Paint","relicPack:OneForAll","RhineFirstAidKit","Tiny Chest","Girya","hubris:ScarierMask","relicPack:StarArrow","conspire:Boomerang"],"acts_visited":["Exordium","TheCity","TheBeyond"],"potions_floor_usage":[39],"damage_taken":[{"damage":5.0,"enemies":"Cultist","floor":1.0,"turns":3.0},{"damage":0.0,"enemies":"Jaw Worm","floor":4.0,"turns":1.0},{"damage":0.0,"enemies":"2 Louse","floor":5.0,"turns":1.0},{"damage":6.0,"enemies":"Replay:BlueRogue","floor":8.0,"turns":2.0},{"damage":13.0,"enemies":"Red Slaver","floor":14.0,"turns":2.0},{"damage":0.0,"enemies":"Slime Boss","floor":16.0,"turns":7.0},{"damage":24.0,"enemies":"Chosen","floor":18.0,"turns":2.0},{"damage":1.0,"enemies":"Spheric Guardian","floor":22.0,"turns":3.0},{"damage":8.0,"enemies":"Centurion and Healer","floor":24.0,"turns":3.0},{"damage":0.0,"enemies":"Snecko","floor":29.0,"turns":1.0},{"damage":17.0,"enemies":"Snake Plant","floor":30.0,"turns":5.0},{"damage":16.0,"enemies":"Cultist and Chosen","floor":31.0,"turns":5.0},{"damage":64.0,"enemies":"Automaton","floor":33.0,"turns":5.0},{"damage":0.0,"enemies":"3 Darklings","floor":35.0,"turns":2.0},{"damage":0.0,"enemies":"3 Shapes","floor":37.0,"turns":1.0},{"damage":37.0,"enemies":"Transient","floor":38.0,"turns":6.0},{"damage":166,"enemies":"Jaw Worm Horde","floor":39,"turns":25}],"seed_played":"8334463774999700230","potions_obtained":[{"floor":4.0,"key":"SkillPotion"},{"floor":8.0,"key":"Dota2Spire:Clarity"},{"floor":14.0,"key":"Fruit Juice"},{"floor":16.0,"key":"LiquidBronze"},{"floor":18.0,"key":"SpeedPotion"},{"floor":21.0,"key":"Fruit Juice"},{"floor":21.0,"key":"LiquidMemories"},{"floor":21.0,"key":"Venom Potion"},{"floor":30.0,"key":"SteroidPotion"},{"floor":33.0,"key":"SneckoOil"}],"is_trial":true,"path_per_floor":["M","$","WH","M","M","R","?","E","T","M","R","WH","R","M","R","B",null,"M","?","$","?","M","R","M","$","T","WH","R","M","M","M","R","B",null,"M","AVR","M","M","M"],"character_chosen":"Angela","items_purchased":["Hololive_CallMoonaHoshinova","Soda+1","Tiny Chest"],"campfire_rested":1,"item_purchase_floors":[2,20,25],"current_hp_per_floor":[65,65,69,73,74,74,47,45,45,45,45,45,45,36,58,67,79,59,59,59,59,69,69,68,68,68,68,68,74,61,55,55,84,84,84,84,84,71,0,0],"gold":250,"neow_bonus":"THREE_CARDS","is_daily":false,"chose_seed":false,"campfire_upgraded":0,"win_rate":0.0,"timestamp":1612710854,"path_taken":["M","?","WH","M","M","R","?","E","T","M","R","WH","R","M","R","BOSS","M","?","$","?","M","R","M","$","T","WH","R","?","M","M","R","BOSS","M","AVR","M","M","M"],"items_purchased_type":["Card","Card","Relic"],"build_version":"2020-12-22","purchased_purges":1,"victory":false,"max_hp_per_floor":[70,70,74,74,74,74,74,74,74,74,74,74,74,74,74,79,79,79,79,79,79,84,84,84,84,84,84,84,84,84,84,84,84,84,84,84,84,84,84,84],"card_choices":[{"not_picked":["Shade:GreyBargain"],"picked":"animator:DwarfShaman","floor":1.0},{"not_picked":["theForsaken:ShieldBash","RedtheNightlessCastle","animator:Priestess"],"picked":"UnstableBomb","floor":4.0},{"not_picked":["AdministrixMod:Convergence","animator:UneriGinkaku","Gatherer:FlowerBeam"],"picked":"astrologer:MeteorShower","floor":5.0},{"not_picked":["animator:KyokoSakura","ExistenceContinue_purple","Bromod:SlipMagazine"],"picked":"AdministrixMod:RebukeDesires","floor":8.0},{"not_picked":["AdministrixMod:BrewingCloister","AdministrixMod:CrackingPangu","MokouMod:RisingSunBarrier"],"picked":"Advance","floor":14.0},{"not_picked":["OldLady","BeautyBeast"],"picked":"PunishingBird","floor":16.0},{"not_picked":["Explore Ghostdom","AdministrixMod:NewbornDivinity","theForsaken:Mantra"],"picked":"JA","floor":16.0},{"not_picked":["TheCursedMod:Stigma","Kick13","Open The Fan"],"picked":"Koishi:MassHysteria","floor":18.0},{"not_picked":["animator:YachiyoNanami","animator:MadokaKaname","Shade:RitualOffering"],"picked":"Whiteorb","floor":22.0},{"not_picked":["Phantom Village","Unruled","theWildCard:StingingStrike"],"picked":"VampireClaw","floor":24.0},{"not_picked":["theForsaken:BottledPlague","Fantasy_PerpetualMotionMachine_purple"],"picked":"TheCursedMod:VitalStrike","floor":27.0},{"not_picked":["hermit:Determination","Fantasy_PerpetualMotionMachine_purple","LifeForTheDareDevil+1"],"picked":"hermit:PistolWhip+1","floor":29.0},{"not_picked":["animator:Alexander","Koishi:SubterraneanRose","MokouMod:EternalBurstReactor"],"picked":"Chargeshoot","floor":30.0},{"not_picked":["Rudolta","LittleHelper"],"picked":"CENSORED","floor":31.0},{"not_picked":["MokouMod:IcarusDive","Shade:ClawBack","VampireKiss+1"],"picked":"animator:YunYun+1","floor":31.0},{"not_picked":["WhiteNight","BlackArmy"],"picked":"BodiesMountain","floor":33.0},{"not_picked":["AdministrixMod:GirlsDoItBetter","BinaryStars","theForsaken:SacrificeSoul"],"picked":"theForsaken:Prudence","floor":33.0},{"not_picked":["MokouMod:Firecracker","hermit:FullyLoaded","theForsaken:ScorchingSunlight+1"],"picked":"theForsaken:HorrifyingStrike+1","floor":35.0},{"not_picked":["animator:ShinjiMatou+1","dioMod:DaggerSpree","MokouMod:FujiyamaVolcano"],"picked":"SomewhereSpear+1","floor":37.0},{"not_picked":["MadScienceMod:FlameThrower+1","animator:Kyubey","ShootingEcho"],"picked":"Koishi:RacingHeart+1","floor":38.0}],"player_experience":171003,"relics_obtained":[{"floor":1.0,"key":"SynthV:TestCard"},{"floor":1.0,"key":"LetterFromLob"},{"floor":8.0,"key":"Potion Belt"},{"floor":9.0,"key":"War Paint"},{"floor":26.0,"key":"Girya"}],"event_choices":[{"cards_removed":["hermit:BlackWind"],"damage_healed":0.0,"max_hp_gain":0.0,"max_hp_loss":0.0,"gold_gain":0.0,"event_name":"betterNote:BetterNote","player_choice":"Take \u0026 Give","floor":19.0,"gold_loss":0.0,"damage_taken":0.0,"cards_obtained":["Shade:OfferingToTheBeyond"]},{"damage_healed":0.0,"max_hp_gain":0.0,"max_hp_loss":0.0,"gold_gain":0.0,"event_name":"Lab","player_choice":"Got Potions","floor":21.0,"gold_loss":0.0,"damage_taken":0.0}],"is_beta":false,"boss_relics":[{"not_picked":["halation:CatFaceCupcake","halation:PlatinumPhoenix"],"picked":"RhineFirstAidKit"},{"not_picked":["halation:Risk","hubris:GrandSneckoEye"],"picked":"hubris:ScarierMask"}],"items_purged_floors":[25],"is_endless":false,"potions_floor_spawned":[4,8,14,16,18,30,33],"killed_by":"Jaw Worm Horde","ascension_level":0}}