{"host":"tzwikg9s6mkzv6w0","time":1612677056,"event":{"mods":["BaseMod","Good Game Mod","Minty Spire (QoL Compilation)","Spicy Shops","StSLib"],"gold_per_floor":[114,129,129,139,153,153,173,173,245,245,245,284,284,299,299,299,299],"floor_reached":16,"language":"ZHS","playtime":339,"items_purged":[],"score":133,"play_id":"973b5642-178e-4649-a958-a62b37212585","local_time":"20210207135056","is_ascension_mode":true,"campfire_choices":[{"data":"Skewer","floor":6.0,"key":"SMITH"},{"data":"Acrobatics","floor":11.0,"key":"SMITH"},{"floor":15,"key":"DIG"}],"circlet_count":0,"master_deck":["Strike_G","Strike_G","Strike_G","Strike_G","Strike_G","Defend_G","Defend_G","Defend_G","Defend_G","Defend_G","Survivor","Neutralize","Skewer+1","Acrobatics+1","Strike_G","Tools of the Trade","Blade Dance","Parasite"],"relics":["Ring of the Snake","REME:ComplimentaryCards","Shovel","Golden Idol","TungstenRod","Orichalcum"],"acts_visited":["Exordium"],"potions_floor_usage":[],"damage_taken":[{"damage":0.0,"enemies":"Jaw Worm","floor":1.0,"turns":5.0},{"damage":0.0,"enemies":"Small Slimes","floor":2.0,"turns":4.0},{"damage":3.0,"enemies":"Cultist","floor":4.0,"turns":4.0},{"damage":7.0,"enemies":"Gremlin Gang","floor":5.0,"turns":4.0},{"damage":12.0,"enemies":"Exordium Thugs","floor":7.0,"turns":5.0},{"damage":28.0,"enemies":"Gremlin Nob","floor":12.0,"turns":5.0},{"damage":10,"enemies":"Looter","floor":14,"turns":2},{"damage":31,"enemies":"Slime Boss","floor":16,"turns":3}],"seed_played":"-6768355047782587622","potions_obtained":[{"floor":2.0,"key":"SteroidPotion"},{"floor":4.0,"key":"FearPotion"},{"floor":7.0,"key":"Poison Potion"}],"is_trial":false,"path_per_floor":["M","M","?","M","M","R","M","?","T","?","R","E","?","M","R","B"],"character_chosen":"THE_SILENT","items_purchased":[],"campfire_rested":0,"item_purchase_floors":[],"current_hp_per_floor":[63,63,56,53,46,46,34,39,39,39,39,11,26,16,16,0,0],"gold":299,"neow_bonus":"ONE_RARE_RELIC","is_daily":false,"chose_seed":false,"campfire_upgraded":2,"win_rate":0.0,"timestamp":1612677056,"path_taken":["M","M","?","M","M","R","M","?","T","?","R","E","?","M","R","BOSS"],"items_purchased_type":[],"build_version":"2020-12-22","purchased_purges":0,"victory":false,"max_hp_per_floor":[63,63,63,63,63,63,63,68,68,63,63,63,63,63,63,63,63],"card_choices":[{"not_picked":["Crippling Poison","Backflip"],"picked":"Skewer","floor":1.0},{"not_picked":["Backflip","Slice"],"picked":"Acrobatics","floor":2.0},{"not_picked":["Deflect","Slice","Cloak And Dagger"],"picked":"SKIP","floor":4.0},{"not_picked":["Dash","Underhanded Strike","Infinite Blades"],"picked":"SKIP","floor":5.0},{"not_picked":["Acrobatics","Dagger Spray"],"picked":"Tools of the Trade","floor":7.0},{"not_picked":["Deadly Poison","Deflect"],"picked":"Blade Dance","floor":12.0},{"not_picked":["Caltrops","All Out Attack","Infinite Blades"],"picked":"SKIP","floor":14}],"player_experience":65085,"relics_obtained":[{"floor":12.0,"key":"TungstenRod"},{"floor":15,"key":"Orichalcum"}],"event_choices":[{"damage_healed":0.0,"max_hp_gain":5.0,"max_hp_loss":0.0,"gold_gain":0.0,"event_name":"Big Fish","player_choice":"Donut","floor":8.0,"gold_loss":0.0,"damage_taken":0.0},{"damage_healed":0.0,"max_hp_gain":0.0,"max_hp_loss":5.0,"gold_gain":0.0,"event_name":"Golden Idol","player_choice":"Lose Max HP","floor":10.0,"gold_loss":0.0,"damage_taken":0.0,"relics_obtained":["Golden Idol"]},{"damage_healed":15,"gold_gain":0,"player_choice":"Healed and dodged fight","damage_taken":0,"max_hp_gain":0,"max_hp_loss":0,"event_name":"Mushrooms","floor":13,"gold_loss":0,"cards_obtained":["Parasite"]}],"is_beta":false,"boss_relics":[],"items_purged_floors":[],"is_endless":false,"potions_floor_spawned":[2,4,7],"killed_by":"Slime Boss","ascension_level":6}}