{"host":"vlqejv0notyktumz","time":1612656733,"event":{"mods":["AchievementEnabler","BaseMod","Colored Map","Colored Powertips","Downfall","Googly Eyes","Minty Spire (QoL Compilation)","StSLib"],"gold_per_floor":[113,124,135,135,40,40,75,75,75,75,99,127,142,29,29,134,134,153,153,153,153,153,153,167,196,196,196,215,227,227,42,42,142,142,156,156,176,176,176],"floor_reached":38,"language":"ENG","playtime":964,"items_purged":["Defend_B","Strike_B"],"score":600,"play_id":"a7d31e47-998a-490d-9dde-1931b12abbdb","local_time":"20210206181213","is_ascension_mode":true,"campfire_choices":[{"data":"Redo","floor":6,"key":"SMITH"},{"floor":10,"key":"REST"},{"data":"Undo","floor":15,"key":"SMITH"},{"data":"Go for the Eyes","floor":23,"key":"SMITH"},{"floor":27,"key":"REST"},{"data":"Loop","floor":30,"key":"SMITH"},{"floor":32,"key":"REST"}],"circlet_count":0,"master_deck":["AscendersBane","Strike_B","Strike_B","Defend_B","Defend_B","Defend_B","Zap","Dualcast","Go for the Eyes+1","Undo+1","Redo+1","Ball Lightning","Loop+1","Sweeping Beam","Ball Lightning","Conserve Battery","Hologram","BootSequence","Echo Form","Auto Shields","BootSequence+1","Stack+1","Leap+1","Good Instincts","Biased Cognition","Glacier+1","Recycle"],"relics":["Cracked Core","Mercury Hourglass","Blue Candle","Gremlin Horn","MealTicket","Anchor","Inserter","Boot","Blood Vial","Black Star"],"acts_visited":["Exordium","TheCity","TheBeyond"],"potions_floor_usage":[7,13,18,38],"damage_taken":[{"damage":0,"enemies":"Cultist","floor":1,"turns":3},{"damage":4,"enemies":"Small Slimes","floor":2,"turns":4},{"damage":0,"enemies":"Jaw Worm","floor":3,"turns":3},{"damage":26,"enemies":"Gremlin Nob","floor":7,"turns":4},{"damage":20,"enemies":"3 Sentries","floor":12,"turns":5},{"damage":0,"enemies":"Blue Slaver","floor":13,"turns":2},{"damage":17,"enemies":"The Guardian","floor":16,"turns":12},{"damage":0,"enemies":"Spheric Guardian","floor":18,"turns":3},{"damage":10,"enemies":"Shell Parasite","floor":24,"turns":6},{"damage":39,"enemies":"Book of Stabbing","floor":25,"turns":7},{"damage":8,"enemies":"Snake Plant","floor":28,"turns":5},{"damage":14,"enemies":"Shelled Parasite and Fungi","floor":29,"turns":6},{"damage":42,"enemies":"Collector","floor":33,"turns":12},{"damage":50,"enemies":"3 Darklings","floor":35,"turns":7},{"damage":0,"enemies":"Orb Walker","floor":37,"turns":5},{"damage":70,"enemies":"Jaw Worm Horde","floor":38,"turns":3}],"seed_played":"-3590410916369229672","potions_obtained":[{"floor":1,"key":"FearPotion"},{"floor":12,"key":"Regen Potion"},{"floor":16,"key":"Explosive Potion"},{"floor":25,"key":"bronze:BurnAndBuffPotion"},{"floor":33,"key":"FocusPotion"},{"floor":35,"key":"champ:CounterPotion"}],"is_trial":false,"path_per_floor":["M","M","M","?","$","R","E","?","T","R","T","E","M","$","R","B",null,"M","$","?","?","?","R","M","E","T","R","M","M","R","$","R","B",null,"M","?","M","M"],"character_chosen":"DEFECT","items_purchased":["Loop","Sweeping Beam","BootSequence","Good Instincts"],"campfire_rested":3,"item_purchase_floors":[5,5,14,31],"current_hp_per_floor":[68,64,64,64,64,64,38,33,33,55,55,35,40,55,55,38,66,66,75,75,75,75,75,65,26,26,48,42,30,30,45,67,27,63,15,66,66,0,0],"gold":176,"neow_bonus":"THREE_CARDS","is_daily":false,"chose_seed":false,"campfire_upgraded":4,"win_rate":0.0,"timestamp":1612656733,"path_taken":["M","M","M","?","$","R","E","?","T","R","?","E","M","?","R","BOSS","M","$","?","?","?","R","M","E","T","R","M","M","R","$","R","BOSS","M","?","M","M"],"items_purchased_type":["Card","Card","Card","Card"],"build_version":"2020-12-22","purchased_purges":2,"victory":false,"max_hp_per_floor":[75,75,75,75,75,75,75,75,75,75,75,75,75,75,75,75,75,75,75,75,75,75,75,75,75,75,75,75,75,75,75,75,75,75,75,66,66,66,66],"card_choices":[{"not_picked":["Stack","Reprogram"],"picked":"Go for the Eyes","floor":0},{"not_picked":["Compile Driver","Sweeping Beam"],"picked":"Undo","floor":1},{"not_picked":["Rebound","Coolheaded"],"picked":"Redo","floor":2},{"not_picked":["Barrage","Streamline"],"picked":"Ball Lightning","floor":3},{"not_picked":["Compile Driver","Streamline"],"picked":"Ball Lightning","floor":7},{"not_picked":["Double Energy","Leap"],"picked":"Conserve Battery","floor":12},{"not_picked":["Go for the Eyes","Turbo"],"picked":"Hologram","floor":13},{"not_picked":["Biased Cognition","Seek"],"picked":"Echo Form","floor":16},{"not_picked":["Tempest","Compile Driver"],"picked":"Auto Shields","floor":18},{"not_picked":["Auto Shields+1","Double Energy"],"picked":"BootSequence+1","floor":24},{"not_picked":["Redo","Turbo+1"],"picked":"Stack+1","floor":25},{"not_picked":["Go for the Eyes","Loop"],"picked":"Leap+1","floor":28},{"not_picked":["Reprogram","Sweeping Beam+1","Blizzard"],"picked":"SKIP","floor":29},{"not_picked":["Amplify","Multi-Cast"],"picked":"Biased Cognition","floor":33},{"not_picked":["Streamline+1","Beam Cell+1"],"picked":"Glacier+1","floor":35},{"not_picked":["Hello World+1","Conserve Battery+1"],"picked":"Recycle","floor":37}],"player_experience":397531,"relics_obtained":[{"floor":7,"key":"Mercury Hourglass"},{"floor":9,"key":"Gremlin Horn"},{"floor":11,"key":"MealTicket"},{"floor":12,"key":"Anchor"},{"floor":25,"key":"Boot"},{"floor":26,"key":"Blood Vial"}],"event_choices":[{"cards_removed":["Strike_B"],"damage_healed":0,"gold_gain":0,"player_choice":"Forget","damage_taken":0,"max_hp_gain":0,"max_hp_loss":0,"event_name":"Living Wall","floor":4,"gold_loss":0},{"damage_healed":0,"gold_gain":0,"player_choice":"Ignored","damage_taken":0,"max_hp_gain":0,"max_hp_loss":0,"event_name":"Beggar","floor":20,"gold_loss":0},{"damage_healed":0,"gold_gain":0,"player_choice":"Ignored","damage_taken":0,"max_hp_gain":0,"max_hp_loss":0,"event_name":"Cursed Tome","floor":21,"gold_loss":0},{"damage_healed":0,"gold_gain":0,"player_choice":"Ignored","damage_taken":0,"max_hp_gain":0,"max_hp_loss":0,"event_name":"Ghosts","floor":22,"gold_loss":0},{"damage_healed":66,"gold_gain":0,"player_choice":"Heal","damage_taken":0,"max_hp_gain":0,"max_hp_loss":9,"event_name":"The Moai Head","floor":36,"gold_loss":0}],"is_beta":false,"boss_relics":[{"not_picked":["Fusion Hammer","SlaversCollar"],"picked":"Inserter"},{"not_picked":["Philosopher\u0027s Stone","SacredBark"],"picked":"Black Star"}],"items_purged_floors":[14,31],"is_endless":false,"potions_floor_spawned":[1,12,16,25,33,35],"killed_by":"Jaw Worm Horde","ascension_level":10}}