{"host":"9slw7l0ws16384qq","time":1612725644,"event":{"mods":["A Penny For Your Troubles","BaseMod","Colored Map","Downfall","Evolution","Hubris","Minty Spire (QoL Compilation)","Replay The Spire","StS++","StSLib"],"gold_per_floor":[99,111,111,111,111,176,176,209,209,229,254,254,304,68,88,185,185,185,195,245,262,362,375,375,496,562,592,148,159,209,236,246,246,246,246],"floor_reached":33,"language":"FRA","playtime":1323,"items_purged":["hexamod:Strike"],"score":384,"play_id":"5027d6f8-9a57-44ca-ae28-32e7de10c782","local_time":"20210207202044","is_ascension_mode":true,"campfire_choices":[{"data":"hexamod:Sear","floor":1.0,"key":"SMITH"},{"data":"hexamod:Defend","floor":9.0,"key":"SMITH"},{"data":"hexamod:Strike","floor":12.0,"key":"SMITH"},{"data":"hexamod:WildfireWeapon","floor":18.0,"key":"SMITH"}],"circlet_count":0,"master_deck":["hexamod:Strike+1","hexamod:Strike","hexamod:Strike","hexamod:Defend+1","hexamod:Defend+1","hexamod:Sear+1","hexamod:Float","hexamod:WildfireWeapon+1","hexamod:GhostLash+1","expansioncontent:QuickStudy"],"relics":["hexamod:SpiritBrand","EVO:Axolotl","downfall:ShatteredFragment","SsserpentHead","bronze:DecasWashers","Bronze Scales","Vajra","hexamod:BolsterEngine","Velvet Choker","MutagenicStrength","Oddly Smooth Stone","hubris:CrystalStatue","Bag of Preparation","Pear","Mercury Hourglass","Enchiridion","WingedGreaves"],"acts_visited":["Exordium","TheCity"],"potions_floor_usage":[33],"damage_taken":[{"damage":2.0,"enemies":"Jaw Worm","floor":2.0,"turns":3.0},{"damage":0.0,"enemies":"2 Louse","floor":6.0,"turns":3.0},{"damage":5.0,"enemies":"3 Sentries","floor":8.0,"turns":6.0},{"damage":0.0,"enemies":"Small Slimes","floor":10.0,"turns":3.0},{"damage":10.0,"enemies":"Lagavulin","floor":11.0,"turns":4.0},{"damage":0.0,"enemies":"downfall:FleeingMerchant","floor":14.0,"turns":4.0},{"damage":0.0,"enemies":"Gremlin Gang","floor":15.0,"turns":3.0},{"damage":23.0,"enemies":"DF_ARCHETYPE_STREAMLINE","floor":16.0,"turns":6.0},{"damage":1.0,"enemies":"Chosen","floor":19.0,"turns":3.0},{"damage":1.0,"enemies":"Chosen and Byrds","floor":21.0,"turns":3.0},{"damage":0.0,"enemies":"Centurion and Healer","floor":23.0,"turns":4.0},{"damage":0.0,"enemies":"Snake Plant","floor":26.0,"turns":2.0},{"damage":7,"enemies":"Book of Stabbing","floor":27,"turns":3},{"damage":6,"enemies":"downfall:FleeingMerchant","floor":28,"turns":4},{"damage":0,"enemies":"Chosen and Byrds","floor":29,"turns":2},{"damage":16,"enemies":"Gremlin Leader","floor":31,"turns":3},{"damage":0,"enemies":"3 Cultists","floor":32,"turns":3},{"damage":37,"enemies":"IC_MUSHROOM_ARCHETYPE","floor":33,"turns":5}],"seed_played":"7478665853095096292","potions_obtained":[{"floor":6.0,"key":"BlessingOfTheForge"},{"floor":10.0,"key":"SkillPotion"},{"floor":11.0,"key":"Explosive Potion"},{"floor":15.0,"key":"LiquidMemories"},{"floor":16.0,"key":"Elixir"},{"floor":19.0,"key":"Flashbang"}],"is_trial":false,"path_per_floor":["R","M","?","?","?","M","T","E","R","M","E","R","?","$","M","B",null,"R","M","?","M","T","M","T","?","M","E","$","M","?","E","M","B"],"character_chosen":"THE_SPIRIT","items_purchased":["hexamod:BolsterEngine","Mercury Hourglass","expansioncontent:QuickStudy"],"campfire_rested":0,"item_purchase_floors":[14,28,28],"current_hp_per_floor":[63,61,61,40,40,40,40,35,35,35,25,25,25,25,25,2,53,53,52,52,51,51,51,51,34,34,37,31,31,15,20,20,0,0,0],"gold":246,"neow_bonus":"REMOVE_CARD","is_daily":false,"chose_seed":false,"campfire_upgraded":4,"win_rate":0.0,"timestamp":1612725644,"path_taken":["R","M","?","?","?","?","T","E","R","M","E","R","?","$","M","BOSS","R","M","?","M","?","M","T","?","?","E","$","M","?","E","M","BOSS"],"items_purchased_type":["Relic","Relic","Card"],"build_version":"2020-12-22","purchased_purges":1,"victory":false,"max_hp_per_floor":[70,70,70,70,70,70,70,70,70,70,70,70,70,70,70,70,70,70,70,70,70,70,70,70,70,70,80,80,80,80,80,80,80,80,80],"card_choices":[{"not_picked":["hexamod:ThermalTransfer","hexamod:ShieldOfDarkness","hexamod:Hexaguard"],"picked":"SKIP","floor":2.0},{"not_picked":["hexamod:RetreatToShadows","hexamod:Haunt","hexamod:GhostOfSpireFuture"],"picked":"SKIP","floor":6.0},{"not_picked":["hexamod:FirstSeal","hexamod:Firestarter","hexamod:ThermalTransfer"],"picked":"SKIP","floor":8.0},{"not_picked":["hexamod:GhostOfSpireFuture","hexamod:SpectralAdrenaline","hexamod:EtherealExpedition"],"picked":"SKIP","floor":10.0},{"not_picked":["hexamod:SpectralAdrenaline","hexamod:ChargedBarrage","hexamod:UnlimitedPower"],"picked":"SKIP","floor":11.0},{"not_picked":["hexamod:ApocalypseNow","hexamod:SpectralAdrenaline","hexamod:InspiringFlames"],"picked":"SKIP","floor":14.0},{"not_picked":["hexamod:FourthSeal","hexamod:BacktrackSmack","hexamod:FastForward"],"picked":"SKIP","floor":15.0},{"not_picked":["hexamod:ForkedFlame","hexamod:VolcanoVisage"],"picked":"hexamod:WildfireWeapon","floor":16.0},{"not_picked":["hexamod:EmpoweredFlame","hexamod:PhantomFireball","hexamod:RetreatToShadows"],"picked":"SKIP","floor":19.0},{"not_picked":["hexamod:SpectralSpark+1","hexamod:HauntingEcho","hexamod:GhostShield"],"picked":"SKIP","floor":21.0},{"not_picked":["hexamod:ShieldOfDarkness","hexamod:Incineration+1"],"picked":"hexamod:GhostLash+1","floor":23.0},{"not_picked":["hexamod:BurningTouch","hexamod:Firestarter","hexamod:RainOfEmbers"],"picked":"SKIP","floor":26.0},{"not_picked":["hexamod:Hexaguard","hexamod:ChargedBarrage+1","hexamod:SpectralAdrenaline"],"picked":"SKIP","floor":27},{"not_picked":["hexamod:AdvancingGuard","hexamod:ChargedBarrage","hexamod:Again+1"],"picked":"SKIP","floor":28},{"not_picked":["hexamod:ChargedBarrage","hexamod:PhantomFireball","hexamod:BurningTouch"],"picked":"SKIP","floor":29},{"not_picked":["hexamod:NightmareStrike","hexamod:HauntingEcho+1","hexamod:ThermalTransfer"],"picked":"SKIP","floor":31},{"not_picked":["hexamod:Firestarter","hexamod:ThirdSeal","hexamod:Incineration"],"picked":"SKIP","floor":32}],"player_experience":1664427,"relics_obtained":[{"floor":7.0,"key":"bronze:DecasWashers"},{"floor":8.0,"key":"Bronze Scales"},{"floor":11.0,"key":"Vajra"},{"floor":22.0,"key":"Oddly Smooth Stone"},{"floor":24.0,"key":"hubris:CrystalStatue"},{"floor":25.0,"key":"Bag of Preparation"},{"floor":27,"key":"Pear"},{"floor":30,"key":"Enchiridion"},{"floor":31,"key":"WingedGreaves"}],"event_choices":[{"damage_healed":0.0,"max_hp_gain":0.0,"max_hp_loss":0.0,"gold_gain":0.0,"event_name":"FaceTrader","player_choice":"Trade","floor":5.0,"gold_loss":0.0,"damage_taken":0.0,"relics_obtained":["SsserpentHead"]},{"cards_removed":["hexamod:Defend"],"damage_healed":0.0,"max_hp_gain":0.0,"max_hp_loss":0.0,"gold_gain":0.0,"event_name":"Living Wall","player_choice":"Forget","floor":13.0,"gold_loss":0.0,"damage_taken":0.0},{"damage_healed":0.0,"max_hp_gain":0.0,"max_hp_loss":0.0,"gold_gain":0.0,"event_name":"Drug Dealer","player_choice":"Inject Mutagens","floor":20.0,"gold_loss":0.0,"damage_taken":0.0,"relics_obtained":["MutagenicStrength"]}],"is_beta":false,"boss_relics":[{"not_picked":["SacredBark","StSpp:Balance"],"picked":"Velvet Choker"}],"items_purged_floors":[14],"is_endless":false,"potions_floor_spawned":[6,10,11,15,16,19,26,29,32],"killed_by":"IC_MUSHROOM_ARCHETYPE","ascension_level":6}}