{"host":"avq773cl9g5msfol","time":1612724505,"event":{"mods":["100% Spire Juice","AchievementEnabler","Act Like it!","Ascension Unlocker","Aspiration","Astrologer","Bard","Bartender","BaseMod","Better Altar","Better Third Choice","BetterRewards","CapriCore","ChefMod","Colored Map","Colored Powertips","Conspire","Dio Mod","Downfall","Elementarium","Energized Spire","Gensokyo","GifTheSpireLib","Hallownest","Hermit","Highlight Path","Hubris","Humility","Infinite Spire","Jorbs\u0027s Wanderer Trilogy","Koishi","Magitek Elite","Marisa????????","Marked Mod","Menagerie","Minty Spire (QoL Compilation)","Pale of the Ancients","Potionbrewer","Quarter Circle Forward PUNCH!","Rare Cards Sparkle","Reimu??????","Relic Stats","Reliquary","Remilia??????","Replay The Spire","Robot Space Explorer","SacredBarkPlus","Shade Mod","Somnambulant","Spicy Shops","Spire Arcade","StSLib","The Administrix","The Animator","The Blue Laboratory","The Bug Knight","The Construct","The Cursed","The Disciple","The Dragon Tamer","The Exalted","The Hayseed","The Hierophant","The Hydrologist","The Immortal","The Marked","The Mystic","The Problem Sleuth","The Runesmith","The Senshi","The Vixen","The Wild Card","TheFirefly","Wandering Minibosses","Wide Potions","vexMod"],"gold_per_floor":[119,119,135,135,135,158,199,214,268,286,310,331,349,382,382,475,475,488,504,504,504,504,538,557,577,577,620,315,315,315,351,351,446,446,462,485,485,485,503,503,534,198,198,218,218,261,261,286,286,286,286],"floor_reached":52,"language":"ENG","playtime":2948,"items_purged":["TheSimpletonMod:Mulch+1"],"score":3038,"play_id":"952250dc-66bb-4e62-8d9c-4ffbd2378544","local_time":"20210208020145","is_ascension_mode":true,"campfire_choices":[{"floor":15.0,"key":"REST"},{"data":"TheSimpletonMod:VineRipen","floor":15.0,"key":"SMITH"},{"floor":30.0,"key":"REST"},{"data":"TheSimpletonMod:ReapAndSow","floor":30.0,"key":"SMITH"},{"floor":32.0,"key":"REST"},{"data":"TheSimpletonMod:Rake","floor":32.0,"key":"SMITH"},{"floor":40.0,"key":"DIG"}],"circlet_count":0,"master_deck":["AscendersBane","TheSimpletonMod:Haymaker+1","TheSimpletonMod:ReapAndSow+1","TheSimpletonMod:Onions+1","TheSimpletonMod:DoubleBarrel+1","TheSimpletonMod:Germinate+1","TheSimpletonMod:CropRotation+1","TheSimpletonMod:BumperCrop+1","TheSimpletonMod:DesperatePlunge+1","TheSimpletonMod:Fecundity+1","TheSimpletonMod:Aerate+1","TheSimpletonMod:SeedCoat+1","TheSimpletonMod:PestManagement+1","TheSimpletonMod:Sunseed+1","TheSimpletonMod:RootDown+1","Sadistic Nature+1","TheSimpletonMod:Coffee+1","TheSimpletonMod:SpiceUp+1","TheSimpletonMod:Swelter+1","Master of Strategy+1","TheSimpletonMod:Rake+1","TheSimpletonMod:VineRipen+1","TheSimpletonMod:DoubleDigging+1","TheSimpletonMod:CropDiversity+1","TheSimpletonMod:Surplus+1","TheSimpletonMod:Biorefinement+1","TheSimpletonMod:Spinach+1","Madness+1","Mayhem+1","TheSimpletonMod:TakeHeart+1","TheSimpletonMod:HitTheSack+1","TheSimpletonMod:FlashPasteurize+1","Gensokyo:LittleGreenMen","TheSimpletonMod:Sunseed+1","TheSimpletonMod:BuzzBomb+1"],"relics":["TheSimpletonMod:SpudOfTheInnocent","TheSimpletonMod:NightSoil","TheSimpletonMod:TheHarvester","Membership Card","Golden Egg","Quantum Egg","hubris:SlimyHat","aspiration:HatOfInfinitePower","qcfpunch:Wrestler\u0027s_Cloak","Replay:Kaleidoscope","Shovel","vexMod:HeadHunter","OrangePellets","Golden Idol","hubris:CuriousFeather","infinitespire:Magic Flask","wanderingMiniBosses:AbyssPearl","RuthlessExorcism:ReiMu","expansioncontent:StudyCardRelic","aspiration:SecretTechniqueScroll","aspiration:RitualStick","InkBottle","Protect_Vest","construct:FoamFinger","hubris:FunFungus","vexMod:TanglingVine","Blue Candle","Tintinnabulum","Bromod:ArcanePulse","Chemical X","qcfpunch:Broken_Tusk","Frozen Egg 2"],"acts_visited":["Exordium","TheCity","Gensokyo:Gensokyoest"],"potions_floor_usage":[],"damage_taken":[{"damage":0.0,"enemies":"Small Slimes","floor":1.0,"turns":3.0},{"damage":0.0,"enemies":"2 Louse","floor":3.0,"turns":2.0},{"damage":4.0,"enemies":"Jaw Worm","floor":6.0,"turns":2.0},{"damage":2.0,"enemies":"conspire:MimicChest","floor":7.0,"turns":3.0},{"damage":0.0,"enemies":"3 Louse","floor":8.0,"turns":3.0},{"damage":16.0,"enemies":"Looter","floor":10.0,"turns":5.0},{"damage":6.0,"enemies":"Exordium Wildlife","floor":11.0,"turns":3.0},{"damage":8.0,"enemies":"Gremlin Gang","floor":12.0,"turns":4.0},{"damage":0.0,"enemies":"Blue Slaver","floor":13.0,"turns":2.0},{"damage":0.0,"enemies":"Gremlin Nob","floor":14.0,"turns":3.0},{"damage":5.0,"enemies":"The Guardian","floor":16.0,"turns":5.0},{"damage":0.0,"enemies":"Chosen","floor":18.0,"turns":3.0},{"damage":13.0,"enemies":"Snake Plant","floor":19.0,"turns":2.0},{"damage":2.0,"enemies":"Slavers","floor":23.0,"turns":2.0},{"damage":0.0,"enemies":"conspire:HollyBat","floor":24.0,"turns":5.0},{"damage":0.0,"enemies":"Centurion and Healer","floor":25.0,"turns":2.0},{"damage":0.0,"enemies":"Nightmare","floor":27.0,"turns":5.0},{"damage":0.0,"enemies":"conspire:Head Lice","floor":31.0,"turns":1.0},{"damage":2.0,"enemies":"Automaton","floor":33.0,"turns":2.0},{"damage":0.0,"enemies":"Gensokyo:AncientGuardian","floor":35.0,"turns":2.0},{"damage":0.0,"enemies":"Gensokyo:3_Bats","floor":36.0,"turns":2.0},{"damage":0.0,"enemies":"Gensokyo:AtlasGolem","floor":39.0,"turns":2.0},{"damage":0.0,"enemies":"Gensokyo:Marisa","floor":41.0,"turns":2.0},{"damage":0,"enemies":"Gensokyo:SeedOfUnknown","floor":44,"turns":1},{"damage":0,"enemies":"Gensokyo:Kasen","floor":46,"turns":3},{"damage":0,"enemies":"Gensokyo:Rafflesia","floor":48,"turns":2},{"damage":0,"enemies":"Gensokyo:Shinki","floor":50,"turns":5},{"damage":0,"enemies":"Gensokyo:Yuyuko","floor":51,"turns":1}],"seed_played":"1584800512736452311","potions_obtained":[{"floor":2.0,"key":"potionbrewer:BlacksmithPotion"},{"floor":6.0,"key":"GrandPatriotsElixir:ReiMu"},{"floor":11.0,"key":"blueLaboratory:ArtificerPotion"},{"floor":23.0,"key":"FearPotion"},{"floor":24.0,"key":"Adrenaline Potion"},{"floor":44,"key":"blueLaboratory:ImpenetrablePotion"}],"is_trial":false,"path_per_floor":["M","?","M","?","T","M","?","M","T","M","M","M","M","E","R","B",null,"M","M","AVR","?","?","E","M","M","T","NM","$","?","R","E","R","B",null,"M","M","?","?","M","R","E","COS","T","M","?","E","AVR","M","R_BF","B","B",null],"character_chosen":"THE_SIMPLETON","items_purchased":["Membership Card","hubris:SlimyHat","TheSimpletonMod:Aerate","TheSimpletonMod:SeedCoat","TheSimpletonMod:PestManagement","TheSimpletonMod:Sunseed","TheSimpletonMod:RootDown","aspiration:HatOfInfinitePower","qcfpunch:Wrestler\u0027s_Cloak","Sadistic Nature","TheSimpletonMod:Coffee","TheSimpletonMod:SpiceUp","TheSimpletonMod:Swelter","Replay:Kaleidoscope","Shovel","vexMod:HeadHunter","OrangePellets","Master of Strategy","Madness","Mayhem","construct:FoamFinger"],"campfire_rested":3,"item_purchase_floors":[0,0,0,0,0,0,0,0,0,0,0,0,0,0,0,0,0,0,28,28,28],"current_hp_per_floor":[64,64,64,40,40,36,40,40,40,30,24,16,22,22,43,38,63,63,56,56,38,17,30,30,36,36,42,42,42,63,63,71,69,71,71,71,66,70,71,71,71,71,71,71,71,71,71,71,71,71,71],"gold":286,"neow_bonus":"","is_daily":false,"chose_seed":false,"campfire_upgraded":3,"win_rate":0.0,"timestamp":1612724505,"path_taken":["M","?","M","?","?","M","?","M","T","?","?","M","M","E","R","BOSS","M","M","AVR","?","?","E","M","M","T","NM","?","?","R","E","R","BOSS","M","M","?","?","?","R","E","COS","T","M","?","E","AVR","?","R_BF","BOSS","BOSS"],"items_purchased_type":["Relic","Relic","Card","Card","Card","Card","Card","Relic","Relic","Card","Card","Card","Card","Relic","Relic","Relic","Relic","Card","Card","Card","Relic"],"build_version":"2020-12-22","purchased_purges":1,"victory":true,"max_hp_per_floor":[71,71,71,71,71,71,71,71,71,71,71,71,71,71,71,71,71,71,71,71,71,71,71,71,71,71,71,71,71,71,71,71,71,71,71,71,71,71,71,71,71,71,71,71,71,71,71,71,71,71,71],"relic_stats":{"OrangePellets":[25],"Shovel":1,"counters":[127,385],"Golden Idol":189,"Blue Candle":[5],"Chemical X":[56],"obtain_stats":[{"Golden Egg":0,"ScarletDevilRocket":34,"construct:FoamFinger":28,"downfall:HeartBlessingGreen":46,"vexMod:TanglingVine":34,"Bottled Tornado":0,"aspiration:RitualStick":19,"reliquary:FerryPass":0,"Replay:Bronze Core":17,"hydrologistmod:LoyalBoomerang":0,"TheSimpletonMod:NightSoil":0,"construct:RocketBooster":0,"Hallownest:SoulVesselRelic":38,"Blue Candle":43,"HollowMod:JonisBlessing":0,"hubris:SphereOfDissonance":0,"Pen Nib":38,"reliquary:WeakTea":53,"infinitespire:Magic Flask":7,"DemoMod:GundromedaStrain":0,"Elementarium:ElementariumTrophy":33,"qcfpunch:Broken_Tusk":43,"Tintinnabulum":40,"Pandora\u0027s Box":0,"qcfpunch:Spiky_Bracers":26,"reliquary:SilkGlove":26,"Torii":41,"RobotSpaceExplorer:PlasmaHourglass":0,"hydrologistmod:TwinBlades":0,"Bromod:ArcanePistoleer":0,"wanderingMiniBosses:AbyssPearl":18,"Mythril_Glove":7,"Ancient Tea Set":6,"Cursed Key":17,"White_Cape":37,"Power_Wrist":26,"Smiling Mask":8,"Pet Ghost":23,"qcfpunch:Crimson_Sash":34,"Cleaning_Rag":52,"Shovel":0,"hydrologistmod:PreciousNecklace":0,"Toolbox":26,"hydrologistmod:WaterPouch":0,"hubris:CuriousFeather":5,"hubris:FunFungus":31,"energizedSpire:HugeHouse":34,"Chemical X":0,"InkBottle":23,"Runesmith:Nanobots":47,"downfall:HeartBlessingRed":46,"Golden Idol":4,"qcfpunch:Black_Training_Shirt":40,"Thread and Needle":0,"aspiration:RandomNobGenerator":34,"Protect_Vest":26,"infinitespire:CheckeredPen":42,"reliquary:RosewoodLute":0,"hubris:Towel":21,"energizedSpire:SpiderWeb":34,"Frozen Egg 2":46,"MawBank":28,"PureWhite:ReiMu":14,"Bromod:ArcaneDeflection":0,"Elementarium:FlickeringLantern":28,"Ice Cream":0,"Bromod:ArcaneUltimatum":24,"hydrologistmod:GliderStaff":0,"Bromod:ArcanePulse":41,"ZunR:ReiMu":20,"DemoMod:GlassGuonStoneRelic":1,"TheSimpletonMod:TheHarvester":0,"Mastiff:ReiMu":44,"Strawberry":43,"qcfpunch:Handcuffs":41,"qcfpunch:Chain_With_Nametags":0,"wanderingMiniBosses:MasterThiefsPresence":2,"Replay:Kaleidoscope":0,"Du-Vu Doll":0,"OrangePellets":0,"conspire:GiftBox":20,"ReplayTheSpireMod:Shallot":10,"Shuriken":12,"hubris:PeanutButter":24,"ReplayTheSpireMod:TigerMarble":0,"reliquary:WritOfMandamus":17,"aspiration:HatOfInfinitePower":0,"theSenshi:SuperSailorFukuRelic":0,"reliquary:Boomerang":23,"Gensokyo:NagashiBinaDoll":4,"Incense Burner":0,"Hallownest:DreamNailRelic":3,"Juzu Bracelet":17,"hubris:SlimyHat":0,"expansioncontent:StudyCardRelic":17,"ClockworkSouvenir":0,"hydrologistmod:CursedCabbage":23,"downfall:HeartBlessingBlue":46,"Genji_Glove":0,"qcfpunch:Wrestler\u0027s_Cloak":0,"TheSimpletonMod:SpudOfTheInnocent":0,"Bromod:ArcaneGuardian":14,"hexamod:CandleOfCauterizing":0,"Replay:Towering Pillar of Hats":0,"aspiration:FetidBarrel":0,"Quantum Egg":0,"hydrologistmod:DiscardedSole":0,"RobotSpaceExplorer:RoboCore":0,"Replay:WaspNest":30,"aspiration:SecretTechniqueScroll":40,"Mercury Hourglass":9,"Strange Spoon":20,"Pondfish Scales":0,"Anchor":31,"reliquary:RedPaperclip":17,"wanderingMiniBosses:CarrionFlame":18,"vexMod:HeadHunter":0,"reliquary:Stiletto":0,"qcfpunch:Red_Headband":0,"Membership Card":0,"potionbrewer:Keyblade":0,"FossilizedHelix":0,"RuthlessExorcism:ReiMu":14},{"Golden Egg":0,"ScarletDevilRocket":44,"construct:FoamFinger":116,"downfall:HeartBlessingGreen":94,"vexMod:TanglingVine":118,"Bottled Tornado":70,"aspiration:RitualStick":12,"reliquary:FerryPass":46,"Replay:Bronze Core":36,"hydrologistmod:LoyalBoomerang":46,"TheSimpletonMod:NightSoil":99,"construct:RocketBooster":29,"Hallownest:SoulVesselRelic":21,"Blue Candle":93,"HollowMod:JonisBlessing":29,"hubris:SphereOfDissonance":46,"Pen Nib":62,"reliquary:WeakTea":97,"infinitespire:Magic Flask":103,"DemoMod:GundromedaStrain":0,"Elementarium:ElementariumTrophy":60,"qcfpunch:Broken_Tusk":122,"Tintinnabulum":121,"Pandora\u0027s Box":0,"qcfpunch:Spiky_Bracers":58,"reliquary:SilkGlove":15,"Torii":92,"RobotSpaceExplorer:PlasmaHourglass":0,"hydrologistmod:TwinBlades":70,"Bromod:ArcanePistoleer":0,"wanderingMiniBosses:AbyssPearl":12,"Mythril_Glove":32,"Ancient Tea Set":5,"Cursed Key":11,"White_Cape":21,"Power_Wrist":41,"Smiling Mask":75,"Pet Ghost":13,"qcfpunch:Crimson_Sash":44,"Cleaning_Rag":97,"Shovel":99,"hydrologistmod:PreciousNecklace":29,"Toolbox":85,"hydrologistmod:WaterPouch":29,"hubris:CuriousFeather":101,"hubris:FunFungus":117,"energizedSpire:HugeHouse":60,"Chemical X":29,"InkBottle":113,"Runesmith:Nanobots":69,"downfall:HeartBlessingRed":94,"Golden Idol":101,"qcfpunch:Black_Training_Shirt":92,"Thread and Needle":29,"aspiration:RandomNobGenerator":19,"Protect_Vest":115,"infinitespire:CheckeredPen":65,"reliquary:RosewoodLute":29,"hubris:Towel":55,"energizedSpire:SpiderWeb":90,"Frozen Egg 2":124,"MawBank":87,"PureWhite:ReiMu":53,"Bromod:ArcaneDeflection":29,"Elementarium:FlickeringLantern":59,"Ice Cream":29,"Bromod:ArcaneUltimatum":84,"hydrologistmod:GliderStaff":70,"Bromod:ArcanePulse":122,"ZunR:ReiMu":12,"DemoMod:GlassGuonStoneRelic":1,"TheSimpletonMod:TheHarvester":99,"Mastiff:ReiMu":66,"Strawberry":65,"qcfpunch:Handcuffs":23,"qcfpunch:Chain_With_Nametags":29,"wanderingMiniBosses:MasterThiefsPresence":71,"Replay:Kaleidoscope":99,"Du-Vu Doll":46,"OrangePellets":0,"conspire:GiftBox":55,"ReplayTheSpireMod:Shallot":8,"Shuriken":78,"hubris:PeanutButter":40,"ReplayTheSpireMod:TigerMarble":70,"reliquary:WritOfMandamus":82,"aspiration:HatOfInfinitePower":99,"theSenshi:SuperSailorFukuRelic":0,"reliquary:Boomerang":57,"Gensokyo:NagashiBinaDoll":31,"Incense Burner":46,"Hallownest:DreamNailRelic":47,"Juzu Bracelet":54,"hubris:SlimyHat":99,"expansioncontent:StudyCardRelic":110,"ClockworkSouvenir":29,"hydrologistmod:CursedCabbage":40,"downfall:HeartBlessingBlue":94,"Genji_Glove":46,"qcfpunch:Wrestler\u0027s_Cloak":29,"TheSimpletonMod:SpudOfTheInnocent":99,"Bromod:ArcaneGuardian":10,"hexamod:CandleOfCauterizing":46,"Replay:Towering Pillar of Hats":70,"aspiration:FetidBarrel":46,"Quantum Egg":0,"hydrologistmod:DiscardedSole":46,"RobotSpaceExplorer:RoboCore":0,"Replay:WaspNest":88,"aspiration:SecretTechniqueScroll":92,"Mercury Hourglass":76,"Strange Spoon":83,"Pondfish Scales":29,"Anchor":59,"reliquary:RedPaperclip":54,"wanderingMiniBosses:CarrionFlame":37,"vexMod:HeadHunter":0,"reliquary:Stiletto":46,"qcfpunch:Red_Headband":0,"Membership Card":0,"potionbrewer:Keyblade":46,"FossilizedHelix":70,"RuthlessExorcism:ReiMu":109},{"Golden Egg":0,"ScarletDevilRocket":136,"construct:FoamFinger":362,"downfall:HeartBlessingGreen":286,"vexMod:TanglingVine":365,"Bottled Tornado":209,"aspiration:RitualStick":31,"reliquary:FerryPass":145,"Replay:Bronze Core":106,"hydrologistmod:LoyalBoomerang":145,"TheSimpletonMod:NightSoil":310,"construct:RocketBooster":80,"Hallownest:SoulVesselRelic":58,"Blue Candle":285,"HollowMod:JonisBlessing":80,"hubris:SphereOfDissonance":145,"Pen Nib":195,"reliquary:WeakTea":297,"infinitespire:Magic Flask":319,"DemoMod:GundromedaStrain":0,"Elementarium:ElementariumTrophy":191,"qcfpunch:Broken_Tusk":373,"Tintinnabulum":371,"Pandora\u0027s Box":0,"qcfpunch:Spiky_Bracers":183,"reliquary:SilkGlove":41,"Torii":282,"RobotSpaceExplorer:PlasmaHourglass":0,"hydrologistmod:TwinBlades":209,"Bromod:ArcanePistoleer":0,"wanderingMiniBosses:AbyssPearl":31,"Mythril_Glove":87,"Ancient Tea Set":12,"Cursed Key":28,"White_Cape":58,"Power_Wrist":126,"Smiling Mask":229,"Pet Ghost":34,"qcfpunch:Crimson_Sash":136,"Cleaning_Rag":297,"Shovel":310,"hydrologistmod:PreciousNecklace":80,"Toolbox":265,"hydrologistmod:WaterPouch":80,"hubris:CuriousFeather":315,"hubris:FunFungus":363,"energizedSpire:HugeHouse":191,"Chemical X":80,"InkBottle":350,"Runesmith:Nanobots":207,"downfall:HeartBlessingRed":286,"Golden Idol":315,"qcfpunch:Black_Training_Shirt":282,"Thread and Needle":80,"aspiration:RandomNobGenerator":54,"Protect_Vest":357,"infinitespire:CheckeredPen":200,"reliquary:RosewoodLute":80,"hubris:Towel":172,"energizedSpire:SpiderWeb":279,"Frozen Egg 2":377,"MawBank":268,"PureWhite:ReiMu":163,"Bromod:ArcaneDeflection":80,"Elementarium:FlickeringLantern":186,"Ice Cream":80,"Bromod:ArcaneUltimatum":259,"hydrologistmod:GliderStaff":209,"Bromod:ArcanePulse":373,"ZunR:ReiMu":31,"DemoMod:GlassGuonStoneRelic":2,"TheSimpletonMod:TheHarvester":310,"Mastiff:ReiMu":202,"Strawberry":200,"qcfpunch:Handcuffs":62,"qcfpunch:Chain_With_Nametags":80,"wanderingMiniBosses:MasterThiefsPresence":214,"Replay:Kaleidoscope":310,"Du-Vu Doll":145,"OrangePellets":0,"conspire:GiftBox":172,"ReplayTheSpireMod:Shallot":19,"Shuriken":239,"hubris:PeanutButter":123,"ReplayTheSpireMod:TigerMarble":209,"reliquary:WritOfMandamus":251,"aspiration:HatOfInfinitePower":310,"theSenshi:SuperSailorFukuRelic":0,"reliquary:Boomerang":179,"Gensokyo:NagashiBinaDoll":84,"Incense Burner":145,"Hallownest:DreamNailRelic":148,"Juzu Bracelet":170,"hubris:SlimyHat":310,"expansioncontent:StudyCardRelic":343,"ClockworkSouvenir":80,"hydrologistmod:CursedCabbage":123,"downfall:HeartBlessingBlue":286,"Genji_Glove":145,"qcfpunch:Wrestler\u0027s_Cloak":80,"TheSimpletonMod:SpudOfTheInnocent":310,"Bromod:ArcaneGuardian":25,"hexamod:CandleOfCauterizing":145,"Replay:Towering Pillar of Hats":209,"aspiration:FetidBarrel":145,"Quantum Egg":0,"hydrologistmod:DiscardedSole":145,"RobotSpaceExplorer:RoboCore":0,"Replay:WaspNest":270,"aspiration:SecretTechniqueScroll":282,"Mercury Hourglass":230,"Strange Spoon":252,"Pondfish Scales":80,"Anchor":186,"reliquary:RedPaperclip":170,"wanderingMiniBosses:CarrionFlame":113,"vexMod:HeadHunter":0,"reliquary:Stiletto":145,"qcfpunch:Red_Headband":0,"Membership Card":0,"potionbrewer:Keyblade":145,"FossilizedHelix":209,"RuthlessExorcism:ReiMu":338}],"aspiration:RitualStick":[0],"InkBottle":[38]},"card_choices":[{"not_picked":["TheSimpletonMod:SlashAndBurn","TheSimpletonMod:SpiceUp","TheSimpletonMod:Rototilling"],"picked":"SKIP","floor":1.0},{"not_picked":["TheSimpletonMod:KeenEdge","TheSimpletonMod:VineRipen"],"picked":"TheSimpletonMod:Rake","floor":3.0},{"not_picked":["TheSimpletonMod:VineRipen","TheSimpletonMod:StockTheCellar","TheSimpletonMod:SeedCoat"],"picked":"SKIP","floor":6.0},{"not_picked":["TheSimpletonMod:DigIn","TheSimpletonMod:Sunseed","TheSimpletonMod:StockTheCellar"],"picked":"SKIP","floor":8.0},{"not_picked":["TheSimpletonMod:Thresh","TheSimpletonMod:GoToMarket","TheSimpletonMod:DesperatePlunge"],"picked":"SKIP","floor":10.0},{"not_picked":["TheSimpletonMod:DigIn","TheSimpletonMod:BumperCrop","TheSimpletonMod:PestManagement"],"picked":"SKIP","floor":11.0},{"not_picked":["TheSimpletonMod:PestManagement","TheSimpletonMod:RootDown","TheSimpletonMod:DoubleBarrel"],"picked":"SKIP","floor":12.0},{"not_picked":["TheSimpletonMod:Pruning","TheSimpletonMod:ToughenUp"],"picked":"TheSimpletonMod:VineRipen","floor":13.0},{"not_picked":["TheSimpletonMod:DesperatePlunge","TheSimpletonMod:HitTheSack"],"picked":"TheSimpletonMod:DoubleDigging","floor":14.0},{"not_picked":["TheSimpletonMod:SoilSample","TheSimpletonMod:CloseScrape"],"picked":"TheSimpletonMod:CropDiversity","floor":14.0},{"not_picked":["TheSimpletonMod:CropDiversity","TheSimpletonMod:Photosynthesis"],"picked":"TheSimpletonMod:Surplus","floor":16.0},{"not_picked":["TheSimpletonMod:Pruning","TheSimpletonMod:BumperCrop+1","TheSimpletonMod:KeenEdge"],"picked":"SKIP","floor":18.0},{"not_picked":["TheSimpletonMod:StockTheCellar","TheSimpletonMod:CullingStrike","TheSimpletonMod:DigIn"],"picked":"SKIP","floor":19.0},{"not_picked":["TheSimpletonMod:DoubleDigging","TheSimpletonMod:Surplus"],"picked":"TheSimpletonMod:Biorefinement","floor":23.0},{"not_picked":["TheSimpletonMod:Innovate","TheSimpletonMod:Fertilaser","TheSimpletonMod:Squash"],"picked":"SKIP","floor":23.0},{"not_picked":["TheSimpletonMod:Aerate+1","TheSimpletonMod:SoilSample+1","TheSimpletonMod:CloseScrape"],"picked":"SKIP","floor":24.0},{"not_picked":["TheSimpletonMod:PestManagement","TheSimpletonMod:BumperCrop","TheSimpletonMod:SpiceUp"],"picked":"SKIP","floor":25.0},{"not_picked":["TheSimpletonMod:FanTheFlames","TheSimpletonMod:Barnstorm"],"picked":"TheSimpletonMod:Spinach","floor":27.0},{"not_picked":["TheSimpletonMod:SpiceUp","TheSimpletonMod:RootDown","TheSimpletonMod:Thresh"],"picked":"SKIP","floor":27.0},{"not_picked":["TheSimpletonMod:ErosionControl","TheSimpletonMod:Surplus"],"picked":"TheSimpletonMod:TakeHeart","floor":31.0},{"not_picked":["TheSimpletonMod:Coffee","TheSimpletonMod:ToughenUp","TheSimpletonMod:SlashAndBurn"],"picked":"SKIP","floor":31.0},{"not_picked":["TheSimpletonMod:TakeHeart","TheSimpletonMod:Surplus"],"picked":"TheSimpletonMod:HitTheSack","floor":33.0},{"not_picked":["TheSimpletonMod:SlashAndBurn","TheSimpletonMod:GoToMarket","TheSimpletonMod:Pruning+1"],"picked":"SKIP","floor":35.0},{"not_picked":["TheSimpletonMod:DigIn","TheSimpletonMod:CropRotation","TheSimpletonMod:BumperCrop"],"picked":"SKIP","floor":36.0},{"not_picked":["TheSimpletonMod:ToughenUp","TheSimpletonMod:Pruning+1","TheSimpletonMod:DigIn"],"picked":"SKIP","floor":39.0},{"not_picked":["TheSimpletonMod:HitTheSack","TheSimpletonMod:Photosynthesis"],"picked":"TheSimpletonMod:FlashPasteurize","floor":41.0},{"not_picked":["TheSimpletonMod:CropRotation","TheSimpletonMod:Thresh","TheSimpletonMod:SeedCoat"],"picked":"SKIP","floor":41.0},{"not_picked":["TheSimpletonMod:Germinate","TheSimpletonMod:KeenEdge+1"],"picked":"TheSimpletonMod:Sunseed+1","floor":44},{"not_picked":["TheSimpletonMod:Photosynthesis+1","TheSimpletonMod:DesperatePlunge"],"picked":"TheSimpletonMod:BuzzBomb","floor":46},{"not_picked":["TheSimpletonMod:Pruning","TheSimpletonMod:DoubleBarrel","TheSimpletonMod:PestManagement"],"picked":"SKIP","floor":46},{"not_picked":["TheSimpletonMod:BumperCrop","TheSimpletonMod:Coffee+1","TheSimpletonMod:SeedCoat"],"picked":"SKIP","floor":48}],"player_experience":1433059,"relics_obtained":[{"floor":5.0,"key":"hubris:CuriousFeather"},{"floor":7.0,"key":"infinitespire:Magic Flask"},{"floor":10.0,"key":"wanderingMiniBosses:AbyssPearl"},{"floor":14.0,"key":"RuthlessExorcism:ReiMu"},{"floor":23.0,"key":"InkBottle"},{"floor":26.0,"key":"Protect_Vest"},{"floor":31.0,"key":"hubris:FunFungus"},{"floor":40.0,"key":"Tintinnabulum"},{"floor":41.0,"key":"Bromod:ArcanePulse"},{"floor":43.0,"key":"qcfpunch:Broken_Tusk"},{"floor":46,"key":"Frozen Egg 2"}],"event_choices":[{"damage_healed":0.0,"max_hp_gain":0.0,"max_hp_loss":0.0,"gold_gain":0.0,"event_name":"Golden Idol","player_choice":"Take Damage","floor":4.0,"gold_loss":0.0,"damage_taken":24.0,"relics_obtained":["Golden Idol"]},{"damage_healed":0.0,"max_hp_gain":38.0,"max_hp_loss":17.0,"gold_gain":0.0,"event_name":"betterAltar:BetterAltar","player_choice":" Potion ","floor":22.0,"potions_obtained":["betterAltar:AltarPotion"],"relics_lost":[],"gold_loss":0.0,"damage_taken":21.0,"relics_obtained":[]},{"damage_healed":0.0,"max_hp_gain":0.0,"max_hp_loss":0.0,"gold_gain":0.0,"event_name":"The Mausoleum","player_choice":"Ignored","floor":29.0,"gold_loss":0.0,"damage_taken":0.0}],"is_beta":false,"boss_relics":[{"not_picked":["Painkiller Herb","aspiration:RitualDagger"],"picked":"expansioncontent:StudyCardRelic"},{"not_picked":["ReplayTheSpireMod:DimensionalGlitch","Cursed Key"],"picked":"vexMod:TanglingVine"}],"items_purged_floors":[20],"is_endless":false,"potions_floor_spawned":[6,7,8,10,11,18,23,24,27,33,35,44,48],"ascension_level":20,"is_humility":true}}