{"host":"vyiqbz5w606ur92t","time":1612684953,"event":{"mods":["BaseMod","Downfall","Minty Spire (QoL Compilation)","StSLib"],"gold_per_floor":[99,114,129,144,244,144,219,119,134,164,164,179,194,194,209,309,309,309,324,524,55,70,70,70,100,127,154,66,78,105,132,159,271,283,295,322,197,212,487,502,502,517,547,562,577,577,592,622,637,637,637,667,27,27,27,27,27,27],"floor_reached":56,"language":"ENG","playtime":9327,"items_purged":[],"score":814,"play_id":"64ee8cb7-cc56-4283-ba0b-3caea4d92150","local_time":"20210207080233","daily_mods":["downfall:Improvised","ControlledChaos","Night Terrors"],"is_ascension_mode":false,"campfire_choices":[{"floor":1,"key":"RECALL"},{"floor":6,"key":"REST"},{"data":"Guardian:RefractedBeam","floor":8,"key":"SMITH"},{"data":"Guardian:CompilePackage","floor":11,"key":"SMITH"},{"data":"Guardian:GemFinder","floor":18,"key":"SMITH"},{"data":"Guardian:Planning","floor":28,"key":"SMITH"},{"data":"Guardian:ConstructionForm","floor":35,"key":"SMITH"},{"floor":54,"key":"REST"}],"circlet_count":0,"master_deck":["Guardian:Defend_Guardian","Guardian:Defend_Guardian","Guardian:CurlUp","Guardian:TwinSlam","sneckomod:UnknownCommonAttack","sneckomod:UnknownCommonAttack","sneckomod:UnknownCommonAttack","sneckomod:UnknownCommonSkill","sneckomod:UnknownCommonSkill","sneckomod:UnknownUncommonAttack","sneckomod:UnknownUncommonSkill","sneckomod:UnknownUncommonPower+1","sneckomod:Unknown","Guardian:TemporalShield","Guardian:Reroute","Guardian:RefractedBeam+1","Guardian:CompilePackage+1","Guardian:Planning+1","Guardian:Repulse","Guardian:Recover","Guardian:GemFinder+1","downfall:Haunted","Guardian:Recover","Guardian:GemFire","Guardian:Orbwalk","Guardian:BronzeOrb","Guardian:ChargeUp+1","Guardian:Emergency","Guardian:VentSteam","Guardian:TimeCapacitor+1","Guardian:CrystalBeam+1","Guardian:PrismaticBeam+1","Guardian:ConstructionForm+1","Guardian:DecasProtection+1","Guardian:Incinerate+1","Guardian:PrismaticBeam+1","Guardian:FuturePlans","Regret","Guardian:EvasiveProtocol","Guardian:BronzeArmor+1","Guardian:BronzeOrb+1","Guardian:BodySlam+1","Guardian:ChargeCore+1","Guardian:CompilePackage","Guardian:Recover+1","Stack","Guardian:EvasiveProtocol+1"],"relics":["Guardian:ModeShifter","Frozen Eye","downfall:HeartBlessingRed","downfall:HeartBlessingBlue","Guardian:GemstoneGun","Black Star","Du-Vu Doll","Molten Egg 2","MawBank","Akabeko","downfall:HeartBlessingGreen","Sozu","Unceasing Top","TungstenRod","Smiling Mask","Bottled Lightning","Strawberry","The Courier","PreservedInsect","Thread and Needle","Shuriken","Kunai","Medical Kit","Bronze Scales"],"acts_visited":["Exordium","TheCity","TheBeyond","TheEnding"],"potions_floor_usage":[5,21,33,56,56],"damage_taken":[{"damage":7,"enemies":"2 Louse","floor":2,"turns":2},{"damage":11,"enemies":"Jaw Worm","floor":3,"turns":6},{"damage":0,"enemies":"Cultist","floor":4,"turns":2},{"damage":8,"enemies":"downfall:Heads","floor":5,"turns":4},{"damage":11,"enemies":"Gremlin Gang","floor":9,"turns":6},{"damage":13,"enemies":"Lagavulin","floor":10,"turns":7},{"damage":4,"enemies":"Red Slaver","floor":12,"turns":2},{"damage":0,"enemies":"Blue Slaver","floor":13,"turns":2},{"damage":1,"enemies":"Exordium Wildlife","floor":15,"turns":3},{"damage":7,"enemies":"DF_ARCHETYPE_STREAMLINE","floor":16,"turns":8},{"damage":0,"enemies":"Spheric Guardian","floor":19,"turns":4},{"damage":0,"enemies":"downfall:FleeingMerchant","floor":21,"turns":4},{"damage":0,"enemies":"Chosen","floor":22,"turns":3},{"damage":2,"enemies":"Book of Stabbing","floor":25,"turns":5},{"damage":0,"enemies":"Snake Plant","floor":26,"turns":1},{"damage":4,"enemies":"Cultist and Chosen","floor":27,"turns":5},{"damage":0,"enemies":"Snecko","floor":30,"turns":2},{"damage":9,"enemies":"Sentry and Sphere","floor":31,"turns":4},{"damage":4,"enemies":"Chosen and Byrds","floor":32,"turns":2},{"damage":19,"enemies":"IC_MUSHROOM_ARCHETYPE","floor":33,"turns":5},{"damage":0,"enemies":"Orb Walker","floor":36,"turns":2},{"damage":5,"enemies":"downfall:FleeingMerchant","floor":37,"turns":4},{"damage":0,"enemies":"3 Darklings","floor":38,"turns":2},{"damage":8,"enemies":"Sphere and 2 Shapes","floor":40,"turns":5},{"damage":1,"enemies":"Jaw Worm Horde","floor":42,"turns":2},{"damage":0,"enemies":"Giant Head","floor":43,"turns":6},{"damage":0,"enemies":"3 Darklings","floor":44,"turns":2},{"damage":0,"enemies":"Sphere and 2 Shapes","floor":45,"turns":2},{"damage":0,"enemies":"Writhing Mass","floor":47,"turns":1},{"damage":0,"enemies":"Nemesis","floor":48,"turns":1},{"damage":0,"enemies":"Maw","floor":49,"turns":3},{"damage":10,"enemies":"WA_ARCHETYPE_DIVINITY","floor":50,"turns":11},{"damage":67,"enemies":"downfall:CharBossMerchant","floor":52,"turns":11},{"damage":2,"enemies":"downfall:NeowBoss","floor":55,"turns":13},{"damage":114,"enemies":"downfall:NeowBossFinal","floor":56,"turns":11}],"seed_played":"8884597751285247366","potions_obtained":[{"floor":3,"key":"Guardian:StasisDiscoveryPotion"},{"floor":9,"key":"Energy Potion"},{"floor":10,"key":"sneckomod:MuddlingPotion"},{"floor":12,"key":"sneckomod:MuddlingPotion"},{"floor":22,"key":"DistilledChaos"},{"floor":25,"key":"Regen Potion"}],"is_trial":false,"path_per_floor":["R","M","M","M","?","R","T","R","M","E","R","M","M","?","M","B",null,"R","M","?","$","M","?","T","E","M","M","R","?","M","M","M","B",null,"R","M","$","M","?","M","T","M","E","M","M","?","M","E","M","B",null,"E","$","R","B","B"],"character_chosen":"GUARDIAN","items_purchased":["Du-Vu Doll","Guardian:GemFire","Guardian:Orbwalk","Unceasing Top","Guardian:PrismaticBeam+1","Guardian:FuturePlans","Shuriken","Kunai","Medical Kit","Bronze Scales"],"campfire_rested":2,"item_purchase_floors":[21,21,21,37,37,37,53,53,53,53],"current_hp_per_floor":[80,73,62,62,54,75,75,85,74,61,61,57,57,57,66,59,85,85,85,85,85,85,85,85,83,83,79,79,79,79,70,66,47,85,85,85,80,80,80,72,72,71,71,71,78,71,71,78,78,68,92,30,30,87,85,0,0,0],"gold":27,"neow_bonus":"","is_daily":true,"chose_seed":false,"campfire_upgraded":5,"win_rate":0.0,"timestamp":1612684953,"path_taken":["R","M","M","M","?","R","T","R","M","E","R","M","M","?","M","BOSS","R","M","?","$","M","?","T","E","M","M","R","?","M","?","M","BOSS","R","M","$","M","?","M","T","M","E","M","?","?","?","E","M","BOSS","E","$","R","BOSS","BOSS"],"items_purchased_type":["Relic","Card","Card","Relic","Card","Card","Relic","Relic","Relic","Relic"],"build_version":"2020-12-22","purchased_purges":0,"victory":false,"max_hp_per_floor":[80,80,80,80,80,75,75,85,85,85,85,85,85,85,85,85,85,85,85,85,85,85,85,85,85,85,85,85,85,85,85,85,85,85,85,85,85,85,85,85,85,85,85,85,85,85,85,92,92,92,92,92,92,87,87,87,87,87],"card_choices":[{"not_picked":["Guardian:CrystalBeam","Guardian:WalkerClaw"],"picked":"Guardian:Gem_Crimson","floor":2},{"not_picked":["Guardian:Gem_Cyan","Guardian:TemporalStrike"],"picked":"Guardian:Gem_Green","floor":3},{"not_picked":["Guardian:Gem_Green","Guardian:WalkerClaw"],"picked":"Guardian:TemporalShield","floor":4},{"not_picked":["Guardian:Gem_Red","Guardian:TemporalShield"],"picked":"Guardian:RefractedBeam","floor":5},{"not_picked":["Guardian:TemporalStrike","Guardian:RollAttack"],"picked":"Guardian:Gem_Purple","floor":9},{"not_picked":["Guardian:TemporalStrike","Guardian:Gem_White"],"picked":"Guardian:CompilePackage","floor":10},{"not_picked":["Guardian:TemporalStrike","Guardian:Reroute"],"picked":"Guardian:Planning","floor":12},{"not_picked":["Guardian:ShieldSpikes","Guardian:PrismaticBeam"],"picked":"Guardian:Repulse","floor":13},{"not_picked":["Guardian:Reroute","Guardian:PrimingBeam"],"picked":"Guardian:Recover","floor":15},{"not_picked":["Guardian:FierceBash","Guardian:FastForward"],"picked":"Guardian:GemFinder","floor":16},{"not_picked":["Guardian:Gem_White","Guardian:Gem_Fragmented"],"picked":"Guardian:Gem_Yellow","floor":19},{"not_picked":["Guardian:Gem_Lightblue","Guardian:Gem_Green"],"picked":"Guardian:Gem_Red","floor":19},{"not_picked":["Guardian:Gem_Lightblue","Guardian:Gem_Cyan"],"picked":"Guardian:Gem_Green","floor":21},{"not_picked":["Guardian:Incinerate","Guardian:TemporalShield+1"],"picked":"Guardian:Recover","floor":21},{"not_picked":["Guardian:ShieldCharger","Guardian:Gem_Green"],"picked":"Guardian:BronzeOrb","floor":22},{"not_picked":["Guardian:Gem_Green","Guardian:GuardianWhirl+1"],"picked":"Guardian:ChargeUp+1","floor":25},{"not_picked":["Guardian:TimeBomb","Guardian:Gem_Cyan"],"picked":"Guardian:Emergency","floor":26},{"not_picked":["Guardian:CrystalBeam+1","Guardian:SentryBeam+1"],"picked":"Guardian:VentSteam","floor":27},{"not_picked":["Guardian:Gem_Green","Guardian:Gem_Lightblue"],"picked":"Guardian:Gem_Red","floor":27},{"not_picked":["Guardian:StasisEngine","Guardian:ShieldCharger+1"],"picked":"Guardian:TimeCapacitor+1","floor":30},{"not_picked":["Guardian:Recover+1","Guardian:Gem_Green"],"picked":"Guardian:CrystalBeam+1","floor":31},{"not_picked":["Guardian:Gem_Lightblue","Guardian:Gem_Red"],"picked":"Guardian:Gem_Cyan","floor":31},{"not_picked":["Guardian:Recover","Guardian:VentSteam"],"picked":"Guardian:PrismaticBeam+1","floor":32},{"not_picked":["Guardian:Gem_Green","Guardian:Gem_Lightblue"],"picked":"Guardian:Gem_Cyan","floor":33},{"not_picked":["Guardian:HyperBeam_Guardian+1","Guardian:ExploitGems"],"picked":"Guardian:ConstructionForm","floor":33},{"not_picked":["Guardian:Gem_Red","Guardian:RollAttack+1"],"picked":"Guardian:DecasProtection+1","floor":36},{"not_picked":["Guardian:EvasiveProtocol","Guardian:Gem_Lightblue"],"picked":"Guardian:Incinerate+1","floor":37},{"not_picked":["Guardian:Gem_Red","Guardian:Gem_Lightblue"],"picked":"Guardian:Gem_Cyan","floor":37},{"not_picked":["Guardian:Gem_Cyan","Guardian:Gem_Lightblue"],"picked":"Guardian:Gem_Red","floor":38},{"not_picked":["Guardian:EvasiveProtocol","Guardian:MultiBeam+1"],"picked":"Guardian:Gem_Red","floor":38},{"not_picked":["Guardian:Gem_Green","Guardian:Gem_Cyan"],"picked":"Guardian:Gem_Red","floor":40},{"not_picked":["Guardian:Gem_Purple","Guardian:PrimingBeam+1"],"picked":"Guardian:EvasiveProtocol","floor":40},{"not_picked":["Guardian:RollAttack+1","Guardian:PrimingBeam+1","Guardian:Gem_Lightblue"],"picked":"SKIP","floor":42},{"not_picked":["Guardian:WalkerClaw+1","Guardian:Planning+1"],"picked":"Guardian:BronzeArmor+1","floor":43},{"not_picked":["Guardian:Gem_Lightblue","Guardian:ChargeCore+1"],"picked":"Guardian:BronzeOrb+1","floor":44},{"not_picked":["Guardian:Gem_Purple","Guardian:Gem_Red"],"picked":"Guardian:BodySlam+1","floor":45},{"not_picked":["Guardian:TemporalStrike+1","Guardian:Gem_Lightblue","Guardian:Reroute+1"],"picked":"SKIP","floor":47},{"not_picked":["Guardian:Harden","Guardian:SpikerProtocol+1","Guardian:TimeBomb"],"picked":"SKIP","floor":48},{"not_picked":["Guardian:TemporalShield","Guardian:Incinerate+1"],"picked":"Guardian:Recover+1","floor":49},{"not_picked":["Guardian:Gem_Cyan","Guardian:Gem_Fragmented"],"picked":"Guardian:EvasiveProtocol+1","floor":52}],"player_experience":1589915,"relics_obtained":[{"floor":10,"key":"Guardian:GemstoneGun"},{"floor":24,"key":"Molten Egg 2"},{"floor":25,"key":"MawBank"},{"floor":25,"key":"Akabeko"},{"floor":41,"key":"TungstenRod"},{"floor":43,"key":"Smiling Mask"},{"floor":43,"key":"Bottled Lightning"},{"floor":48,"key":"Strawberry"},{"floor":48,"key":"The Courier"},{"floor":52,"key":"PreservedInsect"},{"floor":52,"key":"Thread and Needle"}],"event_choices":[],"is_beta":false,"boss_relics":[{"not_picked":["Runic Pyramid","Busted Crown"],"picked":"Black Star"},{"not_picked":["Tiny House","expansioncontent:StudyCardRelic"],"picked":"Sozu"}],"items_purged_floors":[],"is_endless":false,"potions_floor_spawned":[3,9,10,12,22,25,31,38,43,44,52],"killed_by":"downfall:NeowBossFinal","ascension_level":0}}