{"host":"u7bb6mvzuirwfcqo","time":1612717868,"event":{"mods":["2.2 Compatiblity","AchievementEnabler","BaseMod","Card Forge","Downfall","Hermit","Minty Spire (QoL Compilation)","Relic Stats","Replay The Spire","StSLib"],"gold_per_floor":[119,136,136,156,75,105,105,105,131,144,157,167,167,181,181,282,282,294,314,28,28,28,28,43,78,105,119,119,119,152,3,3,108,108,127,127,142,142,155,181,200,217,217,217,217,229,229,244,244,248],"floor_reached":51,"language":"ENG","playtime":1852,"items_purged":[],"score":821,"play_id":"5dcc582b-be2c-46a9-82bc-3111f657b415","local_time":"20210207121108","is_ascension_mode":false,"campfire_choices":[{"data":"Echo Form","floor":7.0,"key":"SMITH"},{"floor":15.0,"key":"DIG"},{"floor":23.0,"key":"REST"},{"floor":29.0,"key":"REST"},{"floor":44.0,"key":"REST"},{"floor":47,"key":"REST"},{"floor":49,"key":"DIG"}],"circlet_count":0,"master_deck":["Heatsinks+1","Storm+1","Defragment+1","Crystallizer+1","FIFO Queue+1","ReplayTheSpireMod:GoodbyeWorld+1","Hello World+1","Hello World+1","Hello World+1","Defragment+1","Static Discharge+1","Echo Form+1","ReplayTheSpireMod:GoodbyeWorld+1","Self Repair+1","ReplayTheSpireMod:GoodbyeWorld+1","Electrodynamics+1","Heatsinks+1","Parasite","Buffer+1"],"relics":["Cracked Core","Hammer of Thor","Seething Fire","Anvil of the Gods","NeowsBlessing","Replay:Baseball","PreservedInsect","Pantograph","Centennial Puzzle","Fusion Hammer","Incense Burner","Blue Candle","FossilizedHelix","ReplayFunnel","Nunchaku","Torii","Philosopher\u0027s Stone","Matryoshka","Ring of Misfortune","ReplayTheSpireMod:Ring of Challenge","Toy Ornithopter","Ancient Tea Set","Replay:Bandana","Replay:Bottled Flurry"],"acts_visited":["Exordium","TheCity","TheBeyond"],"potions_floor_usage":[],"damage_taken":[{"damage":0.0,"enemies":"2 Louse","floor":1.0,"turns":1.0},{"damage":0.0,"enemies":"Small Slimes","floor":2.0,"turns":1.0},{"damage":0.0,"enemies":"Jaw Worm","floor":4.0,"turns":1.0},{"damage":0.0,"enemies":"Lagavulin","floor":6.0,"turns":6.0},{"damage":8.0,"enemies":"Gremlin Gang","floor":10.0,"turns":3.0},{"damage":6.0,"enemies":"2 Fungi Beasts","floor":11.0,"turns":3.0},{"damage":19.0,"enemies":"Exordium Wildlife","floor":12.0,"turns":4.0},{"damage":0.0,"enemies":"Large Slime","floor":14.0,"turns":2.0},{"damage":0.0,"enemies":"Slime Boss","floor":16.0,"turns":5.0},{"damage":10.0,"enemies":"Chosen","floor":18.0,"turns":4.0},{"damage":20.0,"enemies":"2 Thieves","floor":19.0,"turns":3.0},{"damage":14.0,"enemies":"Snake Plant","floor":24.0,"turns":3.0},{"damage":32.0,"enemies":"Slavers","floor":25.0,"turns":3.0},{"damage":0.0,"enemies":"Snecko","floor":27.0,"turns":4.0},{"damage":4.0,"enemies":"Gremlin Leader","floor":30.0,"turns":5.0},{"damage":9.0,"enemies":"Automaton","floor":33.0,"turns":7.0},{"damage":0.0,"enemies":"3 Darklings","floor":35.0,"turns":2.0},{"damage":0.0,"enemies":"3 Shapes","floor":37.0,"turns":3.0},{"damage":6.0,"enemies":"Jaw Worm Horde","floor":39.0,"turns":3.0},{"damage":0.0,"enemies":"R_Hoarder","floor":40.0,"turns":6.0},{"damage":0.0,"enemies":"Spire Growth","floor":41.0,"turns":5.0},{"damage":9.0,"enemies":"3 Darklings","floor":42.0,"turns":3.0},{"damage":0.0,"enemies":"Writhing Mass","floor":46.0,"turns":4.0},{"damage":0,"enemies":"Transient","floor":48,"turns":5},{"damage":1,"enemies":"Donu and Deca","floor":50,"turns":6}],"seed_played":"603630236647440844","potions_obtained":[{"floor":4.0,"key":"Swift Potion"},{"floor":11.0,"key":"Guardian:BlockOnCardUsePotion"},{"floor":14.0,"key":"FocusPotion"},{"floor":40.0,"key":"Milkshake"}],"is_trial":false,"path_per_floor":["M","M","?","M","$","E","R","?","T","M","M","M","T","M","R","B",null,"M","M","$","?","T","R","M","E","T","M","?","R","E","$","R","B",null,"M","?","M","?","M","E","M","M","T","R","?","M","R","M","R","B",null],"character_chosen":"DEFECT","items_purchased":["Static Discharge","Incense Burner","Electrodynamics"],"campfire_rested":4,"item_purchase_floors":[5,20,31],"current_hp_per_floor":[75,75,75,75,75,75,75,75,75,67,61,42,42,42,42,67,75,65,45,45,40,40,62,48,26,26,36,36,58,64,64,64,75,75,75,75,75,75,75,75,75,75,75,75,75,75,75,75,75,75],"gold":248,"neow_bonus":"THREE_ENEMY_KILL","is_daily":false,"chose_seed":false,"campfire_upgraded":1,"win_rate":0.0,"timestamp":1612717868,"path_taken":["M","M","?","M","$","E","R","?","T","M","M","M","?","?","R","BOSS","M","M","$","?","?","R","M","E","T","M","?","R","E","$","R","BOSS","M","?","?","?","M","E","M","M","T","R","?","M","R","M","R","BOSS"],"items_purchased_type":["Card","Relic","Card"],"build_version":"2020-12-22","purchased_purges":0,"victory":true,"max_hp_per_floor":[75,75,75,75,75,75,75,75,75,75,75,75,75,75,75,75,75,75,75,75,75,75,75,75,75,75,75,75,75,75,75,75,75,75,75,75,75,75,75,75,75,75,75,75,75,75,75,75,75,75],"relic_stats":{"Centennial Puzzle":[25],"Nunchaku":[4],"Torii":4,"counters":[25,92],"Pantograph":36,"Blue Candle":[9],"PreservedInsect":161,"obtain_stats":[{"ReplayFunnel":25,"NeowsBlessing":0,"Torii":30,"Blue Candle":21,"Hammer of Thor":0,"PreservedInsect":9,"Incense Burner":20,"Seething Fire":0,"Ancient Tea Set":43,"Replay:Baseball":6,"Centennial Puzzle":15,"Nunchaku":26,"Replay:Bandana":43,"Matryoshka":36,"Anvil of the Gods":0,"Pantograph":13,"Ring of Misfortune":38,"Philosopher\u0027s Stone":34,"Fusion Hammer":17,"Replay:Bottled Flurry":49,"ReplayTheSpireMod:Ring of Challenge":38,"Cracked Core":0,"FossilizedHelix":22,"Toy Ornithopter":40},{"ReplayFunnel":13,"NeowsBlessing":0,"Torii":15,"Blue Candle":11,"Hammer of Thor":0,"PreservedInsect":4,"Incense Burner":11,"Seething Fire":0,"Ancient Tea Set":22,"Replay:Baseball":4,"Centennial Puzzle":8,"Nunchaku":13,"Replay:Bandana":22,"Matryoshka":17,"Anvil of the Gods":0,"Pantograph":7,"Ring of Misfortune":18,"Philosopher\u0027s Stone":16,"Fusion Hammer":9,"Replay:Bottled Flurry":24,"ReplayTheSpireMod:Ring of Challenge":18,"Cracked Core":0,"FossilizedHelix":11,"Toy Ornithopter":20},{"ReplayFunnel":39,"NeowsBlessing":0,"Torii":48,"Blue Candle":33,"Hammer of Thor":0,"PreservedInsect":9,"Incense Burner":33,"Seething Fire":0,"Ancient Tea Set":77,"Replay:Baseball":9,"Centennial Puzzle":21,"Nunchaku":39,"Replay:Bandana":77,"Matryoshka":57,"Anvil of the Gods":0,"Pantograph":19,"Ring of Misfortune":60,"Philosopher\u0027s Stone":55,"Fusion Hammer":26,"Replay:Bottled Flurry":86,"ReplayTheSpireMod:Ring of Challenge":60,"Cracked Core":0,"FossilizedHelix":33,"Toy Ornithopter":69}],"Toy Ornithopter":0},"card_choices":[{"not_picked":["Hologram","Genetic Algorithm","Reinforced Body"],"picked":"SKIP","floor":1.0},{"not_picked":["Gash","Streamline","Steam"],"picked":"SKIP","floor":2.0},{"not_picked":["Leap","Scrape","Turbo"],"picked":"SKIP","floor":4.0},{"not_picked":["Rip and Tear","Steam Power"],"picked":"Echo Form","floor":6.0},{"not_picked":["Sweeping Beam","Streamline","Auto Shields"],"picked":"SKIP","floor":10.0},{"not_picked":["Ball Lightning","Hologram","Go for the Eyes"],"picked":"SKIP","floor":11.0},{"not_picked":["ReplayTheSpireMod:Repulse","Melter","Streamline"],"picked":"SKIP","floor":12.0},{"not_picked":["Turbo","Leap","Go for the Eyes"],"picked":"SKIP","floor":14.0},{"not_picked":["Reprogram","Turbo","Panic Button+1"],"picked":"SKIP","floor":18.0},{"not_picked":["Barrage","Sweeping Beam+1","Panic Button+1"],"picked":"SKIP","floor":19.0},{"not_picked":["Coolheaded+1","Sweeping Beam"],"picked":"Self Repair+1","floor":24.0},{"not_picked":["Compile Driver+1","Gash","Panic Button+1"],"picked":"SKIP","floor":25.0},{"not_picked":["Cold Snap","Genetic Algorithm"],"picked":"ReplayTheSpireMod:GoodbyeWorld","floor":27.0},{"not_picked":["Skim","Cold Snap+1","Streamline"],"picked":"SKIP","floor":30.0},{"not_picked":["Streamline","Lockon","Gash+1"],"picked":"SKIP","floor":35.0},{"not_picked":["Steam Power","Redo+1","Capacitor+1"],"picked":"SKIP","floor":37.0},{"not_picked":["Cold Snap","Gash","Leap"],"picked":"SKIP","floor":39.0},{"not_picked":["Leap+1","Auto Shields+1","Barrage+1"],"picked":"SKIP","floor":40.0},{"not_picked":["ReplaySolidLightProjector+1","Steam","Cold Snap+1"],"picked":"SKIP","floor":41.0},{"not_picked":["Hologram","Coolheaded+1"],"picked":"Heatsinks+1","floor":42.0},{"not_picked":["Turbo+1","White Noise","Force Field"],"picked":"SKIP","floor":46},{"not_picked":["Conserve Battery","Doom and Gloom+1"],"picked":"Buffer","floor":48}],"player_experience":27875,"relics_obtained":[{"floor":6.0,"key":"Replay:Baseball"},{"floor":9.0,"key":"PreservedInsect"},{"floor":13.0,"key":"Pantograph"},{"floor":15.0,"key":"Centennial Puzzle"},{"floor":22.0,"key":"FossilizedHelix"},{"floor":25.0,"key":"ReplayFunnel"},{"floor":26.0,"key":"Nunchaku"},{"floor":30.0,"key":"Torii"},{"floor":38.0,"key":"Ring of Misfortune"},{"floor":38.0,"key":"ReplayTheSpireMod:Ring of Challenge"},{"floor":40.0,"key":"Toy Ornithopter"},{"floor":43.0,"key":"Ancient Tea Set"},{"floor":43.0,"key":"Replay:Bandana"},{"floor":49,"key":"Replay:Bottled Flurry"}],"event_choices":[{"damage_healed":0.0,"max_hp_gain":0.0,"max_hp_loss":0.0,"gold_gain":0.0,"event_name":"Liars Game","player_choice":"Ignored","floor":3.0,"gold_loss":0.0,"damage_taken":0.0},{"damage_healed":0.0,"max_hp_gain":0.0,"max_hp_loss":0.0,"gold_gain":0.0,"event_name":"Shining Light","player_choice":"Ignored","floor":8.0,"gold_loss":0.0,"damage_taken":0.0},{"damage_healed":0.0,"max_hp_gain":0.0,"max_hp_loss":0.0,"gold_gain":0.0,"event_name":"Match and Keep!","player_choice":"0 cards matched","floor":28.0,"gold_loss":0.0,"damage_taken":0.0,"cards_obtained":[]},{"damage_healed":0.0,"max_hp_gain":0.0,"max_hp_loss":0.0,"gold_gain":0.0,"event_name":"Purifier","player_choice":"Ignored","floor":32.0,"gold_loss":0.0,"damage_taken":0.0},{"damage_healed":0.0,"max_hp_gain":0.0,"max_hp_loss":0.0,"gold_gain":0.0,"event_name":"WeMeetAgain","player_choice":"Gave Potion","floor":36.0,"gold_loss":0.0,"damage_taken":0.0,"relics_obtained":["Matryoshka"]},{"damage_healed":0.0,"max_hp_gain":0.0,"max_hp_loss":0.0,"gold_gain":0.0,"event_name":"Transmorgrifier","player_choice":"Ignored","floor":45.0,"gold_loss":0.0,"damage_taken":0.0}],"is_beta":false,"boss_relics":[{"not_picked":["Replay:Drink Me","Replay:Wanted Poster"],"picked":"Fusion Hammer"},{"not_picked":["ReplayTheSpireMod:DimensionalGlitch","FrozenCore"],"picked":"Philosopher\u0027s Stone"}],"items_purged_floors":[],"is_endless":false,"potions_floor_spawned":[4,11,14,16,18,19,24,30,40,41,42],"ascension_level":0}}