{"host":"r53pw7z744tg3fxg","time":1612723398,"event":{"mods":["AchievementEnabler","BaseMod","Colored Map","Colored Powertips","Highlight Path","Minty Spire (QoL Compilation)","Quick Restart","Transform Curses"],"gold_per_floor":[110,110,129,129,204,204,243,243,269,269,303,322,374,374,374,505,505,520,520,520,317,333,367,367,395,395,404,431,431,451,478,478,581,581,592,814,823,834,854,887,887,887,911,927,959,1009,1009,885,885,885,885,885,677,702,702],"floor_reached":56,"language":"ENG","playtime":2153,"items_purged":[],"score":2560,"play_id":"5bd0f0cd-c5a8-4053-b216-0800767e2920","local_time":"20210207114318","is_ascension_mode":true,"campfire_choices":[{"data":"1","floor":6.0,"key":"LIFT"},{"data":"2","floor":8.0,"key":"LIFT"},{"data":"3","floor":10.0,"key":"LIFT"},{"floor":15.0,"key":"RECALL"},{"floor":24.0,"key":"REST"},{"data":"Demon Form+1","floor":27.0,"key":"PURGE"},{"floor":29.0,"key":"REST"},{"floor":32.0,"key":"REST"},{"floor":41,"key":"REST"},{"floor":47,"key":"REST"},{"floor":49,"key":"REST"},{"floor":52,"key":"REST"}],"circlet_count":1,"master_deck":["Bash+1","Dropkick+1","Dropkick+1","Shrug It Off+1","Flex+1"],"relics":["Burning Blood","Molten Egg 2","Frozen Egg 2","Toxic Egg 2","CeramicFish","Akabeko","Circlet","Ancient Tea Set","Art of War","Bag of Marbles","Bag of Preparation","Blood Vial","Bronze Scales","Happy Flower","Juzu Bracelet","Lantern","MealTicket","Nunchaku","Orichalcum","Pen Nib","Potion Belt","PreservedInsect","Oddly Smooth Stone","Regal Pillow","Vajra","Red Skull","Eternal Feather","Gremlin Horn","HornCleat","Kunai","Letter Opener","Mercury Hourglass","Mummified Hand","Ornamental Fan","Pantograph","Shuriken","Bloody Idol","Busted Crown","Sundial","Paper Frog","Self Forming Clay","Bird Faced Urn","Calipers","CaptainsWheel","FossilizedHelix","Ginger","Girya","Ice Cream","Incense Burner","Lizard Tail","StoneCalendar","Thread and Needle","Torii","TungstenRod","Turnip","Champion Belt","Charon\u0027s Ashes","ClockworkSouvenir","HandDrill","Medical Kit","Sling","TheAbacus","SacredBark","SlaversCollar","Nuclear Battery","The Courier","Unceasing Top","InkBottle","Dream Catcher","Pen Nib","Peace Pipe","Red Mask","CaptainsWheel","Du-Vu Doll","Eternal Feather","Ginger"],"acts_visited":["Exordium","TheCity","TheBeyond","TheEnding"],"potions_floor_usage":[48,50,50,55,55,55],"damage_taken":[{"damage":0.0,"enemies":"Small Slimes","floor":1.0,"turns":3.0},{"damage":0.0,"enemies":"Jaw Worm","floor":3.0,"turns":1.0},{"damage":0.0,"enemies":"Gremlin Nob","floor":7.0,"turns":1.0},{"damage":0.0,"enemies":"3 Sentries","floor":11.0,"turns":1.0},{"damage":0.0,"enemies":"2 Louse","floor":12.0,"turns":1.0},{"damage":0.0,"enemies":"Hexaghost","floor":16.0,"turns":1.0},{"damage":0.0,"enemies":"2 Thieves","floor":18.0,"turns":1.0},{"damage":0.0,"enemies":"Shell Parasite","floor":22.0,"turns":1.0},{"damage":0.0,"enemies":"Book of Stabbing","floor":23.0,"turns":1.0},{"damage":0.0,"enemies":"Slavers","floor":25.0,"turns":1.0},{"damage":0.0,"enemies":"Gremlin Leader","floor":28.0,"turns":1.0},{"damage":0.0,"enemies":"Centurion and Healer","floor":30.0,"turns":1.0},{"damage":0.0,"enemies":"Masked Bandits","floor":31.0,"turns":1.0},{"damage":0.0,"enemies":"Automaton","floor":33.0,"turns":1.0},{"damage":0.0,"enemies":"3 Shapes","floor":35.0,"turns":1.0},{"damage":0,"enemies":"3 Darklings","floor":38,"turns":1},{"damage":0,"enemies":"Maw","floor":39,"turns":1},{"damage":0,"enemies":"Nemesis","floor":40,"turns":1},{"damage":0,"enemies":"Transient","floor":44,"turns":2},{"damage":0,"enemies":"Giant Head","floor":45,"turns":1},{"damage":0,"enemies":"Mind Bloom Boss Battle","floor":46,"turns":1},{"damage":0,"enemies":"Time Eater","floor":50,"turns":2},{"damage":0,"enemies":"Shield and Spear","floor":54,"turns":1},{"damage":0,"enemies":"The Heart","floor":55,"turns":3}],"seed_played":"-8083282307049018887","potions_obtained":[{"floor":1.0,"key":"EssenceOfSteel"},{"floor":3.0,"key":"DuplicationPotion"},{"floor":11.0,"key":"Dexterity Potion"},{"floor":18.0,"key":"Fruit Juice"},{"floor":31.0,"key":"Fire Potion"},{"floor":33.0,"key":"Swift Potion"},{"floor":39,"key":"Weak Potion"},{"floor":45,"key":"Strength Potion"},{"floor":54,"key":"DistilledChaos"}],"is_trial":false,"path_per_floor":["M","?","M","$","?","R","E","R","T","R","E","M","?","T","R","B",null,"M","?","?","$","M","E","R","E","T","R","E","R","M","?","R","B",null,"M","?","?","M","M","E","R","?","T","M","E","?","R","$","R","B",null,"R","$","E","B",null],"character_chosen":"IRONCLAD","items_purchased":["InkBottle","Fruit Juice","Fire Potion","Eternal Feather"],"campfire_rested":7,"item_purchase_floors":[21,48,48,53],"current_hp_per_floor":[298,223,233,248,238,241,251,254,254,257,267,277,277,277,280,300,300,310,310,310,310,310,310,310,310,310,310,310,310,310,310,310,310,310,310,310,310,310,310,310,310,310,310,310,310,310,310,320,320,320,320,320,320,320,320],"gold":702,"neow_bonus":"RANDOM_COMMON_RELIC","is_daily":false,"chose_seed":false,"campfire_upgraded":0,"win_rate":0.0,"timestamp":1612723398,"path_taken":["M","?","M","$","?","R","E","R","T","R","E","M","?","?","R","BOSS","M","?","?","$","M","E","R","E","T","R","E","R","M","?","R","BOSS","M","?","?","M","M","E","R","?","T","M","E","?","R","$","R","BOSS","R","$","E","BOSS"],"items_purchased_type":["Relic","Potion","Potion","Relic"],"build_version":"2020-12-22","purchased_purges":0,"victory":true,"max_hp_per_floor":[300,300,300,300,300,300,300,300,300,300,300,300,300,300,300,300,300,310,310,310,310,310,310,310,310,310,310,310,310,310,310,310,310,310,310,310,310,310,310,310,310,310,310,310,310,310,310,320,320,320,320,320,320,320,320],"card_choices":[{"not_picked":["Sentinel+1","Twin Strike+1","Ghostly Armor+1"],"picked":"SKIP","floor":1.0},{"not_picked":["Armaments+1"],"picked":"SKIP","floor":3.0},{"not_picked":["Heavy Blade+1"],"picked":"SKIP","floor":7.0},{"not_picked":["Thunderclap+1"],"picked":"SKIP","floor":11.0},{"not_picked":["Iron Wave+1"],"picked":"SKIP","floor":12.0},{"not_picked":["Wild Strike+1"],"picked":"SKIP","floor":18.0},{"not_picked":["Flex+1"],"picked":"SKIP","floor":22.0},{"not_picked":["Sword Boomerang+1"],"picked":"SKIP","floor":23.0},{"not_picked":["Feel No Pain+1"],"picked":"SKIP","floor":25.0},{"not_picked":["Immolate+1"],"picked":"SKIP","floor":28.0},{"not_picked":["Dark Embrace+1"],"picked":"SKIP","floor":30.0},{"not_picked":["Twin Strike+1"],"picked":"SKIP","floor":35.0},{"not_picked":["Clash+1"],"picked":"SKIP","floor":38},{"not_picked":["Bloodletting+1"],"picked":"SKIP","floor":39},{"not_picked":["Metallicize+1"],"picked":"SKIP","floor":40},{"not_picked":["Pommel Strike+1"],"picked":"SKIP","floor":44},{"not_picked":["Searing Blow+1"],"picked":"SKIP","floor":45},{"not_picked":["Intimidate+1"],"picked":"SKIP","floor":54}],"player_experience":1456664,"relics_obtained":[{"floor":14.0,"key":"The Courier"},{"floor":23.0,"key":"Dream Catcher"},{"floor":25.0,"key":"Pen Nib"},{"floor":26.0,"key":"Peace Pipe"},{"floor":31.0,"key":"Red Mask"},{"floor":40,"key":"CaptainsWheel"},{"floor":46,"key":"Du-Vu Doll"},{"floor":54,"key":"Ginger"}],"event_choices":[{"damage_healed":0.0,"max_hp_gain":0.0,"max_hp_loss":0.0,"gold_gain":0.0,"event_name":"Golden Idol","player_choice":"Take Damage","floor":2.0,"gold_loss":0.0,"damage_taken":75.0,"relics_obtained":["Golden Idol"]},{"damage_healed":0.0,"max_hp_gain":0.0,"max_hp_loss":0.0,"gold_gain":75.0,"event_name":"World of Goop","player_choice":"Gather Gold","floor":5.0,"gold_loss":0.0,"damage_taken":11.0},{"damage_healed":0.0,"max_hp_gain":0.0,"max_hp_loss":0.0,"gold_gain":52.0,"event_name":"Golden Wing","player_choice":"Gained Gold","floor":13.0,"gold_loss":0.0,"damage_taken":0.0},{"damage_healed":0.0,"max_hp_gain":0.0,"max_hp_loss":0.0,"gold_gain":0.0,"event_name":"Forgotten Altar","player_choice":"Gave Idol","floor":19.0,"relics_lost":["Golden Idol"],"gold_loss":0.0,"damage_taken":0.0,"relics_obtained":["Bloody Idol"]},{"damage_healed":0.0,"max_hp_gain":0.0,"max_hp_loss":0.0,"gold_gain":0.0,"event_name":"Ghosts","player_choice":"Ignored","floor":20.0,"gold_loss":0.0,"damage_taken":0.0},{"damage_healed":0.0,"max_hp_gain":0.0,"max_hp_loss":0.0,"gold_gain":0.0,"event_name":"Masked Bandits","player_choice":"Fought Bandits","floor":31.0,"gold_loss":0.0,"damage_taken":0.0},{"damage_healed":0.0,"max_hp_gain":0.0,"max_hp_loss":0.0,"gold_gain":222.0,"event_name":"Tomb of Lord Red Mask","player_choice":"Wore Mask","floor":36.0,"gold_loss":0.0,"damage_taken":0.0},{"damage_healed":0,"gold_gain":0,"player_choice":"Memory 1","damage_taken":0,"max_hp_gain":0,"max_hp_loss":0,"event_name":"SensoryStone","floor":37,"gold_loss":0},{"damage_healed":0,"gold_gain":0,"player_choice":"Ignored","damage_taken":0,"max_hp_gain":0,"max_hp_loss":0,"event_name":"Mysterious Sphere","floor":42,"gold_loss":0},{"damage_healed":0,"gold_gain":0,"player_choice":"Fight","damage_taken":0,"max_hp_gain":0,"max_hp_loss":0,"event_name":"MindBloom","floor":46,"gold_loss":0}],"is_beta":false,"boss_relics":[{"not_picked":["Tiny House","SlaversCollar","Empty Cage"]},{"not_picked":["Snecko Eye","Runic Dome","Runic Pyramid"]}],"items_purged_floors":[],"is_endless":false,"potions_floor_spawned":[1,3,11,18,31,33,39,44,45,54],"ascension_level":10}}