{"host":"cw4ycq1r9enbdgys","time":1612661244,"event":{"mods":["Act Like it!","Aspiration","BaseMod","BetterRewards","Colored Powertips","Conspire","GifTheSpireLib","Halation","Hubris","Jedi Mod","Lobotomy","LobotomyExtend","Minty Spire (QoL Compilation)","Replay The Spire","Shop Mod","Spikes Relics","StSLib","Stuff the Spire","TestMod"],"gold_per_floor":[117,117,148,170,184,184,33,33,106,141,141,141,141,141,176,198,198,327,327,349,372,372,372,397,397,445,445,519,519,519,519,549,575,575,694,694,758,758,783,783,811,811,850,850,850,887,947,947,221,242,242,266],"floor_reached":53,"language":"ENG","playtime":4795,"items_purged":["SpecialBullet"],"score":1239,"play_id":"41e2e2c6-a6c5-4512-964e-a6e5a1b1443b","local_time":"20210206172724","is_ascension_mode":true,"campfire_choices":[],"circlet_count":0,"master_deck":["SpecialBullet","SpecialBullet","SpecialBullet","SpecialBullet","SpecialBullet","SpecialBullet","SpecialBullet","InformationCode","SecurityCode","ExtractionCode","SpiderBud","MHz","BearPaw+1","MeatLantern","Hornet","WallGazer","PunishingBird","GoldRush","Mimicry","Beak","RedShoes","SpecialBullet","StuffTheSpire:Deluminance+1","StuffTheSpire:Deluminance+1","StuffTheSpire:Deluminance+1","StuffTheSpire:Deluminance+1","StuffTheSpire:Deluminance+1","UniverseFragment","Beak","OldLady","VoidDream","RedEyes+1","Twilight","BlueStar","GoldRush+1","GreedKing","RecordCode","FieryBird","BodiesMountain","Ecstasy+1","RedEyes+1","BlackArmy","Twilight+1","Lamp+1"],"relics":["CogitoBucket","testmod-TestBox","testmod-TheFather","testmod-IndustrialRevolution","Toxic Egg 2","BlackRope","halation:IllGainedPizza","Chameleon Ring","halation:VictoryRuler","LetterFromLob","FaceOfCleric","AspirationHeart","hubris:HollowSoul","StuffTheSpire:BlackoutCurse","testmod-LifeArmor","TreeSap","testmod-ArcanaOfDestiny","halation:EternalFortune","TungstenRod","testmod-SaigiyounoYou","ChangeAnything","halation:PapillonHeart","Centennial Puzzle","testmod-Hope","halation:PrussianBluePaint","hubris:Spice","GiantMaggot","halation:AfternoonTea","halation:LostSnail","MerchantsRug"],"acts_visited":["Exordium","TheCity","TheBeyond"],"potions_floor_usage":[32,52,53,53,53],"damage_taken":[{"damage":9.0,"enemies":"conspire:RoseBush","floor":1.0,"turns":1.0},{"damage":18.0,"enemies":"conspire:MimicChest","floor":3.0,"turns":3.0},{"damage":12.0,"enemies":"2 Louse","floor":4.0,"turns":2.0},{"damage":0.0,"enemies":"Cultist","floor":5.0,"turns":2.0},{"damage":13.0,"enemies":"Gremlin Nob","floor":10.0,"turns":3.0},{"damage":18.0,"enemies":"conspire:2 RoseBushes","floor":15.0,"turns":8.0},{"damage":4.0,"enemies":"Large Slime","floor":16.0,"turns":3.0},{"damage":51.0,"enemies":"Hexaghost","floor":18.0,"turns":6.0},{"damage":2.0,"enemies":"Chosen","floor":20.0,"turns":3.0},{"damage":0.0,"enemies":"3 Byrds","floor":21.0,"turns":1.0},{"damage":8.0,"enemies":"Centurion and Healer","floor":24.0,"turns":3.0},{"damage":0,"enemies":"Gremlin Leader","floor":26,"turns":5},{"damage":2,"enemies":"Slavers","floor":32,"turns":1},{"damage":1,"enemies":"Snake Plant","floor":33,"turns":2},{"damage":0,"enemies":"Automaton","floor":35,"turns":3},{"damage":17,"enemies":"3 Shapes","floor":37,"turns":4},{"damage":1,"enemies":"Orb Walker","floor":39,"turns":2},{"damage":4,"enemies":"Sphere and 2 Shapes","floor":41,"turns":6},{"damage":7,"enemies":"Giant Head","floor":43,"turns":4},{"damage":0,"enemies":"Reptomancer","floor":46,"turns":2},{"damage":1,"enemies":"2 Orb Walkers","floor":47,"turns":1},{"damage":5,"enemies":"Writhing Mass","floor":50,"turns":2},{"damage":36,"enemies":"FixerMidnight","floor":52,"turns":4},{"damage":15,"enemies":"Malkuth","floor":53,"turns":3},{"damage":83,"enemies":"Yesod","floor":53,"turns":4},{"damage":110,"enemies":"Tiphereth","floor":53,"turns":5},{"damage":30,"enemies":"Hokma","floor":53,"turns":5},{"damage":85,"enemies":"Angela","floor":53,"turns":5}],"seed_played":"6194412877671024352","potions_obtained":[{"floor":4.0,"key":"jedi:mysterypotion"},{"floor":5.0,"key":"Energy Potion"},{"floor":16.0,"key":"Fire Potion"},{"floor":24.0,"key":"Weak Potion"},{"floor":26,"key":"Explosive Potion"},{"floor":32,"key":"Death Potion"},{"floor":43,"key":"CultistPotion"}],"is_trial":false,"path_per_floor":["M","?","?","M","M","R","$","R","T","E","R","?","PTL","PTL","M","M","R","B",null,"M","M","?","?","M","R","E","R","T","?","R","?","E","M","R","B",null,"M","?","M","?","M","R","E","R","T","E","?","R","$","M","R","B",null],"character_chosen":"Angela","items_purchased":["halation:IllGainedPizza","GiantMaggot","halation:AfternoonTea","halation:LostSnail","MerchantsRug","Explosive Potion"],"campfire_rested":0,"item_purchase_floors":[7,49,49,49,49,49],"current_hp_per_floor":[69,69,59,55,63,63,63,63,63,61,61,61,61,61,68,85,85,53,79,92,93,93,93,98,98,99,99,99,79,79,88,109,117,117,118,118,119,113,121,121,126,126,127,127,127,132,145,290,290,292,292,293],"gold":348,"neow_bonus":"RANDOM_COMMON_RELIC","is_daily":false,"chose_seed":false,"campfire_upgraded":0,"win_rate":0.0,"timestamp":1612661244,"path_taken":["M","?","?","M","M","R","$","R","T","E","R","?","PTL","PTL","?","M","R","BOSS","M","M","?","?","M","R","E","R","T","?","R","?","E","M","R","BOSS","M","?","M","?","M","R","E","R","T","E","?","R","$","M","R","BOSS"],"items_purchased_type":["Relic","Relic","Relic","Relic","Relic","Potion"],"build_version":"2020-12-22","purchased_purges":1,"victory":true,"max_hp_per_floor":[70,70,70,70,70,70,70,70,70,70,70,70,70,70,81,86,86,87,87,92,93,93,93,98,98,99,99,99,104,104,107,112,117,117,118,118,119,113,121,121,126,126,127,127,127,132,145,290,290,292,292,293],"card_choices":[{"not_picked":["DreamingCurrent","Bloodbath"],"picked":"SpiderBud","floor":1.0},{"not_picked":["FourthMatchFlame","Horn"],"picked":"SKIP","floor":1.0},{"not_picked":["CherryBlossoms","Bloodbath"],"picked":"MHz","floor":3.0},{"not_picked":["CherryBlossom"],"picked":"BearPaw+1","floor":3.0},{"not_picked":["Scorched","PunishingBird"],"picked":"MeatLantern","floor":4.0},{"not_picked":["Lantern"],"picked":"Hornet","floor":4.0},{"not_picked":["FairyFestival","HeroicMonk"],"picked":"WallGazer","floor":5.0},{"not_picked":["Loneliness+1","FeatherOfHonor"],"picked":"SKIP","floor":5.0},{"not_picked":["Diffraction+1","BloodyDesire+1"],"picked":"SKIP","floor":10.0},{"not_picked":["Moonlight","SwordSharpenedByTears"],"picked":"SKIP","floor":10.0},{"not_picked":["RapturousDream+1","Lantern"],"picked":"SKIP","floor":15.0},{"not_picked":["QueenBee","CherryBlossoms"],"picked":"PunishingBird","floor":16.0},{"not_picked":["LifeForTheDareDevil","Laetitia_ego+1"],"picked":"SKIP","floor":16.0},{"not_picked":["Soda","FrostShard+1"],"picked":"SKIP","floor":16.0},{"not_picked":["ParadiseLost"],"picked":"GoldRush","floor":18.0},{"not_picked":["Adoration+1"],"picked":"Mimicry","floor":18.0},{"not_picked":["Penitence+1"],"picked":"Beak","floor":20.0},{"not_picked":["Scorched","Rudolta"],"picked":"RedShoes","floor":20.0},{"not_picked":["RapturousDream+1","Noise+1"],"picked":"SKIP","floor":20.0},{"not_picked":["Penitence+1","FrostShard+1"],"picked":"SKIP","floor":21.0},{"not_picked":["HappyTeddy","Rudolta"],"picked":"UniverseFragment","floor":24.0},{"not_picked":["Noise+1","BlackSwan_ego+1"],"picked":"SKIP","floor":24.0},{"not_picked":["Wingbeat+1","Discord"],"picked":"SKIP","floor":24.0},{"not_picked":["Diffraction+1"],"picked":"Beak","floor":26},{"not_picked":["CherryBlossoms","MeltingLove"],"picked":"OldLady","floor":32},{"not_picked":["CherryBlossom","SolemnVow"],"picked":"SKIP","floor":32},{"not_picked":["Bloodbath","Scorched"],"picked":"VoidDream","floor":33},{"not_picked":["CherryBlossom"],"picked":"RedEyes+1","floor":33},{"not_picked":["DespairKnight","ShyLook","GalaxyChild"],"picked":"Singing Bowl","floor":35},{"not_picked":["Justitia","TheSmile+1"],"picked":"Twilight","floor":35},{"not_picked":["Mercenary","SilentOrchestra","NakedNest"],"picked":"Singing Bowl","floor":37},{"not_picked":["Loneliness+1","Tough+1","Horn+1"],"picked":"SKIP","floor":37},{"not_picked":["PlagueDoctor","Laetitia","BeautyBeast"],"picked":"Singing Bowl","floor":39},{"not_picked":["LaLuna","GreedKing"],"picked":"BlueStar","floor":39},{"not_picked":["Regret_ego+1","LifeForTheDareDevil+1","GrinderMk4+1"],"picked":"SKIP","floor":39},{"not_picked":["GrinderMk4+1","Harvest+1"],"picked":"GoldRush+1","floor":41},{"not_picked":["GalaxyChild","FairyFestival"],"picked":"GreedKing","floor":41},{"not_picked":["BlueScar+1","MagicBullet+1","Logging+1"],"picked":"SKIP","floor":41},{"not_picked":["LittleHelper","Murderer","DespairKnight"],"picked":"Singing Bowl","floor":43},{"not_picked":["WristCuter+1","CUTE+1","Loneliness+1"],"picked":"SKIP","floor":43},{"not_picked":["Murderer","LittlePrince"],"picked":"FieryBird","floor":46},{"not_picked":["Horn+1","Hypocrisy+1","LifeForTheDareDevil+1"],"picked":"SKIP","floor":46},{"not_picked":["WhitesApple","Yin"],"picked":"BodiesMountain","floor":47},{"not_picked":["BlueScar+1","CUTE+1"],"picked":"Ecstasy+1","floor":47},{"not_picked":["Tough+1","Hypocrisy+1"],"picked":"RedEyes+1","floor":50},{"not_picked":["Woodsman","LongBird"],"picked":"BlackArmy","floor":50},{"not_picked":["Lantern+1","Noise+1"],"picked":"Twilight+1","floor":50},{"not_picked":["Penitence+1","CherryBlossom+1"],"picked":"Lamp+1","floor":50}],"player_experience":240418,"relics_obtained":[{"floor":3.0,"key":"BlackRope"},{"floor":9.0,"key":"Chameleon Ring"},{"floor":10.0,"key":"halation:VictoryRuler"},{"floor":10.0,"key":"LetterFromLob"},{"floor":23.0,"key":"testmod-LifeArmor"},{"floor":26,"key":"testmod-ArcanaOfDestiny"},{"floor":32,"key":"TungstenRod"},{"floor":39,"key":"halation:EternalFortune"},{"floor":43,"key":"Centennial Puzzle"},{"floor":45,"key":"testmod-Hope"},{"floor":46,"key":"halation:PrussianBluePaint"},{"floor":47,"key":"hubris:Spice"}],"event_choices":[{"damage_healed":0.0,"max_hp_gain":0.0,"max_hp_loss":0.0,"gold_gain":0.0,"event_name":"FaceTrader","player_choice":"Trade","floor":12.0,"gold_loss":0.0,"damage_taken":0.0,"relics_obtained":["FaceOfCleric"]},{"damage_healed":0,"gold_gain":0,"player_choice":"Shed Blood","damage_taken":25,"max_hp_gain":5,"max_hp_loss":0,"event_name":"Forgotten Altar","floor":29,"gold_loss":0},{"damage_healed":0,"gold_gain":0,"player_choice":"Memory 1","damage_taken":0,"max_hp_gain":0,"max_hp_loss":0,"event_name":"SensoryStone","floor":40,"gold_loss":0},{"damage_healed":0,"gold_gain":0,"player_choice":"Fight","damage_taken":0,"max_hp_gain":0,"max_hp_loss":0,"event_name":"Mysterious Sphere","floor":47,"gold_loss":0}],"is_beta":false,"boss_relics":[{"not_picked":["aspiration:WatcherSkillbook","Runic Pyramid"],"picked":"hubris:HollowSoul"},{"not_picked":["halation:Yufonium","Replay:Bronze Core"],"picked":"testmod-SaigiyounoYou"}],"items_purged_floors":[49],"is_endless":false,"potions_floor_spawned":[4,5,16,24,26,32,43,47],"ascension_level":5}}