{"host":"1c17lcvl7acx821p","time":1612705113,"event":{"mods":["AchievementEnabler","BaseMod","Bestiary","Colored Map","Minty Spire (QoL Compilation)","Quick Restart","Relic Sorter","StSLib","ojb\u0027s Better Paths Mod","ojb\u0027s Info Mod"],"gold_per_floor":[113,113,129,11,86,121,121,271,298,298,60,87,87,1,1,72,72,86,0,0,0,50,50,50],"floor_reached":23,"language":"ENG","playtime":605,"items_purged":["Strike_B","Doubt"],"score":432,"play_id":"5a6bb35c-8631-4926-9799-b8787eb7c4d0","local_time":"20210207153833","is_ascension_mode":true,"campfire_choices":[{"data":"Defragment","floor":7.0,"key":"SMITH"},{"data":"White Noise","floor":10.0,"key":"SMITH"},{"floor":15.0,"key":"REST"}],"circlet_count":0,"master_deck":["AscendersBane","Strike_B","Defend_B","Defend_B","Defend_B","Defend_B","Zap","Dualcast","Capacitor","Darkness","Defragment+1","Heatsinks","White Noise+1","Gash","Capacitor","Machine Learning","Self Repair","Creative AI","Conserve Battery"],"relics":["FrozenCore","NeowsBlessing","Blood Vial","Mummified Hand"],"acts_visited":["Exordium","TheCity"],"potions_floor_usage":[23],"damage_taken":[{"damage":0.0,"enemies":"2 Louse","floor":1.0,"turns":1.0},{"damage":0.0,"enemies":"Cultist","floor":3.0,"turns":1.0},{"damage":0.0,"enemies":"Lagavulin","floor":6.0,"turns":2.0},{"damage":23.0,"enemies":"3 Sentries","floor":12.0,"turns":8.0},{"damage":33.0,"enemies":"The Guardian","floor":16.0,"turns":10.0},{"damage":19.0,"enemies":"Shell Parasite","floor":18.0,"turns":6.0},{"damage":10.0,"enemies":"2 Thieves","floor":19.0,"turns":5.0},{"damage":33,"enemies":"Gremlin Leader","floor":23,"turns":4}],"seed_played":"540479145020719538","potions_obtained":[{"floor":1.0,"key":"Fire Potion"},{"floor":6.0,"key":"Block Potion"},{"floor":16.0,"key":"EssenceOfDarkness"},{"floor":18.0,"key":"DistilledChaos"}],"is_trial":false,"path_per_floor":["M","?","M","$","?","E","R","?","T","R","$","E","?","$","R","B",null,"M","M","?","?","?","E"],"character_chosen":"DEFECT","items_purchased":["Heatsinks","Gash","Capacitor","Self Repair"],"campfire_rested":1,"item_purchase_floors":[4,11,11,14],"current_hp_per_floor":[64,64,64,64,53,53,53,53,53,53,53,32,25,25,46,22,59,49,48,28,28,28,0,0],"gold":50,"neow_bonus":"THREE_ENEMY_KILL","is_daily":false,"chose_seed":false,"campfire_upgraded":2,"win_rate":0.0,"timestamp":1612705113,"path_taken":["M","?","?","$","?","E","R","?","T","R","$","E","?","$","R","BOSS","M","M","?","?","?","E"],"items_purchased_type":["Card","Card","Card","Card"],"build_version":"2020-12-22","purchased_purges":2,"victory":false,"max_hp_per_floor":[71,71,71,71,71,71,71,71,71,71,71,71,71,71,71,71,71,71,71,76,76,76,76,76],"card_choices":[{"not_picked":["Hologram","Steam"],"picked":"Capacitor","floor":1.0},{"not_picked":["Sweeping Beam","Gash"],"picked":"Defragment","floor":3.0},{"not_picked":["Leap","Barrage"],"picked":"White Noise","floor":6.0},{"not_picked":["Go for the Eyes","Thunder Strike"],"picked":"Machine Learning","floor":12.0},{"not_picked":["Hyperbeam","Meteor Strike"],"picked":"Creative AI","floor":16.0},{"not_picked":["Ball Lightning","Go for the Eyes"],"picked":"Conserve Battery","floor":18.0},{"not_picked":["Turbo","Fusion","Cold Snap"],"picked":"SKIP","floor":19.0}],"player_experience":296764,"relics_obtained":[{"floor":6.0,"key":"Blood Vial"},{"floor":12.0,"key":"Mummified Hand"}],"event_choices":[{"damage_healed":0.0,"max_hp_gain":0.0,"max_hp_loss":0.0,"gold_gain":0.0,"cards_transformed":["Strike_B"],"event_name":"Transmorgrifier","player_choice":"Transformed","floor":2.0,"gold_loss":0.0,"damage_taken":0.0,"cards_obtained":["Darkness"]},{"damage_healed":0.0,"max_hp_gain":0.0,"max_hp_loss":0.0,"gold_gain":75.0,"event_name":"World of Goop","player_choice":"Gather Gold","floor":5.0,"gold_loss":0.0,"damage_taken":11.0},{"damage_healed":0.0,"max_hp_gain":0.0,"max_hp_loss":0.0,"gold_gain":150.0,"event_name":"Liars Game","player_choice":"AGREE","floor":8.0,"gold_loss":0.0,"damage_taken":0.0,"cards_obtained":["Doubt"]},{"cards_removed":["Strike_B"],"damage_healed":0.0,"max_hp_gain":0.0,"max_hp_loss":0.0,"gold_gain":0.0,"event_name":"Golden Wing","player_choice":"Card Removal","floor":13.0,"gold_loss":0.0,"damage_taken":7.0},{"damage_healed":0.0,"max_hp_gain":5.0,"max_hp_loss":0.0,"gold_gain":0.0,"event_name":"Forgotten Altar","player_choice":"Shed Blood","floor":20.0,"gold_loss":0.0,"damage_taken":25.0},{"damage_healed":0.0,"max_hp_gain":0.0,"max_hp_loss":0.0,"gold_gain":50.0,"event_name":"Nest","player_choice":"Stole From Cult","floor":22.0,"gold_loss":0.0,"damage_taken":0.0}],"is_beta":false,"boss_relics":[{"not_picked":["SacredBark","Calling Bell"],"picked":"FrozenCore"}],"items_purged_floors":[4,11],"is_endless":false,"potions_floor_spawned":[1,6,16,18],"killed_by":"Gremlin Leader","ascension_level":20}}