{"host":"ydh61a5ftgdajrbo","time":1612702534,"event":{"mods":["BaseMod","Colored Map","DeckTracker","Downfall","Minty Spire (QoL Compilation)","Spire Arcade","StSLib","The Animator","The Cursed","The Mystic","The Servant 0.9.4"],"gold_per_floor":[114,114,129,129,149,195,212,232,232,251,293,55,55,86,86,191,191,206,206,221,232,251,284,302,322,348,122,148,166,166,181,181,181,181],"floor_reached":33,"language":"ZHS","playtime":2615,"items_purged":["animator:Strike"],"score":302,"play_id":"f41fef2b-b398-41a9-a24f-be93d4d7832a","local_time":"20210207205534","is_ascension_mode":false,"campfire_choices":[{"data":"animator:YunYun","floor":13.0,"key":"SMITH"},{"data":"animator:Lancer","floor":15.0,"key":"SMITH"},{"floor":30,"key":"REST"},{"floor":32,"key":"REST"}],"circlet_count":0,"master_deck":["animator:Strike_Konosuba","animator:Strike","animator:Strike","animator:Defend","animator:Defend+1","animator:Defend","animator:Kazuma","animator:Aqua","animator:ElricEdward","downfall:Haunted","downfall:Haunted","animator:Tatsumaki","animator:Raven","animator:YunYun+1","animator:Shuna","animator:Saitama","animator:Rena","animator:Lancer+1","animator:Saber","animator:Vesta+1","animator:Millim+1","animator:Kaijin+1","animator:Ain","animator:Benimaru+1","animator:DolaRiku+1","animator:WinryRockbell","animator:Berserker","animator:ChlammyZell","animator:Sonic"],"relics":["animator:LivingPicture","animator:TheMissingPiece","animator:PurgingStone","Du-Vu Doll","Strawberry","hexamod:BolsterEngine","animator:Hoodie","Pantograph","expansioncontent:StudyCardRelic","Omamori","Art of War","Toy Ornithopter"],"acts_visited":["Exordium","TheCity"],"potions_floor_usage":[],"damage_taken":[{"damage":9.0,"enemies":"Jaw Worm","floor":1.0,"turns":6.0},{"damage":0.0,"enemies":"Small Slimes","floor":3.0,"turns":3.0},{"damage":0.0,"enemies":"2 Louse","floor":5.0,"turns":2.0},{"damage":26.0,"enemies":"Lagavulin","floor":6.0,"turns":6.0},{"damage":4.0,"enemies":"2 Fungi Beasts","floor":7.0,"turns":3.0},{"damage":7.0,"enemies":"Blue Slaver","floor":8.0,"turns":3.0},{"damage":3.0,"enemies":"Exordium Wildlife","floor":10.0,"turns":3.0},{"damage":0.0,"enemies":"Gremlin Gang","floor":14.0,"turns":1.0},{"damage":43.0,"enemies":"Hexaghost","floor":16.0,"turns":8.0},{"damage":0.0,"enemies":"Spheric Guardian","floor":18.0,"turns":3.0},{"damage":0.0,"enemies":"3 Byrds","floor":20.0,"turns":2.0},{"damage":28.0,"enemies":"Snake Plant","floor":21.0,"turns":4.0},{"damage":0.0,"enemies":"3 Cultists","floor":22.0,"turns":4.0},{"damage":26.0,"enemies":"Gremlin Leader","floor":23.0,"turns":5.0},{"damage":12.0,"enemies":"Centurion and Healer","floor":24.0,"turns":6.0},{"damage":22.0,"enemies":"Snake Plant","floor":25.0,"turns":3.0},{"damage":1.0,"enemies":"Snecko","floor":28.0,"turns":3.0},{"damage":4,"enemies":"Chosen and Byrds","floor":29,"turns":3},{"damage":8,"enemies":"Centurion and Healer","floor":31,"turns":5},{"damage":95,"enemies":"Collector","floor":33,"turns":8}],"seed_played":"-5279814874237274744","potions_obtained":[{"floor":3.0,"key":"Ancient Potion"},{"floor":6.0,"key":"LiquidBronze"},{"floor":8.0,"key":"Strength Potion"},{"floor":18.0,"key":"FearPotion"}],"is_trial":false,"path_per_floor":["M","?","M","?","M","E","M","M","T","M","?","$","R","M","R","B",null,"M","?","M","M","M","E","M","M","T","$","M","M","R","M","R","B"],"character_chosen":"THE_ANIMATOR","items_purchased":["Pantograph","Toy Ornithopter"],"campfire_rested":2,"item_purchase_floors":[12,27],"current_hp_per_floor":[65,65,67,71,73,49,47,42,42,41,41,41,41,44,44,29,83,86,86,89,61,66,42,32,10,10,10,9,5,32,26,53,0,0],"gold":181,"neow_bonus":"TEN_PERCENT_HP_BONUS","is_daily":false,"chose_seed":false,"campfire_upgraded":2,"win_rate":0.0,"timestamp":1612702534,"path_taken":["M","?","M","?","M","E","M","M","T","M","?","$","R","M","R","BOSS","M","?","M","M","M","E","M","M","T","$","M","M","R","M","R","BOSS"],"items_purchased_type":["Relic","Relic"],"build_version":"2020-12-22","purchased_purges":1,"victory":false,"max_hp_per_floor":[72,72,72,79,79,79,79,79,79,79,79,79,79,82,82,83,83,86,86,89,89,92,92,92,92,92,92,92,92,92,92,92,92,92],"card_choices":[{"not_picked":["animator:Assassin","animator:PandorasActor"],"picked":"animator:ElricEdward","floor":1.0},{"not_picked":["animator:Chris","animator:Laby"],"picked":"animator:Tatsumaki","floor":3.0},{"not_picked":["animator:Shion","animator:Alexander"],"picked":"animator:Raven","floor":5.0},{"not_picked":["animator:Darkness","animator:Aqua"],"picked":"animator:YunYun","floor":6.0},{"not_picked":["animator:Chung","animator:MumenRider"],"picked":"animator:Shuna","floor":7.0},{"not_picked":["animator:YunYun","animator:PandorasActor"],"picked":"animator:Saitama","floor":8.0},{"not_picked":["animator:Laby","animator:Emonzaemon"],"picked":"animator:Rena","floor":10.0},{"not_picked":["animator:Illya","animator:Alexander"],"picked":"animator:Lancer","floor":14.0},{"not_picked":["animator:Albedo","animator:Envy"],"picked":"animator:Saber","floor":16.0},{"not_picked":["animator:ElricEdward","animator:Cocytus"],"picked":"animator:Vesta+1","floor":18.0},{"not_picked":["animator:Demiurge","animator:Raven"],"picked":"animator:Millim+1","floor":20.0},{"not_picked":["animator:ElricAlphonse","animator:Genos"],"picked":"animator:Kaijin+1","floor":21.0},{"not_picked":["animator:Laby","animator:Raven"],"picked":"animator:Ain","floor":22.0},{"not_picked":["animator:Tet","animator:Shichika"],"picked":"animator:Benimaru+1","floor":23.0},{"not_picked":["animator:Kazuma","animator:Jibril"],"picked":"animator:DolaRiku+1","floor":24.0},{"not_picked":["animator:Alexander","animator:Hitei+1"],"picked":"animator:WinryRockbell","floor":25.0},{"not_picked":["animator:Rider","animator:Alexander"],"picked":"animator:Berserker","floor":28},{"not_picked":["animator:ElricEdward","animator:ZankiKiguchi+1"],"picked":"animator:ChlammyZell","floor":29},{"not_picked":["animator:Illya","animator:Rider"],"picked":"animator:Sonic","floor":31}],"player_experience":364090,"relics_obtained":[{"floor":6.0,"key":"hexamod:BolsterEngine"},{"floor":9.0,"key":"animator:Hoodie"},{"floor":23.0,"key":"Omamori"},{"floor":26.0,"key":"Art of War"}],"event_choices":[{"damage_healed":0.0,"max_hp_gain":0.0,"max_hp_loss":0.0,"gold_gain":0.0,"event_name":"Scrap Ooze","player_choice":"Success","floor":4.0,"gold_loss":0.0,"damage_taken":3.0,"relics_obtained":["Strawberry"]},{"damage_healed":0.0,"max_hp_gain":0.0,"max_hp_loss":0.0,"gold_gain":0.0,"event_name":"Vampires","player_choice":"Ignored","floor":19.0,"gold_loss":0.0,"damage_taken":0.0}],"is_beta":false,"boss_relics":[{"not_picked":["animator:VividPicture","Fusion Hammer"],"picked":"expansioncontent:StudyCardRelic"}],"items_purged_floors":[27],"is_endless":false,"potions_floor_spawned":[3,6,8,10,18,20,24,28,31],"killed_by":"Collector","ascension_level":0}}