{"host":"ggy1mjjy92c62u6a","time":1612679530,"event":{"mods":["10 clothes from DAL","ATMod(∞¢Ë™Mod)","Act Like it!","BaseMod","Colored Powertips","GifTheSpireLib","Library of Ruina","Library of Ruina Extra","Lobotomy","LobotomyExtend","Minty Spire (QoL Compilation)","Quick Restart","Relic Filter Mod","Relic Stats","Shop Mod","Spicy Shops","StSLib","TestMod","°æπ¶ƒ‹Mod°øªÏ„Á÷Æª∑–ﬁ∏¥≤π∂°","°æ“≈ŒÔMod°øÀ¿¡È∑® ¶NEW","°æ“≈ŒÔø®≈∆°øREMEMod"],"gold_per_floor":[115,133,133,22,36,36,48,60,60,60,60,83,96,0,0,128,128,412,15,15,290,290,290],"floor_reached":22,"language":"ZHS","playtime":773,"items_purged":["Strike_W","Pride"],"score":245,"play_id":"81f992ee-bd9b-4a3c-874e-4c5296b703a0","local_time":"20210207143210","is_ascension_mode":true,"campfire_choices":[{"data":"Violent_Necrosis","floor":6.0,"key":"SMITH"},{"floor":15,"key":"REST"}],"circlet_count":0,"master_deck":["Bone_Spikes","Bone_Spikes","Bone_Armor","Bone_Wall","Summon_Undead_Army","VoidDream","Stop_Heart","Corrupt","testmod-ComboMaster","Violent_Necrosis+1","Stop_Heart","MeltingLove","NothingThere","Summon_Death_Knight","Bone_Spikes","Reap_The_Weak","Violent_Necrosis","BigBird","Shame","Regret"],"relics":["Vampire_Amulet","REME_ComplimentaryCards","AT_ATBox","testmod-TestBox","CogitoBucket","RabbitCall","LetterFromLob","testmod-Faith","Membership Card","Thread and Needle","AT_ForceNature","Golden Idol","LuminousBracelet","AT_BellDemon","testmod-CasingShield","Pandora\u0027s Box","Old Coin","PageOfTodaysShyLook","testmod-Maize","Pen Nib","Darkstone Periapt"],"acts_visited":["Exordium","TheCity"],"potions_floor_usage":[16,16,16],"damage_taken":[{"damage":5.0,"enemies":"Jaw Worm","floor":1.0,"turns":3.0},{"damage":0.0,"enemies":"Cultist","floor":2.0,"turns":3.0},{"damage":7.0,"enemies":"2 Louse","floor":5.0,"turns":4.0},{"damage":11,"enemies":"Looter","floor":7,"turns":10},{"damage":10,"enemies":"Exordium Thugs","floor":8,"turns":3},{"damage":7,"enemies":"Large Slime","floor":12,"turns":7},{"damage":0,"enemies":"2 Fungi Beasts","floor":13,"turns":3},{"damage":75,"enemies":"Hexaghost","floor":16,"turns":8},{"damage":69,"enemies":"2 Thieves","floor":18,"turns":4},{"damage":30,"enemies":"Spheric Guardian","floor":22,"turns":1}],"seed_played":"804573777736969047","potions_obtained":[{"floor":1.0,"key":"EntropicBrew"},{"floor":16,"key":"testmod-EscapePotion"}],"is_trial":false,"path_per_floor":["M","M","?","$","M","R","M","M","T","?","?","M","M","$","R","B",null,"M","$","?","?","M"],"character_chosen":"NECROMANCER","items_purchased":["testmod-Faith","Membership Card","AT_BellDemon","PageOfTodaysShyLook","testmod-Maize","Pen Nib"],"campfire_rested":1,"item_purchase_floors":[4,4,14,19,19,19],"current_hp_per_floor":[70,70,70,70,63,63,52,42,42,9,9,17,17,15,40,13,66,13,13,19,25,0,0],"gold":290,"neow_bonus":"","is_daily":false,"chose_seed":false,"campfire_upgraded":1,"win_rate":0.0,"timestamp":1612679530,"path_taken":["M","M","?","$","M","R","?","M","T","?","?","M","M","$","R","BOSS","M","$","?","?","?"],"items_purchased_type":["Relic","Relic","Relic","Relic","Relic","Relic"],"build_version":"2020-12-22","purchased_purges":2,"victory":false,"max_hp_per_floor":[75,75,75,75,75,75,75,75,75,75,69,84,84,84,84,84,84,84,84,90,96,96,96],"relic_stats":{"Darkstone Periapt":12,"counters":[11,47],"Golden Idol":37,"Pandora\u0027s Box":["Bone_Spikes","Reap_The_Weak","Violent_Necrosis"],"Pen Nib":[0],"obtain_stats":[{"AT_ForceNature":10,"AT_BellDemon":14,"Darkstone Periapt":20,"RabbitCall":0,"testmod-Maize":19,"AT_ATBox":0,"testmod-TestBox":0,"Golden Idol":11,"LuminousBracelet":12,"Thread and Needle":9,"Pen Nib":19,"testmod-CasingShield":16,"Old Coin":18,"CogitoBucket":0,"Pandora\u0027s Box":17,"Vampire_Amulet":0,"LetterFromLob":1,"testmod-Faith":4,"Membership Card":4,"PageOfTodaysShyLook":19,"REME_ComplimentaryCards":0},{"AT_ForceNature":5,"AT_BellDemon":8,"Darkstone Periapt":10,"RabbitCall":0,"testmod-Maize":10,"AT_ATBox":0,"testmod-TestBox":0,"Golden Idol":5,"LuminousBracelet":7,"Thread and Needle":5,"Pen Nib":10,"testmod-CasingShield":9,"Old Coin":10,"CogitoBucket":0,"Pandora\u0027s Box":9,"Vampire_Amulet":0,"LetterFromLob":1,"testmod-Faith":2,"Membership Card":2,"PageOfTodaysShyLook":10,"REME_ComplimentaryCards":0},{"AT_ForceNature":23,"AT_BellDemon":34,"Darkstone Periapt":46,"RabbitCall":0,"testmod-Maize":46,"AT_ATBox":0,"testmod-TestBox":0,"Golden Idol":23,"LuminousBracelet":31,"Thread and Needle":23,"Pen Nib":46,"testmod-CasingShield":42,"Old Coin":46,"CogitoBucket":0,"Pandora\u0027s Box":42,"Vampire_Amulet":0,"LetterFromLob":3,"testmod-Faith":6,"Membership Card":6,"PageOfTodaysShyLook":46,"REME_ComplimentaryCards":0}]},"card_choices":[{"not_picked":["Toxic_Smoke_Screen","Blood_Whip"],"picked":"Summon_Undead_Army","floor":1.0},{"not_picked":["ShyLook","CherryBlossoms"],"picked":"VoidDream","floor":2.0},{"not_picked":["PosionWeak","Scare"],"picked":"Stop_Heart","floor":2.0},{"not_picked":["WallConcept","Vampiric_Strike"],"picked":"Violent_Necrosis","floor":5.0},{"not_picked":["Pandemic","Uncharnel","Bone_Spikes"],"picked":"SKIP","floor":7},{"not_picked":["Bone_Armor","Negative_Energy_Sphere","Summon_Undead"],"picked":"SKIP","floor":8},{"not_picked":["Vampiric_Strike","Bone_Prison"],"picked":"Stop_Heart","floor":12},{"not_picked":["DespairKnight","Variant"],"picked":"MeltingLove","floor":12},{"not_picked":["MHz","UniverseFragment"],"picked":"NothingThere","floor":13},{"not_picked":["Bone_Spikes","PosionRing","Necrotic_Claws"],"picked":"SKIP","floor":13},{"not_picked":["Blood_Magic","Blood_Wake"],"picked":"Summon_Death_Knight","floor":16},{"not_picked":["Alriune","Woodsman"],"picked":"BigBird","floor":18},{"not_picked":["finger_Of_Death","OverdoomLine","PosionWeak2"],"picked":"SKIP","floor":18}],"player_experience":105993,"relics_obtained":[{"floor":1.0,"key":"LetterFromLob"},{"floor":9,"key":"Thread and Needle"},{"floor":16,"key":"testmod-CasingShield"},{"floor":18,"key":"Old Coin"}],"event_choices":[{"damage_healed":0.0,"max_hp_gain":0.0,"max_hp_loss":0.0,"gold_gain":0.0,"event_name":"Match and Keep!","player_choice":"2 cards matched","floor":3.0,"gold_loss":0.0,"damage_taken":0.0,"cards_obtained":["Corrupt","testmod-ComboMaster"]},{"damage_healed":0,"gold_gain":0,"player_choice":"Success","damage_taken":33,"relics_obtained":["AT_ForceNature"],"max_hp_gain":0,"max_hp_loss":0,"event_name":"Scrap Ooze","floor":10,"gold_loss":0},{"damage_healed":0,"gold_gain":0,"player_choice":"Lose Max HP","damage_taken":0,"relics_obtained":["Golden Idol"],"max_hp_gain":0,"max_hp_loss":6,"event_name":"Golden Idol","floor":11,"gold_loss":0},{"damage_healed":0,"gold_gain":0,"player_choice":"Stole Relic","damage_taken":0,"relics_obtained":["Darkstone Periapt"],"max_hp_gain":0,"max_hp_loss":0,"event_name":"Addict","floor":20,"gold_loss":0,"cards_obtained":["Shame"]},{"damage_healed":0,"gold_gain":275,"player_choice":"Desecrate","damage_taken":0,"max_hp_gain":0,"max_hp_loss":0,"event_name":"Golden Shrine","floor":21,"gold_loss":0,"cards_obtained":["Regret"]}],"is_beta":false,"boss_relics":[{"not_picked":["testmod-DeterminationOfClimber","testmod-PortableAltar"],"picked":"Pandora\u0027s Box"}],"items_purged_floors":[4,19],"is_endless":false,"potions_floor_spawned":[1,8,12,16],"killed_by":"Spheric Guardian","ascension_level":5}}