{"host":"d52brwsy6af8zvaq","time":1612673054,"event":{"mods":["AchievementEnabler","BaseMod","Bestiary","Highlight Path","Minty Spire (QoL Compilation)","Quick Restart","Relic Stats","ojb\u0027s Better Paths Mod"],"gold_per_floor":[213,227,240,9,87,87,143,143,167,181,181,181],"floor_reached":11,"language":"ENG","playtime":259,"items_purged":[],"score":146,"play_id":"19148d47-d5ad-46fd-adcb-58af16d85096","local_time":"20210206214414","is_ascension_mode":true,"campfire_choices":[{"data":"HandOfGreed","floor":6.0,"key":"SMITH"},{"floor":8.0,"key":"REST"}],"circlet_count":0,"master_deck":["AscendersBane","Strike_B","Strike_B","Strike_B","Strike_B","Defend_B","Defend_B","Defend_B","Defend_B","Zap","Dualcast","Loop","Cold Snap","Go for the Eyes","HandOfGreed+1","Static Discharge","White Noise","Sunder","Compile Driver"],"relics":["Cracked Core","Dream Catcher","Nunchaku"],"acts_visited":["Exordium"],"potions_floor_usage":[],"damage_taken":[{"damage":7.0,"enemies":"Small Slimes","floor":1.0,"turns":3.0},{"damage":9.0,"enemies":"Jaw Worm","floor":2.0,"turns":5.0},{"damage":6.0,"enemies":"2 Louse","floor":3.0,"turns":2.0},{"damage":21.0,"enemies":"Lagavulin","floor":7.0,"turns":6.0},{"damage":0.0,"enemies":"Gremlin Gang","floor":10.0,"turns":1.0},{"damage":73,"enemies":"Gremlin Nob","floor":11,"turns":4}],"seed_played":"-3996213002149459006","potions_obtained":[{"floor":1.0,"key":"Explosive Potion"},{"floor":2.0,"key":"ColorlessPotion"}],"is_trial":false,"path_per_floor":["M","M","M","$","?","R","E","R","T","M","E"],"character_chosen":"DEFECT","items_purchased":["HandOfGreed","Static Discharge"],"campfire_rested":1,"item_purchase_floors":[4,4],"current_hp_per_floor":[57,48,42,42,42,42,21,42,42,42,0,0],"gold":181,"neow_bonus":"HUNDRED_GOLD","is_daily":false,"chose_seed":false,"campfire_upgraded":1,"win_rate":0.0,"timestamp":1612673054,"path_taken":["M","M","M","$","?","R","E","R","T","M","E"],"items_purchased_type":["Card","Card"],"build_version":"2020-12-22","purchased_purges":0,"victory":false,"max_hp_per_floor":[71,71,71,71,71,71,71,71,71,71,71,71],"relic_stats":{"Dream Catcher":1,"Nunchaku":[1],"counters":[6,21],"obtain_stats":[{"Dream Catcher":7,"Nunchaku":9,"Cracked Core":0},{"Dream Catcher":4,"Nunchaku":4,"Cracked Core":0},{"Dream Catcher":16,"Nunchaku":16,"Cracked Core":0}]},"card_choices":[{"not_picked":["Leap","Force Field"],"picked":"Loop","floor":1.0},{"not_picked":["Coolheaded","Barrage"],"picked":"Cold Snap","floor":2.0},{"not_picked":["Rebound","Loop"],"picked":"Go for the Eyes","floor":3.0},{"not_picked":["Hello World","Stack"],"picked":"White Noise","floor":7.0},{"not_picked":["Cold Snap","Compile Driver"],"picked":"Sunder","floor":8.0},{"not_picked":["Cold Snap","Ball Lightning"],"picked":"Compile Driver","floor":10.0}],"player_experience":2176250,"relics_obtained":[{"floor":7.0,"key":"Dream Catcher"},{"floor":9.0,"key":"Nunchaku"}],"event_choices":[{"damage_healed":0.0,"max_hp_gain":0.0,"max_hp_loss":0.0,"gold_gain":78.0,"event_name":"Golden Wing","player_choice":"Gained Gold","floor":5.0,"gold_loss":0.0,"damage_taken":0.0}],"is_beta":false,"boss_relics":[],"items_purged_floors":[],"is_endless":false,"potions_floor_spawned":[1,2,3],"killed_by":"Gremlin Nob","ascension_level":20}}