{"host":"52lujqhsyicpcskq","time":1612720794,"event":{"mods":["BaseMod","Colored Map","Minty Spire (QoL Compilation)","Permanent Neow","StSLib","SuperFastMode","everything is the same but u backflip on backflip"],"gold_per_floor":[19,37,54,71,90,90,105,105,105,140,140,166,186,203,203,203,203],"floor_reached":16,"language":"KOR","playtime":731,"items_purged":[],"score":191,"play_id":"8d0a3aee-a7c4-41f9-ac16-11b9e98ff34e","local_time":"20210208025954","is_ascension_mode":true,"campfire_choices":[{"data":"Dagger Spray","floor":6,"key":"SMITH"},{"floor":8,"key":"REST"},{"data":"Cloak And Dagger","floor":15,"key":"SMITH"}],"circlet_count":0,"master_deck":["AscendersBane","Strike_G","Strike_G","Strike_G","Strike_G","Strike_G","Defend_G","Defend_G","Defend_G","Defend_G","Defend_G","Survivor","Neutralize+1","Backflip","Dagger Spray+1","Slice","Flechettes","Slice","Dagger Spray","Finisher","PiercingWail","Backflip","Cloak And Dagger+1"],"relics":["Ring of the Snake","Lizard Tail","InkBottle","Meat on the Bone","Mummified Hand"],"acts_visited":["Exordium"],"potions_floor_usage":[4,10,12,16,16],"damage_taken":[{"damage":0,"enemies":"Small Slimes","floor":1,"turns":4},{"damage":0,"enemies":"2 Louse","floor":2,"turns":2},{"damage":0,"enemies":"Jaw Worm","floor":3,"turns":4},{"damage":14,"enemies":"Exordium Wildlife","floor":4,"turns":4},{"damage":19,"enemies":"Large Slime","floor":5,"turns":10},{"damage":3,"enemies":"3 Louse","floor":7,"turns":2},{"damage":28,"enemies":"Gremlin Nob","floor":10,"turns":4},{"damage":34,"enemies":"Lagavulin","floor":12,"turns":8},{"damage":5,"enemies":"Exordium Thugs","floor":13,"turns":4},{"damage":1,"enemies":"Blue Slaver","floor":14,"turns":3},{"damage":42,"enemies":"Hexaghost","floor":16,"turns":12}],"seed_played":"-3863210090729116405","potions_obtained":[{"floor":2,"key":"SneckoOil"},{"floor":7,"key":"BlessingOfTheForge"},{"floor":10,"key":"Weak Potion"},{"floor":12,"key":"LiquidMemories"},{"floor":13,"key":"Fruit Juice"}],"is_trial":false,"path_per_floor":["M","M","M","M","M","R","M","R","T","E","?","E","M","M","R","B"],"character_chosen":"THE_SILENT","items_purchased":[],"campfire_rested":1,"item_purchase_floors":[],"current_hp_per_floor":[63,63,63,49,30,30,27,48,48,20,20,43,38,37,37,0,0],"gold":203,"neow_bonus":"ONE_RARE_RELIC","is_daily":false,"chose_seed":false,"campfire_upgraded":2,"win_rate":0.0,"timestamp":1612720794,"path_taken":["M","M","M","M","M","R","M","R","T","E","?","E","M","M","R","BOSS"],"items_purchased_type":[],"build_version":"2020-12-22","purchased_purges":0,"victory":false,"max_hp_per_floor":[70,70,70,70,70,70,70,70,70,70,70,70,70,70,70,75,75],"card_choices":[{"not_picked":["Dagger Throw","Dodge and Roll"],"picked":"Backflip","floor":1},{"not_picked":["Blade Dance","Underhanded Strike"],"picked":"Dagger Spray","floor":2},{"not_picked":["Dagger Throw","Sucker Punch"],"picked":"Slice","floor":3},{"not_picked":["Bane","Backflip"],"picked":"Flechettes","floor":4},{"not_picked":["Wraith Form v2","Prepared"],"picked":"Slice","floor":5},{"not_picked":["Calculated Gamble","Quick Slash"],"picked":"Dagger Spray","floor":7},{"not_picked":["Sucker Punch","Eviscerate"],"picked":"Finisher","floor":10},{"not_picked":["Bane","Underhanded Strike"],"picked":"PiercingWail","floor":12},{"not_picked":["Bane","Acrobatics"],"picked":"Backflip","floor":13},{"not_picked":["Acrobatics","Dagger Spray"],"picked":"Cloak And Dagger","floor":14}],"player_experience":764282,"relics_obtained":[{"floor":9,"key":"InkBottle"},{"floor":10,"key":"Meat on the Bone"},{"floor":12,"key":"Mummified Hand"}],"event_choices":[{"damage_healed":0,"gold_gain":0,"player_choice":"Grow","damage_taken":0,"max_hp_gain":0,"max_hp_loss":0,"event_name":"Living Wall","floor":11,"gold_loss":0,"cards_upgraded":["Neutralize"]}],"is_beta":false,"boss_relics":[],"items_purged_floors":[],"is_endless":false,"potions_floor_spawned":[2,7,10,12,13],"killed_by":"Hexaghost","ascension_level":13}}