{"host":"t9zjxed0utvsfjwc","time":1612739036,"event":{"mods":["2.2 Compatiblity","Aspiration","BaseMod","Better Altar","Better Match","Better Note","Better Sensory Stone","Better Skull","Better Third Choice","Block Reminder","Colored Map","Colored Powertips","Custom Start","Downfall","Hermit","Highlight Path","Hubris","Infinite Spire","Marisa????????","Minty Spire (QoL Compilation)","Quick Restart","Rare Cards Sparkle","Reliquary","Replay The Spire","StSLib","The Cursed","The Marked","The Runesmith","Unceasing Turn Reminder","everything is the same but u backflip on backflip"],"gold_per_floor":[99,109,123,140,157,172,224,235,261,261,43,43,118,118,182,280,280,280,340,358,414,414,469,469,469,514,514,514,514,528,528,528,528],"floor_reached":31,"language":"ENG","playtime":1530,"items_purged":["Looming Evil"],"score":295,"play_id":"908a98a9-5e41-4b34-8e4b-e507f3dabec7","local_time":"20210207230356","is_ascension_mode":true,"campfire_choices":[{"floor":1,"key":"DIG"},{"data":"hubris:DuctTapeCard","floor":27,"key":"SMITH"},{"floor":29,"key":"REST"}],"circlet_count":0,"master_deck":["Slimebound:Tackle","Slimebound:Defend_Slimebound","Slimebound:Defend_Slimebound","Slimebound:Defend_Slimebound","Slimebound:Defend_Slimebound","Slimebound:Split","Slimebound:CorrosiveSpit","Slimebound:Nibble","Slimebound:HauntingLick","Slimebound:Gluttony","Slimebound:Repurpose","expansioncontent:StudyTheSpire","Slimebound:LivingWall+1","Slimebound:TongueLash","Slimebound:Darklings","Slimebound:SplitBruiser","Slimebound:HauntingLick","hubris:Despair","Slimebound:Schlurp","infinitespire:Starlight","Slimebound:HauntingLick","downfall:Malfunctioning","hubris:DuctTapeCard+2","Bite","Bite","Bite","Bite","Bite","Slimebound:Grow","Beam Cell"],"relics":["Slimebound:AbsorbEndCombat","aspiration:HatOfInfinitePower","infinitespire:BottledMercury","aspiration:ArtOfWarUpgrade","Centennial Puzzle","ReplayTheSpireMod:Ring of Challenge","Cursed Key","hubris:DisguiseKit","Blue Candle","hubris:DuctTape","Happy Flower","Iron Hammer"],"acts_visited":["Exordium","TheCity"],"potions_floor_usage":[9,15,19,23,30],"damage_taken":[{"damage":1,"enemies":"Jaw Worm","floor":2,"turns":6},{"damage":5,"enemies":"2 Louse","floor":3,"turns":3},{"damage":0,"enemies":"Small Slimes","floor":4,"turns":4},{"damage":9,"enemies":"Large Slime","floor":5,"turns":6},{"damage":2,"enemies":"2 Fungi Beasts","floor":6,"turns":3},{"damage":13,"enemies":"Blue Slaver","floor":8,"turns":3},{"damage":1,"enemies":"Lagavulin","floor":9,"turns":6},{"damage":15,"enemies":"downfall:FleeingMerchant","floor":11,"turns":4},{"damage":21,"enemies":"Large Slime","floor":15,"turns":6},{"damage":36,"enemies":"WA_ARCHETYPE_RETAIN","floor":16,"turns":7},{"damage":39,"enemies":"Spheric Guardian","floor":19,"turns":5},{"damage":3,"enemies":"Shell Parasite","floor":20,"turns":2},{"damage":56,"enemies":"Chosen and Byrds","floor":23,"turns":6},{"damage":52,"enemies":"Gremlin Leader","floor":26,"turns":7},{"damage":3,"enemies":"Snake Plant","floor":30,"turns":2},{"damage":54,"enemies":"Nightmare","floor":31,"turns":5}],"seed_played":"-6239579200282924351","potions_obtained":[{"floor":3,"key":"FairyPotion"},{"floor":5,"key":"champ:CounterPotion"},{"floor":9,"key":"sneckomod:MuddlingPotion"},{"floor":16,"key":"Block Potion"},{"floor":20,"key":"LiquidBronze"},{"floor":26,"key":"Toxic Potion"}],"is_trial":false,"path_per_floor":["R_BF","M","M","M","M","M","T","M","E","R","$","?","?","?","M","B",null,"R","M","M","?","AVR","M","T","?","E","R","?","R","M","NM"],"character_chosen":"SLIMEBOUND","items_purchased":["expansioncontent:StudyTheSpire","Slimebound:LivingWall+1"],"campfire_rested":1,"item_purchase_floors":[11,11],"current_hp_per_floor":[47,52,49,51,50,56,56,47,54,54,58,58,58,58,60,47,65,65,41,42,42,42,34,34,34,8,8,8,21,29,0,0,0],"gold":528,"neow_bonus":"ONE_RARE_RELIC","is_daily":false,"chose_seed":false,"campfire_upgraded":1,"win_rate":0.0,"timestamp":1612739036,"path_taken":["R_BF","M","M","M","M","M","T","M","E","R","$","?","?","?","M","BOSS","R","M","M","?","AVR","M","T","?","E","R","?","R","M","NM"],"items_purchased_type":["Card","Card"],"build_version":"2020-12-22","purchased_purges":1,"victory":false,"max_hp_per_floor":[65,65,65,65,65,65,65,65,65,65,65,65,65,65,65,65,65,65,65,65,65,65,65,65,45,45,45,45,45,45,45,45,45],"card_choices":[{"not_picked":["Slimebound:SplitAcid","Slimebound:ForwardTackle"],"picked":"Slimebound:Nibble","floor":2},{"not_picked":["Slimebound:SamplingLick","Slimebound:SplitBruiser"],"picked":"Slimebound:Prepare","floor":3},{"not_picked":["Slimebound:SlimeSpikes","Slimebound:SplitAcid"],"picked":"Slimebound:HauntingLick","floor":4},{"not_picked":["Slimebound:SlimeSpikes","Slimebound:SplitAcid"],"picked":"Slimebound:Gluttony","floor":5},{"not_picked":["Slimebound:SlimeSpikes","Slimebound:LeechEnergy"],"picked":"Slimebound:Repurpose","floor":6},{"not_picked":["Slimebound:Prepare","Slimebound:ServeAndProtect","Slimebound:DisruptingSlam"],"picked":"SKIP","floor":8},{"not_picked":["Slimebound:ComboTackle","Slimebound:DivideAndConquer"],"picked":"Slimebound:DuplicatedForm","floor":9},{"not_picked":["Slimebound:SpikyOuterGoop","Slimebound:HauntingLick","Slimebound:LeechingTouch"],"picked":"SKIP","floor":11},{"not_picked":["Slimebound:RollThrough","Slimebound:Prepare"],"picked":"Slimebound:TongueLash","floor":15},{"not_picked":["Slimebound:Overexert","Slimebound:PrepareCrush"],"picked":"Slimebound:Darklings","floor":16},{"not_picked":["Slimebound:LeadByExample","Slimebound:Chomp"],"picked":"Slimebound:SplitBruiser","floor":19},{"not_picked":["Slimebound:SplitLeeching+1","Slimebound:LeechingTouch"],"picked":"Slimebound:HauntingLick","floor":20},{"not_picked":["Slimebound:ServeAndProtect+1","Slimebound:FinishingTackle"],"picked":"Slimebound:Schlurp","floor":21},{"not_picked":["Slimebound:SplitMire+1","Slimebound:ComboTackle","Defragment"],"picked":"Slimebound:HauntingLick","floor":23},{"not_picked":["Slimebound:DivideAndConquer","Slimebound:GoopTackle+1","Steam"],"picked":"Slimebound:Grow","floor":26},{"not_picked":["Slimebound:Dissolve+1","Slimebound:SplitLeeching","Slimebound:LeechEnergy"],"picked":"Beam Cell","floor":30}],"player_experience":509688,"relics_obtained":[{"floor":1,"key":"infinitespire:BottledMercury"},{"floor":7,"key":"Art of War"},{"floor":9,"key":"Centennial Puzzle"},{"floor":14,"key":"ReplayTheSpireMod:Ring of Challenge"},{"floor":21,"key":"hubris:DisguiseKit"},{"floor":24,"key":"hubris:DuctTape"},{"floor":26,"key":"Happy Flower"},{"floor":26,"key":"Iron Hammer"}],"event_choices":[{"damage_healed":0,"gold_gain":1,"player_choice":"1","damage_taken":0,"max_hp_gain":0,"max_hp_loss":0,"event_name":"betterStone:BetterStone","floor":12,"gold_loss":0},{"damage_healed":0,"gold_gain":0,"player_choice":"Became a vampire","damage_taken":0,"max_hp_gain":0,"max_hp_loss":20,"event_name":"Vampires","floor":25,"gold_loss":0,"cards_obtained":["Bite","Bite","Bite","Bite","Bite"]}],"is_beta":false,"boss_relics":[{"not_picked":["bronze:MakeshiftBattery","hubris:HollowSoul"],"picked":"Cursed Key"}],"items_purged_floors":[22],"is_endless":false,"potions_floor_spawned":[3,5,9,16,20,26],"killed_by":"Nightmare","ascension_level":1}}