{"host":"jpcy2bclvs7juczu","time":1612664663,"event":{"mods":["Alarm Clock","BaseMod","Bestiary","Block Reminder","Colored Map","Colored Powertips","Current Relic Mod","Curses Come First","Dark Map","Filter the Spire","Minty Spire (QoL Compilation)","Quick Restart","RNG Fix","Relic Stats","Slay the Relics Exporter","Smile Girya","StSLib","everything is the same but u backflip on backflip","ojb\u0027s Better Paths Mod","ojb\u0027s Info Mod","slay the spire mod where everything is the same but ironclad has a cowboy hat"],"gold_per_floor":[213,226,236,8,27,27,47,47,121,152,169,199,199,215,215,293,293,313,328,328,328,328,328,328],"floor_reached":23,"language":"ENG","playtime":999,"items_purged":[],"score":431,"play_id":"4d1e42e1-297b-4a75-88eb-b1b7b15e8374","local_time":"20210206212423","is_ascension_mode":true,"campfire_choices":[{"data":"Doom and Gloom","floor":6,"key":"SMITH"},{"data":"Defragment","floor":8,"key":"SMITH"},{"floor":15,"key":"REST"}],"circlet_count":0,"master_deck":["AscendersBane","Defend_B","Defend_B","Defend_B","Defend_B","Dualcast","Darkness","Cold Snap","Doom and Gloom+1","Compile Driver","Conserve Battery","Ball Lightning","Machine Learning","Defragment+1","White Noise","Stack","Defragment+1","Aggregate","Biased Cognition+1","Compile Driver","Turbo","Bite","Bite","Bite","Bite","Bite","Glacier","Conserve Battery","Undo"],"relics":["Cracked Core","Orrery","Matryoshka","Frozen Egg 2","Question Card","Cursed Key"],"acts_visited":["Exordium","TheCity"],"potions_floor_usage":[10,12,18,23,23],"damage_taken":[{"damage":7,"enemies":"Jaw Worm","floor":1,"turns":3},{"damage":10,"enemies":"Small Slimes","floor":2,"turns":4},{"damage":0,"enemies":"Cultist","floor":3,"turns":4},{"damage":0,"enemies":"Exordium Wildlife","floor":5,"turns":2},{"damage":5,"enemies":"Looter","floor":7,"turns":3},{"damage":8,"enemies":"Gremlin Nob","floor":10,"turns":3},{"damage":0,"enemies":"3 Louse","floor":11,"turns":3},{"damage":22,"enemies":"Lagavulin","floor":12,"turns":6},{"damage":3,"enemies":"Blue Slaver","floor":14,"turns":4},{"damage":7,"enemies":"The Guardian","floor":16,"turns":8},{"damage":17,"enemies":"Shell Parasite","floor":18,"turns":3},{"damage":20,"enemies":"2 Thieves","floor":19,"turns":4},{"damage":27,"enemies":"Book of Stabbing","floor":23,"turns":3}],"seed_played":"962885365017434965","potions_obtained":[{"floor":3,"key":"Fire Potion"},{"floor":7,"key":"Strength Potion"},{"floor":14,"key":"EssenceOfSteel"},{"floor":16,"key":"Weak Potion"},{"floor":19,"key":"CultistPotion"}],"is_trial":false,"path_per_floor":["M","M","M","$","M","R","M","R","T","E","M","E","?","M","R","B",null,"M","M","?","?","?","E"],"character_chosen":"DEFECT","items_purchased":["Orrery","Ball Lightning"],"campfire_rested":1,"item_purchase_floors":[4,4],"current_hp_per_floor":[57,47,47,47,47,47,42,42,42,34,34,12,12,9,30,23,59,42,22,22,22,22,0,0],"gold":328,"neow_bonus":"HUNDRED_GOLD","is_daily":false,"chose_seed":false,"campfire_upgraded":2,"win_rate":0.0,"timestamp":1612664663,"path_taken":["M","M","M","$","M","R","?","R","T","E","M","E","?","M","R","BOSS","M","M","?","?","?","E"],"items_purchased_type":["Relic","Card"],"build_version":"2020-12-22","purchased_purges":0,"victory":false,"max_hp_per_floor":[71,71,71,71,71,71,71,71,71,71,71,71,71,71,71,71,71,71,71,49,49,49,49,49],"relic_stats":{"counters":[13,50],"Question Card":4,"Cursed Key":0,"obtain_stats":[{"Matryoshka":9,"Orrery":4,"Frozen Egg 2":10,"Cracked Core":0,"Question Card":12,"Cursed Key":17},{"Matryoshka":5,"Orrery":3,"Frozen Egg 2":6,"Cracked Core":0,"Question Card":8,"Cursed Key":10},{"Matryoshka":16,"Orrery":11,"Frozen Egg 2":19,"Cracked Core":0,"Question Card":28,"Cursed Key":40}]},"card_choices":[{"not_picked":["Double Energy","Hologram"],"picked":"Darkness","floor":1},{"not_picked":["FTL","Conserve Battery"],"picked":"Cold Snap","floor":2},{"not_picked":["Turbo","Leap"],"picked":"Doom and Gloom","floor":3},{"not_picked":["Hologram","Skim"],"picked":"Compile Driver","floor":4},{"not_picked":["Rebound","Steam"],"picked":"Ball Lightning","floor":4},{"not_picked":["Beam Cell","Hello World"],"picked":"Conserve Battery","floor":4},{"not_picked":["Rebound","Hologram"],"picked":"Machine Learning","floor":5},{"not_picked":["Double Energy","Hologram"],"picked":"Defragment","floor":7},{"not_picked":["Streamline","Leap"],"picked":"White Noise","floor":10},{"not_picked":["Skim","Capacitor+1"],"picked":"Stack","floor":11},{"not_picked":["Ball Lightning","Sunder"],"picked":"Defragment+1","floor":12},{"not_picked":["Fusion","Storm+1","Rebound"],"picked":"Aggregate","floor":14},{"not_picked":["Creative AI+1","Machine Learning+1","Echo Form+1"],"picked":"Biased Cognition+1","floor":16},{"not_picked":["Conserve Battery","Aggregate","Darkness"],"picked":"Compile Driver","floor":18},{"not_picked":["Ball Lightning+1","Compile Driver","Stack"],"picked":"Turbo","floor":19}],"player_experience":1586374,"relics_obtained":[{"floor":9,"key":"Matryoshka"},{"floor":10,"key":"Frozen Egg 2"},{"floor":12,"key":"Question Card"}],"event_choices":[{"damage_healed":0,"gold_gain":0,"player_choice":"Ignored","damage_taken":0,"max_hp_gain":0,"max_hp_loss":0,"event_name":"Shining Light","floor":13,"gold_loss":0},{"damage_healed":0,"gold_gain":0,"player_choice":"Became a vampire","damage_taken":0,"max_hp_gain":0,"max_hp_loss":22,"event_name":"Vampires","floor":20,"gold_loss":0,"cards_obtained":["Bite","Bite","Bite","Bite","Bite"]},{"damage_healed":0,"gold_gain":0,"player_choice":"Read","damage_taken":0,"max_hp_gain":0,"max_hp_loss":0,"event_name":"The Library","floor":21,"gold_loss":0,"cards_obtained":["Glacier"]},{"damage_healed":0,"gold_gain":0,"cards_transformed":["Ball Lightning","Zap"],"player_choice":"Became Test Subject","damage_taken":0,"max_hp_gain":0,"max_hp_loss":0,"event_name":"Drug Dealer","floor":22,"gold_loss":0,"cards_obtained":["Conserve Battery","Undo"]}],"is_beta":false,"boss_relics":[{"not_picked":["Empty Cage","Calling Bell"],"picked":"Cursed Key"}],"items_purged_floors":[],"is_endless":false,"potions_floor_spawned":[3,7,14,16,19],"killed_by":"Book of Stabbing","ascension_level":20}}