{"host":"l5zfpd2l2htson6l","time":1612684861,"event":{"mods":["AchievementEnabler","BaseMod","Colored Map","Colored Powertips","Minty Spire (QoL Compilation)","Permanent Neow","Quick Restart","Rare Cards Sparkle","Relic Stats","SuperFastMode"],"gold_per_floor":[114,132,147,167,167,167,201,201,201,215,249,249,261,296,296,296,296],"floor_reached":16,"language":"ENG","playtime":750,"items_purged":[],"score":244,"play_id":"7b0f9aff-387e-4f18-ac61-6f30858eb0d7","local_time":"20210207000101","is_ascension_mode":true,"campfire_choices":[{"data":"Armaments","floor":6.0,"key":"SMITH"},{"floor":8,"key":"REST"},{"data":"Hemokinesis","floor":12,"key":"SMITH"},{"data":"Rupture","floor":15,"key":"SMITH"}],"circlet_count":0,"master_deck":["AscendersBane","Strike_R","Strike_R","Strike_R","Strike_R","Strike_R","Defend_R","Defend_R","Defend_R","Defend_R","Bash","Reaper","Armaments+1","Clothesline","Hemokinesis+1","Evolve","Offering","Whirlwind","Rupture+1"],"relics":["Burning Blood","Anchor","Akabeko","Mummified Hand","Happy Flower"],"acts_visited":["Exordium"],"potions_floor_usage":[10,11,16],"damage_taken":[{"damage":0.0,"enemies":"2 Louse","floor":1.0,"turns":2.0},{"damage":2.0,"enemies":"Cultist","floor":2.0,"turns":4.0},{"damage":17.0,"enemies":"Jaw Worm","floor":3.0,"turns":4.0},{"damage":29.0,"enemies":"2 Fungi Beasts","floor":4.0,"turns":5.0},{"damage":44.0,"enemies":"3 Sentries","floor":7.0,"turns":12.0},{"damage":5,"enemies":"Blue Slaver","floor":10,"turns":5},{"damage":21,"enemies":"Lagavulin","floor":11,"turns":6},{"damage":3,"enemies":"Looter","floor":13,"turns":3},{"damage":16,"enemies":"Gremlin Nob","floor":14,"turns":3},{"damage":66,"enemies":"The Guardian","floor":16,"turns":10}],"seed_played":"-7821527681636245173","potions_obtained":[{"floor":2.0,"key":"SneckoOil"},{"floor":4.0,"key":"BloodPotion"},{"floor":10,"key":"DistilledChaos"},{"floor":14,"key":"ElixirPotion"}],"is_trial":false,"path_per_floor":["M","M","M","M","?","R","E","R","T","M","E","R","M","E","R","B"],"character_chosen":"IRONCLAD","items_purchased":[],"campfire_rested":1,"item_purchase_floors":[],"current_hp_per_floor":[68,68,57,42,42,42,16,36,36,62,47,47,54,50,50,0,0],"gold":296,"neow_bonus":"THREE_RARE_CARDS","is_daily":false,"chose_seed":false,"campfire_upgraded":3,"win_rate":0.0,"timestamp":1612684861,"path_taken":["M","M","M","M","?","R","E","R","T","M","E","R","M","E","R","BOSS"],"items_purchased_type":[],"build_version":"2020-12-22","purchased_purges":0,"victory":false,"max_hp_per_floor":[68,68,68,68,68,68,68,68,68,68,68,68,68,68,68,68,68],"relic_stats":{"Happy Flower":[3],"counters":[10,54],"Mummified Hand":[2],"obtain_stats":[{"Anchor":7,"Happy Flower":14,"Mummified Hand":11,"Burning Blood":0,"Akabeko":9},{"Anchor":5,"Happy Flower":9,"Mummified Hand":7,"Burning Blood":0,"Akabeko":5},{"Anchor":27,"Happy Flower":44,"Mummified Hand":38,"Burning Blood":0,"Akabeko":27}],"Burning Blood":44},"card_choices":[{"not_picked":["Corruption","Fiend Fire"],"picked":"Reaper","floor":0.0},{"not_picked":["Flex","Cleave"],"picked":"Armaments","floor":1.0},{"not_picked":["Clash","True Grit","Pummel"],"picked":"SKIP","floor":2.0},{"not_picked":["Combust","Intimidate","Sever Soul"],"picked":"SKIP","floor":3.0},{"not_picked":["Havoc","Body Slam","Sword Boomerang"],"picked":"SKIP","floor":4.0},{"not_picked":["Burning Pact","Combust"],"picked":"Hemokinesis","floor":7},{"not_picked":["Shrug It Off","Pommel Strike"],"picked":"Evolve","floor":10},{"not_picked":["Pommel Strike","Dropkick"],"picked":"Offering","floor":11},{"not_picked":["True Grit","Armaments"],"picked":"Whirlwind","floor":13},{"not_picked":["Havoc","Rampage"],"picked":"Rupture","floor":14}],"player_experience":933669,"relics_obtained":[{"floor":7,"key":"Anchor"},{"floor":9,"key":"Akabeko"},{"floor":11,"key":"Mummified Hand"},{"floor":14,"key":"Happy Flower"}],"event_choices":[{"damage_healed":0.0,"max_hp_gain":0.0,"max_hp_loss":0.0,"gold_gain":0.0,"event_name":"Match and Keep!","player_choice":"1 cards matched","floor":5.0,"gold_loss":0.0,"damage_taken":0.0,"cards_obtained":["Clothesline"]}],"is_beta":false,"boss_relics":[],"items_purged_floors":[],"is_endless":false,"potions_floor_spawned":[2,4,10,14],"killed_by":"The Guardian","ascension_level":20}}