{"host":"c0rqchpxu0yjpthq","time":1612672901,"event":{"mods":["Arknights","BaseMod","Challenge The Spire","HololiveMod","Minty Spire (QoL Compilation)","Relic Stats","Spicy Shops","StSLib"],"gold_per_floor":[109,109,127,137,153,183,202,277,300,23,50,50,70,128,128,232,232,244,259,277,277,30,30,30],"floor_reached":23,"language":"ZHS","playtime":1091,"items_purged":[],"score":203,"play_id":"d18565d5-d0ab-4f16-ac64-6a3b173d8448","local_time":"20210207124141","is_ascension_mode":false,"campfire_choices":[{"floor":12,"key":"REST"},{"floor":15,"key":"REST"}],"circlet_count":0,"master_deck":["Strike_B","Strike_B","Strike_B","Strike_B","Defend_B","Defend_B","Defend_B","Defend_B","Zap","Dualcast+1","Chill","Static Discharge","Cold Snap","Chaos+1","Writhe","Electrodynamics","Buffer","Genetic Algorithm","Loop","White Noise","Storm"],"relics":["Cracked Core","NeowsBlessing","Pen Nib","Potion Belt","Ancient Tea Set","Hololive_LightStick","War Paint","Dream Catcher","Regal Pillow","Nuclear Battery","Membership Card","PreservedInsect"],"acts_visited":["TheCity"],"potions_floor_usage":[5,6,11,11,14,16,23],"damage_taken":[{"damage":0.0,"enemies":"2 Louse","floor":1.0,"turns":1.0},{"damage":0.0,"enemies":"Cultist","floor":3.0,"turns":1.0},{"damage":0.0,"enemies":"Small Slimes","floor":4.0,"turns":1.0},{"damage":7,"enemies":"Exordium Wildlife","floor":5,"turns":4},{"damage":18,"enemies":"3 Sentries","floor":6,"turns":6},{"damage":4,"enemies":"Looter","floor":7,"turns":4},{"damage":16,"enemies":"Gremlin Nob","floor":11,"turns":4},{"damage":0,"enemies":"Lots of Slimes","floor":13,"turns":1},{"damage":19,"enemies":"Gremlin Nob","floor":14,"turns":4},{"damage":27,"enemies":"The Guardian","floor":16,"turns":11},{"damage":5,"enemies":"2 Thieves","floor":18,"turns":3},{"damage":25,"enemies":"Shell Parasite","floor":19,"turns":6},{"damage":15,"enemies":"Centurion and Healer","floor":20,"turns":6},{"damage":21,"enemies":"Book of Stabbing","floor":23,"turns":4}],"seed_played":"-5126159506686453075","potions_obtained":[{"floor":1.0,"key":"Fruit Juice"},{"floor":2.0,"key":"CultistPotion"},{"floor":2.0,"key":"Ancient Potion"},{"floor":2.0,"key":"LiquidMemories"},{"floor":4.0,"key":"BlessingOfTheForge"},{"floor":7,"key":"PowerPotion"},{"floor":11,"key":"Weak Potion"},{"floor":14,"key":"ColorlessPotion"},{"floor":19,"key":"Dexterity Potion"}],"is_trial":false,"path_per_floor":["M","?","M","M","M","E","M","?","T","$","E","R","M","?","R","B",null,"M","M","M","?","$","E"],"character_chosen":"DEFECT","items_purchased":["Ancient Tea Set","Hololive_LightStick","War Paint","Membership Card","PreservedInsect","Storm"],"campfire_rested":2,"item_purchase_floors":[10,10,10,22,22,22],"current_hp_per_floor":[80,80,80,80,73,55,51,40,40,40,24,48,48,29,68,41,80,75,50,35,20,20,0,0],"gold":30,"neow_bonus":"THREE_ENEMY_KILL","is_daily":false,"chose_seed":false,"campfire_upgraded":0,"win_rate":0.0,"timestamp":1612672901,"path_taken":["M","?","?","M","M","E","M","?","T","$","E","R","M","?","R","BOSS","M","M","M","?","$","E"],"items_purchased_type":["Relic","Relic","Relic","Relic","Relic","Card"],"build_version":"2020-12-22","purchased_purges":0,"victory":false,"max_hp_per_floor":[80,80,80,80,80,80,80,80,80,80,80,80,80,80,80,80,80,80,80,80,85,85,85,85],"relic_stats":{"Dream Catcher":2,"Regal Pillow":15,"counters":[14,56],"Pen Nib":[4],"PreservedInsect":41,"War Paint":["Chaos","Dualcast"],"obtain_stats":[{"Potion Belt":9,"Hololive_LightStick":10,"Dream Catcher":11,"Regal Pillow":14,"NeowsBlessing":0,"Pen Nib":6,"PreservedInsect":22,"Membership Card":22,"War Paint":10,"Cracked Core":0,"Ancient Tea Set":10,"Nuclear Battery":17},{"Potion Belt":6,"Hololive_LightStick":6,"Dream Catcher":7,"Regal Pillow":8,"NeowsBlessing":0,"Pen Nib":5,"PreservedInsect":13,"Membership Card":13,"War Paint":6,"Cracked Core":0,"Ancient Tea Set":6,"Nuclear Battery":10},{"Potion Belt":17,"Hololive_LightStick":17,"Dream Catcher":21,"Regal Pillow":22,"NeowsBlessing":0,"Pen Nib":13,"PreservedInsect":52,"Membership Card":52,"War Paint":17,"Cracked Core":0,"Ancient Tea Set":17,"Nuclear Battery":37}]},"card_choices":[{"not_picked":["Darkness","Go for the Eyes"],"picked":"Chill","floor":1.0},{"not_picked":["Tempest","Rip and Tear"],"picked":"Static Discharge","floor":3.0},{"not_picked":["Coolheaded","Steam"],"picked":"Cold Snap","floor":4.0},{"not_picked":["Leap","Steam","Barrage"],"picked":"SKIP","floor":5},{"not_picked":["Cold Snap","Reinforced Body","Conserve Battery"],"picked":"SKIP","floor":6},{"not_picked":["Go for the Eyes","Stack"],"picked":"Chaos","floor":7},{"not_picked":["Capacitor","Steam"],"picked":"Electrodynamics","floor":11},{"not_picked":["Leap","Redo","Coolheaded"],"picked":"SKIP","floor":13},{"not_picked":["Fission","Seek"],"picked":"Buffer","floor":16},{"not_picked":["Beam Cell","Cold Snap"],"picked":"Genetic Algorithm","floor":18},{"not_picked":["Static Discharge","Undo+1"],"picked":"Loop","floor":19},{"not_picked":["Compile Driver","Static Discharge"],"picked":"White Noise","floor":20}],"player_experience":34391,"relics_obtained":[{"floor":6,"key":"Pen Nib"},{"floor":9,"key":"Potion Belt"},{"floor":11,"key":"Dream Catcher"}],"event_choices":[{"damage_healed":0.0,"max_hp_gain":0.0,"max_hp_loss":0.0,"gold_gain":0.0,"event_name":"Lab","player_choice":"Got Potions","floor":2.0,"gold_loss":0.0,"damage_taken":0.0},{"damage_healed":0,"gold_gain":75,"player_choice":"Gather Gold","damage_taken":11,"max_hp_gain":0,"max_hp_loss":0,"event_name":"World of Goop","floor":8,"gold_loss":0},{"damage_healed":0,"gold_gain":0,"player_choice":"Searched \u00272\u0027 times","damage_taken":0,"relics_obtained":["Regal Pillow"],"max_hp_gain":0,"max_hp_loss":0,"event_name":"Dead Adventurer","floor":14,"gold_loss":0},{"damage_healed":0,"gold_gain":0,"player_choice":"Shed Blood","damage_taken":20,"max_hp_gain":5,"max_hp_loss":0,"event_name":"Forgotten Altar","floor":21,"gold_loss":0}],"is_beta":false,"boss_relics":[{"not_picked":["Tiny House","Sozu"],"picked":"Nuclear Battery"}],"items_purged_floors":[],"is_endless":false,"potions_floor_spawned":[1,4,7,11,14,19],"killed_by":"Book of Stabbing","ascension_level":0}}