{"host":"qwb18rbrg3wnmsho","time":1612702033,"event":{"mods":["Act Like it!","BaseMod","BetterRewards","Gensokyo","Minty Spire (QoL Compilation)","MostiFishMod","Potion Indicator Mod","Quarter Circle Forward PUNCH!","Remilia£®¿Ÿ√◊¿Ú—«£©","Replay The Spire","StSLib","[IsaacMod]“‘»ˆº‚À˛"],"gold_per_floor":[112,123,42,42,42,77,91,126,173,407,424,443,459,241,241,342,342,358,358,258,343,359,359,234,264,287,287,313,313,227,227,227,328,328,341,358,358,358,608,608,638,656,656,688,688,688,1013,1029,1029,1029,1029,1029,471,504,544],"floor_reached":56,"language":"ZHS","playtime":4123,"items_purged":["Strike_RM","RedMoon","Defend_RM","ScarletShoot"],"score":2529,"play_id":"4cc265dc-3eff-48f3-9603-895629f86a82","local_time":"20210207204713","is_ascension_mode":true,"campfire_choices":[{"floor":15.0,"key":"RECALL"},{"data":"ScarletNetherworld","floor":23.0,"key":"SMITH"},{"data":"HellCatastrophe","floor":27.0,"key":"SMITH"},{"data":"BloodySeventeenLaser","floor":29.0,"key":"SMITH"},{"data":"ChainGang","floor":32.0,"key":"SMITH"},{"data":"ScarletDevilSign","floor":40,"key":"SMITH"},{"data":"TransientEternity","floor":46,"key":"SMITH"},{"data":"ScarletImprint","floor":49,"key":"SMITH"},{"data":"ReincarnationDial","floor":52,"key":"SMITH"}],"circlet_count":0,"master_deck":["AscendersBane","Defend_RM","AfternoonTea","ScarletGensokyo","ScarletNetherworld+1","TransientEternity+1","ChainGang+1","ReincarnationDial+1","MillenniumVampire","ScarletImprint+1","BloodySeventeenLaser+1","Gensokyo:UnlikelyAid","HellCatastrophe+1","BombardNight+1","ScarletDevilSign+1","Stigmanizer+1","DevilSight+1","Maim+1","BloodHunter"],"relics":["ScarletHat","DaveBox","HushsDoor","PokeGo","ImprovedEquipment","NeowsBlessing","SynthV:TestCard","Snack Pack","Nunchaku","DoctorsRemote","Potion Belt","qcfpunch:Red_Headband","qcfpunch:Killian_Engine_Alpha","Centennial Puzzle","TheBean","Bottled Tornado","Simple Rune","FeatherPendant","ReplayFunnel","Replay:WaspNest","Happy Flower","ReplayTheSpireMod:Lightbulb","Replay:Bottled Steam","StrikeDummy","MostiFishMod:Haymaker","ThornShield","Chameleon Ring"],"acts_visited":["Gensokyo:Gensokyo","Gensokyo:Gensokyoer","Gensokyo:Gensokyoest","TheEnding"],"potions_floor_usage":[41,48,55,55],"damage_taken":[{"damage":0.0,"enemies":"Gensokyo:Python","floor":1.0,"turns":1.0},{"damage":0.0,"enemies":"Gensokyo:3_Fairies","floor":2.0,"turns":2.0},{"damage":0.0,"enemies":"Gensokyo:Mamizou","floor":6.0,"turns":1.0},{"damage":0.0,"enemies":"Gensokyo:Gryphon","floor":7.0,"turns":4.0},{"damage":0.0,"enemies":"Gensokyo:Cirno","floor":8.0,"turns":7.0},{"damage":0.0,"enemies":"Gensokyo:Aya","floor":10.0,"turns":7.0},{"damage":0.0,"enemies":"Gensokyo:3_Kodama","floor":11.0,"turns":1.0},{"damage":0.0,"enemies":"Gensokyo:LivingMonolith","floor":12.0,"turns":3.0},{"damage":0.0,"enemies":"Gensokyo:VengefulSpirit","floor":13.0,"turns":4.0},{"damage":0.0,"enemies":"Gensokyo:Reimu","floor":16.0,"turns":12.0},{"damage":0.0,"enemies":"Gensokyo:3_Dogs","floor":18.0,"turns":4.0},{"damage":0.0,"enemies":"Gensokyo:CosmicMonolith","floor":22.0,"turns":3.0},{"damage":0.0,"enemies":"Gensokyo:Tenshi","floor":25.0,"turns":4.0},{"damage":0.0,"enemies":"Gensokyo:Koishi","floor":28.0,"turns":6.0},{"damage":3.0,"enemies":"Gensokyo:Eternal_Rivals","floor":33.0,"turns":11.0},{"damage":0,"enemies":"Gensokyo:3_Boulders","floor":35,"turns":2},{"damage":0,"enemies":"Gensokyo:3_Bats","floor":36,"turns":2},{"damage":0,"enemies":"Hiden Room Battle","floor":39,"turns":1},{"damage":0,"enemies":"Gensokyo:Doremy","floor":41,"turns":2},{"damage":0,"enemies":"Gensokyo:Rafflesia","floor":42,"turns":3},{"damage":0,"enemies":"Gensokyo:Marisa","floor":44,"turns":2},{"damage":0,"enemies":"Gensokyo:Doremy","floor":47,"turns":1},{"damage":0,"enemies":"Gensokyo:3_Boulders","floor":48,"turns":1},{"damage":3,"enemies":"Gensokyo:Yuyuko","floor":50,"turns":5},{"damage":0,"enemies":"Shield and Spear","floor":54,"turns":2},{"damage":37,"enemies":"The Heart","floor":55,"turns":4}],"seed_played":"294500417933021620","potions_obtained":[{"floor":1.0,"key":"Energy Potion"},{"floor":2.0,"key":"Reflective Coating"},{"floor":10.0,"key":"Strength Potion"},{"floor":13.0,"key":"Flashbang"},{"floor":18.0,"key":"LifebloodPotion"},{"floor":28.0,"key":"Milkshake"},{"floor":33,"key":"BlessingOfTheForge"},{"floor":35,"key":"Adrenaline Potion"},{"floor":41,"key":"DuplicationPotion"},{"floor":42,"key":"Block Potion"},{"floor":47,"key":"Strength Potion"}],"is_trial":false,"path_per_floor":["M","M","COS","?","?","E","M","E","T","E","M","M","M","$","R","B",null,"M","?","$","?","M","R","$","E","T","R","E","R","COS","?","R","B",null,"M","M","$","?","?","R","E","M","T","E","?","R","E","M","R","B",null,"R","$","E","B",null],"character_chosen":"REMILIA","items_purchased":["qcfpunch:Red_Headband","HellCatastrophe","ThornShield","SkillPotion","BloodHunter"],"campfire_rested":0,"item_purchase_floors":[14,17,53,53,53],"current_hp_per_floor":[68,68,68,53,53,53,53,59,59,59,59,59,61,61,61,62,69,71,71,71,54,58,58,58,64,64,64,71,71,71,66,66,66,66,66,66,66,66,66,66,66,66,66,66,66,66,66,66,66,66,66,66,66,66,56],"gold":544,"neow_bonus":"THREE_ENEMY_KILL","is_daily":false,"chose_seed":false,"campfire_upgraded":8,"win_rate":0.0,"timestamp":1612702033,"path_taken":["M","M","COS","?","?","E","M","E","T","E","M","M","M","$","R","BOSS","M","?","$","?","M","R","?","E","T","R","E","R","COS","?","R","BOSS","BOSS","M","M","$","?","?","R","E","?","T","E","?","R","E","M","R","BOSS","R","$","E","BOSS"],"items_purchased_type":["Relic","Card","Relic","Potion","Card"],"build_version":"2020-12-22","purchased_purges":4,"victory":true,"max_hp_per_floor":[75,75,75,75,75,75,75,75,75,75,75,75,75,75,75,75,71,71,71,71,71,71,71,71,71,71,71,71,71,71,66,66,66,66,66,66,66,66,66,66,66,66,66,66,66,66,66,66,66,66,66,66,66,66,66],"card_choices":[{"not_picked":[],"picked":"ChaosCard","floor":0.0},{"not_picked":["MiserableFate","CharismaGuard"],"picked":"AfternoonTea","floor":1.0},{"not_picked":["StarOfDavid","RedMagic","CharismaGuard","TricksterDevil"],"picked":"ScarletGensokyo","floor":2.0},{"not_picked":["BadLadyScramble","EndlessAdversity","StarOfDavid","FavorOfDestiny","VampireKiss"],"picked":"SKIP","floor":6.0},{"not_picked":["BloodHunter","Ultimatum","NightDance","MiserableFate"],"picked":"ScarletNetherworld","floor":7.0},{"not_picked":["NightLord","BatForm","VampireKiss","Maim"],"picked":"TransientEternity","floor":8.0},{"not_picked":["StarOfDavid","RedRainbow","ScarletImprint","VampireKiss"],"picked":"ChainGang","floor":10.0},{"not_picked":["MiserableFate","Ultimatum","RedRainbow","UltimateOffering"],"picked":"ReincarnationDial","floor":11.0},{"not_picked":["EmergencyRegeneration","EndlessAdversity","BlasphemousPunishment","Septette"],"picked":"MillenniumVampire","floor":12.0},{"not_picked":["VampireKiss","FavorOfDestiny","NightDance","RedMagic"],"picked":"ScarletImprint","floor":13.0},{"not_picked":["BatForm","KillingBlow","DemonKingCradle","CurseOfVladTepes"],"picked":"BloodySeventeenLaser","floor":16.0},{"not_picked":["RedRainbow","UnderTheZenith","DiffusionOfMisfortune","BloodHunter"],"picked":"BombardNight+1","floor":18.0},{"not_picked":["RedMagic","Stigmanizer","FavorOfDestiny","HellCatastrophe"],"picked":"ScarletDevilSign","floor":21.0},{"not_picked":["ScarletDevil","DevilSight+1","FavorOfDestiny","UltimateOffering"],"picked":"Stigmanizer+1","floor":22.0},{"not_picked":["EndlessAdversity","GlobalNightmare","BadLadyScramble","ScarletImprint","HunterOfTheNight"],"picked":"SKIP","floor":25.0},{"not_picked":["NightDance+1","SuperhumanBloodyKnife+1","CharismaGuard","Septette","BloodRain"],"picked":"SKIP","floor":28.0},{"not_picked":["CharismaGuard","MastersStateliness","ScarletImprint","FavorOfDestiny+1","ScarletDevil+1"],"picked":"SKIP","floor":35},{"not_picked":["StarOfDavid+1","ScarletImprint+1","BombardNight","FavorOfDestiny+1","MillenniumVampire+1"],"picked":"SKIP","floor":36},{"not_picked":["SuperhumanBloodyKnife","BlasphemousPunishment+1","CharismaGuard","ScarletDevilSign+1"],"picked":"DevilSight+1","floor":39},{"not_picked":["KillingBlow","UnstableMagic+1","CharismaGuard","EndlessAdversity+1","VampireSweep+1"],"picked":"SKIP","floor":41},{"not_picked":["StarOfDavid","FavorOfDestiny","ScarletImprint+1","TwelveNightmare"],"picked":"Maim+1","floor":42},{"not_picked":["BombardNight","UnstableMagic+1","ReincarnationDial+1","ScarletImprint","VampireSweep+1"],"picked":"SKIP","floor":44},{"not_picked":["VampireKiss","VampirishNight+1","BombardNight","DevilSight+1","EndlessAdversity"],"picked":"SKIP","floor":47},{"not_picked":["VampireFantasy+1","UnstableMagic","ScarletImprint+1","NightDance","BloodHunter+1"],"picked":"SKIP","floor":48},{"not_picked":["MastersStateliness+1","UnstableMagic","Maim+1","Ultimatum+1","NightDance"],"picked":"SKIP","floor":54}],"player_experience":293017,"relics_obtained":[{"floor":1.0,"key":"SynthV:TestCard"},{"floor":6.0,"key":"Nunchaku"},{"floor":8.0,"key":"DoctorsRemote"},{"floor":10.0,"key":"Potion Belt"},{"floor":25.0,"key":"Centennial Puzzle"},{"floor":26.0,"key":"TheBean"},{"floor":28.0,"key":"Bottled Tornado"},{"floor":39,"key":"Replay:WaspNest"},{"floor":39,"key":"Happy Flower"},{"floor":41,"key":"ReplayTheSpireMod:Lightbulb"},{"floor":43,"key":"Replay:Bottled Steam"},{"floor":44,"key":"StrikeDummy"},{"floor":47,"key":"MostiFishMod:Haymaker"},{"floor":54,"key":"Chameleon Ring"}],"event_choices":[{"damage_healed":0,"gold_gain":0,"player_choice":"Fight","damage_taken":0,"max_hp_gain":0,"max_hp_loss":0,"event_name":"HidenRoomEvent","floor":39,"gold_loss":0}],"is_beta":false,"boss_relics":[{"not_picked":["Runic Dome","Sozu"],"picked":"qcfpunch:Killian_Engine_Alpha"},{"not_picked":[]},{"not_picked":["NightmareShop","xbg"],"picked":"FeatherPendant"},{"not_picked":[]}],"items_purged_floors":[14,20,24,53],"is_endless":false,"potions_floor_spawned":[1,2,10,13,18,28,33,35,41,42,47,54],"ascension_level":11}}