{"host":"szp1d6dso4pv7ddl","time":1612731381,"event":{"mods":["AchievementEnabler","Alarm Clock","BaseMod","Bestiary","Block Reminder","Colored Map","Colored Powertips","Curses Come First","Dark Map","Displayed Cursed Tome","Highlight Path","Minty Spire (QoL Compilation)","Permanent Neow","Quick Restart","Relic Sorter","Relic Stats","StSLib","Synergy Search"],"gold_per_floor":[113,133,133,147,160,160,193,193,240,256,256,95,125,143,143,220,220,236,161,161,4,19,54,54,74,148,148,159,159,178,42,42,116,116,133,133,145,160,178,178,211,211,211,211,211,22,35,35,35],"floor_reached":48,"language":"ENG","playtime":3310,"items_purged":["Strike_R"],"score":985,"play_id":"7d1134de-c147-4636-9fa6-586c384433a5","local_time":"20210207125621","is_ascension_mode":true,"campfire_choices":[{"data":"Cleave","floor":6,"key":"SMITH"},{"data":"Uppercut","floor":8,"key":"SMITH"},{"floor":11,"key":"REST"},{"floor":15,"key":"REST"},{"floor":24,"key":"REST"},{"data":"Battle Trance","floor":29,"key":"SMITH"},{"data":"Flame Barrier","floor":32,"key":"SMITH"},{"data":"Carnage","floor":40,"key":"SMITH"},{"floor":42,"key":"REST"},{"data":"Impervious","floor":45,"key":"SMITH"}],"circlet_count":0,"master_deck":["AscendersBane","Strike_R","Strike_R","Defend_R","Defend_R","Defend_R","Defend_R","Bash+1","Iron Wave","Twin Strike","Uppercut+1","Cleave+1","Feed","Battle Trance+1","Carnage+1","Shockwave+1","Shrug It Off","Corruption","Shrug It Off+1","Shockwave","Entrench","Flame Barrier+1","Offering","Dark Embrace","Shockwave","Bloodletting","Flex","Impervious+1","Dual Wield","Bloodletting","Cleave"],"relics":["Burning Blood","FaceOfCleric","Pantograph","Potion Belt","Oddly Smooth Stone","Cursed Key","Enchiridion","Strange Spoon","War Paint","Eternal Feather","Regal Pillow","Empty Cage","Happy Flower"],"acts_visited":["Exordium","TheCity","TheBeyond"],"potions_floor_usage":[7,16,16,23,33,33,33,33,38,48],"damage_taken":[{"damage":7.0,"enemies":"2 Louse","floor":1.0,"turns":3.0},{"damage":6,"enemies":"Cultist","floor":2,"turns":4},{"damage":9,"enemies":"Jaw Worm","floor":4,"turns":3},{"damage":7,"enemies":"Looter","floor":5,"turns":3},{"damage":18,"enemies":"Lagavulin","floor":7,"turns":6},{"damage":26,"enemies":"Exordium Thugs","floor":10,"turns":5},{"damage":26,"enemies":"Gremlin Nob","floor":13,"turns":4},{"damage":10,"enemies":"Red Slaver","floor":14,"turns":2},{"damage":31,"enemies":"Slime Boss","floor":16,"turns":7},{"damage":20,"enemies":"Shell Parasite","floor":18,"turns":5},{"damage":8,"enemies":"3 Byrds","floor":22,"turns":5},{"damage":38,"enemies":"Slavers","floor":23,"turns":7},{"damage":6,"enemies":"Snake Plant","floor":25,"turns":4},{"damage":13,"enemies":"Centurion and Healer","floor":28,"turns":7},{"damage":12,"enemies":"3 Cultists","floor":30,"turns":5},{"damage":92,"enemies":"Collector","floor":33,"turns":15},{"damage":6,"enemies":"Orb Walker","floor":35,"turns":4},{"damage":27,"enemies":"3 Shapes","floor":37,"turns":8},{"damage":23,"enemies":"Spire Growth","floor":38,"turns":7},{"damage":3,"enemies":"Jaw Worm Horde","floor":39,"turns":4},{"damage":78,"enemies":"Reptomancer","floor":41,"turns":7},{"damage":86,"enemies":"Transient","floor":47,"turns":6},{"damage":25,"enemies":"Sphere and 2 Shapes","floor":48,"turns":7}],"seed_played":"7301583444989173727","potions_obtained":[{"floor":2,"key":"Block Potion"},{"floor":7,"key":"Explosive Potion"},{"floor":10,"key":"GamblersBrew"},{"floor":13,"key":"DuplicationPotion"},{"floor":16,"key":"Ancient Potion"},{"floor":18,"key":"EssenceOfSteel"},{"floor":23,"key":"ElixirPotion"},{"floor":30,"key":"Block Potion"},{"floor":33,"key":"Ancient Potion"},{"floor":39,"key":"SteroidPotion"},{"floor":47,"key":"ColorlessPotion"}],"is_trial":false,"path_per_floor":["M","M","?","M","M","R","E","R","T","M","R","$","E","M","R","B",null,"M","?","?","$","M","E","R","M","T","?","M","R","M","$","R","B",null,"M","?","M","M","M","R","E","R","T","?","R","$","M","M"],"character_chosen":"IRONCLAD","items_purchased":["Carnage","Strange Spoon","Flame Barrier","Block Potion","Dual Wield","Bloodletting","Cleave"],"campfire_rested":4,"item_purchase_floors":[12,21,31,31,46,46,46],"current_hp_per_floor":[67,67,67,65,65,65,54,54,54,38,62,62,43,40,65,60,79,69,69,48,48,50,22,51,52,52,52,46,58,59,59,71,14,86,90,90,76,63,70,85,14,83,83,83,98,98,19,0,0],"gold":35,"neow_bonus":"UPGRADE_CARD","is_daily":false,"chose_seed":false,"campfire_upgraded":6,"win_rate":0.0,"timestamp":1612731381,"path_taken":["M","M","?","M","M","R","E","R","T","?","R","?","E","M","R","BOSS","M","?","?","$","M","E","R","M","T","?","M","R","?","?","R","BOSS","M","?","M","?","?","R","E","R","T","?","R","?","M","M"],"items_purchased_type":["Card","Relic","Card","Potion","Card","Card","Card"],"build_version":"2020-12-22","purchased_purges":1,"victory":false,"max_hp_per_floor":[75,75,75,76,77,77,78,78,78,82,82,82,83,84,84,85,85,89,89,89,89,93,97,97,98,98,98,99,99,106,106,106,110,110,114,114,121,125,129,129,130,130,130,123,123,123,124,127,127],"relic_stats":{"Strange Spoon":[90],"Regal Pillow":15,"FaceOfCleric":20,"Happy Flower":[4],"counters":[23,128],"Pantograph":44,"Eternal Feather":69,"War Paint":["Shrug It Off","Shockwave"],"Cursed Key":1,"obtain_stats":[{"Potion Belt":9,"Regal Pillow":27,"Happy Flower":41,"Oddly Smooth Stone":13,"Enchiridion":20,"Eternal Feather":26,"War Paint":23,"Cursed Key":17,"Empty Cage":34,"Burning Blood":0,"Strange Spoon":21,"FaceOfCleric":3,"Pantograph":7},{"Potion Belt":5,"Regal Pillow":13,"Happy Flower":21,"Oddly Smooth Stone":7,"Enchiridion":10,"Eternal Feather":13,"War Paint":12,"Cursed Key":9,"Empty Cage":16,"Burning Blood":0,"Strange Spoon":10,"FaceOfCleric":2,"Pantograph":5},{"Potion Belt":19,"Regal Pillow":58,"Happy Flower":115,"Oddly Smooth Stone":28,"Enchiridion":42,"Eternal Feather":58,"War Paint":54,"Cursed Key":37,"Empty Cage":85,"Burning Blood":0,"Strange Spoon":42,"FaceOfCleric":7,"Pantograph":19}],"Burning Blood":132},"card_choices":[{"not_picked":["Dark Embrace","True Grit"],"picked":"Iron Wave","floor":1},{"not_picked":["Dark Embrace","Rage"],"picked":"Twin Strike","floor":2},{"not_picked":["Intimidate","Dual Wield"],"picked":"Uppercut","floor":4},{"not_picked":["Heavy Blade","Clash"],"picked":"Cleave","floor":5},{"not_picked":["Metallicize","Perfected Strike"],"picked":"Feed","floor":7},{"not_picked":["Thunderclap","Iron Wave"],"picked":"Battle Trance","floor":10},{"not_picked":["Cleave","Clothesline"],"picked":"Shockwave","floor":13},{"not_picked":["Second Wind","Inflame"],"picked":"Shrug It Off","floor":14},{"not_picked":["Exhume","Limit Break"],"picked":"Corruption","floor":16},{"not_picked":["Wild Strike","Perfected Strike"],"picked":"Shrug It Off","floor":18},{"not_picked":["Sever Soul","Clash","Infernal Blade"],"picked":"SKIP","floor":22},{"not_picked":["Warcry+1","Perfected Strike"],"picked":"Shockwave","floor":23},{"not_picked":["True Grit","Sword Boomerang+1"],"picked":"Entrench","floor":25},{"not_picked":["Heavy Blade","Iron Wave","Anger+1"],"picked":"SKIP","floor":28},{"not_picked":["Heavy Blade","Clash","Pummel+1"],"picked":"SKIP","floor":30},{"not_picked":["Feed","Immolate"],"picked":"Offering","floor":33},{"not_picked":["Seeing Red+1","Ghostly Armor"],"picked":"Dark Embrace","floor":35},{"not_picked":["Whirlwind","Body Slam"],"picked":"Shockwave","floor":37},{"not_picked":["Heavy Blade+1","Flex"],"picked":"Bloodletting","floor":38},{"not_picked":["Clothesline","Iron Wave+1"],"picked":"Flex","floor":39},{"not_picked":["Armaments","Reckless Charge"],"picked":"Impervious","floor":41},{"not_picked":["Clash","Body Slam+1","Armaments"],"picked":"SKIP","floor":47}],"player_experience":1390141,"relics_obtained":[{"floor":7,"key":"Pantograph"},{"floor":9,"key":"Potion Belt"},{"floor":13,"key":"Oddly Smooth Stone"},{"floor":23,"key":"War Paint"},{"floor":26,"key":"Eternal Feather"},{"floor":41,"key":"Happy Flower"}],"event_choices":[{"damage_healed":0,"gold_gain":0,"player_choice":"Trade","damage_taken":0,"relics_obtained":["FaceOfCleric"],"max_hp_gain":0,"max_hp_loss":0,"event_name":"FaceTrader","floor":3,"gold_loss":0},{"cards_removed":["Strike_R"],"damage_healed":0,"gold_gain":0,"player_choice":"Gave Gold","damage_taken":0,"max_hp_gain":0,"max_hp_loss":0,"event_name":"Beggar","floor":19,"gold_loss":75},{"damage_healed":0,"gold_gain":0,"player_choice":"Obtained Book","damage_taken":21,"max_hp_gain":0,"max_hp_loss":0,"event_name":"Cursed Tome","floor":20,"gold_loss":0},{"damage_healed":0,"gold_gain":0,"player_choice":"Gave Potion","damage_taken":0,"relics_obtained":["Regal Pillow"],"max_hp_gain":0,"max_hp_loss":0,"event_name":"WeMeetAgain","floor":27,"gold_loss":0},{"damage_healed":0,"gold_gain":0,"player_choice":"Ignored","damage_taken":0,"max_hp_gain":0,"max_hp_loss":0,"event_name":"SecretPortal","floor":36,"gold_loss":0},{"damage_healed":0,"gold_gain":0,"player_choice":"Max HP","damage_taken":0,"max_hp_gain":0,"max_hp_loss":7,"event_name":"Winding Halls","floor":44,"gold_loss":0}],"is_beta":false,"boss_relics":[{"not_picked":["Sozu","Philosopher\u0027s Stone"],"picked":"Cursed Key"},{"not_picked":["Runic Cube","Fusion Hammer"],"picked":"Empty Cage"}],"items_purged_floors":[12],"is_endless":false,"potions_floor_spawned":[2,7,10,13,16,18,23,30,33,39,47],"killed_by":"Sphere and 2 Shapes","ascension_level":18}}