{"host":"51dweoxrcspgw6ri","time":1612698605,"event":{"mods":["BaseMod","Colored Map","Colored Powertips","Minty Spire (QoL Compilation)","Rare Cards Sparkle","Relic Stats","StSLib","SuperFastMode","The Bug Knight"],"gold_per_floor":[113,132,149,43,63,73,73,53,53,64,96,96,115,129,129,207,207,220,220,220,62,78,78,109,159,159,159,159],"floor_reached":27,"language":"ENG","playtime":2248,"items_purged":["Zap"],"score":435,"play_id":"3d3d5d94-e9fb-449d-899a-0f80666e36b2","local_time":"20210207125005","is_ascension_mode":true,"campfire_choices":[{"data":"Echo Form","floor":12.0,"key":"SMITH"},{"data":"Gash","floor":15.0,"key":"SMITH"},{"floor":23,"key":"REST"}],"circlet_count":0,"master_deck":["AscendersBane","Strike_B+1","Strike_B+1","Strike_B+1","Strike_B+1","Defend_B+1","Defend_B+1","Defend_B+1","Defend_B+1","Dualcast","Leap","Steam","Cold Snap","Cold Snap","Gash+1","Leap","Echo Form+1","Gash+1","Beam Cell","All For One","BootSequence"],"relics":["Cracked Core","Omamori","Pantograph","SlaversCollar","CaptainsWheel","Dead Branch"],"acts_visited":["Exordium","TheCity"],"potions_floor_usage":[],"damage_taken":[{"damage":7.0,"enemies":"Jaw Worm","floor":1.0,"turns":3.0},{"damage":0.0,"enemies":"Cultist","floor":2.0,"turns":3.0},{"damage":1.0,"enemies":"2 Louse","floor":3.0,"turns":3.0},{"damage":4.0,"enemies":"Blue Slaver","floor":5.0,"turns":4.0},{"damage":12.0,"enemies":"Exordium Wildlife","floor":6.0,"turns":4.0},{"damage":0.0,"enemies":"2 Fungi Beasts","floor":10.0,"turns":4.0},{"damage":8.0,"enemies":"HollowMod:MossKnight","floor":11.0,"turns":13.0},{"damage":9.0,"enemies":"Looter","floor":13.0,"turns":3.0},{"damage":5.0,"enemies":"Blue Slaver","floor":14.0,"turns":4.0},{"damage":39.0,"enemies":"Slime Boss","floor":16.0,"turns":9.0},{"damage":16.0,"enemies":"3 Byrds","floor":18.0,"turns":6.0},{"damage":14,"enemies":"Spheric Guardian","floor":22,"turns":5},{"damage":28,"enemies":"Book of Stabbing","floor":24,"turns":7},{"damage":26,"enemies":"Snake Plant","floor":27,"turns":5}],"seed_played":"8276498636066493705","potions_obtained":[{"floor":1.0,"key":"SneckoOil"},{"floor":8.0,"key":"LiquidBronze"},{"floor":11.0,"key":"PotionOfCapacity"},{"floor":13.0,"key":"DuplicationPotion"}],"is_trial":false,"path_per_floor":["M","M","M","$","M","M","?","?","T","M","E","R","M","M","R","B",null,"M","?","?","$","M","R","E","?","T","M"],"character_chosen":"DEFECT","items_purchased":["Cold Snap","Barrage","DuplicationPotion"],"campfire_rested":1,"item_purchase_floors":[4,4,21],"current_hp_per_floor":[57,57,56,56,52,40,40,40,40,40,32,32,23,18,18,4,54,38,38,43,43,29,50,22,22,22,0,0],"gold":159,"neow_bonus":"RANDOM_COMMON_RELIC","is_daily":false,"chose_seed":false,"campfire_upgraded":2,"win_rate":0.0,"timestamp":1612698605,"path_taken":["M","M","M","$","M","M","?","?","T","?","E","R","M","M","R","BOSS","M","?","?","$","?","R","E","?","T","M"],"items_purchased_type":["Card","Card","Potion"],"build_version":"2020-12-22","purchased_purges":1,"victory":false,"max_hp_per_floor":[71,71,71,71,71,71,71,71,71,71,71,71,71,71,71,71,71,71,71,71,71,71,71,71,71,71,71,71],"relic_stats":{"counters":[14,73],"Pantograph":25,"Dead Branch":[1],"obtain_stats":[{"SlaversCollar":17,"CaptainsWheel":24,"Pantograph":11,"Dead Branch":26,"Omamori":0,"Cracked Core":0},{"SlaversCollar":10,"CaptainsWheel":13,"Pantograph":7,"Dead Branch":13,"Omamori":0,"Cracked Core":0},{"SlaversCollar":50,"CaptainsWheel":68,"Pantograph":34,"Dead Branch":68,"Omamori":0,"Cracked Core":0}]},"card_choices":[{"not_picked":["Tempest","Rebound"],"picked":"Leap","floor":1.0},{"not_picked":["Stack","Ball Lightning"],"picked":"Steam","floor":2.0},{"not_picked":["Aggregate","Redo"],"picked":"Cold Snap","floor":3.0},{"not_picked":["Blizzard","Turbo"],"picked":"Gash","floor":5.0},{"not_picked":["Beam Cell","Self Repair"],"picked":"Leap","floor":6.0},{"not_picked":["Sunder","Auto Shields"],"picked":"Echo Form","floor":10.0},{"not_picked":["Conserve Battery","Go for the Eyes"],"picked":"Gash","floor":11.0},{"not_picked":["Conserve Battery","Lockon"],"picked":"Beam Cell","floor":13.0},{"not_picked":["Streamline","Conserve Battery","Barrage"],"picked":"SKIP","floor":14.0},{"not_picked":["Hyperbeam","Core Surge"],"picked":"All For One","floor":16.0},{"not_picked":["Leap+1","Conserve Battery"],"picked":"BootSequence","floor":18.0},{"not_picked":["Sweeping Beam","Beam Cell","Doom and Gloom"],"picked":"SKIP","floor":22},{"not_picked":["Rip and Tear","Turbo+1","Cold Snap"],"picked":"SKIP","floor":24}],"player_experience":550861,"relics_obtained":[{"floor":11.0,"key":"Pantograph"},{"floor":24,"key":"CaptainsWheel"},{"floor":26,"key":"Dead Branch"}],"event_choices":[{"damage_healed":0.0,"max_hp_gain":0.0,"max_hp_loss":0.0,"gold_gain":0.0,"event_name":"Living Wall","player_choice":"Grow","floor":7.0,"gold_loss":0.0,"damage_taken":0.0,"cards_upgraded":["Gash"]},{"damage_healed":0.0,"max_hp_gain":0.0,"max_hp_loss":0.0,"gold_gain":0.0,"event_name":"The Woman in Blue","player_choice":"Bought 1 Potion","floor":8.0,"gold_loss":0.0,"damage_taken":0.0},{"damage_healed":0,"gold_gain":0,"player_choice":"Simplicity","damage_taken":0,"max_hp_gain":0,"max_hp_loss":0,"event_name":"Back to Basics","floor":19,"gold_loss":0,"cards_upgraded":["Strike_B","Strike_B","Strike_B","Strike_B","Defend_B","Defend_B","Defend_B","Defend_B"]},{"cards_removed":["Barrage"],"damage_healed":5,"gold_gain":0,"player_choice":"Offered Common","damage_taken":0,"max_hp_gain":0,"max_hp_loss":0,"event_name":"Bonfire Elementals","floor":20,"gold_loss":0},{"cards_removed":["Barrage"],"damage_healed":5,"gold_gain":0,"player_choice":"Offered Special","damage_taken":0,"max_hp_gain":0,"max_hp_loss":0,"event_name":"Bonfire Elementals","floor":20,"gold_loss":0},{"damage_healed":0,"gold_gain":50,"player_choice":"Stole From Cult","damage_taken":0,"max_hp_gain":0,"max_hp_loss":0,"event_name":"Nest","floor":25,"gold_loss":0}],"is_beta":false,"boss_relics":[{"not_picked":["Velvet Choker","FrozenCore"],"picked":"SlaversCollar"}],"items_purged_floors":[21],"is_endless":false,"potions_floor_spawned":[1,11,13,24],"killed_by":"Snake Plant","ascension_level":17}}