{"host":"h5zpfgbmg5lkfv2z","time":1612739645,"event":{"mods":["BaseMod","Downfall","Highlight Path","Hubris","Infinite Spire","Minty Spire (QoL Compilation)","Replay The Spire","StSLib","The Blue Laboratory"],"gold_per_floor":[119,119,132,147,159,159,159],"floor_reached":6,"language":"ENG","playtime":517,"items_purged":[],"score":38,"play_id":"e26166de-9263-43a3-ade5-632a8502405c","local_time":"20210207151405","is_ascension_mode":false,"campfire_choices":[],"circlet_count":0,"master_deck":["Cold Snap","Strike_P","Strike_P","Strike_P","Strike_P","Defend_P","Defend_P","Defend_P","Defend_P","Eruption","Vigilance","Consecrate","SashWhip","Replay:BluntJabs","FollowUp"],"relics":["PureWater","hubris:MysteriousPyramids"],"acts_visited":["Exordium"],"potions_floor_usage":[6],"damage_taken":[{"damage":5,"enemies":"2 Louse","floor":1,"turns":3},{"damage":0,"enemies":"Cultist","floor":3,"turns":2},{"damage":9,"enemies":"Jaw Worm","floor":4,"turns":2},{"damage":6,"enemies":"3 Louse","floor":5,"turns":4},{"damage":34,"enemies":"Lagavulin","floor":6,"turns":3}],"seed_played":"-2179987270850022700","potions_obtained":[{"floor":1,"key":"blueLaboratory:PhilterOfMotion"},{"floor":3,"key":"BottledMiracle"},{"floor":4,"key":"DuplicationPotion"}],"is_trial":false,"path_per_floor":["M","?","M","M","M","E"],"character_chosen":"WATCHER","items_purchased":[],"campfire_rested":0,"item_purchase_floors":[],"current_hp_per_floor":[74,74,74,65,59,25,25],"gold":159,"neow_bonus":"TEN_PERCENT_HP_BONUS","is_daily":false,"chose_seed":false,"campfire_upgraded":0,"win_rate":0.0,"timestamp":1612739645,"path_taken":["M","?","M","?","M","E"],"items_purchased_type":[],"build_version":"2020-12-22","purchased_purges":0,"victory":false,"max_hp_per_floor":[79,79,79,79,79,79,79],"card_choices":[{"not_picked":["FlyingSleeves","DeceiveReality"],"picked":"Consecrate","floor":1},{"not_picked":["ThirdEye","WheelKick"],"picked":"SashWhip","floor":3},{"not_picked":["Study","WaveOfTheHand"],"picked":"Replay:BluntJabs","floor":4},{"not_picked":["Halt","CarveReality"],"picked":"FollowUp","floor":5}],"player_experience":38127,"relics_obtained":[],"event_choices":[{"damage_healed":0,"gold_gain":0,"player_choice":"Gave Potion","damage_taken":0,"relics_obtained":["hubris:MysteriousPyramids"],"max_hp_gain":0,"max_hp_loss":0,"event_name":"WeMeetAgain","floor":2,"gold_loss":0}],"is_beta":false,"boss_relics":[],"items_purged_floors":[],"is_endless":false,"potions_floor_spawned":[1,3,4],"killed_by":"Lagavulin","ascension_level":0}}