{"host":"9j472d1lqxyi8fmj","time":1612727368,"event":{"mods":["AchievementEnabler","Aspiration","BaseMod","Better Note","BetterRewards","Block Reminder","Card Filter","Colored Powertips","Downfall","Halation","Hermit","Hubris","Infinite Spire","Minty Spire (QoL Compilation)","Potion Indicator Mod","Rare Cards Sparkle","Relic Filter","Reliquary","Replay The Spire","Spicy Shops","StSLib","The Runesmith","Virulent Crown"],"gold_per_floor":[116,126,138,152,165,165,176,192,192,224,224,252,252,272,272,272,272],"floor_reached":16,"language":"ENG","playtime":556,"items_purged":["downfall:Icky"],"score":166,"play_id":"d21c6696-1758-4345-b94d-0570ab95fa75","local_time":"20210207144928","is_ascension_mode":false,"campfire_choices":[{"data":"Spot Weakness","floor":6,"key":"SMITH"},{"floor":15,"key":"DIG"}],"circlet_count":0,"master_deck":["Strike_R","Strike_R+1","Strike_R","Strike_R","Strike_R","Defend_R","Defend_R+1","Defend_R","Defend_R","Bash","Sword Boomerang","ReplayTheSpireMod:Strike From Hell","Rage","hubris:CleavingFinish","Headbutt","Pommel Strike","Spot Weakness+1","Cleave","Iron Wave","Flame Barrier","Wild Strike","ReplayTheSpireMod:LeadingStrike"],"relics":["Burning Blood","Sling","Durian","reliquary:Boomerang","Replay:Wax Seal","aspiration:ChemicalBlood"],"acts_visited":["Exordium"],"potions_floor_usage":[10,16,16],"damage_taken":[{"damage":1,"enemies":"infinitespire:Voidling","floor":1,"turns":3},{"damage":6,"enemies":"Cultist","floor":2,"turns":3},{"damage":0,"enemies":"2 Louse","floor":3,"turns":1},{"damage":24,"enemies":"Large Slime","floor":4,"turns":4},{"damage":8,"enemies":"Red Slaver","floor":5,"turns":3},{"damage":8,"enemies":"2 Fungi Beasts","floor":7,"turns":3},{"damage":0,"enemies":"3 Louse","floor":8,"turns":3},{"damage":23,"enemies":"Lagavulin","floor":10,"turns":5},{"damage":12,"enemies":"Replay:BlueRogue","floor":12,"turns":4},{"damage":13,"enemies":"Red Slaver","floor":14,"turns":2},{"damage":33,"enemies":"Slime Boss","floor":16,"turns":3}],"seed_played":"1147954552946464863","potions_obtained":[{"floor":4,"key":"SkillPotion"},{"floor":7,"key":"SpeedPotion"},{"floor":8,"key":"FearPotion"},{"floor":10,"key":"Fruit Juice"},{"floor":13,"key":"PowerPotion"}],"is_trial":false,"path_per_floor":["M","M","M","M","M","R","M","M","T","E","?","E","?","M","R","B"],"character_chosen":"IRONCLAD","items_purchased":["Sling","Sword Boomerang","ReplayTheSpireMod:Strike From Hell"],"campfire_rested":0,"item_purchase_floors":[0,0,0],"current_hp_per_floor":[70,70,76,58,56,56,54,60,60,53,35,29,29,22,22,0,0],"gold":272,"neow_bonus":"","is_daily":false,"chose_seed":false,"campfire_upgraded":1,"win_rate":0.0,"timestamp":1612727368,"path_taken":["M","M","?","M","M","R","?","M","T","E","?","E","?","M","R","BOSS"],"items_purchased_type":["Relic","Card","Card"],"build_version":"2020-12-22","purchased_purges":1,"victory":false,"max_hp_per_floor":[80,80,80,80,80,80,80,80,80,90,90,90,90,90,90,90,90],"card_choices":[{"not_picked":["Anger","Shrug It Off"],"picked":"Rage","floor":1},{"not_picked":["Heavy Blade","Headbutt"],"picked":"hubris:CleavingFinish","floor":2},{"not_picked":["Heavy Blade","ReplayTheSpireMod:Stacked"],"picked":"Headbutt","floor":3},{"not_picked":["ReplayTheSpireMod:Strike From Hell","Combust"],"picked":"Pommel Strike","floor":4},{"not_picked":["ReplayTheSpireMod:Stacked","Reaper"],"picked":"Spot Weakness","floor":5},{"not_picked":["Warcry","Shockwave"],"picked":"Cleave","floor":7},{"not_picked":["Body Slam","Warcry"],"picked":"Iron Wave","floor":8},{"not_picked":["True Grit","Clothesline"],"picked":"Flame Barrier","floor":10},{"not_picked":["Pummel","Evolve"],"picked":"Wild Strike","floor":12},{"not_picked":["Entrench","Second Wind"],"picked":"ReplayTheSpireMod:LeadingStrike","floor":14}],"player_experience":383356,"relics_obtained":[{"floor":9,"key":"reliquary:FerryPass"},{"floor":10,"key":"Durian"},{"floor":10,"key":"reliquary:Boomerang"},{"floor":12,"key":"Replay:Wax Seal"},{"floor":15,"key":"aspiration:ChemicalBlood"}],"event_choices":[{"damage_healed":0,"gold_gain":0,"player_choice":"Entered Light","damage_taken":18,"max_hp_gain":0,"max_hp_loss":0,"event_name":"Shining Light","floor":11,"gold_loss":0,"cards_upgraded":["Strike_R","Defend_R"]},{"damage_healed":0,"gold_gain":0,"player_choice":"Got Potions","damage_taken":0,"max_hp_gain":0,"max_hp_loss":0,"event_name":"Lab","floor":13,"gold_loss":0}],"is_beta":false,"boss_relics":[],"items_purged_floors":[0],"is_endless":false,"potions_floor_spawned":[4,7,8,10,14],"killed_by":"Slime Boss","ascension_level":0}}