{"host":"Sylvester","time":1612677766,"event":{"mods":["AchievementEnabler","BaseMod","Filter the Spire","Lobotomy","Minty Spire (QoL Compilation)","Replay The Spire","StSLib"],"gold_per_floor":[114,130,55,74,74,74,74,104,104,150,162,241,256,269,287,287,383,383,398,417,101,112,125,125,158,33,106,106,106],"floor_reached":28,"language":"ENG","playtime":797,"items_purged":["Defend_R","Defend_R","Defend_R"],"score":222,"play_id":"277af4a2-e517-40a3-8fba-8bcb314cba03","local_time":"20210206220246","is_ascension_mode":false,"campfire_choices":[{"data":"Bash","floor":7,"key":"SMITH"},{"data":"Evolve","floor":16,"key":"SMITH"},{"floor":24,"key":"REST"}],"circlet_count":0,"master_deck":["Strike_R","Strike_R","Strike_R","Strike_R","Bash+1","Clash","Dropkick","Evolve+1","Midas Touch","Shrug It Off","Second Wind"],"relics":["Empty Cage","Pear","Art of War","Juzu Bracelet","Darkstone Periapt","Fusion Hammer","Red Mask","Iron Hammer"],"acts_visited":["Exordium","TheCity"],"potions_floor_usage":[11,17,17,17,23,25,25],"damage_taken":[{"damage":2.0,"enemies":"2 Louse","floor":1.0,"turns":2.0},{"damage":11.0,"enemies":"Jaw Worm","floor":2.0,"turns":3.0},{"damage":0.0,"enemies":"Small Slimes","floor":4.0,"turns":3.0},{"damage":27,"enemies":"Gremlin Nob","floor":8,"turns":4},{"damage":0,"enemies":"Exordium Thugs","floor":11,"turns":3},{"damage":10,"enemies":"Looter","floor":13,"turns":2},{"damage":8,"enemies":"Red Slaver","floor":14,"turns":2},{"damage":0,"enemies":"Exordium Thugs","floor":15,"turns":3},{"damage":22,"enemies":"Slime Boss","floor":17,"turns":9},{"damage":27,"enemies":"Spheric Guardian","floor":19,"turns":4},{"damage":25,"enemies":"Shell Parasite","floor":20,"turns":4},{"damage":2,"enemies":"Cultist and Chosen","floor":22,"turns":4},{"damage":23,"enemies":"3 Cultists","floor":23,"turns":5},{"damage":35,"enemies":"Masked Bandits","floor":25,"turns":4},{"damage":21,"enemies":"Chosen and Byrds","floor":28,"turns":4}],"seed_played":"-8922654200337088594","potions_obtained":[{"floor":1.0,"key":"Energy Potion"},{"floor":4.0,"key":"Explosive Potion"},{"floor":11,"key":"Flashbang"},{"floor":14,"key":"Fire Potion"},{"floor":20,"key":"ColorlessPotion"},{"floor":23,"key":"ColorlessPotion"}],"is_trial":false,"path_per_floor":["M","M","$","M","$","?","R","E","T","T","M","T","M","M","M","R","B",null,"M","M","$","M","M","R","?","$","T","M"],"character_chosen":"IRONCLAD","items_purchased":["Midas Touch","Shrug It Off"],"campfire_rested":1,"item_purchase_floors":[21,21],"current_hp_per_floor":[78,67,67,67,67,67,67,50,50,50,50,50,40,32,32,32,10,90,63,38,38,36,13,40,5,5,5,0,0],"gold":106,"neow_bonus":"BOSS_RELIC","is_daily":false,"chose_seed":false,"campfire_upgraded":2,"win_rate":0.0,"timestamp":1612677766,"path_taken":["M","M","$","M","$","?","R","E","T","T","M","?","M","M","M","R","BOSS","M","M","$","M","M","R","?","$","T","M"],"items_purchased_type":["Card","Card"],"build_version":"2020-11-17","purchased_purges":3,"victory":false,"max_hp_per_floor":[80,80,80,80,80,80,80,90,90,90,90,90,90,90,90,90,90,90,90,90,90,90,90,90,90,90,90,90,90],"card_choices":[{"not_picked":["Spot Weakness","Pummel","Anger"],"picked":"SKIP","floor":1.0},{"not_picked":["Twin Strike","ReplayReversal","Life Link"],"picked":"SKIP","floor":2.0},{"not_picked":["Rupture","Metallicize"],"picked":"Clash","floor":4.0},{"not_picked":["Thunderclap","Searing Blow","Spot Weakness"],"picked":"SKIP","floor":8},{"not_picked":["Disarm","Heavy Blade"],"picked":"Dropkick","floor":11},{"not_picked":["Iron Wave","Pummel","Headbutt"],"picked":"SKIP","floor":13},{"not_picked":["Havoc","Disarm","Perfected Strike"],"picked":"SKIP","floor":14},{"not_picked":["Iron Wave","Havoc"],"picked":"Evolve","floor":15},{"not_picked":["Reckless Charge","Power Through+1","Sword Boomerang"],"picked":"SKIP","floor":19},{"not_picked":["Run Through","Combust","Headbutt"],"picked":"SKIP","floor":20},{"not_picked":["Armaments","Twin Strike","Demon Form"],"picked":"SKIP","floor":22},{"not_picked":["Body Slam","Clash"],"picked":"Second Wind","floor":23}],"player_experience":223906,"relics_obtained":[{"floor":8,"key":"Pear"},{"floor":9,"key":"Art of War"},{"floor":10,"key":"Juzu Bracelet"},{"floor":12,"key":"Darkstone Periapt"},{"floor":25,"key":"Red Mask"},{"floor":27,"key":"Iron Hammer"}],"event_choices":[{"damage_healed":0,"gold_gain":0,"player_choice":"Fought Bandits","damage_taken":0,"max_hp_gain":0,"max_hp_loss":0,"event_name":"Masked Bandits","floor":25,"gold_loss":0}],"is_beta":true,"boss_relics":[{"not_picked":["Calling Bell","Replay:Ancient Bell"],"picked":"Fusion Hammer"}],"items_purged_floors":[3,21,26],"is_endless":false,"potions_floor_spawned":[1,4,11,14,20,23],"killed_by":"Chosen and Byrds","ascension_level":0}}