{"host":"hf83sijwe64ts2lm","time":1612667083,"event":{"mods":["2.2 Compatiblity","BaseMod","Better Altar","Better Match","Better Note","Better Sensory Stone","Better Skull","Better Third Choice","Colored Map","Colored Powertips","Highlight Path","Hubris","Infinite Spire","Minty Spire (QoL Compilation)","Quick Restart","Rare Cards Sparkle","Relic Stats","Reliquary","Replay The Spire","Shop Mod","Spicy Shops","Spire Arcade","StSLib","Thieving Mod"],"gold_per_floor":[216,216,116,129,148,148,175,175,175,203,203,24,58,78,78,176,176,192,192,210,230,243,243,272,272,272,272,272],"floor_reached":27,"language":"ENG","playtime":564,"items_purged":[],"score":345,"play_id":"c9a769e8-b0dc-4675-830c-4f9bf0407623","local_time":"20210206220443","is_ascension_mode":true,"campfire_choices":[{"floor":6,"key":"RECALL"},{"floor":8,"key":"REST"},{"floor":11,"key":"REST"},{"floor":15,"key":"REST"},{"floor":23,"key":"REST"},{"floor":25,"key":"REST"}],"circlet_count":0,"master_deck":["Strike_R","Strike_R","Strike_R","Strike_R","Strike_R","Defend_R","Defend_R","Defend_R","Defend_R","Bash","Heavy Blade","Discovery","Flex","Rupture","infinitespire:OneForAll","Power Through","Sword Boomerang","Reckless Charge","Rupture","Spot Weakness","Life Link","Immolate","Inflame","Heavy Blade+1","Sword Boomerang","Fire Breathing","Shrug It Off"],"relics":["Burning Blood","Vajra","Paper Frog","Replay:Baseball","Pen Nib","hubris:Backtick","Girya","infinitespire:Broken Mirror","Replay:Ringing Soul"],"acts_visited":["Exordium","TheCity"],"potions_floor_usage":[4,7,16,20,20,21],"damage_taken":[{"damage":13,"enemies":"2 Louse","floor":1,"turns":3},{"damage":13,"enemies":"Small Slimes","floor":4,"turns":4},{"damage":7,"enemies":"Jaw Worm","floor":5,"turns":3},{"damage":65,"enemies":"Lagavulin","floor":7,"turns":9},{"damage":0,"enemies":"Gremlin Nob","floor":10,"turns":2},{"damage":20,"enemies":"3 Sentries","floor":13,"turns":10},{"damage":14,"enemies":"Lots of Slimes","floor":14,"turns":3},{"damage":53,"enemies":"Hexaghost","floor":16,"turns":7},{"damage":0,"enemies":"Chosen","floor":18,"turns":4},{"damage":12,"enemies":"Shell Parasite","floor":20,"turns":3},{"damage":24,"enemies":"Snake Plant","floor":21,"turns":4},{"damage":15,"enemies":"Chosen and Byrds","floor":22,"turns":4},{"damage":48,"enemies":"Gremlin Leader","floor":24,"turns":4},{"damage":53,"enemies":"Nightmare","floor":27,"turns":5}],"seed_played":"7680269716519341429","potions_obtained":[{"floor":4,"key":"Fruit Juice"},{"floor":5,"key":"Dexterity Potion"},{"floor":7,"key":"Block Potion"},{"floor":18,"key":"Block Potion"},{"floor":19,"key":"DuplicationPotion"},{"floor":19,"key":"Venom Potion"},{"floor":24,"key":"SneckoOil"}],"is_trial":false,"path_per_floor":["M","?","$","M","M","R","E","R","T","E","R","$","E","M","R","B",null,"M","?","M","M","M","R","E","R","T","NM"],"character_chosen":"IRONCLAD","items_purchased":["Flex","Rupture","Rupture","Replay:Baseball"],"campfire_rested":5,"item_purchase_floors":[3,3,12,12],"current_hp_per_floor":[73,73,73,71,70,70,11,36,36,42,67,67,53,45,70,23,70,76,76,70,52,43,68,26,51,51,0,0],"gold":272,"neow_bonus":"HUNDRED_GOLD","is_daily":false,"chose_seed":false,"campfire_upgraded":0,"win_rate":0.0,"timestamp":1612667083,"path_taken":["M","?","$","M","M","R","E","R","T","E","R","$","E","M","R","BOSS","M","?","M","M","?","R","E","R","T","NM"],"items_purchased_type":["Card","Card","Card","Relic"],"build_version":"2020-12-22","purchased_purges":0,"victory":false,"max_hp_per_floor":[80,80,80,85,85,85,85,85,85,85,85,85,85,85,85,85,85,85,85,85,85,85,85,85,85,85,85,85],"relic_stats":{"counters":[14,65],"Pen Nib":[6],"obtain_stats":[{"Girya":17,"Replay:Ringing Soul":26,"Replay:Baseball":12,"hubris:Backtick":17,"infinitespire:Broken Mirror":24,"Vajra":7,"Pen Nib":13,"Burning Blood":0,"Paper Frog":10},{"Girya":8,"Replay:Ringing Soul":13,"Replay:Baseball":5,"hubris:Backtick":8,"infinitespire:Broken Mirror":13,"Vajra":4,"Pen Nib":6,"Burning Blood":0,"Paper Frog":5},{"Girya":41,"Replay:Ringing Soul":60,"Replay:Baseball":21,"hubris:Backtick":41,"infinitespire:Broken Mirror":60,"Vajra":19,"Pen Nib":31,"Burning Blood":0,"Paper Frog":21}],"Burning Blood":78},"card_choices":[{"not_picked":["Replay:Undeath\u0027s Touch","Headbutt"],"picked":"Heavy Blade","floor":1},{"not_picked":["Good Instincts","PanicButton"],"picked":"Discovery","floor":2},{"not_picked":["ReplayTheSpireMod:Strike From Hell","Body Slam"],"picked":"infinitespire:OneForAll","floor":4},{"not_picked":["hubris:ReadiedAction","Battle Trance"],"picked":"Power Through","floor":5},{"not_picked":["Pommel Strike","Abandon"],"picked":"Sword Boomerang","floor":7},{"not_picked":["Twin Strike","Sword Boomerang"],"picked":"Reckless Charge","floor":10},{"not_picked":["Perfected Strike","Twin Strike"],"picked":"Spot Weakness","floor":13},{"not_picked":["Second Wind","Uppercut"],"picked":"Life Link","floor":14},{"not_picked":["Impervious","Hemogenesis"],"picked":"Immolate","floor":16},{"not_picked":["Entrench","Flame Barrier"],"picked":"Inflame","floor":18},{"not_picked":["hubris:ReadiedAction","Anger"],"picked":"Heavy Blade+1","floor":20},{"not_picked":["Life Link","Pommel Strike+1"],"picked":"Sword Boomerang","floor":21},{"not_picked":["Twin Strike+1","Wild Strike"],"picked":"Fire Breathing","floor":22},{"not_picked":["Body Slam","Headbutt"],"picked":"Shrug It Off","floor":24}],"player_experience":153965,"relics_obtained":[{"floor":7,"key":"Vajra"},{"floor":10,"key":"Paper Frog"},{"floor":13,"key":"Pen Nib"},{"floor":24,"key":"infinitespire:Broken Mirror"},{"floor":26,"key":"Replay:Ringing Soul"}],"event_choices":[{"damage_healed":0,"gold_gain":1,"player_choice":"1","damage_taken":0,"max_hp_gain":0,"max_hp_loss":0,"event_name":"betterStone:BetterStone","floor":2,"gold_loss":0},{"damage_healed":0,"gold_gain":0,"player_choice":"Got Potions","damage_taken":0,"max_hp_gain":0,"max_hp_loss":0,"event_name":"Lab","floor":19,"gold_loss":0}],"is_beta":false,"boss_relics":[{"not_picked":["hubris:VirtuousBlindfold","hubris:Stopwatch"],"picked":"hubris:Backtick"}],"items_purged_floors":[],"is_endless":false,"potions_floor_spawned":[4,5,7,18,24],"killed_by":"Nightmare","ascension_level":5}}