{"host":"l15sdf2mmi0nobpi","time":1612713143,"event":{"mods":["BaseMod","Highlight Path","Minty Spire (QoL Compilation)","MostiFishMod","Quick Restart","StSLib","¡¾¹¦ÄÜMod¡¿Neow½±Àø"],"gold_per_floor":[116,127,143,68,68,68,96,96,119,19,78,98,98,114,114,189,189,203,203,223,98,116,116,166,166,166,191,207,207,220,245,245,324,324,344,344,356,369,369,369,403,95,122,122,142,142,175,0,0,0,0,0,0,0,33,33],"floor_reached":57,"language":"ZHS","playtime":34807,"items_purged":["Strike_R","Strike_R","Strike_R","Strike_R+1","Bash+1"],"score":3056,"play_id":"7e79c60a-7a77-4024-905f-2dd92f9846a9","local_time":"20210207235223","is_ascension_mode":true,"campfire_choices":[{"data":"Searing Blow","floor":6.0,"key":"SMITH"},{"data":"Searing Blow+1","floor":8.0,"key":"SMITH"},{"data":"Searing Blow+2","floor":13.0,"key":"SMITH"},{"data":"Searing Blow+3","floor":15.0,"key":"SMITH"},{"data":"Searing Blow+4","floor":23.0,"key":"SMITH"},{"data":"Searing Blow+5","floor":25.0,"key":"SMITH"},{"data":"Searing Blow+6","floor":29.0,"key":"SMITH"},{"data":"Searing Blow+7","floor":32.0,"key":"SMITH"},{"floor":40.0,"key":"RECALL"},{"data":"Searing Blow+10","floor":46,"key":"SMITH"},{"data":"Searing Blow+11","floor":49,"key":"SMITH"},{"data":"Searing Blow+12","floor":53,"key":"SMITH"}],"circlet_count":0,"master_deck":["AscendersBane","Defend_R+1","Defend_R+1","Defend_R+1","Defend_R+1","Panacea+1","Second Wind+1","Searing Blow+13","Armaments+1","Shockwave+1","MostiFishMod:RainCloud+1","Pommel Strike+1","Barricade+1","MostiFishMod:Neptune+1","MostiFishMod:TheEndOfMoonlight+1","MostiFishMod:SparklingWater+1","MostiFishMod:FantasySummer+1","MostiFishMod:NightSea+1","Entrench+1","Feel No Pain+1","Burning Pact+1","MostiFishMod:Chiaki+1","Warcry+1","Power Through+1","Pommel Strike+1","MostiFishMod:NightSea+1","Body Slam"],"relics":["Burning Blood","DaveBox","CombinedTypeHook","SynthV:TestCard","Bag of Marbles","Blood Vial","Blue Candle","MoonlightInvasionPlan","Meat on the Bone","Paper Frog","Red Mask","Sozu","Mark of the Bloom","Pear","DollysMirror","ArrowTower","FossilizedHelix"],"acts_visited":["Exordium","TheCity","TheBeyond","TheEnding"],"potions_floor_usage":[55,55],"damage_taken":[{"damage":5.0,"enemies":"Small Slimes","floor":1.0,"turns":3.0},{"damage":7.0,"enemies":"Jaw Worm","floor":2.0,"turns":3.0},{"damage":1.0,"enemies":"2 Louse","floor":3.0,"turns":2.0},{"damage":36.0,"enemies":"Lagavulin","floor":7.0,"turns":7.0},{"damage":21.0,"enemies":"Lagavulin Event","floor":11.0,"turns":6.0},{"damage":0.0,"enemies":"2 Fungi Beasts","floor":12.0,"turns":2.0},{"damage":0.0,"enemies":"Looter","floor":14.0,"turns":2.0},{"damage":24.0,"enemies":"The Guardian","floor":16.0,"turns":6.0},{"damage":0.0,"enemies":"Chosen","floor":18.0,"turns":3.0},{"damage":26.0,"enemies":"Spheric Guardian","floor":20.0,"turns":5.0},{"damage":8.0,"enemies":"Snake Plant","floor":22.0,"turns":6.0},{"damage":22.0,"enemies":"Book of Stabbing","floor":27.0,"turns":5.0},{"damage":0.0,"enemies":"Snecko","floor":28.0,"turns":6.0},{"damage":6.0,"enemies":"Sentry and Sphere","floor":30.0,"turns":4.0},{"damage":0.0,"enemies":"Masked Bandits","floor":31.0,"turns":3.0},{"damage":68.0,"enemies":"Automaton","floor":33.0,"turns":8.0},{"damage":0.0,"enemies":"3 Shapes","floor":35.0,"turns":3.0},{"damage":0.0,"enemies":"Orb Walker","floor":37.0,"turns":1.0},{"damage":0.0,"enemies":"Maw","floor":38.0,"turns":2.0},{"damage":1.0,"enemies":"Giant Head","floor":41.0,"turns":9.0},{"damage":5,"enemies":"Writhing Mass","floor":45,"turns":4},{"damage":0,"enemies":"Nemesis","floor":47,"turns":3},{"damage":0,"enemies":"Time Eater","floor":50,"turns":10},{"damage":0,"enemies":"Donu and Deca","floor":51,"turns":4},{"damage":27,"enemies":"Shield and Spear","floor":55,"turns":9},{"damage":0,"enemies":"The Heart","floor":56,"turns":8}],"seed_played":"4689459962868607390","potions_obtained":[{"floor":1.0,"key":"Explosive Potion"},{"floor":2.0,"key":"Weak Potion"},{"floor":12.0,"key":"LiquidBronze"},{"floor":14.0,"key":"LiquidMemories"},{"floor":22.0,"key":"Fire Potion"},{"floor":33.0,"key":"EntropicBrew"}],"is_trial":false,"path_per_floor":["M","M","M","$","?","R","E","R","T","$","?","M","R","M","R","B",null,"M","?","M","$","M","R","?","R","T","E","M","R","M","?","R","B",null,"M","?","M","M","?","R","E","$","T","?","M","R","E","$","R","B","B",null,"R","$","E","B",null],"character_chosen":"IRONCLAD","items_purchased":["DollysMirror"],"campfire_rested":0,"item_purchase_floors":[42],"current_hp_per_floor":[69,68,73,73,73,73,43,43,43,43,30,38,38,46,46,30,64,72,72,54,54,54,54,54,54,54,52,60,60,62,70,70,22,62,70,70,75,75,75,75,74,74,74,74,69,69,69,69,69,69,69,69,69,69,42,42],"gold":33,"neow_bonus":"RANDOM_COLORLESS","is_daily":false,"chose_seed":false,"campfire_upgraded":11,"win_rate":0.0,"timestamp":1612713143,"path_taken":["M","M","M","$","?","R","E","R","T","$","?","M","R","M","R","BOSS","M","?","M","$","M","R","?","R","T","E","M","R","M","?","R","BOSS","M","?","?","M","?","R","E","$","T","?","?","R","E","?","R","BOSS","BOSS","R","$","E","BOSS"],"items_purchased_type":["Relic"],"build_version":"2020-12-22","purchased_purges":5,"victory":true,"max_hp_per_floor":[75,75,75,75,75,75,75,75,75,75,75,75,75,75,75,75,75,75,75,75,75,75,75,75,75,75,75,75,75,75,75,75,75,75,75,75,75,75,75,75,85,85,85,85,85,85,85,85,85,85,85,85,85,85,85,85],"card_choices":[{"not_picked":["Finesse","Blind"],"picked":"Panacea","floor":0.0},{"not_picked":["Power Through","Iron Wave"],"picked":"Second Wind","floor":1.0},{"not_picked":["Iron Wave","Headbutt","Pummel","Perfected Strike"],"picked":"Searing Blow","floor":2.0},{"not_picked":["Iron Wave","Pummel","Bloodletting","Clothesline"],"picked":"Armaments","floor":3.0},{"not_picked":["Body Slam","Wild Strike","Pommel Strike","Armaments"],"picked":"Shockwave","floor":7.0},{"not_picked":["Inflame","True Grit","Flex","Heavy Blade"],"picked":"MostiFishMod:RainCloud","floor":11.0},{"not_picked":["Sever Soul","Sword Boomerang","Combust","Whirlwind","Cleave"],"picked":"SKIP","floor":12.0},{"not_picked":["Sever Soul","Sword Boomerang","Combust","Whirlwind","Cleave"],"picked":"SKIP","floor":12.0},{"not_picked":["Thunderclap","Flex","Cleave","Searing Blow"],"picked":"Pommel Strike","floor":14.0},{"not_picked":["Bludgeon","MostiFishMod:TemporaryOutbreak","Brutality","Berserk"],"picked":"Barricade","floor":16.0},{"not_picked":["Perfected Strike","Clothesline","Iron Wave","Flex+1","Twin Strike"],"picked":"SKIP","floor":18.0},{"not_picked":["MostiFishMod:404NotFound","Perfected Strike","Burning Pact","Heavy Blade"],"picked":"Entrench","floor":20.0},{"not_picked":["Searing Blow","Iron Wave","Hemokinesis","Dual Wield"],"picked":"Feel No Pain","floor":22.0},{"not_picked":["Pummel+1","Infernal Blade","Body Slam","Searing Blow","Ghostly Armor"],"picked":"SKIP","floor":27.0},{"not_picked":["Iron Wave","Body Slam","Fire Breathing+1","Entrench","Heavy Blade"],"picked":"SKIP","floor":28.0},{"not_picked":["Anger","Infernal Blade","Sentinel","Flex"],"picked":"Burning Pact","floor":30.0},{"not_picked":["MostiFishMod:Mania","Feed","MostiFishMod:404NotFound","MostiFishMod:KnuckleDown"],"picked":"MostiFishMod:Chiaki","floor":33.0},{"not_picked":["Wild Strike+1","Anger+1","Spot Weakness","Havoc"],"picked":"Warcry+1","floor":35.0},{"not_picked":["Anger","Flex+1","Thunderclap","Infernal Blade"],"picked":"Power Through","floor":37.0},{"not_picked":["Armaments","Fire Breathing+1","Perfected Strike","Sword Boomerang+1","Whirlwind"],"picked":"SKIP","floor":38.0},{"not_picked":["Clothesline","Feed","Flex","Rampage+1"],"picked":"Pommel Strike+1","floor":41.0},{"not_picked":["Headbutt","Power Through","Sever Soul","Heavy Blade+1","Bloodletting+1"],"picked":"SKIP","floor":45},{"not_picked":["Rampage","Armaments","Pommel Strike+1","Searing Blow","Uppercut+1"],"picked":"SKIP","floor":47},{"not_picked":["Blood for Blood","Cleave","Heavy Blade","Wild Strike"],"picked":"Body Slam","floor":55}],"player_experience":558072,"relics_obtained":[{"floor":1.0,"key":"SynthV:TestCard"},{"floor":7.0,"key":"Bag of Marbles"},{"floor":9.0,"key":"Blood Vial"},{"floor":11.0,"key":"Blue Candle"},{"floor":26.0,"key":"Meat on the Bone"},{"floor":27.0,"key":"Paper Frog"},{"floor":31.0,"key":"Red Mask"},{"floor":41.0,"key":"Pear"},{"floor":47,"key":"ArrowTower"},{"floor":55,"key":"FossilizedHelix"}],"event_choices":[{"damage_healed":0.0,"max_hp_gain":0.0,"max_hp_loss":0.0,"gold_gain":0.0,"event_name":"Living Wall","player_choice":"Grow","floor":5.0,"gold_loss":0.0,"damage_taken":0.0,"cards_upgraded":["Armaments"]},{"damage_healed":0.0,"max_hp_gain":0.0,"max_hp_loss":0.0,"gold_gain":0.0,"event_name":"Dead Adventurer","player_choice":"Searched \u00271\u0027 times","floor":11.0,"gold_loss":0.0,"damage_taken":0.0},{"damage_healed":0.0,"max_hp_gain":0.0,"max_hp_loss":0.0,"gold_gain":0.0,"event_name":"Vampires","player_choice":"Ignored","floor":19.0,"gold_loss":0.0,"damage_taken":0.0},{"damage_healed":0.0,"max_hp_gain":0.0,"max_hp_loss":0.0,"gold_gain":50.0,"event_name":"Nest","player_choice":"Stole From Cult","floor":24.0,"gold_loss":0.0,"damage_taken":0.0},{"damage_healed":0.0,"max_hp_gain":0.0,"max_hp_loss":0.0,"gold_gain":0.0,"event_name":"Masked Bandits","player_choice":"Fought Bandits","floor":31.0,"gold_loss":0.0,"damage_taken":0.0},{"cards_removed":["Strike_R"],"damage_healed":0.0,"max_hp_gain":0.0,"max_hp_loss":0.0,"gold_gain":0.0,"event_name":"Purifier","player_choice":"Purged","floor":36.0,"gold_loss":0.0,"damage_taken":0.0},{"damage_healed":0.0,"max_hp_gain":0.0,"max_hp_loss":0.0,"gold_gain":0.0,"event_name":"MindBloom","player_choice":"Upgrade","floor":39.0,"gold_loss":0.0,"damage_taken":0.0,"cards_upgraded":["Strike_R","Defend_R","Defend_R","Defend_R","Defend_R","Bash","Panacea","Second Wind","Searing Blow","Shockwave","MostiFishMod:RainCloud","Pommel Strike","Barricade","MostiFishMod:Neptune","MostiFishMod:TheEndOfMoonlight","MostiFishMod:SparklingWater","MostiFishMod:FantasySummer","MostiFishMod:NightSea","Entrench","Feel No Pain","Burning Pact","MostiFishMod:Chiaki","Power Through"],"relics_obtained":["Mark of the Bloom"]},{"damage_healed":0.0,"max_hp_gain":0.0,"max_hp_loss":0.0,"gold_gain":0.0,"event_name":"Upgrade Shrine","player_choice":"Upgraded","floor":44.0,"gold_loss":0.0,"damage_taken":0.0,"cards_upgraded":["Searing Blow"]}],"is_beta":false,"boss_relics":[{"not_picked":["Runic Pyramid","xbg"],"picked":"MoonlightInvasionPlan"},{"not_picked":["TimeKeys","Transparent"],"picked":"Sozu"}],"items_purged_floors":[4,10,21,42,48],"is_endless":false,"potions_floor_spawned":[1,2,12,14,22,30,33,35,37,41],"ascension_level":20}}