{"host":"w05x4i13f2m9joq1","time":1612691670,"event":{"mods":["100% Spire Juice","BaseMod","Better Altar","Better Match","Better Note","Better Sensory Stone","Better Skull","Better Third Choice","BetterRewards","CapriCore","Colored Map","Colored Powertips","Defective Defect","Downfall","Duelist Mod","GifTheSpireLib","Googly Eyes","Infinite Spire","Ironclad Rager","Lobotomy","LobotomyExtend","Marisa????????","Melee Mod","Minty Spire (QoL Compilation)","Morshu Shopkeeper - ENHANCED","MostiFishMod","Quick Restart","Rare Cards Sparkle","Replay The Spire","Shop Mod","Spicy Shops","Spire Birthday Party","StSLib","The IronCluck","Uncapped","everything is the same but u backflip on backflip","slay the spire mod where everything is the same but ironclad has a cowboy hat"],"gold_per_floor":[99,109,127,147,161,261,334,350,350,365,378,678,706,706,716,815,815,715,727,727,743,843,871,871,871,889,889,164,182,182,197,215,314,414,414,430,443,584,634,534,585,599,619,637,657,657,686,700,710,710,710],"floor_reached":52,"language":"ENG","playtime":2893,"items_purged":["Writhe"],"score":1014,"play_id":"0b2d7c71-ddc2-4819-985f-7fa9847bae8f","local_time":"20210207045430","is_ascension_mode":false,"campfire_choices":[{"floor":1,"key":"DIG"},{"floor":18,"key":"DIG"},{"data":"champ:UltimateStance","floor":27,"key":"SMITH"},{"floor":35,"key":"RECALL"},{"floor":40,"key":"REST"},{"floor":46,"key":"REST"}],"circlet_count":0,"master_deck":["champ:Strike","champ:Strike","champ:Strike","champ:Strike","champ:Defend","champ:Defend","champ:Defend","champ:Defend","champ:Execute","champ:Taunt+1","champ:ShieldSlam","champ:GutPunch","champ:BladeFlurry","champ:BladeFlurry","champ:PerfectedStrike","champ:GutPunch","champ:EnGarde","champ:ArenaPreparation","champ:StrikeOfGenius","champ:UltimateStance+1","champ:BerserkersShout+1","champ:DeathBlow","Pot Of Greed","Pot Of Greed","Flash of Steel","Pot Of Greed","champ:RisingSlash","champ:RisingSlash","champ:Endure","champ:AdrenalArmor","champ:Devastate","champ:Haymaker","champ:FlashCut","champ:StanceDance","champ:FlashCut+1","champ:PreciseThrust","champ:CrownThrow","champ:Shatter","Pot Of Greed","champ:CrookedStrike+1","champ:FalseCounter+1"],"relics":["champ:ChampionCrown","DaveBox","HaiYi:Twilight","SynthV:C4","LetterFromLob","infinitespire:CheckeredPen","Old Coin","Pet Ghost","ExusiaiGun","downfall:HeartBlessingGreen","White Beast Statue","Busted Crown","Anchor","downfall:GremlinWheel","SentryEyes","Smiling Mask","Grinning Jar","infinitespire:Satchel","champ:BerserkersGuideToSlaughter","Incense Burner","ReplayFunnel","Replay:Grab Bag","Replay:Wanted Poster","Fusion Hammer","BloodWine","HandDrill","WingedGreaves","downfall:HeartBlessingRed","Strawberry","Replay:Rubber Ducky"],"acts_visited":["Exordium","TheCity","TheBeyond"],"potions_floor_usage":[6,6,13,13,13,31,31,31,50],"damage_taken":[{"damage":10,"enemies":"Cultist","floor":2,"turns":4},{"damage":10,"enemies":"2 Louse","floor":3,"turns":4},{"damage":11,"enemies":"Jaw Worm","floor":4,"turns":4},{"damage":25,"enemies":"Lots of Slimes","floor":5,"turns":6},{"damage":63,"enemies":"downfall:Heads","floor":6,"turns":8},{"damage":11,"enemies":"Exordium Wildlife","floor":8,"turns":3},{"damage":16,"enemies":"3 Louse","floor":10,"turns":3},{"damage":12,"enemies":"Blue Slaver","floor":11,"turns":2},{"damage":20,"enemies":"3 Sentries","floor":13,"turns":5},{"damage":13,"enemies":"Gremlin Gang","floor":15,"turns":4},{"damage":35,"enemies":"IC_STATUS_ARCHETYPE","floor":16,"turns":8},{"damage":30,"enemies":"Spheric Guardian","floor":19,"turns":1},{"damage":45,"enemies":"Centurion and Healer","floor":21,"turns":2},{"damage":35,"enemies":"Centurion and Healer","floor":22,"turns":1},{"damage":40,"enemies":"Slavers","floor":23,"turns":1},{"damage":40,"enemies":"Snecko","floor":26,"turns":2},{"damage":30,"enemies":"downfall:FleeingMerchant","floor":28,"turns":4},{"damage":45,"enemies":"Shelled Parasite and Fungi","floor":29,"turns":1},{"damage":0,"enemies":"Snake Plant","floor":31,"turns":1},{"damage":45,"enemies":"Centurion and Healer","floor":32,"turns":1},{"damage":0,"enemies":"SI_MIRROR_ARCHETYPE","floor":33,"turns":2},{"damage":0,"enemies":"3 Darklings","floor":36,"turns":1},{"damage":0,"enemies":"Orb Walker","floor":37,"turns":1},{"damage":0,"enemies":"downfall:FleeingMerchant","floor":38,"turns":1},{"damage":30,"enemies":"downfall:FleeingMerchant","floor":39,"turns":1},{"damage":20,"enemies":"Jaw Worm Horde","floor":42,"turns":1},{"damage":0,"enemies":"Sphere and 2 Shapes","floor":43,"turns":1},{"damage":100,"enemies":"Transient","floor":44,"turns":5},{"damage":0,"enemies":"Jaw Worm Horde","floor":45,"turns":2},{"damage":0,"enemies":"R_Hoarder","floor":47,"turns":2},{"damage":30,"enemies":"3 Darklings","floor":48,"turns":2},{"damage":10,"enemies":"Transient","floor":49,"turns":5},{"damage":52,"enemies":"WA_ARCHETYPE_DIVINITY","floor":50,"turns":3}],"seed_played":"8784681609011107912","potions_obtained":[{"floor":3,"key":"SteroidPotion"},{"floor":5,"key":"Swift Potion"},{"floor":8,"key":"DistilledChaos"},{"floor":10,"key":"EssenceOfSteel"},{"floor":11,"key":"Adrenaline Potion"},{"floor":19,"key":"EntropicBrew"},{"floor":21,"key":"bronze:BurnAndBuffPotion"},{"floor":22,"key":"Venom Potion"},{"floor":31,"key":"Weak Potion"},{"floor":32,"key":"Guardian:BlockOnCardUsePotion"},{"floor":33,"key":"PowerPotion"},{"floor":42,"key":"Energy Potion"}],"is_trial":false,"path_per_floor":["R_BF","M","M","M","M","?","T","M","?","M","M","T","E","M","M","B",null,"R_BF","M","AVR","M","?","E","T","?","M","R","$","M","?","M","M","B",null,"R","M","M","$","?","R","T","M","M","M","M","R","E","M","M","B",null,null],"character_chosen":"THE_CHAMP","items_purchased":["Grinning Jar","infinitespire:Satchel","champ:BerserkersGuideToSlaughter","Incense Burner","ReplayFunnel","Flash of Steel","champ:RisingSlash","champ:StanceDance","HandDrill"],"campfire_rested":2,"item_purchase_floors":[28,28,28,28,28,28,28,38,38],"current_hp_per_floor":[99,99,99,98,83,40,40,39,109,103,101,101,91,91,88,83,109,109,109,109,109,109,109,109,93,93,93,93,103,103,103,109,109,109,109,109,109,109,109,109,116,116,116,116,116,116,116,116,116,116,116],"gold":710,"neow_bonus":"TEN_PERCENT_HP_BONUS","is_daily":false,"chose_seed":false,"campfire_upgraded":1,"win_rate":0.0,"timestamp":1612691670,"path_taken":["R_BF","M","M","M","?","?","T","M","?","?","M","?","E","?","M","BOSS","R_BF","M","AVR","M","?","E","T","?","M","R","$","M","?","M","M","BOSS","R","M","?","$","?","R","T","M","M","M","M","R","E","M","M","BOSS"],"items_purchased_type":["Relic","Relic","Relic","Relic","Relic","Card","Card","Card","Relic"],"build_version":"2020-12-22","purchased_purges":1,"victory":true,"max_hp_per_floor":[99,99,99,99,99,99,99,99,109,109,109,109,109,109,109,109,109,109,109,109,109,109,109,109,109,109,109,109,109,109,109,109,109,109,109,109,109,109,109,109,116,116,116,116,116,116,116,116,116,116,116],"card_choices":[{"not_picked":["champ:Backstep","champ:GladiatorStyle"],"picked":"champ:ShieldSlam","floor":2},{"not_picked":["champ:RisingSlash","champ:ArenaPreparation"],"picked":"champ:GutPunch","floor":3},{"not_picked":["champ:IronFortress","champ:CrownThrow"],"picked":"champ:Encircle","floor":4},{"not_picked":["champ:FalseCounter","champ:Haymaker"],"picked":"champ:GladiatorStyle","floor":5},{"not_picked":["champ:Shatter","champ:AdrenalArmor"],"picked":"champ:MurderStrike","floor":6},{"not_picked":["champ:StanceDance","champ:BerserkersShout"],"picked":"champ:BladeFlurry","floor":8},{"not_picked":["champ:BringItOn","champ:SkillfulDodge"],"picked":"champ:PerfectedStrike","floor":10},{"not_picked":["champ:TornadoPunch","champ:Circumvent"],"picked":"champ:GutPunch","floor":11},{"not_picked":["champ:Improvising","champ:CheapShot"],"picked":"champ:EnGarde","floor":13},{"not_picked":["champ:FanOfKnives","champ:FalseCounter"],"picked":"champ:ArenaPreparation","floor":15},{"not_picked":["champ:DancingMaster","champ:VampiricStrike"],"picked":"champ:StrikeOfGenius","floor":16},{"not_picked":["champ:BerserkersShout","champ:FlashCut"],"picked":"champ:UltimateStance","floor":19},{"not_picked":["champ:Lariat+1"],"picked":"SKIP","floor":21},{"not_picked":[],"picked":"champ:BerserkersShout+1","floor":23},{"not_picked":[],"picked":"champ:Circumvent","floor":26},{"not_picked":[],"picked":"champ:DeathBlow","floor":28},{"not_picked":[],"picked":"champ:Endure","floor":29},{"not_picked":["champ:Circumvent"],"picked":"SKIP","floor":31},{"not_picked":[],"picked":"champ:AdrenalArmor","floor":32},{"not_picked":[],"picked":"champ:Devastate","floor":33},{"not_picked":[],"picked":"champ:Haymaker","floor":36},{"not_picked":["champ:SkillfulDodge+1"],"picked":"SKIP","floor":37},{"not_picked":[],"picked":"champ:FlashCut","floor":38},{"not_picked":[],"picked":"champ:FlashCut+1","floor":39},{"not_picked":[],"picked":"champ:PreciseThrust","floor":42},{"not_picked":[],"picked":"champ:CrownThrow","floor":43},{"not_picked":["champ:ShieldThrow"],"picked":"SKIP","floor":44},{"not_picked":[],"picked":"champ:Shatter","floor":45},{"not_picked":[],"picked":"champ:CrookedStrike+1","floor":47},{"not_picked":[],"picked":"champ:FalseCounter+1","floor":48},{"not_picked":["champ:FanOfKnives+1"],"picked":"SKIP","floor":49}],"player_experience":169295,"relics_obtained":[{"floor":1,"key":"SynthV:C4"},{"floor":2,"key":"LetterFromLob"},{"floor":7,"key":"infinitespire:CheckeredPen"},{"floor":12,"key":"Old Coin"},{"floor":13,"key":"Pet Ghost"},{"floor":18,"key":"White Beast Statue"},{"floor":22,"key":"downfall:GremlinWheel"},{"floor":23,"key":"SentryEyes"},{"floor":24,"key":"Smiling Mask"},{"floor":39,"key":"WingedGreaves"},{"floor":41,"key":"Strawberry"},{"floor":47,"key":"Replay:Rubber Ducky"}],"event_choices":[{"cards_removed":["champ:MurderStrike"],"damage_healed":60,"gold_gain":0,"player_choice":"Offered Rare","damage_taken":0,"max_hp_gain":10,"max_hp_loss":0,"event_name":"Bonfire Elementals","floor":9,"gold_loss":0},{"cards_removed":["champ:Circumvent"],"damage_healed":0,"gold_gain":0,"player_choice":"Card Removal","damage_taken":0,"max_hp_gain":0,"max_hp_loss":0,"event_name":"Wheel of Change","floor":27,"gold_loss":0}],"is_beta":false,"boss_relics":[{"not_picked":["Honey Jar","Runic Dome"],"picked":"ExusiaiGun"},{"not_picked":["NightmareShop","ReplayTheSpireMod:Onyx Gauntlets"],"picked":"Replay:Grab Bag"},{"not_picked":["Philosopher\u0027s Stone","Replay:Bronze Core"],"picked":"Replay:Wanted Poster"},{"not_picked":["Coffee Dripper","ChewingGum"],"picked":"Fusion Hammer"},{"not_picked":["Replay:Drink Me","TimeKeys"],"picked":"BloodWine"}],"items_purged_floors":[28],"is_endless":false,"potions_floor_spawned":[3,5,8,10,11,19,21,22,23,26,28,29,31,32,33,36,37,38,39,42,43,44,45,47,48,49],"ascension_level":0}}