{"host":"l2dnabsh5e0fsksb","time":1612737818,"event":{"mods":["2.2 Compatiblity","BaseMod","Downfall","Minty Spire (QoL Compilation)","Quick Restart","StSLib"],"gold_per_floor":[99,99,399,399,399,433,460,477,502,502,502,502],"floor_reached":10,"language":"ENG","playtime":213,"items_purged":[],"score":165,"play_id":"d8852afa-16f7-4aac-bcd2-4fddad6e3bb6","local_time":"20210208091338","is_ascension_mode":true,"campfire_choices":[{"floor":1,"key":"RECALL"}],"circlet_count":0,"master_deck":["AscendersBane","bronze:Strike","bronze:Strike","bronze:Strike+1","bronze:Strike","bronze:Defend","bronze:Defend","bronze:Defend","bronze:Defend","bronze:Replicate","bronze:Goto","bronze:BuggyMess","downfall:Icky","downfall:Icky","downfall:Icky","bronze:Backtrace+1","bronze:MaxOutput","bronze:ItsAFeature"],"relics":["bronze:BronzeCore","downfall:HeartsMalice","Sundial","Whetstone","Odd Mushroom"],"acts_visited":["Exordium"],"potions_floor_usage":[9,10],"damage_taken":[{"damage":0,"enemies":"2 Louse","floor":2,"turns":1},{"damage":0,"enemies":"Small Slimes","floor":5,"turns":1},{"damage":0,"enemies":"Gremlin Nob","floor":6,"turns":1},{"damage":7,"enemies":"Jaw Worm","floor":8,"turns":2},{"damage":26,"enemies":"The Mushroom Lair","floor":9,"turns":5},{"damage":18,"enemies":"Lagavulin","floor":10,"turns":5}],"seed_played":"-3645275945664346128","potions_obtained":[{"floor":6,"key":"AttackPotion"},{"floor":9,"key":"SkillPotion"}],"is_trial":false,"path_per_floor":["R","M","?","?","M","E","T","M","?","E"],"character_chosen":"THE_AUTOMATON","items_purchased":[],"campfire_rested":0,"item_purchase_floors":[],"current_hp_per_floor":[57,57,57,46,46,46,46,39,13,0,0,0],"gold":502,"neow_bonus":"THREE_ENEMY_KILL","is_daily":false,"chose_seed":false,"campfire_upgraded":0,"win_rate":0.0,"timestamp":1612737818,"path_taken":["R","M","?","?","M","E","T","M","?","E"],"items_purchased_type":[],"build_version":"2020-12-22","purchased_purges":0,"victory":false,"max_hp_per_floor":[63,63,63,63,63,63,63,63,63,63,63,63],"card_choices":[{"not_picked":["bronze:Deprecate","bronze:ForLoop"],"picked":"bronze:BuggyMess","floor":2},{"not_picked":["bronze:FineTuning","bronze:Deprecate"],"picked":"bronze:Backtrace","floor":5},{"not_picked":["bronze:Frontload","bronze:DelayedGuard"],"picked":"bronze:MaxOutput","floor":6},{"not_picked":["bronze:BitShift","bronze:GetLatest"],"picked":"bronze:ItsAFeature","floor":8}],"player_experience":1912161,"relics_obtained":[{"floor":6,"key":"Whetstone"},{"floor":9,"key":"Odd Mushroom"}],"event_choices":[{"damage_healed":0,"gold_gain":0,"player_choice":"Success","damage_taken":11,"relics_obtained":["Sundial"],"max_hp_gain":0,"max_hp_loss":0,"event_name":"Scrap Ooze","floor":4,"gold_loss":0},{"damage_healed":0,"gold_gain":0,"player_choice":"Fought Mushrooms","damage_taken":0,"max_hp_gain":0,"max_hp_loss":0,"event_name":"Mushrooms","floor":9,"gold_loss":0}],"is_beta":false,"boss_relics":[],"items_purged_floors":[],"is_endless":false,"potions_floor_spawned":[6,9],"killed_by":"Lagavulin","ascension_level":18}}