{"host":"nskcj6qu6rcsb0l3","time":1612675420,"event":{"mods":["BaseMod","Better Match","Better Note","Minty Spire (QoL Compilation)","StSLib"],"gold_per_floor":[116,191,209,220,236,236,81,108,132,144,144,158,158,169,169,266,266,276,292,292,304,304,304,304],"floor_reached":23,"language":"ENG","playtime":830,"items_purged":[],"score":195,"play_id":"c981c488-81bb-4010-b8e5-2fccfb20700f","local_time":"20210207062340","is_ascension_mode":false,"campfire_choices":[{"data":"Blade Dance","floor":6,"key":"SMITH"},{"floor":13,"key":"REST"},{"floor":15,"key":"REST"}],"circlet_count":0,"master_deck":["Strike_G","Strike_G","Strike_G","Strike_G","Strike_G","Defend_G","Defend_G","Defend_G","Defend_G","Defend_G","Survivor","Neutralize","Blade Dance+1","Cloak And Dagger","Dodge and Roll","Noxious Fumes","Corpse Explosion","Backflip","Blur","Footwork","Blade Dance"],"relics":["Ring of the Snake","Orichalcum","Pen Nib","Vajra","Happy Flower","Black Star"],"acts_visited":["Exordium","TheCity"],"potions_floor_usage":[8,12,16,23,23],"damage_taken":[{"damage":0,"enemies":"2 Louse","floor":1,"turns":3},{"damage":0,"enemies":"Jaw Worm","floor":3,"turns":4},{"damage":5,"enemies":"Small Slimes","floor":4,"turns":4},{"damage":0,"enemies":"Exordium Wildlife","floor":5,"turns":5},{"damage":19,"enemies":"Gremlin Nob","floor":8,"turns":4},{"damage":1,"enemies":"Lots of Slimes","floor":10,"turns":3},{"damage":0,"enemies":"2 Fungi Beasts","floor":12,"turns":3},{"damage":5,"enemies":"Exordium Wildlife","floor":14,"turns":5},{"damage":24,"enemies":"Hexaghost","floor":16,"turns":11},{"damage":6,"enemies":"Chosen","floor":18,"turns":5},{"damage":14,"enemies":"2 Thieves","floor":19,"turns":2},{"damage":20,"enemies":"Snecko","floor":21,"turns":8},{"damage":20,"enemies":"Book of Stabbing","floor":23,"turns":7}],"seed_played":"1933311649252415076","potions_obtained":[{"floor":3,"key":"SpeedPotion"},{"floor":5,"key":"SkillPotion"},{"floor":10,"key":"AttackPotion"},{"floor":19,"key":"Weak Potion"},{"floor":21,"key":"ColorlessPotion"}],"is_trial":false,"path_per_floor":["M","?","M","M","M","R","$","E","T","M","?","M","R","M","R","B",null,"M","M","?","M","?","E"],"character_chosen":"THE_SILENT","items_purchased":["Pen Nib"],"campfire_rested":2,"item_purchase_floors":[7],"current_hp_per_floor":[70,59,59,54,54,54,54,35,35,34,34,34,55,50,70,46,70,64,50,50,30,17,0,0],"gold":304,"neow_bonus":"RANDOM_COMMON_RELIC","is_daily":false,"chose_seed":false,"campfire_upgraded":1,"win_rate":0.0,"timestamp":1612675420,"path_taken":["M","?","M","M","M","R","$","E","T","M","?","M","R","M","R","BOSS","M","M","?","?","?","E"],"items_purchased_type":["Relic"],"build_version":"2020-12-22","purchased_purges":0,"victory":false,"max_hp_per_floor":[70,70,70,70,70,70,70,70,70,70,70,70,70,70,70,70,70,70,70,70,70,75,75,75],"card_choices":[{"not_picked":["Acrobatics","Poisoned Stab"],"picked":"Blade Dance","floor":1},{"not_picked":["Calculated Gamble","Flying Knee","Masterful Stab"],"picked":"SKIP","floor":3},{"not_picked":["Leg Sweep","All Out Attack","Dagger Throw"],"picked":"SKIP","floor":4},{"not_picked":["Heel Hook","Flying Knee","Masterful Stab"],"picked":"SKIP","floor":5},{"not_picked":["Leg Sweep","Backflip"],"picked":"Cloak And Dagger","floor":8},{"not_picked":["Quick Slash","Tactician","Terror"],"picked":"SKIP","floor":10},{"not_picked":["Distraction","Flechettes"],"picked":"Dodge and Roll","floor":12},{"not_picked":["Deflect","Underhanded Strike"],"picked":"Noxious Fumes","floor":14},{"not_picked":["Phantasmal Killer","After Image"],"picked":"Corpse Explosion","floor":16},{"not_picked":["Prepared","Flying Knee"],"picked":"Backflip","floor":18},{"not_picked":["Underhanded Strike","Eviscerate"],"picked":"Blur","floor":19},{"not_picked":["Prepared","Escape Plan"],"picked":"Blade Dance","floor":21}],"player_experience":1002004,"relics_obtained":[{"floor":8,"key":"Vajra"},{"floor":9,"key":"Happy Flower"}],"event_choices":[{"damage_healed":0,"gold_gain":75,"player_choice":"Gather Gold","damage_taken":11,"max_hp_gain":0,"max_hp_loss":0,"event_name":"World of Goop","floor":2,"gold_loss":0},{"damage_healed":0,"gold_gain":0,"player_choice":"Leave","damage_taken":0,"max_hp_gain":0,"max_hp_loss":0,"event_name":"The Cleric","floor":11,"gold_loss":0},{"cards_removed":["Corpse Explosion"],"damage_healed":0,"gold_gain":0,"player_choice":"Take \u0026 Give","damage_taken":0,"max_hp_gain":0,"max_hp_loss":0,"event_name":"betterNote:BetterNote","floor":20,"gold_loss":0,"cards_obtained":["Footwork"]},{"damage_healed":0,"gold_gain":0,"player_choice":"Shed Blood","damage_taken":18,"max_hp_gain":5,"max_hp_loss":0,"event_name":"Forgotten Altar","floor":22,"gold_loss":0}],"is_beta":false,"boss_relics":[{"not_picked":["Ring of the Serpent","Tiny House"],"picked":"Black Star"}],"items_purged_floors":[],"is_endless":false,"potions_floor_spawned":[3,5,10,19,21],"killed_by":"Book of Stabbing","ascension_level":0}}