{"host":"q8mjpf3krl0t4p3x","time":1612675939,"event":{"mods":["BaseMod","Colored Map","Colored Powertips","Googly Eyes","Minty Spire (QoL Compilation)","Quick Restart","StSLib","everything is the same but u backflip on backflip","slay the spire mod where everything is the same but ironclad has a cowboy hat"],"gold_per_floor":[112,127,127,127,127,156,166,166,192,202,216,8,8,8,8,108,108,124,138,53,53,2,35,35,68,94,94,105,121,133,165,165,268,268,278,278,0,19,19,19,36,36,36,36,46,46,56,7,7,7,7],"floor_reached":50,"language":"ENG","playtime":2199,"items_purged":[],"score":865,"play_id":"59174420-da01-49fb-aa06-056d6b60beca","local_time":"20210206213219","is_ascension_mode":true,"campfire_choices":[{"floor":8.0,"key":"REST"},{"data":"Uppercut","floor":15.0,"key":"SMITH"},{"data":"Whirlwind","floor":24.0,"key":"SMITH"},{"data":"Wild Strike","floor":27.0,"key":"SMITH"},{"floor":32.0,"key":"REST"},{"data":"Battle Trance","floor":40,"key":"SMITH"},{"data":"Inflame","floor":49,"key":"SMITH"}],"circlet_count":0,"master_deck":["AscendersBane","Strike_R","Strike_R","Strike_R","Strike_R+1","Strike_R+1","Defend_R+1","Defend_R+1","Defend_R+1","Bash+1","Anger","Twin Strike","Rampage+1","Uppercut+1","Shrug It Off","Wild Strike+1","Whirlwind+1","Battle Trance+1","CurseOfTheBell","Inflame+1","Writhe"],"relics":["Burning Blood","War Paint","Tiny Chest","Lee\u0027s Waffle","Velvet Choker","Self Forming Clay","Whetstone","MealTicket","Gambling Chip","Ancient Tea Set","Torii","Calling Bell","PreservedInsect","Meat on the Bone","Unceasing Top","Red Mask","Molten Egg 2","Mango"],"acts_visited":["Exordium","TheCity","TheBeyond"],"potions_floor_usage":[41,50,50],"damage_taken":[{"damage":4.0,"enemies":"Jaw Worm","floor":1.0,"turns":3.0},{"damage":5.0,"enemies":"Small Slimes","floor":2.0,"turns":4.0},{"damage":37.0,"enemies":"3 Sentries","floor":6.0,"turns":8.0},{"damage":0.0,"enemies":"2 Louse","floor":7.0,"turns":3.0},{"damage":18.0,"enemies":"Exordium Wildlife","floor":10.0,"turns":6.0},{"damage":16.0,"enemies":"3 Louse","floor":11.0,"turns":3.0},{"damage":39.0,"enemies":"The Guardian","floor":16.0,"turns":10.0},{"damage":0.0,"enemies":"Chosen","floor":18.0,"turns":4.0},{"damage":13.0,"enemies":"Spheric Guardian","floor":19.0,"turns":5.0},{"damage":35.0,"enemies":"Slavers","floor":23.0,"turns":9.0},{"damage":0.0,"enemies":"Gremlin Leader","floor":25.0,"turns":5.0},{"damage":20.0,"enemies":"Shelled Parasite and Fungi","floor":28.0,"turns":3.0},{"damage":17.0,"enemies":"Centurion and Healer","floor":29.0,"turns":8.0},{"damage":8.0,"enemies":"Snake Plant","floor":30.0,"turns":4.0},{"damage":12.0,"enemies":"Book of Stabbing","floor":31.0,"turns":5.0},{"damage":53.0,"enemies":"Collector","floor":33.0,"turns":8.0},{"damage":24.0,"enemies":"Orb Walker","floor":35.0,"turns":4.0},{"damage":17,"enemies":"3 Shapes","floor":38,"turns":3},{"damage":21,"enemies":"Transient","floor":41,"turns":5},{"damage":41,"enemies":"Jaw Worm Horde","floor":45,"turns":3},{"damage":25,"enemies":"3 Darklings","floor":47,"turns":4},{"damage":94,"enemies":"Donu and Deca","floor":50,"turns":4}],"seed_played":"-7795592862140446520","potions_obtained":[{"floor":2.0,"key":"EssenceOfSteel"},{"floor":11.0,"key":"Strength Potion"},{"floor":16.0,"key":"ColorlessPotion"},{"floor":23.0,"key":"Explosive Potion"},{"floor":30.0,"key":"Dexterity Potion"},{"floor":31.0,"key":"DuplicationPotion"},{"floor":33.0,"key":"BlessingOfTheForge"},{"floor":38,"key":"SteroidPotion"},{"floor":41,"key":"Swift Potion"},{"floor":47,"key":"AttackPotion"}],"is_trial":false,"path_per_floor":["M","M","?","?","?","E","M","R","T","M","M","$","?","?","R","B",null,"M","M","?","T","$","E","R","E","T","R","M","M","M","E","R","B",null,"M","?","?","M","?","R","M","$","T","T","M","?","M","$","R","B"],"character_chosen":"IRONCLAD","items_purchased":["Lee\u0027s Waffle","Fire Potion","Block Potion","Energy Potion"],"campfire_rested":2,"item_purchase_floors":[12,12,22,48],"current_hp_per_floor":[74,75,75,59,59,28,34,58,58,46,36,87,92,92,92,59,84,90,83,83,83,83,54,54,60,60,60,46,35,33,27,54,7,71,53,53,53,54,54,54,51,66,66,80,57,84,65,80,80,0,0],"gold":7,"neow_bonus":"THREE_CARDS","is_daily":false,"chose_seed":false,"campfire_upgraded":5,"win_rate":0.0,"timestamp":1612675939,"path_taken":["M","M","?","?","?","E","?","R","T","M","M","$","?","?","R","BOSS","M","M","?","?","$","E","R","E","T","R","M","M","M","E","R","BOSS","M","?","?","M","?","R","M","$","T","?","M","?","?","$","R","BOSS"],"items_purchased_type":["Relic","Potion","Potion","Potion"],"build_version":"2020-12-22","purchased_purges":0,"victory":false,"max_hp_per_floor":[80,80,80,80,80,80,80,80,80,80,80,87,92,92,92,92,92,92,92,92,92,92,92,92,92,92,92,92,92,92,92,92,92,92,92,92,92,92,92,92,92,92,92,106,106,106,106,106,106,106,106],"card_choices":[{"not_picked":["Iron Wave","Flex"],"picked":"Anger","floor":0.0},{"not_picked":["Perfected Strike","Intimidate"],"picked":"Twin Strike","floor":1.0},{"not_picked":["Flex","Clothesline"],"picked":"Rampage","floor":2.0},{"not_picked":["Rupture","True Grit"],"picked":"Uppercut","floor":6.0},{"not_picked":["Headbutt","Iron Wave","Fire Breathing"],"picked":"SKIP","floor":7.0},{"not_picked":["Havoc","Sever Soul"],"picked":"Shrug It Off","floor":10.0},{"not_picked":["Infernal Blade","Havoc","Heavy Blade"],"picked":"SKIP","floor":11.0},{"not_picked":["Iron Wave","Body Slam","Flame Barrier"],"picked":"SKIP","floor":18.0},{"not_picked":["Heavy Blade","Intimidate+1"],"picked":"Wild Strike","floor":19.0},{"not_picked":["Flex","Heavy Blade"],"picked":"Whirlwind","floor":23.0},{"not_picked":["Clash","Second Wind","Pummel"],"picked":"SKIP","floor":25.0},{"not_picked":["Entrench+1","Ghostly Armor"],"picked":"Battle Trance","floor":28.0},{"not_picked":["Sword Boomerang","Sentinel+1","Corruption"],"picked":"SKIP","floor":29.0},{"not_picked":["Reckless Charge+1","Sword Boomerang","Warcry"],"picked":"SKIP","floor":30.0},{"not_picked":["Battle Trance","Heavy Blade","Entrench"],"picked":"SKIP","floor":31.0},{"not_picked":["Headbutt+1","Pommel Strike","Warcry"],"picked":"SKIP","floor":35.0},{"not_picked":["Clothesline+1","Thunderclap","Shrug It Off+1"],"picked":"SKIP","floor":38},{"not_picked":["Berserk","Clothesline+1"],"picked":"Inflame","floor":41},{"not_picked":["Dropkick+1","Headbutt+1","Disarm"],"picked":"SKIP","floor":45},{"not_picked":["Headbutt+1","Flex","Havoc"],"picked":"SKIP","floor":47}],"player_experience":327410,"relics_obtained":[{"floor":6.0,"key":"War Paint"},{"floor":9.0,"key":"Tiny Chest"},{"floor":21.0,"key":"Whetstone"},{"floor":23.0,"key":"MealTicket"},{"floor":25.0,"key":"Gambling Chip"},{"floor":26.0,"key":"Ancient Tea Set"},{"floor":31.0,"key":"Torii"},{"floor":34.0,"key":"PreservedInsect"},{"floor":34.0,"key":"Meat on the Bone"},{"floor":34.0,"key":"Unceasing Top"},{"floor":43,"key":"Molten Egg 2"},{"floor":44,"key":"Mango"}],"event_choices":[{"damage_healed":0.0,"max_hp_gain":0.0,"max_hp_loss":0.0,"gold_gain":0.0,"event_name":"The Cleric","player_choice":"Leave","floor":3.0,"gold_loss":0.0,"damage_taken":0.0},{"damage_healed":0.0,"max_hp_gain":0.0,"max_hp_loss":0.0,"gold_gain":0.0,"event_name":"Shining Light","player_choice":"Entered Light","floor":4.0,"gold_loss":0.0,"damage_taken":16.0,"cards_upgraded":["Defend_R","Strike_R"]},{"damage_healed":0.0,"max_hp_gain":0.0,"max_hp_loss":0.0,"gold_gain":0.0,"event_name":"Golden Idol","player_choice":"Ignored","floor":5.0,"gold_loss":0.0,"damage_taken":0.0},{"damage_healed":0.0,"max_hp_gain":5.0,"max_hp_loss":0.0,"gold_gain":0.0,"event_name":"Big Fish","player_choice":"Donut","floor":13.0,"gold_loss":0.0,"damage_taken":0.0},{"damage_healed":0.0,"max_hp_gain":0.0,"max_hp_loss":0.0,"gold_gain":0.0,"event_name":"Living Wall","player_choice":"Grow","floor":14.0,"gold_loss":0.0,"damage_taken":0.0,"cards_upgraded":["Rampage"]},{"damage_healed":0.0,"max_hp_gain":0.0,"max_hp_loss":0.0,"gold_gain":0.0,"event_name":"Addict","player_choice":"Obtained Relic","floor":20.0,"gold_loss":85.0,"damage_taken":0.0,"relics_obtained":["Self Forming Clay"]},{"damage_healed":0.0,"max_hp_gain":0.0,"max_hp_loss":0.0,"gold_gain":0.0,"event_name":"SensoryStone","player_choice":"Memory 1","floor":36.0,"gold_loss":0.0,"damage_taken":0.0},{"damage_healed":0.0,"max_hp_gain":0.0,"max_hp_loss":0.0,"gold_gain":0.0,"event_name":"Tomb of Lord Red Mask","player_choice":"Paid","floor":37.0,"gold_loss":278.0,"damage_taken":0.0,"relics_obtained":["Red Mask"]},{"cards_removed":["Defend_R"],"damage_healed":0,"gold_gain":0,"player_choice":"Removed Skill","damage_taken":0,"max_hp_gain":0,"max_hp_loss":0,"event_name":"Falling","floor":39,"gold_loss":0},{"damage_healed":27,"gold_gain":0,"player_choice":"Writhe","damage_taken":0,"max_hp_gain":0,"max_hp_loss":0,"event_name":"Winding Halls","floor":46,"gold_loss":0,"cards_obtained":["Writhe"]}],"is_beta":false,"boss_relics":[{"not_picked":["Sozu","Runic Pyramid"],"picked":"Velvet Choker"},{"not_picked":["Astrolabe","Runic Cube"],"picked":"Calling Bell"}],"items_purged_floors":[],"is_endless":false,"potions_floor_spawned":[2,11,16,23,30,31,33,38,41,47],"killed_by":"Donu and Deca","ascension_level":12}}