{"host":"hw4a6ivmtgcf119c","time":1612673457,"event":{"mods":["Abigail Mod","Aspiration","Astrologer","BaseMod","Better Third Choice","BetterRewards","Conspire","DeckTracker","Energized Spire","Gremlin Mod","Halation","Hermit","Hubris","Jorbs\u0027s Wanderer Trilogy","Marisa????????","Minty Spire (QoL Compilation)","Rare Cards Sparkle","StSLib","The Alterego","The Animator","The Bladedancer","The Cursed","The Disciple","The Hayseed","The Hierophant","The Marked","The Mystic","The Necromancer","The Poker Player","The Servant 0.9.4","The Spell Scribe","WarShipGirlsR/????R mod"],"gold_per_floor":[111,125,153,132,53,53,53,53,101,101,123,159,208,256,256,210,210],"floor_reached":16,"language":"ENG","playtime":759,"items_purged":[],"score":131,"play_id":"3dc1b8eb-8100-40a8-bda2-d3517cdb6249","local_time":"20210206225057","is_ascension_mode":false,"campfire_choices":[{"data":"hierophant:Doubloon","floor":8,"key":"SMITH"},{"data":"hierophant:OrnateBuckler","floor":10,"key":"SMITH"},{"floor":15,"key":"REST"}],"circlet_count":0,"master_deck":["hierophant:Strike_Hierophant","hierophant:Strike_Hierophant","hierophant:Strike_Hierophant","hierophant:Strike_Hierophant","hierophant:Punish","hierophant:Defend_Hierophant","hierophant:Defend_Hierophant","hierophant:Defend_Hierophant","hierophant:Defend_Hierophant","hierophant:ChurchCoffers","hierophant:Doubloon+1","hierophant:OrnateBuckler+1","hierophant:HolyVerse","hierophant:RustyCrate","hierophant:Doubloon","hierophant:Doubloon","hierophant:PassingBell","hierophant:Doubloon","hierophant:CursedGold","hierophant:FaithHealing"],"relics":["hierophant:PropheticMaskRelic","Boot","Nunchaku"],"acts_visited":["Exordium"],"potions_floor_usage":[6,16],"damage_taken":[{"damage":0,"enemies":"Small Slimes","floor":1,"turns":2},{"damage":1,"enemies":"Cultist","floor":2,"turns":3},{"damage":0,"enemies":"2 Louse","floor":3,"turns":1},{"damage":7,"enemies":"Looter","floor":4,"turns":3},{"damage":53,"enemies":"Lagavulin","floor":6,"turns":10},{"damage":19,"enemies":"3 Louse","floor":11,"turns":2},{"damage":1,"enemies":"Exordium Thugs","floor":12,"turns":4},{"damage":1,"enemies":"2 Fungi Beasts","floor":13,"turns":3},{"damage":29,"enemies":"Exordium Wildlife","floor":14,"turns":7},{"damage":70,"enemies":"Slime Boss","floor":16,"turns":10}],"seed_played":"1910913647608796756","potions_obtained":[{"floor":3,"key":"LiquidMemories"},{"floor":4,"key":"Fruit Juice"},{"floor":11,"key":"FearPotion"},{"floor":12,"key":"SteroidPotion"}],"is_trial":false,"path_per_floor":["M","M","M","M","$","E","?","R","T","R","M","M","M","M","R","B"],"character_chosen":"HIEROPHANT","items_purchased":["hierophant:Community"],"campfire_rested":1,"item_purchase_floors":[5],"current_hp_per_floor":[82,81,81,74,74,26,87,87,87,87,68,67,66,37,63,0,0],"gold":210,"neow_bonus":"TEN_PERCENT_HP_BONUS","is_daily":false,"chose_seed":false,"campfire_upgraded":2,"win_rate":0.0,"timestamp":1612673457,"path_taken":["M","M","M","M","$","E","?","R","T","R","M","M","M","?","R","BOSS"],"items_purchased_type":["Card"],"build_version":"2020-12-22","purchased_purges":0,"victory":false,"max_hp_per_floor":[82,82,82,82,82,87,87,87,87,87,87,87,87,87,87,87,87],"card_choices":[{"not_picked":["hierophant:Zeal","hierophant:FieryStrike"],"picked":"hierophant:Doubloon","floor":1},{"not_picked":["hierophant:Zeal","hierophant:Sermon","hierophant:HammerAndAnvil"],"picked":"SKIP","floor":2},{"not_picked":["hierophant:Patience","hierophant:SealAway"],"picked":"hierophant:OrnateBuckler","floor":3},{"not_picked":["hierophant:MorningPrayer","hierophant:Flagellation"],"picked":"hierophant:HolyVerse","floor":4},{"not_picked":["hierophant:HammerAndAnvil","hierophant:Repentance","hierophant:Doubloon"],"picked":"SKIP","floor":6},{"not_picked":["hierophant:MirrorShield","hierophant:Prophecy"],"picked":"hierophant:RustyCrate","floor":11},{"not_picked":["hierophant:Prophecy","hierophant:Zeal"],"picked":"hierophant:PassingBell","floor":12},{"not_picked":["hierophant:RustyCrate","hierophant:OrnateJavelin"],"picked":"hierophant:CursedGold","floor":13},{"not_picked":["hierophant:Purify","hierophant:PassingBell"],"picked":"hierophant:FaithHealing","floor":14}],"player_experience":433684,"relics_obtained":[{"floor":6,"key":"Boot"},{"floor":9,"key":"Nunchaku"}],"event_choices":[{"cards_removed":["hierophant:Community"],"damage_healed":61,"gold_gain":0,"player_choice":"Offered Uncommon","damage_taken":0,"max_hp_gain":0,"max_hp_loss":0,"event_name":"Bonfire Elementals","floor":7,"gold_loss":0}],"is_beta":false,"boss_relics":[],"items_purged_floors":[],"is_endless":false,"potions_floor_spawned":[3,4,11,12,14],"killed_by":"Slime Boss","ascension_level":0}}