{"host":"dn6kke80v5f7isus","time":1612695524,"event":{"mods":["AchievementEnabler","Act Like it!","BaseMod","Colored Powertips","Custom Start","Defuse TimeMaze Blight","Energized Spire","Gremlin Skip","Highlight Path","Hubris","Infinite Spire","Marisa????????","Minty Spire (QoL Compilation)","Rare Cards Sparkle","Reliquary","Replay The Spire","StSLib","The Servant 0.9.4","Uncapped","Unceasing Turn Reminder"],"gold_per_floor":[114,114,114,124,124,124,158,158,234,246,256,283,295,305,305,305,305],"floor_reached":16,"language":"ENG","playtime":377,"items_purged":[],"score":133,"play_id":"fd58dfdd-2d53-4f69-9f7b-e495c1d47b46","local_time":"20210207055844","is_ascension_mode":true,"campfire_choices":[{"data":"Gash","floor":6,"key":"SMITH"},{"data":"Dualcast","floor":8,"key":"SMITH"},{"data":"Creative AI","floor":15,"key":"SMITH"}],"circlet_count":0,"master_deck":["Strike_B","Strike_B","Strike_B","Strike_B+1","Defend_B","Defend_B","Defend_B+1","Defend_B","Zap","Dualcast+1","Gash+1","Creative AI+1","Coolheaded"],"relics":["Ring of the Snake","NeowsBlessing","infinitespire:Cubic Diamond","Simple Rune","reliquary:HotPoker"],"acts_visited":["Exordium"],"potions_floor_usage":[11,11,13,14],"damage_taken":[{"damage":0,"enemies":"Cultist","floor":1,"turns":1},{"damage":0,"enemies":"Small Slimes","floor":4,"turns":1},{"damage":0,"enemies":"3 Sentries","floor":7,"turns":1},{"damage":1,"enemies":"Jaw Worm","floor":10,"turns":3},{"damage":0,"enemies":"Looter","floor":11,"turns":2},{"damage":0,"enemies":"Large Slime","floor":13,"turns":4},{"damage":0,"enemies":"2 Fungi Beasts","floor":14,"turns":2},{"damage":98,"enemies":"Fading Forest","floor":16,"turns":8}],"seed_played":"-6892133443916264559","potions_obtained":[{"floor":1,"key":"Block Potion"},{"floor":7,"key":"BlessingOfTheForge"},{"floor":11,"key":"Explosive Potion"},{"floor":13,"key":"Toxic Potion"},{"floor":14,"key":"SpeedPotion"}],"is_trial":false,"path_per_floor":["M","?","?","M","?","R","E","R","T","M","M","T","M","M","R","B"],"character_chosen":"DEFECT","items_purchased":[],"campfire_rested":0,"item_purchase_floors":[],"current_hp_per_floor":[75,75,80,80,80,80,80,80,80,79,79,79,79,79,79,0,0],"gold":305,"neow_bonus":"THREE_ENEMY_KILL","is_daily":false,"chose_seed":false,"campfire_upgraded":3,"win_rate":0.0,"timestamp":1612695524,"path_taken":["M","?","?","M","?","R","E","R","T","M","?","?","M","M","R","BOSS"],"items_purchased_type":[],"build_version":"2020-12-22","purchased_purges":0,"victory":false,"max_hp_per_floor":[75,75,80,80,80,80,80,80,80,80,80,80,80,80,80,80,80],"card_choices":[{"not_picked":["Stack","FIFO Queue","Hologram"],"picked":"SKIP","floor":1},{"not_picked":["Chaos","Aggregate"],"picked":"Gash","floor":4},{"not_picked":["hubris:PowerSurge","hubris:Ukulele","Stack"],"picked":"SKIP","floor":7},{"not_picked":["Static Discharge","Streamline","Go for the Eyes"],"picked":"SKIP","floor":10},{"not_picked":["Static Discharge","Barrage"],"picked":"Creative AI","floor":11},{"not_picked":["Steam","Hologram"],"picked":"Coolheaded","floor":13},{"not_picked":["Panic Button","Reprogram","Barrage"],"picked":"SKIP","floor":14}],"player_experience":429148,"relics_obtained":[{"floor":7,"key":"Simple Rune"},{"floor":9,"key":"reliquary:HotPoker"}],"event_choices":[{"damage_healed":0,"gold_gain":0,"player_choice":"Donut","damage_taken":0,"max_hp_gain":5,"max_hp_loss":0,"event_name":"Big Fish","floor":3,"gold_loss":0},{"damage_healed":0,"gold_gain":0,"player_choice":"0 cards matched","damage_taken":0,"max_hp_gain":0,"max_hp_loss":0,"event_name":"Match and Keep!","floor":5,"gold_loss":0,"cards_obtained":[]}],"is_beta":false,"boss_relics":[],"items_purged_floors":[],"is_endless":false,"potions_floor_spawned":[1,7,11,13,14],"killed_by":"Fading Forest","ascension_level":1}}