{"host":"6p0attdrtjqaih7v","time":1612675380,"event":{"mods":["2.2 Compatiblity","AchievementEnabler","Bard","BaseMod","Better Skull","Better Third Choice","Colored Powertips","Hermit","Highlight Path","Key Reminder","Minty Spire (QoL Compilation)","Permanent Neow","Quick Restart","Random Character Button","Relic Stats","Reliquary","Replay The Spire","Robot Space Explorer","StSLib","The Hayseed","The Witch"],"gold_per_floor":[113,113,123,133,148,148,160,46,46,46,61,92,92,124,124,203,203,214,226,238,238,238,238],"floor_reached":22,"language":"ENG","playtime":950,"items_purged":["Strike_B"],"score":396,"play_id":"261b1b05-cfae-4c5e-bae2-ab2b682a29ab","local_time":"20210207002300","is_ascension_mode":true,"campfire_choices":[{"data":"Coolheaded","floor":6,"key":"SMITH"},{"data":"Blizzard","floor":10,"key":"SMITH"},{"data":"Lockon","floor":13,"key":"SMITH"},{"data":"Melter","floor":15,"key":"SMITH"}],"circlet_count":0,"master_deck":["AscendersBane","Strike_B","Strike_B","Strike_B","Defend_B","Defend_B","Defend_B","Defend_B","Zap","Dualcast","Glacier","Coolheaded+1","Glacier","Gash","Gash","Blizzard+1","Shame","Lockon+1","Recycle","Melter+1","Buffer+1","Capacitor+1","Barrage","ReplayTheSpireMod:GoodbyeWorld+1"],"relics":["Cursed Key","Frozen Egg 2","reliquary:HotPoker","Pantograph","Runic Dome"],"acts_visited":["Exordium","TheCity"],"potions_floor_usage":[16,16,18,20],"damage_taken":[{"damage":5,"enemies":"2 Louse","floor":1,"turns":2},{"damage":0,"enemies":"Jaw Worm","floor":3,"turns":4},{"damage":0,"enemies":"Cultist","floor":4,"turns":5},{"damage":0,"enemies":"Blue Slaver","floor":5,"turns":5},{"damage":0,"enemies":"Red Slaver","floor":7,"turns":6},{"damage":16,"enemies":"2 Fungi Beasts","floor":11,"turns":5},{"damage":6,"enemies":"3 Sentries","floor":12,"turns":8},{"damage":9,"enemies":"Lagavulin","floor":14,"turns":8},{"damage":24,"enemies":"Hexaghost","floor":16,"turns":10},{"damage":5,"enemies":"3 Byrds","floor":18,"turns":3},{"damage":34,"enemies":"Chosen","floor":19,"turns":7},{"damage":11,"enemies":"3 Cultists","floor":20,"turns":7},{"damage":19,"enemies":"Centurion and Healer","floor":22,"turns":2}],"seed_played":"387665420816807961","potions_obtained":[{"floor":3,"key":"Languid Potion"},{"floor":4,"key":"LiquidBronze"},{"floor":16,"key":"LiquidBronze"},{"floor":19,"key":"Elixir"}],"is_trial":false,"path_per_floor":["M","?","M","M","M","R","M","$","T","R","M","E","R","E","R","B",null,"M","M","M","?","M"],"character_chosen":"DEFECT","items_purchased":["Blizzard"],"campfire_rested":0,"item_purchase_floors":[8],"current_hp_per_floor":[59,59,59,59,59,59,59,59,59,59,43,37,37,28,28,29,61,56,22,11,11,0,0],"gold":238,"neow_bonus":"BOSS_RELIC","is_daily":false,"chose_seed":false,"campfire_upgraded":4,"win_rate":0.0,"timestamp":1612675380,"path_taken":["M","?","M","M","M","R","M","$","T","R","M","E","R","E","R","BOSS","M","M","M","?","M"],"items_purchased_type":["Card"],"build_version":"2020-12-22","purchased_purges":1,"victory":false,"max_hp_per_floor":[71,71,71,71,71,71,71,71,71,71,71,71,71,71,71,71,71,71,71,71,71,71,71],"relic_stats":{"counters":[13,72],"Pantograph":25,"Cursed Key":1,"obtain_stats":[{"Runic Dome":17,"reliquary:HotPoker":12,"Pantograph":14,"Frozen Egg 2":9,"Cracked Core":0,"Cursed Key":0},{"Runic Dome":9,"reliquary:HotPoker":7,"Pantograph":8,"Frozen Egg 2":5,"Cracked Core":0,"Cursed Key":0},{"Runic Dome":53,"reliquary:HotPoker":35,"Pantograph":43,"Frozen Egg 2":22,"Cracked Core":0,"Cursed Key":0}]},"card_choices":[{"not_picked":["Steam","Compile Driver"],"picked":"Glacier","floor":1},{"not_picked":["Go for the Eyes","Streamline"],"picked":"Coolheaded","floor":3},{"not_picked":["Steam","Rebound"],"picked":"Glacier","floor":4},{"not_picked":["Rebound","Barrage"],"picked":"Gash","floor":5},{"not_picked":["Recycle","Echo Form"],"picked":"Gash","floor":7},{"not_picked":["Cold Snap","Barrage"],"picked":"Lockon","floor":11},{"not_picked":["Cold Snap","Chaos"],"picked":"Recycle","floor":12},{"not_picked":["Sweeping Beam","Genetic Algorithm"],"picked":"Melter","floor":14},{"not_picked":["Echo Form+1","Fission"],"picked":"Buffer+1","floor":16},{"not_picked":["Blizzard","Go for the Eyes"],"picked":"Capacitor+1","floor":18},{"not_picked":["Streamline","Go for the Eyes"],"picked":"Barrage","floor":19},{"not_picked":["BasicCrystalCard","Leap"],"picked":"ReplayTheSpireMod:GoodbyeWorld+1","floor":20}],"player_experience":1059343,"relics_obtained":[{"floor":9,"key":"Frozen Egg 2"},{"floor":12,"key":"reliquary:HotPoker"},{"floor":14,"key":"Pantograph"}],"event_choices":[{"damage_healed":0,"gold_gain":0,"player_choice":"Ignored","damage_taken":0,"max_hp_gain":0,"max_hp_loss":0,"event_name":"Cursed Tome","floor":21,"gold_loss":0}],"is_beta":false,"boss_relics":[{"not_picked":["Fusion Hammer","reliquary:Ember"],"picked":"Runic Dome"}],"items_purged_floors":[8],"is_endless":false,"potions_floor_spawned":[3,4,12,16,19],"killed_by":"Centurion and Healer","ascension_level":20}}