{"host":"0jile2yd1dg679g0","time":1612716198,"event":{"mods":["AchievementEnabler","Act Like it!","BaseMod","Better Third Choice","Bossed Relics","Colored Map","Colored Powertips","Gensokyo","Hermit","Luminous","Marisa????????","Minty Spire (QoL Compilation)","Random Character Button","Reliquary","Spicy Shops","StSLib","The Marked","The Servant 0.9.4","Transform Curses","Waifu the Spire"],"gold_per_floor":[368,368,46,11,27,43,43,43,43,53,86,104,136,159,159,257,257,277,277,277,289,17,45,62,80,80,80,80,107,107,122,122,226,226,241,39,39,39,53,53,69,82,105,105,125,125,135,183,183,183],"floor_reached":51,"language":"ENG","playtime":10245,"items_purged":["Strike_G","Shame"],"score":959,"play_id":"25facbd7-b78c-4541-856c-fd98eb910e6c","local_time":"20210207114318","is_ascension_mode":true,"campfire_choices":[{"data":"Accuracy","floor":7.0,"key":"SMITH"},{"data":"Accuracy","floor":15.0,"key":"SMITH"},{"data":"1","floor":28.0,"key":"LIFT"},{"data":"2","floor":30.0,"key":"LIFT"},{"floor":32.0,"key":"REST"},{"data":"3","floor":40.0,"key":"LIFT"},{"floor":46,"key":"REST"},{"floor":49,"key":"REST"}],"circlet_count":0,"master_deck":["Defend_G","Defend_G","Defend_G","Defend_G","Defend_G","Survivor","Neutralize","Gensokyo:AllTheWorldsEvil","Blade Dance","SandsOfTime","Accuracy+1","Dash+1","Blade Dance","Accuracy+1","Finisher","Caltrops","Footwork","Die Die Die","Caltrops+1","Bite","Bite","Bite","Bite","Prepared","Malaise","Terror","Dodge and Roll+1","Envenom","Footwork+1","Cloak And Dagger+1","Choke+1","PiercingWail+1","PiercingWail+1","Bullet Time","Prepared"],"relics":["Ring of the Serpent","Toy Ornithopter","Tiny Chest","Letter Opener","Meat on the Bone","Blue Candle","Strawberry","Membership Card","Ornamental Fan","Girya","Darkstone Periapt","Boot","Oddly Smooth Stone","Fusion Hammer","Thread and Needle","Lee\u0027s Waffle","Bag of Preparation","Vajra","Juzu Bracelet","TungstenRod"],"acts_visited":["Exordium","TheCity","TheBeyond"],"potions_floor_usage":[42,50,50],"damage_taken":[{"damage":16.0,"enemies":"2 Louse","floor":1.0,"turns":4.0},{"damage":0.0,"enemies":"Cultist","floor":5.0,"turns":3.0},{"damage":6.0,"enemies":"Jaw Worm","floor":6.0,"turns":4.0},{"damage":0.0,"enemies":"2 Fungi Beasts","floor":10.0,"turns":2.0},{"damage":7.0,"enemies":"3 Sentries","floor":11.0,"turns":5.0},{"damage":1.0,"enemies":"Large Slime","floor":12.0,"turns":3.0},{"damage":12.0,"enemies":"Gremlin Nob","floor":13.0,"turns":3.0},{"damage":29.0,"enemies":"Hexaghost","floor":16.0,"turns":7.0},{"damage":5.0,"enemies":"Chosen","floor":18.0,"turns":4.0},{"damage":24.0,"enemies":"Spheric Guardian","floor":21.0,"turns":4.0},{"damage":23.0,"enemies":"Slavers","floor":23.0,"turns":4.0},{"damage":34.0,"enemies":"Snake Plant","floor":24.0,"turns":4.0},{"damage":25.0,"enemies":"Snecko","floor":25.0,"turns":9.0},{"damage":9.0,"enemies":"3 Cultists","floor":31.0,"turns":5.0},{"damage":47.0,"enemies":"Champ","floor":33.0,"turns":9.0},{"damage":9.0,"enemies":"3 Darklings","floor":35.0,"turns":5.0},{"damage":11.0,"enemies":"3 Shapes","floor":39.0,"turns":5.0},{"damage":5.0,"enemies":"3 Darklings","floor":41.0,"turns":5.0},{"damage":2,"enemies":"4 Shapes","floor":42,"turns":3},{"damage":1,"enemies":"Maw","floor":45,"turns":6},{"damage":0,"enemies":"3 Darklings","floor":47,"turns":3},{"damage":0,"enemies":"2 Orb Walkers","floor":48,"turns":3},{"damage":55,"enemies":"Donu and Deca","floor":50,"turns":8}],"seed_played":"-8668266211703656311","potions_obtained":[{"floor":6.0,"key":"Dexterity Potion"},{"floor":10.0,"key":"SteroidPotion"},{"floor":11.0,"key":"AttackPotion"},{"floor":12.0,"key":"Explosive Potion"},{"floor":18.0,"key":"Weak Potion"},{"floor":33.0,"key":"Regen Potion"},{"floor":41.0,"key":"DistilledChaos"},{"floor":42,"key":"SpeedPotion"},{"floor":47,"key":"PowerPotion"}],"is_trial":false,"path_per_floor":["M","?","$","?","M","M","R","?","T","M","E","M","E","T","R","B",null,"M","?","?","M","$","E","M","M","T","?","R","T","R","M","R","B",null,"M","$","?","$","M","R","M","M","T","T","M","R","M","?","R","B",null],"character_chosen":"THE_SILENT","items_purchased":["Accuracy","Tiny Chest","Membership Card","Ornamental Fan","Thread and Needle","Lee\u0027s Waffle","Bag of Preparation"],"campfire_rested":3,"item_purchase_floors":[3,3,22,22,36,36,36],"current_hp_per_floor":[47,26,26,43,43,37,37,37,37,37,35,46,46,53,53,41,68,63,53,53,33,33,33,22,20,20,26,26,26,26,35,52,23,50,51,66,66,66,61,61,62,64,64,64,65,66,66,66,66,39],"gold":183,"neow_bonus":"TWO_FIFTY_GOLD","is_daily":false,"chose_seed":false,"campfire_upgraded":2,"win_rate":0.0,"timestamp":1612716198,"path_taken":["M","?","$","?","M","M","R","?","T","M","E","?","E","?","R","BOSS","M","?","?","M","$","E","M","M","T","?","R","?","R","M","R","BOSS","M","?","?","$","?","R","M","M","T","?","M","R","M","?","R","BOSS"],"items_purchased_type":["Card","Relic","Relic","Relic","Relic","Relic","Relic"],"build_version":"2020-12-22","purchased_purges":2,"victory":true,"max_hp_per_floor":[70,70,70,70,70,70,70,70,70,70,70,70,70,77,77,77,77,77,53,53,53,53,53,53,53,53,59,59,59,59,59,59,59,59,59,66,66,66,66,66,66,66,66,66,66,66,66,66,66,66],"card_choices":[{"not_picked":["Underhanded Strike","Concentrate"],"picked":"Blade Dance","floor":1.0},{"not_picked":["Bane","Concentrate"],"picked":"Dash","floor":5.0},{"not_picked":["Underhanded Strike","Acrobatics"],"picked":"Blade Dance","floor":6.0},{"not_picked":["Backstab","Outmaneuver"],"picked":"Accuracy","floor":10.0},{"not_picked":["Dash","Deflect"],"picked":"Finisher","floor":11.0},{"not_picked":["Underhanded Strike","Tactician"],"picked":"Caltrops","floor":12.0},{"not_picked":["PiercingWail","Well Laid Plans"],"picked":"Footwork","floor":13.0},{"not_picked":["Malaise","Wraith Form v2"],"picked":"Die Die Die","floor":16.0},{"not_picked":["Deflect","Cloak And Dagger"],"picked":"Caltrops+1","floor":18.0},{"not_picked":["Deflect","Quick Slash"],"picked":"Prepared","floor":21.0},{"not_picked":["Dagger Throw+1","Bane"],"picked":"Malaise","floor":23.0},{"not_picked":["Dagger Throw","Flying Knee","Acrobatics"],"picked":"SKIP","floor":24.0},{"not_picked":["Dagger Spray","Escape Plan"],"picked":"Terror","floor":25.0},{"not_picked":["Dagger Spray+1","Escape Plan"],"picked":"Dodge and Roll+1","floor":31.0},{"not_picked":["Doppelganger","Glass Knife"],"picked":"Envenom","floor":33.0},{"not_picked":["Backflip","Dash+1"],"picked":"Footwork+1","floor":35.0},{"not_picked":["Bane","Finisher"],"picked":"Cloak And Dagger+1","floor":39.0},{"not_picked":["Bane","Blade Dance"],"picked":"Choke+1","floor":41.0},{"not_picked":["Leg Sweep","Flying Knee+1"],"picked":"PiercingWail+1","floor":42},{"not_picked":["Quick Slash+1","Dash+1"],"picked":"PiercingWail+1","floor":45},{"not_picked":["Deflect","Bouncing Flask"],"picked":"Bullet Time","floor":47},{"not_picked":["Deadly Poison+1","PiercingWail"],"picked":"Prepared","floor":48}],"player_experience":318526,"relics_obtained":[{"floor":9.0,"key":"Letter Opener"},{"floor":11.0,"key":"Meat on the Bone"},{"floor":13.0,"key":"Blue Candle"},{"floor":14.0,"key":"Strawberry"},{"floor":23.0,"key":"Girya"},{"floor":26.0,"key":"Darkstone Periapt"},{"floor":29.0,"key":"Oddly Smooth Stone"},{"floor":43,"key":"Vajra"},{"floor":44,"key":"Juzu Bracelet"},{"floor":48,"key":"TungstenRod"}],"event_choices":[{"damage_healed":17.0,"max_hp_gain":0.0,"max_hp_loss":0.0,"gold_gain":0.0,"event_name":"The Cleric","player_choice":"Healed","floor":4.0,"gold_loss":35.0,"damage_taken":0.0},{"damage_healed":0.0,"max_hp_gain":0.0,"max_hp_loss":0.0,"gold_gain":0.0,"event_name":"Accursed Blacksmith","player_choice":"Forge","floor":8.0,"gold_loss":0.0,"damage_taken":0.0,"cards_upgraded":["Dash"]},{"damage_healed":0.0,"max_hp_gain":0.0,"max_hp_loss":24.0,"gold_gain":0.0,"event_name":"Vampires","player_choice":"Became a vampire","floor":19.0,"gold_loss":0.0,"damage_taken":0.0,"cards_obtained":["Bite","Bite","Bite","Bite","Bite"]},{"damage_healed":0.0,"max_hp_gain":0.0,"max_hp_loss":0.0,"gold_gain":0.0,"event_name":"Ghosts","player_choice":"Ignored","floor":20.0,"gold_loss":0.0,"damage_taken":0.0},{"damage_healed":0.0,"max_hp_gain":0.0,"max_hp_loss":0.0,"gold_gain":0.0,"event_name":"Addict","player_choice":"Stole Relic","floor":27.0,"gold_loss":0.0,"damage_taken":0.0,"relics_obtained":["Boot"],"cards_obtained":["Shame"]},{"cards_removed":["Bite"],"damage_healed":5.0,"max_hp_gain":0.0,"max_hp_loss":0.0,"gold_gain":0.0,"event_name":"Bonfire Elementals","player_choice":"Offered Special","floor":37.0,"gold_loss":0.0,"damage_taken":0.0},{"damage_healed":0,"gold_gain":0,"player_choice":"Fight","damage_taken":0,"max_hp_gain":0,"max_hp_loss":0,"event_name":"Mysterious Sphere","floor":48,"gold_loss":0}],"is_beta":false,"boss_relics":[{"not_picked":["Empty Cage","Runic Dome"],"picked":"Ring of the Serpent"},{"not_picked":["Pandora\u0027s Box","Astrolabe"],"picked":"Fusion Hammer"}],"items_purged_floors":[3,36],"is_endless":false,"potions_floor_spawned":[6,10,11,12,18,33,41,42,47],"ascension_level":9}}