{"host":"delta","time":1612722510,"event":{"mods":["100% Spire Juice","Act Like it!","Arknights","BaseMod","Gensokyo","KinomotoSakuraMod(木之本樱)","Lobotomy","Marisa（F雨　魔理沙）","Minty Spire (QoL Compilation)","Remilia（蕾米莉亚）","StSLib"],"gold_per_floor":[113,39,139,153,170,196,196,228,251,251,251,251,251,91,91,191,191,205,455,455,455,455,455,455],"floor_reached":23,"language":"ZHS","playtime":1143,"items_purged":[],"score":293,"play_id":"5277317c-65ca-4032-a432-3d8a891833e3","local_time":"20210208022830","is_ascension_mode":true,"campfire_choices":[{"data":"BombardNight","floor":10.0,"key":"SMITH"},{"data":"RedNightlessCastle","floor":12.0,"key":"SMITH"},{"data":"ScarletImprint","floor":15.0,"key":"SMITH"}],"circlet_count":0,"master_deck":["Strike_RM","Strike_RM","Strike_RM","Strike_RM","Defend_RM+1","Defend_RM","Defend_RM+1","RedMoon","ScarletShoot","CrumblingArmor","BombardNight+1","ScarletNetherworld","MeatLantern","OldLady","ScarletImprint+1","RedNightlessCastle+1","SpiderBud","Necronomicurse","BigBadWolf","ScarletCoffin","EndlessAdversity"],"relics":["ScarletHat","CogitoBucket","Anchor","War Paint","Juzu Bracelet","Necronomicon","Runic Pyramid","Darkstone Periapt","Frozen Eye"],"acts_visited":["Gensokyo:Gensokyo","Gensokyo:Gensokyoer"],"potions_floor_usage":[],"damage_taken":[{"damage":0.0,"enemies":"Gensokyo:3_Fairies","floor":1.0,"turns":4.0},{"damage":7.0,"enemies":"Gensokyo:Python","floor":4.0,"turns":5.0},{"damage":0.0,"enemies":"Gensokyo:2_Kodama","floor":5.0,"turns":3.0},{"damage":8.0,"enemies":"Gensokyo:Aya","floor":6.0,"turns":5.0},{"damage":0.0,"enemies":"Gensokyo:Cirno","floor":8.0,"turns":6.0},{"damage":0.0,"enemies":"Gensokyo:Reimu","floor":16.0,"turns":7.0},{"damage":52.0,"enemies":"Gensokyo:CosmicMonolith","floor":18.0,"turns":2.0},{"damage":34,"enemies":"Gensokyo:Koishi","floor":23,"turns":4}],"seed_played":"4162464788338137568","potions_obtained":[{"floor":4.0,"key":"Strength Potion"},{"floor":5.0,"key":"LiquidBronze"},{"floor":8.0,"key":"ColorlessPotion"}],"is_trial":false,"path_per_floor":["M","$","?","M","M","E","?","E","T","R","?","R","?","?","R","B",null,"M","?","?","?","T","E"],"character_chosen":"REMILIA","items_purchased":["ScarletNetherworld"],"campfire_rested":0,"item_purchase_floors":[2],"current_hp_per_floor":[75,75,75,68,68,62,69,69,69,69,69,69,82,82,82,82,82,30,30,30,30,30,0,0],"gold":455,"neow_bonus":"","is_daily":false,"chose_seed":false,"campfire_upgraded":3,"win_rate":0.0,"timestamp":1612722510,"path_taken":["M","$","?","M","M","E","?","E","T","R","?","R","?","?","R","BOSS","M","?","?","?","?","E"],"items_purchased_type":["Card"],"build_version":"2020-12-18","purchased_purges":0,"victory":false,"max_hp_per_floor":[75,75,75,75,75,75,82,82,82,82,82,82,82,82,82,82,82,82,78,78,78,78,78,78],"card_choices":[{"not_picked":["MeatLantern","FairyFestival"],"picked":"CrumblingArmor","floor":1.0},{"not_picked":["MastersStateliness","RedRainbow"],"picked":"BombardNight","floor":1.0},{"not_picked":["LittlePrince","HeroicMonk"],"picked":"MeatLantern","floor":4.0},{"not_picked":["CharismaGuard","FitfulNightmare","ScarletDevil"],"picked":"SKIP","floor":4.0},{"not_picked":["PunishingBird","DespairKnight"],"picked":"OldLady","floor":5.0},{"not_picked":["BombardNight","ForbiddenFruit"],"picked":"ScarletImprint","floor":5.0},{"not_picked":["ScarletDream","FavorOfDestiny"],"picked":"RedNightlessCastle","floor":6.0},{"not_picked":["Funeral","MHz"],"picked":"SpiderBud","floor":8.0},{"not_picked":["AfternoonTea","EmergencyRegeneration","BombardNight"],"picked":"SKIP","floor":8.0},{"not_picked":["BeautyBeast","FairyFestival"],"picked":"BigBadWolf","floor":16.0},{"not_picked":["KillingBlow","BloodyHallows"],"picked":"ScarletCoffin","floor":16.0},{"not_picked":["AfternoonTea","ScarletDevil+1"],"picked":"EndlessAdversity","floor":18}],"player_experience":356682,"relics_obtained":[{"floor":6.0,"key":"Anchor"},{"floor":8.0,"key":"War Paint"},{"floor":9.0,"key":"Juzu Bracelet"},{"floor":22,"key":"Darkstone Periapt"}],"event_choices":[],"is_beta":true,"boss_relics":[{"not_picked":["Astrolabe","SacredBark"],"picked":"Runic Pyramid"}],"items_purged_floors":[],"is_endless":false,"potions_floor_spawned":[4,5,8],"killed_by":"Gensokyo:Koishi","ascension_level":2}}