{"host":"2fgwwnzqc97k7iys","time":1612663994,"event":{"mods":["BaseMod","Colored Map","Minty Spire (QoL Compilation)","Quick Restart","Relic Stats"],"gold_per_floor":[116,135,135,210,84,112,128,128,128,162,179,190,190,190,190,291,291,291,291],"floor_reached":18,"language":"ENG","playtime":1580,"items_purged":["Defend_P"],"score":283,"play_id":"248bc435-3d03-4b31-b32e-7cf4a9a662ee","local_time":"20210206201314","is_ascension_mode":true,"campfire_choices":[{"data":"CrushJoints","floor":8,"key":"SMITH"},{"data":"Eruption","floor":13,"key":"SMITH"},{"data":"SashWhip","floor":15,"key":"SMITH"}],"circlet_count":0,"master_deck":["Strike_P","Defend_P","Defend_P","Eruption+1","Vigilance","Swivel","EmptyFist","CrushJoints+1","Wireheading","SashWhip+1","CutThroughFate","Scrawl"],"relics":["PureWater","NeowsBlessing","Sundial","TeardropLocket","Bottled Tornado","Empty Cage"],"acts_visited":["Exordium","TheCity"],"potions_floor_usage":[10,10],"damage_taken":[{"damage":0,"enemies":"2 Louse","floor":1,"turns":1},{"damage":0,"enemies":"Jaw Worm","floor":2,"turns":1},{"damage":0,"enemies":"3 Sentries","floor":6,"turns":1},{"damage":0,"enemies":"Cultist","floor":7,"turns":3},{"damage":3,"enemies":"Lagavulin","floor":10,"turns":5},{"damage":12,"enemies":"3 Louse","floor":11,"turns":3},{"damage":0,"enemies":"2 Fungi Beasts","floor":12,"turns":3},{"damage":9,"enemies":"Hexaghost","floor":16,"turns":9},{"damage":0,"enemies":"Shell Parasite","floor":18,"turns":1}],"seed_played":"-1325482190908210320","potions_obtained":[{"floor":1,"key":"Block Potion"},{"floor":6,"key":"Explosive Potion"},{"floor":7,"key":"Block Potion"},{"floor":16,"key":"SpeedPotion"}],"is_trial":false,"path_per_floor":["M","M","?","?","$","E","M","R","T","E","M","M","R","?","R","B",null,"M"],"character_chosen":"WATCHER","items_purchased":["CrushJoints"],"campfire_rested":0,"item_purchase_floors":[5],"current_hp_per_floor":[65,65,58,47,47,47,47,47,47,44,32,32,32,32,32,23,60,60,60],"gold":291,"neow_bonus":"THREE_ENEMY_KILL","is_daily":false,"chose_seed":false,"campfire_upgraded":3,"win_rate":0.0,"timestamp":1612663994,"path_taken":["M","M","?","?","?","E","M","R","T","E","M","?","R","?","R","BOSS","M"],"items_purchased_type":["Card"],"build_version":"2020-12-22","purchased_purges":1,"victory":false,"max_hp_per_floor":[72,72,72,72,72,72,72,72,72,72,72,72,72,72,72,72,72,72,72],"relic_stats":{"counters":[9,27],"Sundial":[6],"obtain_stats":[{"NeowsBlessing":0,"Sundial":6,"TeardropLocket":9,"PureWater":0,"Bottled Tornado":10,"Empty Cage":17},{"NeowsBlessing":0,"Sundial":3,"TeardropLocket":4,"PureWater":0,"Bottled Tornado":5,"Empty Cage":8},{"NeowsBlessing":0,"Sundial":3,"TeardropLocket":6,"PureWater":0,"Bottled Tornado":11,"Empty Cage":26}]},"card_choices":[{"not_picked":["Collect","Protect"],"picked":"Swivel","floor":1},{"not_picked":["Nirvana","Wireheading"],"picked":"EmptyFist","floor":2},{"not_picked":["Halt","Blasphemy"],"picked":"Wireheading","floor":6},{"not_picked":["EmptyBody","Study","MentalFortress"],"picked":"SKIP","floor":7},{"not_picked":["DeceiveReality","JustLucky"],"picked":"SashWhip","floor":10},{"not_picked":["Prostrate","LikeWater","Wireheading"],"picked":"SKIP","floor":11},{"not_picked":["Halt","Prostrate"],"picked":"CutThroughFate","floor":12},{"not_picked":["Establishment","Omniscience"],"picked":"Scrawl","floor":16}],"player_experience":543589,"relics_obtained":[{"floor":6,"key":"Sundial"},{"floor":9,"key":"TeardropLocket"},{"floor":10,"key":"Bottled Tornado"}],"event_choices":[{"cards_removed":["Strike_P"],"damage_healed":0,"gold_gain":0,"player_choice":"Card Removal","damage_taken":7,"max_hp_gain":0,"max_hp_loss":0,"event_name":"Golden Wing","floor":3,"gold_loss":0},{"damage_healed":0,"gold_gain":75,"player_choice":"Gather Gold","damage_taken":11,"max_hp_gain":0,"max_hp_loss":0,"event_name":"World of Goop","floor":4,"gold_loss":0},{"cards_removed":["Strike_P"],"damage_healed":0,"gold_gain":0,"player_choice":"Forget","damage_taken":0,"max_hp_gain":0,"max_hp_loss":0,"event_name":"Living Wall","floor":14,"gold_loss":0}],"is_beta":false,"boss_relics":[{"not_picked":["Tiny House","Velvet Choker"],"picked":"Empty Cage"}],"items_purged_floors":[5],"is_endless":false,"potions_floor_spawned":[1,6,7,16],"killed_by":"Shell Parasite","ascension_level":9}}