{"host":"g1wmg2w41xhsnw8g","time":1612684028,"event":{"mods":["2.2 Compatiblity","Act Like it!","Aspiration","BaseMod","Better Altar","Better Match","Better Note","Better Sensory Stone","Better Skull","Better Third Choice","BetterRewards","Booster Modes","CapriCore","Colored Map","Colored Powertips","Defuse TimeMaze Blight","Displayed Cursed Tome","Evolution","Fox Events","Friendly Minions","GifTheSpireLib","Good Game Mod","Googly Eyes","Hubris","Infinite Spire","Jedi Mod","Minty Spire (QoL Compilation)","Monster B Gone","Red Circlet Mod","Relic Filter Mod","Relic Sorter","Reliquary","SCP261 Mod","Shop Mod","Small Relic Pack","Smile Girya","Spicy Shops","Spikes Relics","StSLib","Strawberry Spire","The Animator","The Runesmith","The Sage","Trackpad","Transform Curses","Wandering Minibosses","????"],"gold_per_floor":[116,69,69,69,69,69,112,125,125,143,186,210,230,230,230,353,353,374,374,374,409,424,38,52,52,79,102,125,98,129,404,79,198,198,223,223,248,272,272,305,318,318,318,318,337,337,112,131,190,190,190,190,33,72,72],"floor_reached":56,"language":"ENG","playtime":3416,"items_purged":[],"score":1687,"play_id":"fb3ead1b-be46-4ecf-a452-b561ebe098d1","local_time":"20210207024708","is_ascension_mode":true,"campfire_choices":[{"floor":6,"key":"RECALL"},{"data":"animator:MadokaKaname","floor":15,"key":"SMITH"},{"data":"animator:Eve","floor":25,"key":"SMITH"},{"data":"animator:GazelDwargon","floor":42,"key":"SMITH"},{"data":"animator:DwarfShaman","floor":52,"key":"SMITH"}],"circlet_count":0,"master_deck":["infinitespire:Oblivion+1","animator:Emonzaemon","animator:DolaCouronne","animator:Gillette","animator:DwarfShaman+1","animator:Cocytus","animator:PandorasActor","animator:Shinoa","animator:LizardPriest","animator:Entoma+13","animator:Megumin+9","animator:NononJakuzure","infinitespire:UltimateForm","Multi-Cast","animator:MadokaKaname+1","animator:GazelDwargon+1","animator:Eve+1","animator:Witch+1","animator:Priestess+1"],"relics":["animator:VividPicture","animator:ColorlessFragment","EVO:Axolotl","REME:ComplimentaryCards","animator:PurgingStone","MerchantsRug","Singing Bowl","strawberrySpire:Flakhammer","relicPack:SpireResearchBook","infinitespire:Joker Card","infinitespire:ShieldingShard","SpikesRelics:DaevaFist","trackpad:SappingStone","sagemod:Blowpipe","Omamori","reliquary:RoseTintedGlasses","HandDrill","Chemical X","aspiration:SneckoTail","Lantern","jedi:shrinkray","DataDisk","Torii","hubris:TenFootPole","TwistedFunnel","HornCleat","Incense Burner","betterThird:SlimedRelic","Golden Idol","hubris:ToyBattleship","reliquary:Knoch","jedi:cryingmask","jedi:bottledfury","animator:CursedBlade","hubris:BundleOfHerbs","SlaversCollar","infinitespire:EmpoweringShard","Oddly Smooth Stone","Art of War","wanderingMiniBosses:Inkheart","Runesmith:AutoHammer","animator:ShionDessert","trackpad:BiPhaseBiplane","reliquary:FerryPass","BicycleWheel","strawberrySpire:CharschorBlot","animator:HolyGrailRelic","Runesmith:Locket","relicPack:DSword","OrangePellets","aspiration:ChemicalBlood","aspiration:VileToxins","animator:WornHelmet"],"acts_visited":["Exordium","TheCity","TheBeyond","TheEnding"],"potions_floor_usage":[41,54],"damage_taken":[{"damage":0,"enemies":"Cultist","floor":1,"turns":2},{"damage":0,"enemies":"Lagavulin","floor":7,"turns":4},{"damage":0,"enemies":"Jaw Worm","floor":8,"turns":1},{"damage":0,"enemies":"Small Slimes","floor":10,"turns":2},{"damage":0,"enemies":"strawberrySpire:EnergyPylons","floor":11,"turns":2},{"damage":0,"enemies":"Exordium Wildlife","floor":12,"turns":1},{"damage":0,"enemies":"2 Fungi Beasts","floor":13,"turns":2},{"damage":0,"enemies":"Slime Boss","floor":16,"turns":3},{"damage":0,"enemies":"Chosen","floor":18,"turns":2},{"damage":0,"enemies":"Shell Parasite","floor":21,"turns":2},{"damage":0,"enemies":"Shelled Parasite and Fungi","floor":22,"turns":4},{"damage":0,"enemies":"3 Cultists","floor":24,"turns":2},{"damage":0,"enemies":"Centurion and Healer","floor":27,"turns":5},{"damage":0,"enemies":"Snake Plant","floor":28,"turns":2},{"damage":0,"enemies":"Gremlin Leader","floor":30,"turns":4},{"damage":0,"enemies":"Champ","floor":33,"turns":4},{"damage":0,"enemies":"Orb Walker","floor":35,"turns":1},{"damage":0,"enemies":"3 Shapes","floor":37,"turns":2},{"damage":0,"enemies":"Reptomancer","floor":40,"turns":3},{"damage":0,"enemies":"Transient","floor":41,"turns":5},{"damage":0,"enemies":"4 Shapes","floor":45,"turns":1},{"damage":0,"enemies":"Jaw Worm Horde","floor":48,"turns":2},{"damage":1,"enemies":"Donu and Deca","floor":50,"turns":3},{"damage":0,"enemies":"Shield and Spear","floor":54,"turns":2},{"damage":0,"enemies":"The Heart","floor":55,"turns":1}],"seed_played":"8009517543681386146","potions_obtained":[{"floor":7,"key":"SCP261:ThunderBarPotion"},{"floor":11,"key":"Ancient Potion"},{"floor":16,"key":"SCP261:DewritoBlazePotion"},{"floor":28,"key":"Explosive Potion"},{"floor":33,"key":"SCP261:GirlTearsPotion"},{"floor":45,"key":"Fire Potion"},{"floor":48,"key":"SCP261:ThunderBarPotion"}],"is_trial":false,"path_per_floor":["M","?","?","?","T","R","E","M","T","M","E","M","M","?","R","B",null,"M","?","AVR","M","M","R","M","R","T","M","M","$","E","?","R","B",null,"M","?","M","T","?","E","M","R","T","AVR","M","?","$","M","R","B",null,"R","$","E","B",null],"character_chosen":"THE_ANIMATOR","items_purchased":["MerchantsRug","Singing Bowl","strawberrySpire:Flakhammer","relicPack:SpireResearchBook","animator:Emilia","Orrery","infinitespire:ShieldingShard","SpikesRelics:DaevaFist","trackpad:SappingStone","Matryoshka","Strawberry","Omamori","reliquary:RoseTintedGlasses","HandDrill","Chemical X","animator:Entoma","Lantern","jedi:shrinkray","DataDisk","hubris:TenFootPole","TwistedFunnel","HornCleat","infinitespire:EmpoweringShard","Oddly Smooth Stone","animator:Entoma","Runesmith:AutoHammer","animator:ColorlessFragment","trackpad:BiPhaseBiplane","OrangePellets","aspiration:ChemicalBlood","aspiration:VileToxins"],"campfire_rested":0,"item_purchase_floors":[0,0,0,0,0,0,0,0,0,0,0,0,0,0,0,0,0,0,0,0,0,0,23,23,23,29,32,32,47,47,53],"current_hp_per_floor":[89,84,73,62,62,62,64,66,66,70,70,72,74,74,74,76,103,105,105,105,107,111,111,113,113,113,117,119,119,121,121,121,123,123,125,125,127,127,127,131,133,133,133,141,147,130,130,136,136,137,155,155,155,160,162],"gold":72,"neow_bonus":"","is_daily":false,"chose_seed":false,"campfire_upgraded":4,"win_rate":0.0,"timestamp":1612684028,"path_taken":["M","?","?","?","?","R","E","M","T","M","E","M","?","?","R","BOSS","M","?","AVR","M","M","R","M","R","T","?","M","?","E","?","R","BOSS","M","?","?","?","?","E","M","R","T","AVR","M","?","?","?","R","BOSS","R","$","E","BOSS"],"items_purchased_type":["Relic","Relic","Relic","Relic","Card","Relic","Relic","Relic","Relic","Relic","Relic","Relic","Relic","Relic","Relic","Card","Relic","Relic","Relic","Relic","Relic","Relic","Relic","Relic","Card","Relic","Relic","Relic","Relic","Relic","Relic"],"build_version":"2020-12-22","purchased_purges":0,"victory":true,"max_hp_per_floor":[89,89,89,89,89,89,91,93,93,97,97,99,101,101,101,103,103,105,105,105,107,111,111,113,113,113,117,119,119,121,121,121,123,123,125,125,127,127,127,131,133,133,133,141,147,147,147,153,153,155,155,155,155,160,162],"card_choices":[{"not_picked":["animator:ElricEdward","animator:ZankiKiguchi"],"picked":"animator:Entoma","floor":0},{"not_picked":["animator:GoblinSlayer","animator:SuzuneAmano","animator:DwarfShaman"],"picked":"Singing Bowl","floor":0},{"not_picked":["animator:Assassin","animator:Rider"],"picked":"animator:Entoma","floor":0},{"not_picked":["animator:Demiurge","animator:IrohaTamaki","animator:Hakurou"],"picked":"Singing Bowl","floor":0},{"not_picked":["animator:Albedo","animator:Scar"],"picked":"animator:Megumin","floor":0},{"not_picked":["animator:Entoma","animator:Rena","animator:Mitsurugi"],"picked":"Singing Bowl","floor":1},{"not_picked":["infinitespire:Starlight","hubris:Fate"],"picked":"infinitespire:UltimateForm","floor":3},{"not_picked":["animator:Ara","animator:Envy","animator:Mitsurugi"],"picked":"Singing Bowl","floor":7},{"not_picked":["animator:ElricEdward","animator:Demiurge","animator:Mitsurugi"],"picked":"Singing Bowl","floor":8},{"not_picked":["animator:Sebas","animator:Evileye","animator:PandorasActor"],"picked":"Singing Bowl","floor":10},{"not_picked":["animator:Priestess","animator:Kazuma"],"picked":"animator:MadokaKaname","floor":11},{"not_picked":["animator:RoyMustang","animator:CowGirl","animator:Souei"],"picked":"Singing Bowl","floor":12},{"not_picked":["animator:HighElfArcher","animator:Kazuma","animator:OrikoMikuni"],"picked":"Singing Bowl","floor":13},{"not_picked":["animator:GoblinSlayer","animator:Albedo","animator:Greed"],"picked":"Singing Bowl","floor":16},{"not_picked":["animator:Hakurou","animator:Souei"],"picked":"animator:GazelDwargon","floor":18},{"not_picked":["animator:LizardPriest","animator:EmiyaShirou"],"picked":"animator:Eve","floor":21},{"not_picked":["animator:ElricEdward","animator:Togame","animator:Verdia"],"picked":"Singing Bowl","floor":22},{"not_picked":["animator:HighElfArcher","animator:ShinjiMatou","animator:UneriGinkaku"],"picked":"Singing Bowl","floor":24},{"not_picked":["animator:Togame","animator:ZankiKiguchi","animator:Konayuki"],"picked":"Singing Bowl","floor":27},{"not_picked":["animator:Cocytus+1","animator:Archer","animator:Aqua"],"picked":"Singing Bowl","floor":28},{"not_picked":["animator:MamiTomoe+1","animator:Rena","animator:KyokoSakura"],"picked":"Singing Bowl","floor":30},{"not_picked":["animator:GoblinSlayer","animator:Envy","animator:Father"],"picked":"Singing Bowl","floor":33},{"not_picked":["animator:Hakurou+1","animator:ElricEdward+1","animator:Souei"],"picked":"Singing Bowl","floor":35},{"not_picked":["animator:YunYun","animator:Priestess"],"picked":"animator:Witch+1","floor":37},{"not_picked":["animator:IrohaTamaki","animator:YachiyoNanami","animator:NagisaMomoe"],"picked":"Singing Bowl","floor":40},{"not_picked":["animator:Shizu","animator:EmiyaShirou","animator:Kazuma"],"picked":"Singing Bowl","floor":41},{"not_picked":["animator:PandorasActor","animator:Benimaru","animator:ElricEdward"],"picked":"Singing Bowl","floor":45},{"not_picked":["animator:KotoriKanbe","animator:MisaKurobane","animator:Kuroyukihime"],"picked":"Singing Bowl","floor":48},{"not_picked":["animator:SuzuneAmano","animator:Scar+1"],"picked":"animator:Priestess+1","floor":54}],"player_experience":1182915,"relics_obtained":[{"floor":5,"key":"Orichalcum"},{"floor":7,"key":"hubris:ToyBattleship"},{"floor":9,"key":"reliquary:Knoch"},{"floor":9,"key":"jedi:cryingmask"},{"floor":11,"key":"jedi:bottledfury"},{"floor":26,"key":"Art of War"},{"floor":27,"key":"wanderingMiniBosses:Inkheart"},{"floor":30,"key":"animator:ShionDessert"},{"floor":38,"key":"reliquary:FerryPass"},{"floor":40,"key":"BicycleWheel"},{"floor":43,"key":"strawberrySpire:CharschorBlot"},{"floor":54,"key":"animator:WornHelmet"}],"event_choices":[{"damage_healed":0,"gold_gain":0,"player_choice":"Slimed","damage_taken":11,"max_hp_gain":0,"max_hp_loss":0,"event_name":"betterThird:BetterGoop","floor":2,"gold_loss":47},{"damage_healed":0,"gold_gain":0,"player_choice":"Take Damage","damage_taken":22,"relics_obtained":["Golden Idol"],"max_hp_gain":0,"max_hp_loss":0,"event_name":"Golden Idol","floor":4,"gold_loss":0},{"cards_removed":["animator:Kazuma"],"damage_healed":0,"gold_gain":0,"player_choice":"Purged","damage_taken":0,"max_hp_gain":0,"max_hp_loss":0,"event_name":"Purifier","floor":19,"gold_loss":0},{"damage_healed":0,"gold_gain":275,"player_choice":"Desecrate","damage_taken":0,"max_hp_gain":0,"max_hp_loss":0,"event_name":"Golden Shrine","floor":31,"gold_loss":0,"cards_obtained":["Regret"]}],"is_beta":false,"boss_relics":[{"not_picked":["Cursed Key","Empty Cage"],"picked":"animator:CursedBlade"},{"not_picked":["aspiration:SilentSkillbook","aspiration:IroncladSkillbook"],"picked":"animator:VividPicture"}],"items_purged_floors":[],"is_endless":false,"potions_floor_spawned":[7,11,16,22,28,33,45,48],"ascension_level":1}}