{"host":"k7udt7atmcuzf6l0","time":1612711018,"event":{"mods":["AchievementEnabler","BaseMod","BetterRewards","Colored Map","Colored Powertips","Highlight Path","Minty Spire (QoL Compilation)","Quick Restart","Rare Cards Sparkle","Relic Stats","StSLib","UnlockEverythingMod"],"gold_per_floor":[361,42,76,132,207,207,234,234,234,234,199,374,409,474,474,595,595,637,736,802,822,737,737,107,107,184,223,278,278,353,9,9,130,130,141,184,1183,344,418,462,462,69,69,84,84,141,157,191,191,191],"floor_reached":51,"language":"ZHS","playtime":1749,"items_purged":["Doubt","Doubt","Normality","Normality"],"score":923,"play_id":"e6116a56-2980-4e0d-bea2-1d6241d3b966","local_time":"20210207231658","is_ascension_mode":false,"campfire_choices":[{"data":"Armaments","floor":6.0,"key":"SMITH"},{"data":"Body Slam","floor":8.0,"key":"SMITH"},{"data":"HandOfGreed","floor":10.0,"key":"SMITH"},{"data":"Flex","floor":15.0,"key":"SMITH"},{"data":"Offering","floor":23.0,"key":"SMITH"},{"data":"Dual Wield","floor":25.0,"key":"SMITH"},{"floor":29.0,"key":"REST"},{"data":"Shockwave","floor":32.0,"key":"SMITH"},{"floor":41,"key":"REST"},{"data":"Double Tap","floor":49,"key":"SMITH"}],"circlet_count":0,"master_deck":["Strike_R","Strike_R","Strike_R","Strike_R","Defend_R+1","Defend_R","Defend_R+1","Bash","Clash","Whirlwind","HandOfGreed+1","Body Slam+1","Armaments+1","Rage+1","Flex+1","Offering+1","Headbutt+1","Flex+1","Dual Wield+1","Shockwave+1","Burning Pact+1","Double Tap+1","Pommel Strike+1","Reaper","Bloodletting+1","Inflame+1","Inflame+1","Warcry+1"],"relics":["Burning Blood","Self Forming Clay","Darkstone Periapt","SlaversCollar","Paper Frog","Dead Branch","Bag of Marbles","Pantograph","Orichalcum","Akabeko","Toolbox","Empty Cage","War Paint","Letter Opener","Lee\u0027s Waffle","Thread and Needle","Centennial Puzzle","Shuriken","Pen Nib","Blood Vial"],"acts_visited":["Exordium","TheCity","TheBeyond"],"potions_floor_usage":[40,44,44,44,44,46,46,50],"damage_taken":[{"damage":7.0,"enemies":"2 Louse","floor":1.0,"turns":2.0},{"damage":8.0,"enemies":"Jaw Worm","floor":3.0,"turns":5.0},{"damage":14.0,"enemies":"Small Slimes","floor":4.0,"turns":5.0},{"damage":26.0,"enemies":"Lagavulin","floor":7.0,"turns":5.0},{"damage":1.0,"enemies":"Blue Slaver","floor":13.0,"turns":2.0},{"damage":4.0,"enemies":"Large Slime","floor":14.0,"turns":10.0},{"damage":59.0,"enemies":"Slime Boss","floor":16.0,"turns":12.0},{"damage":26.0,"enemies":"2 Thieves","floor":18.0,"turns":4.0},{"damage":6.0,"enemies":"3 Byrds","floor":20.0,"turns":5.0},{"damage":37.0,"enemies":"Snake Plant","floor":21.0,"turns":4.0},{"damage":9.0,"enemies":"Cultist and Chosen","floor":27.0,"turns":4.0},{"damage":6.0,"enemies":"Slavers","floor":28.0,"turns":1.0},{"damage":41.0,"enemies":"Collector","floor":33.0,"turns":5.0},{"damage":21.0,"enemies":"3 Darklings","floor":35.0,"turns":4.0},{"damage":12.0,"enemies":"Orb Walker","floor":36.0,"turns":3.0},{"damage":73.0,"enemies":"2 Orb Walkers","floor":39.0,"turns":6.0},{"damage":30,"enemies":"Sphere and 2 Shapes","floor":40,"turns":6},{"damage":6,"enemies":"Maw","floor":44,"turns":5},{"damage":12,"enemies":"Reptomancer","floor":46,"turns":3},{"damage":9,"enemies":"Transient","floor":47,"turns":5},{"damage":9,"enemies":"Nemesis","floor":48,"turns":3},{"damage":5,"enemies":"Donu and Deca","floor":50,"turns":2}],"seed_played":"5464713880580667096","potions_obtained":[{"floor":4.0,"key":"Strength Potion"},{"floor":14.0,"key":"Swift Potion"},{"floor":16.0,"key":"ColorlessPotion"},{"floor":27.0,"key":"ElixirPotion"},{"floor":33.0,"key":"PowerPotion"},{"floor":39.0,"key":"Dexterity Potion"},{"floor":40,"key":"HeartOfIron"},{"floor":44,"key":"EssenceOfSteel"},{"floor":46,"key":"PowerPotion"}],"is_trial":false,"path_per_floor":["M","$","M","M","?","R","E","R","T","R","?","?","M","M","R","B",null,"M","?","M","M","?","R","$","R","T","M","E","R","?","$","R","B",null,"M","M","?","$","?","M","R","$","T","M","?","E","M","E","R","B",null],"character_chosen":"IRONCLAD","items_purchased":["Whirlwind","HandOfGreed","Dead Branch","Bag of Marbles","Dual Wield","Akabeko","Toolbox","Energy Potion","Reaper","War Paint","Letter Opener","Lee\u0027s Waffle","EntropicBrew","Centennial Puzzle"],"campfire_rested":2,"item_purchase_floors":[2,2,24,24,24,31,31,31,38,38,38,38,42,42],"current_hp_per_floor":[79,79,77,69,58,58,38,38,38,38,58,64,69,71,71,18,86,66,66,66,35,35,35,35,35,35,32,32,57,49,49,49,39,86,71,65,77,105,38,35,66,66,66,66,66,60,72,102,102,105],"gold":191,"neow_bonus":"TWO_FIFTY_GOLD","is_daily":false,"chose_seed":false,"campfire_upgraded":8,"win_rate":0.0,"timestamp":1612711018,"path_taken":["M","$","M","M","?","R","E","R","T","R","?","?","M","M","R","BOSS","M","?","M","M","?","R","$","R","T","M","E","R","?","$","R","BOSS","M","M","?","$","?","M","R","$","T","M","?","E","M","E","R","BOSS"],"items_purchased_type":["Card","Card","Relic","Relic","Card","Relic","Relic","Potion","Card","Relic","Relic","Relic","Potion","Relic"],"build_version":"2020-12-22","purchased_purges":4,"victory":true,"max_hp_per_floor":[80,80,80,80,80,80,80,80,80,80,80,86,86,86,86,86,86,86,86,86,86,86,86,86,86,86,86,86,86,86,86,86,86,86,86,86,98,105,105,105,105,105,105,105,105,105,105,105,105,105],"relic_stats":{"Darkstone Periapt":18,"Lee\u0027s Waffle":28,"counters":[22,101],"Self Forming Clay":[159],"Dead Branch":[58],"Pen Nib":[3],"Letter Opener":[145],"Orichalcum":[30],"War Paint":["Defend_R","Defend_R"],"Burning Blood":131,"Blood Vial":2,"Centennial Puzzle":[15],"Shuriken":[12],"Pantograph":26,"obtain_stats":[{"Darkstone Periapt":9,"Lee\u0027s Waffle":38,"Self Forming Clay":7,"Dead Branch":24,"Thread and Needle":39,"Pen Nib":46,"Letter Opener":38,"Orichalcum":28,"War Paint":38,"Empty Cage":34,"Burning Blood":0,"Akabeko":31,"Blood Vial":48,"SlaversCollar":17,"Centennial Puzzle":42,"Shuriken":43,"Pantograph":26,"Toolbox":31,"Bag of Marbles":24,"Paper Frog":22},{"Darkstone Periapt":4,"Lee\u0027s Waffle":15,"Self Forming Clay":4,"Dead Branch":10,"Thread and Needle":16,"Pen Nib":19,"Letter Opener":15,"Orichalcum":12,"War Paint":15,"Empty Cage":13,"Burning Blood":0,"Akabeko":12,"Blood Vial":21,"SlaversCollar":7,"Centennial Puzzle":17,"Shuriken":17,"Pantograph":10,"Toolbox":12,"Bag of Marbles":10,"Paper Frog":10},{"Darkstone Periapt":17,"Lee\u0027s Waffle":71,"Self Forming Clay":17,"Dead Branch":54,"Thread and Needle":77,"Pen Nib":91,"Letter Opener":71,"Orichalcum":59,"War Paint":71,"Empty Cage":64,"Burning Blood":0,"Akabeko":59,"Blood Vial":99,"SlaversCollar":41,"Centennial Puzzle":83,"Shuriken":83,"Pantograph":54,"Toolbox":59,"Bag of Marbles":54,"Paper Frog":54}]},"card_choices":[{"not_picked":["Pommel Strike","Headbutt"],"picked":"Clash","floor":1.0},{"not_picked":["True Grit","Carnage"],"picked":"Body Slam","floor":3.0},{"not_picked":["Clash","Pommel Strike"],"picked":"Armaments","floor":4.0},{"not_picked":["Heavy Blade","Rupture"],"picked":"Rage","floor":7.0},{"not_picked":["Dual Wield","Barricade"],"picked":"Flex","floor":13.0},{"not_picked":["True Grit","Flex","Combust"],"picked":"SKIP","floor":14.0},{"not_picked":["Impervious","Feed"],"picked":"Offering","floor":16.0},{"not_picked":["Flex","Perfected Strike"],"picked":"Headbutt+1","floor":18.0},{"not_picked":["Havoc","Wild Strike"],"picked":"Flex+1","floor":20.0},{"not_picked":["Clash","Disarm","Blood for Blood"],"picked":"SKIP","floor":21.0},{"not_picked":["Anger","Body Slam"],"picked":"Shockwave","floor":27.0},{"not_picked":["Pommel Strike","Evolve+1"],"picked":"Burning Pact+1","floor":28.0},{"not_picked":["Offering","Demon Form"],"picked":"Double Tap","floor":33.0},{"not_picked":["Perfected Strike+1","Flame Barrier+1","Clash"],"picked":"SKIP","floor":35.0},{"not_picked":["Body Slam","Heavy Blade+1"],"picked":"Pommel Strike+1","floor":36.0},{"not_picked":["Iron Wave","Perfected Strike","Dual Wield"],"picked":"SKIP","floor":40},{"not_picked":["Headbutt+1","Shrug It Off+1"],"picked":"Bloodletting+1","floor":44},{"not_picked":["Rupture","Bloodletting"],"picked":"Inflame+1","floor":46},{"not_picked":["Sword Boomerang+1","Twin Strike+1"],"picked":"Inflame+1","floor":47},{"not_picked":["Cleave+1","Spot Weakness"],"picked":"Warcry+1","floor":48}],"player_experience":69524,"relics_obtained":[{"floor":7.0,"key":"Self Forming Clay"},{"floor":9.0,"key":"Darkstone Periapt"},{"floor":26.0,"key":"Pantograph"},{"floor":28.0,"key":"Orichalcum"},{"floor":39.0,"key":"Thread and Needle"},{"floor":43,"key":"Shuriken"},{"floor":46,"key":"Pen Nib"},{"floor":48,"key":"Blood Vial"}],"event_choices":[{"damage_healed":0.0,"max_hp_gain":0.0,"max_hp_loss":0.0,"gold_gain":75.0,"event_name":"World of Goop","player_choice":"Gather Gold","floor":5.0,"gold_loss":0.0,"damage_taken":11.0},{"damage_healed":20.0,"max_hp_gain":0.0,"max_hp_loss":0.0,"gold_gain":0.0,"event_name":"The Cleric","player_choice":"Healed","floor":11.0,"gold_loss":35.0,"damage_taken":0.0},{"damage_healed":0.0,"max_hp_gain":0.0,"max_hp_loss":0.0,"gold_gain":175.0,"event_name":"Liars Game","player_choice":"AGREE","floor":12.0,"gold_loss":0.0,"damage_taken":0.0,"cards_obtained":["Doubt"]},{"damage_healed":0.0,"max_hp_gain":0.0,"max_hp_loss":0.0,"gold_gain":99.0,"event_name":"Nest","player_choice":"Stole From Cult","floor":19.0,"gold_loss":0.0,"damage_taken":0.0},{"damage_healed":0.0,"max_hp_gain":0.0,"max_hp_loss":0.0,"gold_gain":0.0,"event_name":"Addict","player_choice":"Obtained Relic","floor":22.0,"gold_loss":85.0,"damage_taken":0.0,"relics_obtained":["Paper Frog"]},{"damage_healed":0.0,"max_hp_gain":0.0,"max_hp_loss":0.0,"gold_gain":75.0,"event_name":"FaceTrader","player_choice":"Touch","floor":30.0,"gold_loss":0.0,"damage_taken":8.0},{"damage_healed":0.0,"max_hp_gain":0.0,"max_hp_loss":0.0,"gold_gain":999.0,"event_name":"MindBloom","player_choice":"Gold","floor":37.0,"gold_loss":0.0,"damage_taken":0.0,"cards_obtained":["Normality","Normality"]},{"damage_healed":0.0,"max_hp_gain":0.0,"max_hp_loss":0.0,"gold_gain":0.0,"event_name":"Mysterious Sphere","player_choice":"Fight","floor":39.0,"gold_loss":0.0,"damage_taken":0.0},{"damage_healed":0,"gold_gain":0,"player_choice":"Forge","damage_taken":0,"max_hp_gain":0,"max_hp_loss":0,"event_name":"Accursed Blacksmith","floor":45,"gold_loss":0,"cards_upgraded":["Rage"]}],"is_beta":false,"boss_relics":[{"not_picked":["Astrolabe","Snecko Eye"],"picked":"SlaversCollar"},{"not_picked":["Pandora\u0027s Box","Tiny House"],"picked":"Empty Cage"}],"items_purged_floors":[2,24,38,42],"is_endless":false,"potions_floor_spawned":[4,14,16,27,33,39,40,44,46],"ascension_level":0}}