{"host":"yq2wmfr0u0wuvxc0","time":1612736589,"event":{"mods":["Act Like it!","Aspiration","BaseMod","Better Third Choice","Chen","Colored Powertips","Curses Come First","Defuse TimeMaze Blight","Downfall","Friendly Minions","Gensokyo","Hallownest","Hubris","Infinite Spire","Koishi","Lobotomy","Marisa????????","Minty Spire (QoL Compilation)","Pale of the Ancients","Quick Restart","Rare Cards Sparkle","Remilia??????","Shop Mod","Smile Girya","Spicy Shops","StSLib","Wandering Minibosses","Wide Potions","Youmu??????","Yuyuko"],"gold_per_floor":[112,129,129,54,66,99,99,131,131,143,171,171,171,198,198,301,301,318,318,393,393,405,433,161,42,42,42,56,89,89,115,115,217,267,282,299,317,70,82,82,93,93,93,121,41,41,41,53,53,53,53],"floor_reached":50,"language":"ZHS","playtime":7725,"items_purged":["Fantasy Butterflies","Fantasy Butterflies","Fantasy Butterflies","Gather the Spring","Fantasy Butterflies","hubris:Disease"],"score":796,"play_id":"98e62f36-8e0f-45cd-8dc6-674521ffaed6","local_time":"20210207142309","is_ascension_mode":true,"campfire_choices":[{"floor":7.0,"key":"REST"},{"floor":13.0,"key":"REST"},{"data":"Suicide","floor":15.0,"key":"SMITH"},{"data":"Bury in The Template","floor":30.0,"key":"SMITH"},{"data":"Faramita\u0027s Temptation","floor":32.0,"key":"SMITH"},{"floor":40.0,"key":"RECALL"},{"data":"Ghost Spot","floor":42.0,"key":"SMITH"},{"data":"Deathly Ground","floor":46.0,"key":"SMITH"},{"data":"Postpone Bloom","floor":49.0,"key":"SMITH"}],"circlet_count":0,"master_deck":["Dreamy Sakura+1","Dreamy Sakura","Dreamy Sakura+1","Dreamy Sakura","Dreamy Sakura+1","Deathly Ground+1","Faramita\u0027s Temptation+1","Suicide+1","Elegance","Lunch","Postpone Bloom+1","Phantom Butterflies","Unknown Petal","Bury in The Template+1","Elegance","Phantom Gift","Ghost Lead","Monster Cherry Tree","Unfulfilling Attachment","hubris:Envy","Sweet of Phantom+1","Ghost Spot+1","Mini Ghostdom","City of Death+1","Injury","City of Death+1","Pride"],"relics":["Coronal","Yuyuko\u0027s fan","Lantern","aspiration:TomeofQuesting","hubris:TenFootPole","infinitespire:BottledMercury","Darkstone Periapt","Cursed Key","aspiration:RitualStick","Oddly Smooth Stone","Smiling Mask","Membership Card","Orrery","aspiration:Stabinomicon","Bottled Tornado","Sundial","Tiny House","PreservedInsect","Ghost Lamp","Mummified Hand","AntiCross","Ornamental Fan","Lee\u0027s Waffle"],"acts_visited":["Exordium","TheCity","Hallownest:KingdomsEdge"],"potions_floor_usage":[],"damage_taken":[{"damage":24.0,"enemies":"Small Slimes","floor":1.0,"turns":5.0},{"damage":9.0,"enemies":"Cultist","floor":2.0,"turns":5.0},{"damage":3.0,"enemies":"2 Louse","floor":5.0,"turns":3.0},{"damage":52.0,"enemies":"Gremlin Nob","floor":6.0,"turns":8.0},{"damage":53.0,"enemies":"3 Sentries","floor":8.0,"turns":10.0},{"damage":35.0,"enemies":"Blue Slaver","floor":10.0,"turns":6.0},{"damage":4.0,"enemies":"Gremlin Nob","floor":11.0,"turns":4.0},{"damage":45.0,"enemies":"Lagavulin","floor":14.0,"turns":13.0},{"damage":154.0,"enemies":"The Guardian","floor":16.0,"turns":24.0},{"damage":6.0,"enemies":"3 Byrds","floor":18.0,"turns":6.0},{"damage":1.0,"enemies":"Chosen","floor":22.0,"turns":6.0},{"damage":46.0,"enemies":"Slavers","floor":23.0,"turns":8.0},{"damage":18.0,"enemies":"Centurion and Healer","floor":28.0,"turns":6.0},{"damage":4.0,"enemies":"Gremlin Leader","floor":29.0,"turns":4.0},{"damage":8.0,"enemies":"Slavers","floor":31.0,"turns":6.0},{"damage":48.0,"enemies":"Collector","floor":33.0,"turns":14.0},{"damage":5.0,"enemies":"Hallownest:Shield_Heavy","floor":35.0,"turns":5.0},{"damage":4.0,"enemies":"Hallownest:2_Littles","floor":36.0,"turns":4.0},{"damage":7.0,"enemies":"Hallownest:2_Wandering_and_1_Horned","floor":37.0,"turns":7.0},{"damage":6.0,"enemies":"Hallownest:Shield_Sturdy","floor":39.0,"turns":6.0},{"damage":3.0,"enemies":"Hallownest:2_Great","floor":41.0,"turns":3.0},{"damage":0.0,"enemies":"Hallownest:eliteCollector","floor":44.0,"turns":3.0},{"damage":3.0,"enemies":"Hallownest:eliteCollector","floor":47.0,"turns":3.0},{"damage":5.0,"enemies":"Hallownest:eliteCollector","floor":47.0,"turns":5.0},{"damage":10.0,"enemies":"Hallownest:eliteCollector","floor":47.0,"turns":4.0},{"damage":2.0,"enemies":"Hallownest:eliteCollector","floor":47.0,"turns":2.0},{"damage":3.0,"enemies":"Hallownest:Xero_Hu_Marmu","floor":48.0,"turns":3.0},{"damage":1,"enemies":"Hallownest:BossHollowKnight","floor":50,"turns":2}],"seed_played":"-1470772764891758135","potions_obtained":[{"floor":2.0,"key":"DistilledChaos"},{"floor":6.0,"key":"ColorlessPotion"},{"floor":11.0,"key":"BlessingOfTheForge"},{"floor":14.0,"key":"Fire Potion"},{"floor":16.0,"key":"PowerPotion"},{"floor":22.0,"key":"Fire Potion"},{"floor":29.0,"key":"Firefly"},{"floor":31.0,"key":"DistilledChaos"},{"floor":33.0,"key":"Swift Potion"},{"floor":44.0,"key":"Energy Potion"}],"is_trial":false,"path_per_floor":["M","M","?","$","M","E","R","E","T","M","E","?","R","E","R","B",null,"M","?","?","AVR","M","E","$","$","T","?","M","E","R","E","R","B",null,"M","M","M","$","M","R","M","R","T","E","$","R","?","M","R","B"],"character_chosen":"YUYOKO","items_purchased":["Membership Card","Orrery","Unfulfilling Attachment","PreservedInsect","Ghost Lamp","Mummified Hand","Lee\u0027s Waffle"],"campfire_rested":2,"item_purchase_floors":[24,24,25,38,38,38,45],"current_hp_per_floor":[33,20,12,12,12,1,13,30,30,30,16,16,28,19,19,10,40,12,8,6,6,39,27,27,27,33,26,37,42,42,38,38,11,51,46,32,44,50,48,48,5,5,11,1,76,76,66,73,73,0,0],"gold":53,"neow_bonus":"REMOVE_CARD","is_daily":false,"chose_seed":false,"campfire_upgraded":6,"win_rate":0.0,"timestamp":1612736589,"path_taken":["M","M","?","?","M","E","R","E","T","M","E","?","R","E","R","BOSS","M","?","?","AVR","?","E","?","$","T","?","M","E","R","E","R","BOSS","M","M","M","$","M","R","M","R","T","E","$","R","?","M","R","BOSS"],"items_purchased_type":["Relic","Relic","Card","Relic","Relic","Relic","Relic"],"build_version":"2020-12-22","purchased_purges":6,"victory":false,"max_hp_per_floor":[40,40,40,40,40,40,40,40,40,40,40,40,40,40,40,40,40,40,40,40,40,40,40,40,40,46,46,46,46,46,46,46,46,51,51,51,51,57,57,57,57,57,63,63,76,76,76,76,76,76,76],"card_choices":[{"not_picked":["Unborn Light","The Forgotten Winter"],"picked":"Suicide","floor":1.0},{"not_picked":["Become Phantom","Sweet of Phantom"],"picked":"Elegance","floor":2.0},{"not_picked":["End of Faramita","Linger over Flower","Spear of Papilio"],"picked":"SKIP","floor":5.0},{"not_picked":["The Forgotten Winter","Dancing Butterflies"],"picked":"Lunch","floor":6.0},{"not_picked":["Past Graveyard","Final of Final","Wandering Soul"],"picked":"SKIP","floor":8.0},{"not_picked":["Song of Papilio","Unstable Ward"],"picked":"Postpone Bloom","floor":10.0},{"not_picked":["Bloom","Dancing Soul"],"picked":"Gather the Spring","floor":11.0},{"not_picked":["Gather the Spring","Fondling of Papilio"],"picked":"Unknown Petal","floor":14.0},{"not_picked":["Unfulfilling Attachment","Living to Die"],"picked":"Bury in The Template","floor":16.0},{"not_picked":["Unpaved Way","The Forgotten Winter+1"],"picked":"Elegance","floor":18.0},{"not_picked":["Unknown Petal","Open The Fan","Trap Lamp+1"],"picked":"SKIP","floor":22.0},{"not_picked":["All Wander","Trap Lamp"],"picked":"Phantom Gift","floor":23.0},{"not_picked":["Showy Withering","Dancing Butterflies"],"picked":"Ghost Lead","floor":24.0},{"not_picked":["End of Faramita","Postpone Bloom"],"picked":"Monster Cherry Tree","floor":24.0},{"not_picked":["Dying Sakura","Gather the Spring+1"],"picked":"Sweet of Phantom+1","floor":28.0},{"not_picked":["Remain Here","Triple Snow","Suicide"],"picked":"SKIP","floor":29.0},{"not_picked":["Spear of Papilio","The Forgotten Winter","Cerasus Subhirtella"],"picked":"SKIP","floor":31.0},{"not_picked":["Snowing Sakura","Ghost Lead"],"picked":"Ghost Spot","floor":33.0},{"not_picked":["Final of Final","End of Faramita"],"picked":"Mini Ghostdom","floor":34.0},{"not_picked":["Open The Fan","Reunion after Death","Serene Spring+1"],"picked":"SKIP","floor":35.0},{"not_picked":["Open The Fan","Reunion after Death","Serene Spring+1"],"picked":"SKIP","floor":35.0},{"not_picked":["Death Dancing","Dying Butterflies"],"picked":"City of Death+1","floor":36.0},{"not_picked":["Wandering Soul","Chase The Sukhavati","Song of Papilio"],"picked":"SKIP","floor":37.0},{"not_picked":["Elegance+1","Wandering Soul+1"],"picked":"City of Death+1","floor":39.0},{"not_picked":["Monster Cherry Tree","Dancing Butterflies","Gauzy Sakura"],"picked":"SKIP","floor":41.0},{"not_picked":["Scenery of Papilio","All Wander","Unreal+1"],"picked":"SKIP","floor":44.0},{"not_picked":["Monster Cherry Tree+1","Infinite Sin+1","Fondling of Papilio+1"],"picked":"SKIP","floor":48.0}],"player_experience":349056,"relics_obtained":[{"floor":6.0,"key":"Lantern"},{"floor":8.0,"key":"aspiration:TomeofQuesting"},{"floor":9.0,"key":"hubris:TenFootPole"},{"floor":11.0,"key":"infinitespire:BottledMercury"},{"floor":14.0,"key":"Darkstone Periapt"},{"floor":23.0,"key":"Smiling Mask"},{"floor":27.0,"key":"aspiration:Stabinomicon"},{"floor":29.0,"key":"Bottled Tornado"},{"floor":31.0,"key":"Sundial"},{"floor":43.0,"key":"AntiCross"},{"floor":44.0,"key":"Ornamental Fan"}],"event_choices":[{"damage_healed":20.0,"max_hp_gain":0.0,"max_hp_loss":40.0,"gold_gain":0.0,"event_name":"betterThird:BetterShining","player_choice":"Upgrade","floor":3.0,"gold_loss":0.0,"damage_taken":8.0,"cards_upgraded":["Dreamy Sakura","Dreamy Sakura"]},{"damage_healed":0.0,"max_hp_gain":0.0,"max_hp_loss":0.0,"gold_gain":75.0,"event_name":"FaceTrader","player_choice":"Touch","floor":20.0,"gold_loss":0.0,"damage_taken":4.0},{"damage_healed":0.0,"max_hp_gain":0.0,"max_hp_loss":0.0,"gold_gain":0.0,"event_name":"Cursed Tome","player_choice":"Obtained Book","floor":27.0,"gold_loss":0.0,"damage_taken":16.0}],"is_beta":false,"boss_relics":[{"not_picked":["aspiration:RandomNobGenerator","expansioncontent:StudyCardRelic"],"picked":"Cursed Key"},{"not_picked":["infinitespire:Cupcake","SacredBark"],"picked":"Tiny House"}],"items_purged_floors":[4,21,24,25,38,45],"is_endless":false,"potions_floor_spawned":[2,6,11,14,16,18,22,29,31,33,36,41,44,47,47],"killed_by":"Hallownest:BossHollowKnight","ascension_level":2}}