{"host":"qekv59dthhdg54sz","time":1612688381,"event":{"mods":["AchievementEnabler","BaseMod","Colored Map","DeckTracker","KOR Keyword Fix","Minty Spire (QoL Compilation)","Rare Cards Sparkle","StSLib","SuperFastMode"],"gold_per_floor":[114,114,114,125,50,84,97,132,132,146,146,71,71,99,99,174,174,187,87,12,12,30,30,62,76,76,95,95,113,141,156,156,232,232,245,270,28,78,78,78,78,109,109,129,129,429,440,458,458,458,458],"floor_reached":52,"language":"KOR","playtime":1606,"items_purged":["Strike_G","Underhanded Strike"],"score":2076,"play_id":"2d2ea7d4-b3f0-4fd5-b91a-f607325706b3","local_time":"20210207175941","is_ascension_mode":true,"campfire_choices":[{"data":"Cloak And Dagger","floor":11.0,"key":"SMITH"},{"data":"Cloak And Dagger","floor":15.0,"key":"SMITH"},{"data":"Acrobatics","floor":23.0,"key":"SMITH"},{"floor":28,"key":"REST"},{"data":"Calculated Gamble","floor":32,"key":"SMITH"},{"floor":40,"key":"REST"},{"data":"Envenom","floor":41,"key":"SMITH"},{"data":"Blade Dance","floor":45,"key":"SMITH"},{"data":"After Image","floor":49,"key":"SMITH"}],"circlet_count":0,"master_deck":["AscendersBane","Survivor","Neutralize","Tactician+1","Well Laid Plans","Blade Dance","Cloak And Dagger+1","Cloak And Dagger+1","After Image","Choke","Acrobatics+1","Blade Dance+1","Calculated Gamble+1","Backflip+1","Terror","Envenom+1","Dagger Throw+1","All Out Attack+1","Storm of Steel+1","PiercingWail","After Image+1"],"relics":["Ring of the Snake","NeowsBlessing","Shuriken","InkBottle","Mummified Hand","Potion Belt","Pandora\u0027s Box","Du-Vu Doll","Oddly Smooth Stone","Akabeko","White Beast Statue","Astrolabe","WingedGreaves","Membership Card","Lantern","Gambling Chip","Mango","Letter Opener"],"acts_visited":["Exordium","TheCity","TheBeyond"],"potions_floor_usage":[30,33,42,50,51,51],"damage_taken":[{"damage":0.0,"enemies":"Cultist","floor":1.0,"turns":1.0},{"damage":0.0,"enemies":"Jaw Worm","floor":4.0,"turns":1.0},{"damage":0.0,"enemies":"3 Sentries","floor":6.0,"turns":1.0},{"damage":3.0,"enemies":"2 Louse","floor":7.0,"turns":3.0},{"damage":22.0,"enemies":"Lagavulin","floor":8.0,"turns":7.0},{"damage":0.0,"enemies":"Looter","floor":10.0,"turns":3.0},{"damage":15.0,"enemies":"Gremlin Nob","floor":14.0,"turns":5.0},{"damage":12.0,"enemies":"Hexaghost","floor":16.0,"turns":9.0},{"damage":6.0,"enemies":"Shell Parasite","floor":18.0,"turns":3.0},{"damage":0.0,"enemies":"Spheric Guardian","floor":22.0,"turns":1.0},{"damage":24,"enemies":"Slavers","floor":24,"turns":4},{"damage":1,"enemies":"Snake Plant","floor":25,"turns":3},{"damage":8,"enemies":"Centurion and Healer","floor":27,"turns":3},{"damage":0,"enemies":"Chosen and Byrds","floor":29,"turns":4},{"damage":0,"enemies":"Gremlin Leader","floor":30,"turns":3},{"damage":0,"enemies":"Snecko","floor":31,"turns":3},{"damage":1,"enemies":"Collector","floor":33,"turns":6},{"damage":2,"enemies":"3 Darklings","floor":35,"turns":3},{"damage":0,"enemies":"Mind Bloom Boss Battle","floor":36,"turns":4},{"damage":13,"enemies":"2 Orb Walkers","floor":38,"turns":3},{"damage":0,"enemies":"Giant Head","floor":42,"turns":4},{"damage":1,"enemies":"3 Shapes","floor":44,"turns":3},{"damage":3,"enemies":"3 Darklings","floor":47,"turns":3},{"damage":0,"enemies":"Maw","floor":48,"turns":4},{"damage":0,"enemies":"Donu and Deca","floor":50,"turns":5},{"damage":56,"enemies":"Awakened One","floor":51,"turns":8}],"seed_played":"5208757685099087081","potions_obtained":[{"floor":4.0,"key":"Weak Potion"},{"floor":6.0,"key":"Ancient Potion"},{"floor":8.0,"key":"Block Potion"},{"floor":14.0,"key":"Poison Potion"},{"floor":24,"key":"Explosive Potion"},{"floor":27,"key":"Energy Potion"},{"floor":31,"key":"Weak Potion"},{"floor":33,"key":"PowerPotion"},{"floor":35,"key":"Poison Potion"},{"floor":42,"key":"Poison Potion"},{"floor":47,"key":"Swift Potion"}],"is_trial":false,"path_per_floor":["M","?","?","M","$","E","M","E","T","M","R","?","$","E","R","B",null,"M","$","?","T","M","R","E","M","T","M","R","M","E","M","R","B",null,"M","?","$","?","?","R","R","E","T","M","R","?","M","M","R","B","B",null],"character_chosen":"THE_SILENT","items_purchased":["Membership Card","Lantern"],"campfire_rested":2,"item_purchase_floors":[37,37],"current_hp_per_floor":[59,64,64,64,64,64,61,39,39,39,39,39,39,24,24,12,56,50,50,50,50,50,50,26,25,25,17,38,38,38,38,38,37,63,61,61,61,48,48,67,67,81,81,80,80,80,77,77,77,77,21],"gold":458,"neow_bonus":"THREE_ENEMY_KILL","is_daily":false,"chose_seed":false,"campfire_upgraded":7,"win_rate":0.0,"timestamp":1612688381,"path_taken":["M","?","?","?","?","E","M","E","T","M","R","?","$","E","R","BOSS","M","$","?","?","M","R","E","?","T","M","R","M","E","M","R","BOSS","M","?","$","?","?","R","R","E","T","M","R","?","M","M","R","BOSS","BOSS"],"items_purchased_type":["Relic","Relic"],"build_version":"2020-12-22","purchased_purges":2,"victory":true,"max_hp_per_floor":[66,71,71,71,71,71,71,71,71,71,71,71,71,71,71,71,71,71,71,71,71,71,71,71,71,71,71,71,71,71,71,71,71,71,71,71,71,71,67,67,67,81,81,81,81,81,81,81,81,81,81],"card_choices":[{"not_picked":["Acrobatics","Concentrate"],"picked":"Tactician","floor":1.0},{"not_picked":["Sucker Punch","Bane"],"picked":"Well Laid Plans","floor":4.0},{"not_picked":["Adrenaline","Underhanded Strike"],"picked":"Blade Dance","floor":6.0},{"not_picked":["Slice","Setup","Deflect"],"picked":"SKIP","floor":7.0},{"not_picked":["Outmaneuver","Concentrate"],"picked":"Backflip","floor":8.0},{"not_picked":["Slice","Bane"],"picked":"Cloak And Dagger","floor":10.0},{"not_picked":["Grand Finale","Night Terror"],"picked":"Cloak And Dagger","floor":14.0},{"not_picked":["Malaise","Night Terror"],"picked":"After Image","floor":16.0},{"not_picked":["Quick Slash","Acrobatics+1"],"picked":"Backflip+1","floor":18.0},{"not_picked":["Choke+1","Flying Knee","Dodge and Roll"],"picked":"SKIP","floor":22.0},{"not_picked":["Skewer","Slice","Underhanded Strike"],"picked":"SKIP","floor":24},{"not_picked":["Quick Slash","Outmaneuver+1","Backflip"],"picked":"SKIP","floor":25},{"not_picked":["Quick Slash+1","Poisoned Stab","After Image"],"picked":"SKIP","floor":27},{"not_picked":["Choke","Dagger Throw","Crippling Poison"],"picked":"SKIP","floor":29},{"not_picked":["Dagger Throw","Setup","Quick Slash"],"picked":"SKIP","floor":30},{"not_picked":["Dodge and Roll","Heel Hook"],"picked":"Terror","floor":31},{"not_picked":["Glass Knife","Die Die Die"],"picked":"Envenom","floor":33},{"not_picked":["Terror","Dagger Spray"],"picked":"PiercingWail","floor":35},{"not_picked":["Blade Dance+1","Wraith Form v2"],"picked":"After Image","floor":42},{"not_picked":["Cloak And Dagger+1","Blade Dance","Eviscerate"],"picked":"SKIP","floor":44},{"not_picked":["Underhanded Strike","Blade Dance","Acrobatics+1"],"picked":"SKIP","floor":47},{"not_picked":["Backflip","Outmaneuver","Dodge and Roll"],"picked":"SKIP","floor":48}],"player_experience":879411,"relics_obtained":[{"floor":6.0,"key":"Shuriken"},{"floor":8.0,"key":"InkBottle"},{"floor":9.0,"key":"Mummified Hand"},{"floor":14.0,"key":"Potion Belt"},{"floor":21.0,"key":"Du-Vu Doll"},{"floor":24,"key":"Oddly Smooth Stone"},{"floor":26,"key":"Akabeko"},{"floor":30,"key":"White Beast Statue"},{"floor":36,"key":"WingedGreaves"},{"floor":38,"key":"Gambling Chip"},{"floor":42,"key":"Mango"},{"floor":43,"key":"Letter Opener"}],"event_choices":[{"damage_healed":0.0,"max_hp_gain":5.0,"max_hp_loss":0.0,"gold_gain":0.0,"event_name":"Big Fish","player_choice":"Donut","floor":2.0,"gold_loss":0.0,"damage_taken":0.0},{"damage_healed":0.0,"max_hp_gain":0.0,"max_hp_loss":0.0,"gold_gain":0.0,"event_name":"Upgrade Shrine","player_choice":"Upgraded","floor":3.0,"gold_loss":0.0,"damage_taken":0.0,"cards_upgraded":["Tactician"]},{"cards_removed":["Defend_G"],"damage_healed":0.0,"max_hp_gain":0.0,"max_hp_loss":0.0,"gold_gain":0.0,"event_name":"The Cleric","player_choice":"Card Removal","floor":12.0,"gold_loss":75.0,"damage_taken":0.0},{"cards_removed":["Crippling Poison"],"damage_healed":0.0,"max_hp_gain":0.0,"max_hp_loss":0.0,"gold_gain":0.0,"event_name":"Beggar","player_choice":"Gave Gold","floor":20.0,"gold_loss":75.0,"damage_taken":0.0},{"damage_healed":0,"gold_gain":0,"player_choice":"Fight","damage_taken":0,"max_hp_gain":0,"max_hp_loss":0,"event_name":"MindBloom","floor":36,"gold_loss":0},{"damage_healed":0,"gold_gain":0,"player_choice":"Fight","damage_taken":0,"max_hp_gain":0,"max_hp_loss":0,"event_name":"Mysterious Sphere","floor":38,"gold_loss":0},{"damage_healed":0,"gold_gain":0,"player_choice":"Max HP","damage_taken":0,"max_hp_gain":0,"max_hp_loss":4,"event_name":"Winding Halls","floor":39,"gold_loss":0},{"damage_healed":0,"gold_gain":300,"player_choice":"Gold","damage_taken":0,"max_hp_gain":0,"max_hp_loss":0,"event_name":"Wheel of Change","floor":46,"gold_loss":0}],"is_beta":false,"boss_relics":[{"not_picked":["Runic Dome","SlaversCollar"],"picked":"Pandora\u0027s Box"},{"not_picked":["Ring of the Serpent","Sozu"],"picked":"Astrolabe"}],"items_purged_floors":[5,19],"is_endless":false,"potions_floor_spawned":[4,6,8,14,24,27,31,33,35,36,38,42,44,47,48],"ascension_level":20}}