{"host":"syozzdlzcqop4jia","time":1612732533,"event":{"mods":["BaseMod","Colored Map","Colored Powertips","Minty Spire (QoL Compilation)","Quick Restart"],"gold_per_floor":[119,138,138,153,164,190,190,36,36,66,85,100,117,132,132,237,237,257,267,267,267,17,45,45,77,146,146,178,189,104,118,118,221,221,235,252,269,269,282,282,310,327,378,407,423,423,17,17,17,17,17],"floor_reached":50,"language":"ENG","playtime":3356,"items_purged":[],"score":657,"play_id":"9c2e7379-2a21-4d1c-8583-54029d5d6e3e","local_time":"20210207221533","is_ascension_mode":true,"campfire_choices":[{"data":"Sunder","floor":7,"key":"SMITH"},{"floor":15,"key":"REST"},{"data":"Buffer","floor":24,"key":"SMITH"},{"data":"Genetic Algorithm","floor":27,"key":"SMITH"},{"floor":32,"key":"REST"},{"data":"White Noise","floor":40,"key":"SMITH"},{"data":"Biased Cognition","floor":46,"key":"SMITH"},{"data":"Defragment","floor":49,"key":"SMITH"}],"circlet_count":0,"master_deck":["Strike_B+1","Strike_B+1","Strike_B+1","Strike_B+1","Defend_B+1","Defend_B+1","Defend_B+1","Zap+1","Dualcast","Defragment+1","White Noise+1","Conserve Battery","Steam","Sunder+1","Ball Lightning","Sweeping Beam","Conserve Battery","Buffer+1","Ball Lightning+1","Genetic Algorithm+1","Compile Driver+1","Leap+1","Aggregate+1","Biased Cognition+1","Glacier","Rebound+1","Chaos+1","Lockon+1","Ball Lightning","Steam+1"],"relics":["Cracked Core","Blue Candle","Lantern","Eternal Feather","Mummified Hand","SlaversCollar","MutagenicStrength","Pantograph","Pear","Anchor","White Beast Statue","FossilizedHelix","Omamori","Cursed Key","Bag of Preparation","Singing Bowl","Bronze Scales","Shovel","Blood Vial","Bottled Tornado"],"acts_visited":["Exordium","TheCity","TheBeyond"],"potions_floor_usage":[23,25,29,42,50],"damage_taken":[{"damage":2,"enemies":"2 Louse","floor":1,"turns":3},{"damage":0,"enemies":"Small Slimes","floor":2,"turns":3},{"damage":0,"enemies":"Cultist","floor":4,"turns":3},{"damage":6,"enemies":"2 Fungi Beasts","floor":5,"turns":3},{"damage":13,"enemies":"Lagavulin","floor":6,"turns":6},{"damage":17,"enemies":"Gremlin Nob","floor":10,"turns":4},{"damage":0,"enemies":"Looter","floor":11,"turns":2},{"damage":7,"enemies":"Blue Slaver","floor":12,"turns":3},{"damage":13,"enemies":"Gremlin Gang","floor":13,"turns":3},{"damage":0,"enemies":"3 Louse","floor":14,"turns":2},{"damage":7,"enemies":"Slime Boss","floor":16,"turns":6},{"damage":0,"enemies":"Spheric Guardian","floor":18,"turns":3},{"damage":14,"enemies":"3 Byrds","floor":19,"turns":4},{"damage":20,"enemies":"Book of Stabbing","floor":23,"turns":5},{"damage":0,"enemies":"Gremlin Leader","floor":25,"turns":4},{"damage":20,"enemies":"Slavers","floor":28,"turns":5},{"damage":21,"enemies":"Snake Plant","floor":29,"turns":4},{"damage":0,"enemies":"Centurion and Healer","floor":31,"turns":6},{"damage":33,"enemies":"Automaton","floor":33,"turns":10},{"damage":18,"enemies":"Orb Walker","floor":35,"turns":3},{"damage":0,"enemies":"3 Darklings","floor":36,"turns":5},{"damage":1,"enemies":"Writhing Mass","floor":37,"turns":7},{"damage":0,"enemies":"Sphere and 2 Shapes","floor":39,"turns":3},{"damage":0,"enemies":"Nemesis","floor":41,"turns":7},{"damage":0,"enemies":"Maw","floor":42,"turns":6},{"damage":10,"enemies":"Reptomancer","floor":44,"turns":4},{"damage":0,"enemies":"Jaw Worm Horde","floor":45,"turns":3},{"damage":92,"enemies":"Time Eater","floor":50,"turns":12}],"seed_played":"-2462429232924691155","potions_obtained":[{"floor":1,"key":"Energy Potion"},{"floor":10,"key":"SneckoOil"},{"floor":11,"key":"Swift Potion"},{"floor":23,"key":"AttackPotion"},{"floor":28,"key":"BlessingOfTheForge"},{"floor":29,"key":"Explosive Potion"},{"floor":39,"key":"SpeedPotion"},{"floor":42,"key":"PowerPotion"}],"is_trial":false,"path_per_floor":["M","M","?","M","M","E","R","$","T","E","M","M","M","M","R","B",null,"M","M","?","?","$","E","R","E","T","R","E","M","?","M","R","B",null,"M","M","M","?","M","R","E","M","T","E","M","R","$","?","R","B"],"character_chosen":"DEFECT","items_purchased":["Lantern","Pantograph","Blood Vial","Bottled Tornado"],"campfire_rested":2,"item_purchase_floors":[8,22,47,47],"current_hp_per_floor":[73,73,58,58,52,39,39,39,39,22,22,15,2,2,33,26,75,75,61,61,61,61,51,63,63,63,75,55,34,34,34,71,52,85,67,67,66,66,66,81,81,81,81,71,73,87,87,89,89,0,0],"gold":17,"neow_bonus":"TRANSFORM_CARD","is_daily":false,"chose_seed":false,"campfire_upgraded":6,"win_rate":0.0,"timestamp":1612732533,"path_taken":["M","M","?","M","M","E","R","$","T","E","M","M","M","M","R","BOSS","M","M","?","?","$","E","R","E","T","R","E","M","?","M","R","BOSS","M","M","M","?","M","R","E","M","T","E","?","R","$","?","R","BOSS"],"items_purchased_type":["Relic","Relic","Relic","Relic"],"build_version":"2020-12-22","purchased_purges":0,"victory":false,"max_hp_per_floor":[75,75,75,75,75,75,75,75,75,75,75,75,75,75,75,75,75,75,75,75,75,75,85,85,85,85,85,85,85,85,85,85,85,85,85,85,85,85,85,85,85,85,85,85,87,87,87,89,89,89,89],"card_choices":[{"not_picked":["Compile Driver","Stack"],"picked":"White Noise","floor":1},{"not_picked":["Steam","Streamline"],"picked":"Conserve Battery","floor":2},{"not_picked":["Go for the Eyes","Compile Driver"],"picked":"Steam","floor":4},{"not_picked":["Scrape","Sweeping Beam"],"picked":"Sunder","floor":5},{"not_picked":["Redo","Go for the Eyes"],"picked":"Ball Lightning","floor":6},{"not_picked":["Gash","Chill","Double Energy"],"picked":"SKIP","floor":10},{"not_picked":["Gash","Barrage","Aggregate"],"picked":"SKIP","floor":11},{"not_picked":["Barrage","Genetic Algorithm"],"picked":"Sweeping Beam","floor":12},{"not_picked":["Rip and Tear","Compile Driver","Sweeping Beam"],"picked":"SKIP","floor":13},{"not_picked":["Beam Cell","Steam Power"],"picked":"Conserve Battery","floor":14},{"not_picked":["Multi-Cast","Rainbow"],"picked":"Buffer","floor":16},{"not_picked":["Leap","Sunder"],"picked":"Ball Lightning+1","floor":18},{"not_picked":["Streamline","Go for the Eyes"],"picked":"Genetic Algorithm","floor":19},{"not_picked":["Steam Power+1","Reprogram"],"picked":"Compile Driver+1","floor":23},{"not_picked":["Steam Power+1","BootSequence","Reprogram"],"picked":"SKIP","floor":25},{"not_picked":["Aggregate","Stack+1"],"picked":"Leap+1","floor":28},{"not_picked":["Gash","Barrage+1","Chill"],"picked":"SKIP","floor":29},{"not_picked":["Cold Snap","Beam Cell"],"picked":"Aggregate+1","floor":31},{"not_picked":["Reboot","Rainbow"],"picked":"Biased Cognition","floor":33},{"not_picked":["Double Energy","Scrape"],"picked":"Glacier","floor":35},{"not_picked":["Turbo+1","Tempest"],"picked":"Rebound+1","floor":36},{"not_picked":["Gash","Heatsinks"],"picked":"Chaos+1","floor":37},{"not_picked":["Compile Driver","Go for the Eyes","Heatsinks"],"picked":"SKIP","floor":39},{"not_picked":["Compile Driver+1","Defragment"],"picked":"Lockon+1","floor":41},{"not_picked":["Hologram+1","Coolheaded+1"],"picked":"Ball Lightning","floor":42},{"not_picked":["Rebound","Fusion+1"],"picked":"Steam+1","floor":44},{"not_picked":["Streamline","Aggregate+1","Beam Cell"],"picked":"Singing Bowl","floor":45},{"not_picked":["Flash of Steel","Jack Of All Trades","Purity"],"picked":"Singing Bowl","floor":48}],"player_experience":599959,"relics_obtained":[{"floor":6,"key":"Blue Candle"},{"floor":9,"key":"Eternal Feather"},{"floor":10,"key":"Mummified Hand"},{"floor":23,"key":"Pear"},{"floor":25,"key":"Anchor"},{"floor":26,"key":"White Beast Statue"},{"floor":28,"key":"FossilizedHelix"},{"floor":41,"key":"Singing Bowl"},{"floor":43,"key":"Bronze Scales"},{"floor":44,"key":"Shovel"}],"event_choices":[{"damage_healed":0,"gold_gain":0,"player_choice":"Entered Light","damage_taken":15,"max_hp_gain":0,"max_hp_loss":0,"event_name":"Shining Light","floor":3,"gold_loss":0,"cards_upgraded":["Zap","Strike_B"]},{"damage_healed":0,"gold_gain":0,"player_choice":"Inject Mutagens","damage_taken":0,"relics_obtained":["MutagenicStrength"],"max_hp_gain":0,"max_hp_loss":0,"event_name":"Drug Dealer","floor":20,"gold_loss":0},{"damage_healed":0,"gold_gain":0,"player_choice":"Simplicity","damage_taken":0,"max_hp_gain":0,"max_hp_loss":0,"event_name":"Back to Basics","floor":21,"gold_loss":0,"cards_upgraded":["Strike_B","Strike_B","Strike_B","Defend_B","Defend_B","Defend_B"]},{"damage_healed":0,"gold_gain":0,"player_choice":"Obtained Relic","damage_taken":0,"relics_obtained":["Omamori"],"max_hp_gain":0,"max_hp_loss":0,"event_name":"Addict","floor":30,"gold_loss":85},{"damage_healed":0,"gold_gain":0,"player_choice":"Gave Potion","damage_taken":0,"relics_obtained":["Bag of Preparation"],"max_hp_gain":0,"max_hp_loss":0,"event_name":"WeMeetAgain","floor":38,"gold_loss":0},{"damage_healed":0,"gold_gain":0,"player_choice":"Memory 1","damage_taken":0,"max_hp_gain":0,"max_hp_loss":0,"event_name":"SensoryStone","floor":48,"gold_loss":0}],"is_beta":false,"boss_relics":[{"not_picked":["Empty Cage","Pandora\u0027s Box"],"picked":"SlaversCollar"},{"not_picked":["Inserter","Sozu"],"picked":"Cursed Key"}],"items_purged_floors":[],"is_endless":false,"potions_floor_spawned":[1,10,11,14,23,28,29,31,33,35,36,37,39,41,42,44,45],"killed_by":"Time Eater","ascension_level":1}}