{"host":"2j5d0uw0vihq8b8w","time":1612704329,"event":{"mods":["2.2 Compatiblity","AchievementEnabler","BaseMod","BetterRewards","Colored Map","Colored Powertips","Custom Start","DeckTracker","Minty Spire (QoL Compilation)","Permanent Neow","Quick Restart","Rare Cards Sparkle","StSLib","SuperFastMode"],"gold_per_floor":[117,128,140,61,61,61,91,108,108,118,118,118,118,22,22,127,127,127],"floor_reached":17,"language":"KOR","playtime":588,"items_purged":[],"score":233,"play_id":"6ea40889-af51-4172-b796-40fcd5611484","local_time":"20210207222529","is_ascension_mode":true,"campfire_choices":[{"data":"Body Slam","floor":6.0,"key":"SMITH"},{"data":"Barricade","floor":15,"key":"SMITH"}],"circlet_count":0,"master_deck":["AscendersBane","Strike_R","Strike_R","Defend_R","Defend_R","Defend_R","Defend_R","Bash","Body Slam+1","Pommel Strike","Evolve","Barricade+1","Fire Breathing","Armaments+1","Juggernaut"],"relics":["Burning Blood","Bag of Preparation","Girya","Ice Cream","Toxic Egg 2","Shuriken","Pear","Empty Cage"],"acts_visited":["Exordium","TheCity"],"potions_floor_usage":[7,7,8,16],"damage_taken":[{"damage":3.0,"enemies":"2 Louse","floor":1.0,"turns":3.0},{"damage":1.0,"enemies":"Cultist","floor":2.0,"turns":3.0},{"damage":3.0,"enemies":"Jaw Worm","floor":3.0,"turns":4.0},{"damage":4,"enemies":"Gremlin Nob","floor":7,"turns":3},{"damage":11,"enemies":"Exordium Wildlife","floor":8,"turns":6},{"damage":12,"enemies":"Looter","floor":10,"turns":3},{"damage":33,"enemies":"Slime Boss","floor":16,"turns":8}],"seed_played":"132134117294295016","potions_obtained":[{"floor":1.0,"key":"DistilledChaos"},{"floor":2.0,"key":"Block Potion"},{"floor":7,"key":"SpeedPotion"}],"is_trial":false,"path_per_floor":["M","M","M","$","?","R","E","M","T","M","?","?","?","$","R","B",null],"character_chosen":"IRONCLAD","items_purchased":["Body Slam","Bag of Preparation","Evolve","SpeedPotion","Block Potion"],"campfire_rested":0,"item_purchase_floors":[0,0,4,14,14],"current_hp_per_floor":[39,44,47,47,47,47,49,44,44,38,41,41,90,90,90,63,83,83],"gold":127,"neow_bonus":"","is_daily":false,"chose_seed":false,"campfire_upgraded":2,"win_rate":0.0,"timestamp":1612704329,"path_taken":["M","M","M","$","?","R","E","M","T","M","?","?","?","$","R","BOSS"],"items_purchased_type":["Card","Relic","Card","Potion","Potion"],"build_version":"2020-12-22","purchased_purges":0,"victory":false,"max_hp_per_floor":[80,80,80,80,80,80,80,80,80,80,90,90,90,90,90,90,90,90],"card_choices":[{"not_picked":["Iron Wave","Ghostly Armor"],"picked":"Pommel Strike","floor":1.0},{"not_picked":["Wild Strike","Rampage","Havoc"],"picked":"SKIP","floor":2.0},{"not_picked":["Wild Strike","Rampage","Havoc"],"picked":"SKIP","floor":2.0},{"not_picked":["Cleave","Infernal Blade"],"picked":"Dropkick","floor":3.0},{"not_picked":["Anger","Inflame"],"picked":"Fire Breathing","floor":7},{"not_picked":["Body Slam","Thunderclap"],"picked":"Armaments+1","floor":8},{"not_picked":["Havoc+1","Carnage","Headbutt"],"picked":"SKIP","floor":10},{"not_picked":["Fiend Fire","Reaper"],"picked":"Juggernaut","floor":16}],"player_experience":662196,"relics_obtained":[{"floor":7,"key":"Toxic Egg 2"},{"floor":9,"key":"Shuriken"}],"event_choices":[{"damage_healed":0.0,"max_hp_gain":0.0,"max_hp_loss":0.0,"gold_gain":0.0,"cards_transformed":["Strike_R"],"event_name":"Living Wall","player_choice":"Change","floor":5.0,"gold_loss":0.0,"damage_taken":0.0,"cards_obtained":["Barricade"]},{"damage_healed":0,"gold_gain":0,"player_choice":"Success","damage_taken":7,"relics_obtained":["Pear"],"max_hp_gain":0,"max_hp_loss":0,"event_name":"Scrap Ooze","floor":11,"gold_loss":0},{"damage_healed":0,"gold_gain":0,"player_choice":"Ignored","damage_taken":0,"max_hp_gain":0,"max_hp_loss":0,"event_name":"Liars Game","floor":12,"gold_loss":0},{"cards_removed":["Dropkick"],"damage_healed":49,"gold_gain":0,"player_choice":"Offered Uncommon","damage_taken":0,"max_hp_gain":0,"max_hp_loss":0,"event_name":"Bonfire Elementals","floor":13,"gold_loss":0}],"is_beta":false,"boss_relics":[{"not_picked":["Tiny House","Busted Crown"],"picked":"Empty Cage"}],"items_purged_floors":[],"is_endless":false,"potions_floor_spawned":[1,2,7],"ascension_level":10}}