{"host":"3xramekeme16g407","time":1612732458,"event":{"mods":["2.2 Compatiblity","AchievementEnabler","BaseMod","Bestiary","Minty Spire (QoL Compilation)","Relic Stats","StSLib"],"gold_per_floor":[215,215,234,234,234,264,34,34,34,52,0,16,30,30,30],"floor_reached":14,"language":"ENG","playtime":1649,"items_purged":[],"score":90,"play_id":"3d6c533a-c4f3-4660-8c4e-d3aba2f573ba","local_time":"20210207131418","is_ascension_mode":false,"campfire_choices":[{"floor":8,"key":"REST"}],"circlet_count":0,"master_deck":["Strike_P+1","Strike_P+1","Strike_P","Strike_P","Defend_P","Defend_P","Defend_P","Defend_P+1","Eruption+1","Vigilance","Halt","Meditate","LessonLearned","Collect","ForeignInfluence","EmptyFist","ForeignInfluence","Indignation"],"relics":["PureWater","Nunchaku","Akabeko","Damaru","Kunai"],"acts_visited":["Exordium"],"potions_floor_usage":[14],"damage_taken":[{"damage":0,"enemies":"Cultist","floor":1,"turns":3},{"damage":3,"enemies":"Small Slimes","floor":3,"turns":4},{"damage":43,"enemies":"3 Sentries","floor":6,"turns":10},{"damage":0,"enemies":"2 Louse","floor":10,"turns":2},{"damage":4,"enemies":"Exordium Thugs","floor":12,"turns":5},{"damage":5,"enemies":"Red Slaver","floor":13,"turns":2},{"damage":20,"enemies":"Lagavulin","floor":14,"turns":3}],"seed_played":"-7847424163311441028","potions_obtained":[{"floor":3,"key":"SmokeBomb"},{"floor":6,"key":"Strength Potion"},{"floor":12,"key":"Energy Potion"}],"is_trial":false,"path_per_floor":["M","?","M","?","?","E","$","R","T","M","$","M","M","E"],"character_chosen":"WATCHER","items_purchased":["Damaru","Collect","EmptyFist"],"campfire_rested":1,"item_purchase_floors":[7,7,11],"current_hp_per_floor":[72,65,62,48,48,5,5,26,26,26,26,22,17,0,0],"gold":30,"neow_bonus":"HUNDRED_GOLD","is_daily":false,"chose_seed":false,"campfire_upgraded":0,"win_rate":0.0,"timestamp":1612732458,"path_taken":["M","?","M","?","?","E","$","R","T","?","?","M","M","E"],"items_purchased_type":["Relic","Card","Card"],"build_version":"2020-12-22","purchased_purges":0,"victory":false,"max_hp_per_floor":[72,72,72,72,72,72,72,72,72,72,72,72,72,72,72],"relic_stats":{"Nunchaku":[3],"counters":[7,29],"Kunai":[0],"obtain_stats":[{"Nunchaku":2,"Damaru":7,"Kunai":9,"PureWater":0,"Akabeko":6},{"Nunchaku":1,"Damaru":3,"Kunai":3,"PureWater":0,"Akabeko":3},{"Nunchaku":3,"Damaru":17,"Kunai":17,"PureWater":0,"Akabeko":17}]},"card_choices":[{"not_picked":["SashWhip","ClearTheMind"],"picked":"Halt","floor":1},{"not_picked":["Crescendo","Halt"],"picked":"Meditate","floor":3},{"not_picked":["JustLucky","Worship"],"picked":"LessonLearned","floor":6},{"not_picked":["FlyingSleeves","Adaptation"],"picked":"ForeignInfluence","floor":10},{"not_picked":["WreathOfFlame","CutThroughFate"],"picked":"ForeignInfluence","floor":12},{"not_picked":["JustLucky","CutThroughFate"],"picked":"Indignation","floor":13}],"player_experience":477777,"relics_obtained":[{"floor":6,"key":"Akabeko"},{"floor":9,"key":"Kunai"}],"event_choices":[{"damage_healed":0,"gold_gain":0,"player_choice":"Success","damage_taken":7,"relics_obtained":["Nunchaku"],"max_hp_gain":0,"max_hp_loss":0,"event_name":"Scrap Ooze","floor":2,"gold_loss":0},{"damage_healed":0,"gold_gain":0,"player_choice":"Entered Light","damage_taken":14,"max_hp_gain":0,"max_hp_loss":0,"event_name":"Shining Light","floor":4,"gold_loss":0,"cards_upgraded":["Strike_P","Defend_P"]},{"damage_healed":0,"gold_gain":0,"player_choice":"Ignored","damage_taken":0,"max_hp_gain":0,"max_hp_loss":0,"event_name":"NoteForYourself","floor":5,"gold_loss":0}],"is_beta":false,"boss_relics":[],"items_purged_floors":[],"is_endless":false,"potions_floor_spawned":[3,6,12],"killed_by":"Lagavulin","ascension_level":0}}