{"host":"nwd160me4iqdtr8u","time":1612687603,"event":{"mods":["AchievementEnabler","Act Like it!","BaseMod","Colored Map","DeckTracker","Keyboard Shortcuts","Minty Spire (QoL Compilation)","Quick Restart","Rare Cards Sparkle","Smile Girya","StSLib","SuperFastMode","everything is the same but u backflip on backflip"],"gold_per_floor":[114,114,133,144,144,177,177,5,56,56,88,153,203,220,220,316,316,330,380,457,507,494,494,321,321,374,392,103,103,138,158,158,254,254,266,283,295,309,324,324,23,57,57,57,107,107,157,168,168,168],"floor_reached":51,"language":"KOR","playtime":2182,"items_purged":["Strike_B","Strike_B","Zap"],"score":927,"play_id":"4146cac8-d48d-492c-a5b0-468f3d89885c","local_time":"20210207174643","is_ascension_mode":true,"campfire_choices":[{"data":"Sunder","floor":7.0,"key":"SMITH"},{"data":"Loop","floor":10.0,"key":"SMITH"},{"floor":15.0,"key":"REST"},{"data":"Self Repair","floor":23.0,"key":"SMITH"},{"data":"Defragment","floor":25.0,"key":"SMITH"},{"data":"Deep Breath","floor":29.0,"key":"SMITH"},{"data":"Chaos","floor":32.0,"key":"SMITH"},{"data":"Biased Cognition","floor":40.0,"key":"SMITH"},{"data":"Secret Weapon","floor":44,"key":"SMITH"},{"data":"Defragment","floor":46,"key":"SMITH"},{"data":"Hologram","floor":49,"key":"SMITH"}],"circlet_count":0,"master_deck":["Defend_B","Defend_B","Defend_B","Defend_B","Dualcast+1","Consume","Conserve Battery","Sunder+1","Loop+1","Defragment+1","Capacitor","Electrodynamics","Defragment+1","Biased Cognition+1","Leap+1","Self Repair+1","BootSequence","Doom and Gloom","FTL","Streamline+1","Multi-Cast","Deep Breath+1","Cold Snap","Chaos+1","Force Field+1","Cold Snap","Hologram+1","Secret Weapon+1","Reinforced Body+1","Panacea","Tempest+1"],"relics":["Cracked Core","SsserpentHead","Pen Nib","Membership Card","MealTicket","Kunai","Coffee Dripper","Red Mask","Potion Belt","Turnip","Dream Catcher","Centennial Puzzle","Cables","Cursed Key","Happy Flower","Singing Bowl"],"acts_visited":["Exordium","TheCity","TheBeyond"],"potions_floor_usage":[50,50,50],"damage_taken":[{"damage":0.0,"enemies":"2 Louse","floor":1.0,"turns":2.0},{"damage":2.0,"enemies":"Jaw Worm","floor":3.0,"turns":3.0},{"damage":1.0,"enemies":"Cultist","floor":4.0,"turns":4.0},{"damage":23.0,"enemies":"Gremlin Nob","floor":6.0,"turns":4.0},{"damage":23.0,"enemies":"Lagavulin","floor":11.0,"turns":5.0},{"damage":5.0,"enemies":"2 Fungi Beasts","floor":12.0,"turns":3.0},{"damage":3.0,"enemies":"Exordium Thugs","floor":14.0,"turns":3.0},{"damage":28.0,"enemies":"The Guardian","floor":16.0,"turns":10.0},{"damage":0.0,"enemies":"Spheric Guardian","floor":18.0,"turns":3.0},{"damage":24.0,"enemies":"Masked Bandits","floor":20.0,"turns":4.0},{"damage":10.0,"enemies":"2 Thieves","floor":22.0,"turns":4.0},{"damage":28.0,"enemies":"Shelled Parasite and Fungi","floor":27.0,"turns":6.0},{"damage":26.0,"enemies":"Book of Stabbing","floor":30.0,"turns":4.0},{"damage":5.0,"enemies":"Centurion and Healer","floor":31.0,"turns":5.0},{"damage":11.0,"enemies":"Champ","floor":33.0,"turns":7.0},{"damage":9.0,"enemies":"3 Darklings","floor":35.0,"turns":5.0},{"damage":0.0,"enemies":"Orb Walker","floor":36.0,"turns":3.0},{"damage":0.0,"enemies":"Jaw Worm Horde","floor":37.0,"turns":4.0},{"damage":0.0,"enemies":"4 Shapes","floor":38.0,"turns":3.0},{"damage":0.0,"enemies":"3 Darklings","floor":39.0,"turns":3.0},{"damage":8.0,"enemies":"Giant Head","floor":42.0,"turns":15.0},{"damage":1,"enemies":"Maw","floor":48,"turns":5},{"damage":8,"enemies":"Time Eater","floor":50,"turns":13}],"seed_played":"-6032106016335633272","potions_obtained":[{"floor":4.0,"key":"DuplicationPotion"},{"floor":11.0,"key":"Energy Potion"},{"floor":12.0,"key":"Block Potion"},{"floor":16.0,"key":"AttackPotion"},{"floor":18.0,"key":"SpeedPotion"},{"floor":22.0,"key":"Regen Potion"},{"floor":30.0,"key":"SteroidPotion"},{"floor":33.0,"key":"Fire Potion"},{"floor":38.0,"key":"Dexterity Potion"},{"floor":42.0,"key":"Energy Potion"}],"is_trial":false,"path_per_floor":["M","?","M","M","?","E","R","$","T","R","E","M","?","M","R","B",null,"M","?","?","?","M","R","$","R","T","M","$","R","E","M","R","B",null,"M","M","M","M","M","R","$","E","T","R","?","R","?","M","R","B",null],"character_chosen":"DEFECT","items_purchased":["Membership Card","Loop","Turnip","FTL","Multi-Cast","Centennial Puzzle","Deep Breath","Explosive Potion","SpeedPotion","Happy Flower","Hologram","Secret Weapon","Block Potion","Fire Potion"],"campfire_rested":1,"item_purchase_floors":[8,8,24,24,28,28,28,28,28,41,41,41,41,41],"current_hp_per_floor":[68,68,66,65,65,42,42,42,42,42,19,14,14,11,33,5,58,58,58,41,41,38,38,53,53,53,35,50,50,34,39,39,53,70,71,75,75,75,75,75,75,75,75,75,75,75,69,78,78,79],"gold":168,"neow_bonus":"REMOVE_CARD","is_daily":false,"chose_seed":false,"campfire_upgraded":10,"win_rate":0.0,"timestamp":1612687603,"path_taken":["M","?","M","M","?","E","R","$","T","R","E","?","?","M","R","BOSS","M","?","?","?","M","R","?","R","T","M","$","R","E","M","R","BOSS","M","M","M","M","M","R","$","E","T","R","?","R","?","M","R","BOSS"],"items_purchased_type":["Relic","Card","Relic","Card","Card","Relic","Card","Potion","Potion","Relic","Card","Card","Potion","Potion"],"build_version":"2020-12-22","purchased_purges":3,"victory":true,"max_hp_per_floor":[75,75,75,75,75,75,75,75,75,75,75,75,75,75,75,75,75,75,75,75,75,75,75,75,75,75,75,75,75,75,75,75,75,75,75,75,75,75,75,75,75,75,75,75,75,75,79,79,79,79],"card_choices":[{"not_picked":["Sweeping Beam","Gash","Leap"],"picked":"SKIP","floor":1.0},{"not_picked":["Stack","Sweeping Beam"],"picked":"Consume","floor":3.0},{"not_picked":["Blizzard","Melter"],"picked":"Conserve Battery","floor":4.0},{"not_picked":["Streamline","Rip and Tear"],"picked":"Sunder","floor":6.0},{"not_picked":["Steam Power","Machine Learning"],"picked":"Defragment","floor":11.0},{"not_picked":["Steam Power","Turbo"],"picked":"Capacitor","floor":12.0},{"not_picked":["Steam","Streamline"],"picked":"Defragment","floor":14.0},{"not_picked":["Rainbow","All For One"],"picked":"Biased Cognition","floor":16.0},{"not_picked":["Steam","Hologram+1"],"picked":"Leap+1","floor":18.0},{"not_picked":["Barrage","Leap+1"],"picked":"BootSequence","floor":20.0},{"not_picked":["Auto Shields","Barrage+1"],"picked":"Doom and Gloom","floor":22.0},{"not_picked":["Leap+1","Turbo"],"picked":"Streamline+1","floor":27.0},{"not_picked":["Turbo+1","Sweeping Beam"],"picked":"Cold Snap","floor":30.0},{"not_picked":["Compile Driver","Thunder Strike"],"picked":"Chaos","floor":31.0},{"not_picked":["Conserve Battery+1","Fusion"],"picked":"Force Field+1","floor":35.0},{"not_picked":["Storm","Blizzard+1"],"picked":"Cold Snap","floor":36.0},{"not_picked":["Gash+1","Beam Cell","Barrage+1"],"picked":"SKIP","floor":37.0},{"not_picked":["Static Discharge","Defragment+1"],"picked":"Turbo+1","floor":38.0},{"not_picked":["Beam Cell+1","Leap","Scrape+1"],"picked":"SKIP","floor":39.0},{"not_picked":["Stack+1","Fission"],"picked":"Reinforced Body+1","floor":42.0},{"not_picked":["Discovery","Mind Blast"],"picked":"Panacea","floor":47},{"not_picked":["Jack Of All Trades","Metamorphosis","Dramatic Entrance"],"picked":"Singing Bowl","floor":47},{"not_picked":["Blind","Swift Strike","Bandage Up"],"picked":"Singing Bowl","floor":47},{"not_picked":["Hologram","Go for the Eyes"],"picked":"Tempest+1","floor":48}],"player_experience":405969,"relics_obtained":[{"floor":6.0,"key":"Pen Nib"},{"floor":9.0,"key":"MealTicket"},{"floor":11.0,"key":"Kunai"},{"floor":20.0,"key":"Red Mask"},{"floor":26.0,"key":"Dream Catcher"},{"floor":30.0,"key":"Cables"},{"floor":42.0,"key":"Singing Bowl"}],"event_choices":[{"damage_healed":0.0,"max_hp_gain":0.0,"max_hp_loss":0.0,"gold_gain":0.0,"event_name":"Living Wall","player_choice":"Grow","floor":2.0,"gold_loss":0.0,"damage_taken":0.0,"cards_upgraded":["Dualcast"]},{"damage_healed":0.0,"max_hp_gain":0.0,"max_hp_loss":0.0,"gold_gain":0.0,"event_name":"FaceTrader","player_choice":"Trade","floor":5.0,"gold_loss":0.0,"damage_taken":0.0,"relics_obtained":["SsserpentHead"]},{"damage_healed":0.0,"max_hp_gain":0.0,"max_hp_loss":0.0,"gold_gain":0.0,"cards_transformed":["Strike_B"],"event_name":"Transmorgrifier","player_choice":"Transformed","floor":13.0,"gold_loss":0.0,"damage_taken":0.0,"cards_obtained":["Electrodynamics"]},{"damage_healed":0.0,"max_hp_gain":0.0,"max_hp_loss":0.0,"gold_gain":0.0,"event_name":"The Library","player_choice":"Read","floor":19.0,"gold_loss":0.0,"damage_taken":0.0,"cards_obtained":["Self Repair"]},{"damage_healed":0.0,"max_hp_gain":0.0,"max_hp_loss":0.0,"gold_gain":0.0,"event_name":"Masked Bandits","player_choice":"Fought Bandits","floor":20.0,"gold_loss":0.0,"damage_taken":0.0},{"damage_healed":0.0,"max_hp_gain":0.0,"max_hp_loss":0.0,"gold_gain":0.0,"event_name":"The Mausoleum","player_choice":"Opened","floor":21.0,"gold_loss":0.0,"damage_taken":0.0,"relics_obtained":["Potion Belt"]},{"cards_removed":["Turbo"],"damage_healed":0,"gold_gain":0,"player_choice":"Removed Skill","damage_taken":0,"max_hp_gain":0,"max_hp_loss":0,"event_name":"Falling","floor":45,"gold_loss":0},{"damage_healed":0,"gold_gain":0,"player_choice":"Memory 3","damage_taken":10,"max_hp_gain":0,"max_hp_loss":0,"event_name":"SensoryStone","floor":47,"gold_loss":0}],"is_beta":false,"boss_relics":[{"not_picked":["SlaversCollar","Velvet Choker"],"picked":"Coffee Dripper"},{"not_picked":["Sozu","Astrolabe"],"picked":"Cursed Key"}],"items_purged_floors":[24,28,41],"is_endless":false,"potions_floor_spawned":[4,11,12,16,18,22,30,33,38,42],"ascension_level":6}}