{"host":"utqe55yv0jihe4d6","time":1612734352,"event":{"mods":["2.2 Compatiblity","AchievementEnabler","BaseMod","Block Reminder","Colored Map","Colored Powertips","Minty Spire (QoL Compilation)","Quick Restart","Rare Cards Sparkle","Relic Stats","SuperFastMode"],"gold_per_floor":[118,118,118,139,155,155,191,191,191,191,191],"floor_reached":10,"language":"ENG","playtime":327,"items_purged":[],"score":132,"play_id":"6cc308da-5b8d-45a0-b03a-3b5cb50fc9a5","local_time":"20210207164552","is_ascension_mode":true,"campfire_choices":[{"data":"Neutralize","floor":6,"key":"SMITH"},{"data":"Blade Dance","floor":8,"key":"SMITH"}],"circlet_count":0,"master_deck":["AscendersBane","Strike_G","Strike_G","Strike_G","Strike_G","Strike_G","Defend_G","Defend_G","Defend_G","Defend_G","Defend_G","Survivor","Neutralize+1","Sucker Punch+1","Blade Dance+1","Dagger Spray","Heel Hook"],"relics":["Velvet Choker","Golden Idol","Eternal Feather","White Beast Statue"],"acts_visited":["Exordium"],"potions_floor_usage":[10,10],"damage_taken":[{"damage":0,"enemies":"Small Slimes","floor":1,"turns":4},{"damage":6,"enemies":"Jaw Worm","floor":4,"turns":5},{"damage":0,"enemies":"2 Louse","floor":5,"turns":3},{"damage":34,"enemies":"3 Sentries","floor":7,"turns":11},{"damage":30,"enemies":"Lagavulin","floor":10,"turns":9}],"seed_played":"1175470706344274612","potions_obtained":[{"floor":4,"key":"GhostInAJar"},{"floor":7,"key":"EssenceOfSteel"}],"is_trial":false,"path_per_floor":["M","?","?","M","M","R","E","R","T","E"],"character_chosen":"THE_SILENT","items_purchased":[],"campfire_rested":0,"item_purchase_floors":[],"current_hp_per_floor":[59,59,59,53,53,53,19,28,28,0,0],"gold":191,"neow_bonus":"BOSS_RELIC","is_daily":false,"chose_seed":false,"campfire_upgraded":2,"win_rate":0.0,"timestamp":1612734352,"path_taken":["M","?","?","M","M","R","E","R","T","E"],"items_purchased_type":[],"build_version":"2020-12-22","purchased_purges":0,"victory":false,"max_hp_per_floor":[66,66,60,60,60,60,60,60,60,60,60],"relic_stats":{"counters":[5,32],"Golden Idol":14,"Eternal Feather":9,"obtain_stats":[{"Golden Idol":3,"Velvet Choker":0,"Eternal Feather":7,"White Beast Statue":9,"Ring of the Snake":0},{"Golden Idol":1,"Velvet Choker":0,"Eternal Feather":4,"White Beast Statue":4,"Ring of the Snake":0},{"Golden Idol":4,"Velvet Choker":0,"Eternal Feather":23,"White Beast Statue":23,"Ring of the Snake":0}]},"card_choices":[{"not_picked":["Prepared","Expertise"],"picked":"Sucker Punch","floor":1},{"not_picked":["Catalyst","PiercingWail"],"picked":"Blade Dance","floor":4},{"not_picked":["Dagger Throw","Concentrate"],"picked":"Dagger Spray","floor":5},{"not_picked":["Riddle With Holes","Escape Plan"],"picked":"Heel Hook","floor":7}],"player_experience":3050754,"relics_obtained":[{"floor":7,"key":"Eternal Feather"},{"floor":9,"key":"White Beast Statue"}],"event_choices":[{"damage_healed":0,"gold_gain":0,"player_choice":"Grow","damage_taken":0,"max_hp_gain":0,"max_hp_loss":0,"event_name":"Living Wall","floor":2,"gold_loss":0,"cards_upgraded":["Sucker Punch"]},{"damage_healed":0,"gold_gain":0,"player_choice":"Lose Max HP","damage_taken":0,"relics_obtained":["Golden Idol"],"max_hp_gain":0,"max_hp_loss":6,"event_name":"Golden Idol","floor":3,"gold_loss":0}],"is_beta":false,"boss_relics":[],"items_purged_floors":[],"is_endless":false,"potions_floor_spawned":[4,7],"killed_by":"Lagavulin","ascension_level":20}}