{"host":"rolltorest","time":1612682785,"event":{"mods":["BaseMod","Minty Spire (QoL Compilation)","Relic Stats","Slay the Relics Exporter","StSLib"],"gold_per_floor":[110,185,185,245,261,261,311,338,338,58,58,83,83,144,144,218,218,231,292,307,357,375,375,425,425,425,455,471,471,471],"floor_reached":29,"language":"ENG","playtime":852,"items_purged":[],"score":606,"play_id":"c6565de6-bcdf-41ba-b7fe-84ad1209a8af","local_time":"20210206232625","is_ascension_mode":true,"campfire_choices":[{"data":"Streamline","floor":6,"key":"SMITH"},{"data":"Zap","floor":11,"key":"SMITH"},{"floor":13,"key":"REST"},{"data":"Biased Cognition","floor":15,"key":"SMITH"},{"floor":23,"key":"REST"},{"data":"Coolheaded","floor":25,"key":"SMITH"}],"circlet_count":0,"master_deck":["AscendersBane","Strike_B","Strike_B","Strike_B","Strike_B","Defend_B","Defend_B","Defend_B","Defend_B","Zap+1","Dualcast","Streamline+1","Ball Lightning","Glacier","Clumsy","Echo Form","Biased Cognition+1","Coolheaded","Core Surge","Capacitor","Coolheaded+1","Normality","Consume","Cold Snap"],"relics":["Cursed Key","SsserpentHead","Question Card","Dead Branch","Symbiotic Virus","OrangePellets","Lantern","Inserter","DataDisk"],"acts_visited":["Exordium","TheCity"],"potions_floor_usage":[8,12,27],"damage_taken":[{"damage":14,"enemies":"Jaw Worm","floor":1,"turns":4},{"damage":4,"enemies":"Small Slimes","floor":4,"turns":3},{"damage":0,"enemies":"Cultist","floor":5,"turns":3},{"damage":17,"enemies":"3 Sentries","floor":8,"turns":9},{"damage":15,"enemies":"Gremlin Nob","floor":12,"turns":4},{"damage":2,"enemies":"Exordium Wildlife","floor":14,"turns":2},{"damage":0,"enemies":"Slime Boss","floor":16,"turns":6},{"damage":20,"enemies":"2 Thieves","floor":18,"turns":4},{"damage":0,"enemies":"Chosen","floor":19,"turns":3},{"damage":0,"enemies":"Sentry and Sphere","floor":20,"turns":5},{"damage":9,"enemies":"Snecko","floor":22,"turns":5},{"damage":16,"enemies":"Book of Stabbing","floor":27,"turns":7},{"damage":22,"enemies":"Centurion and Healer","floor":28,"turns":6},{"damage":18,"enemies":"Gremlin Leader","floor":29,"turns":4}],"seed_played":"-3510150938918219622","potions_obtained":[{"floor":4,"key":"PotionOfCapacity"},{"floor":5,"key":"Regen Potion"},{"floor":8,"key":"SpeedPotion"},{"floor":18,"key":"Block Potion"}],"is_trial":false,"path_per_floor":["M","?","?","M","M","R","?","E","T","$","R","E","R","M","R","B",null,"M","M","M","T","M","R","?","R","T","E","M","E"],"character_chosen":"DEFECT","items_purchased":["Echo Form","OrangePellets"],"campfire_rested":2,"item_purchase_floors":[10,10],"current_hp_per_floor":[50,39,39,35,35,35,24,22,22,22,22,7,28,26,26,26,60,40,40,40,40,31,52,52,52,52,36,14,0,0],"gold":471,"neow_bonus":"BOSS_RELIC","is_daily":false,"chose_seed":false,"campfire_upgraded":4,"win_rate":0.0,"timestamp":1612682785,"path_taken":["M","?","?","?","M","R","?","E","T","?","R","E","R","?","R","BOSS","M","?","M","?","M","R","?","R","T","E","M","E"],"items_purchased_type":["Card","Relic"],"build_version":"2020-12-18","purchased_purges":0,"victory":false,"max_hp_per_floor":[71,71,71,71,71,71,71,71,71,71,71,71,71,71,71,71,71,71,71,71,71,71,71,71,71,71,71,71,71,71],"relic_stats":{"SsserpentHead":350,"OrangePellets":[12],"Inserter":[17],"counters":[14,65],"Dead Branch":[30],"Cursed Key":2,"Question Card":10,"obtain_stats":[{"SsserpentHead":3,"OrangePellets":10,"Lantern":12,"DataDisk":27,"Inserter":17,"Dead Branch":8,"Cracked Core":0,"Cursed Key":0,"Question Card":7,"Symbiotic Virus":9},{"SsserpentHead":1,"OrangePellets":4,"Lantern":5,"DataDisk":12,"Inserter":7,"Dead Branch":4,"Cracked Core":0,"Cursed Key":0,"Question Card":3,"Symbiotic Virus":4},{"SsserpentHead":4,"OrangePellets":19,"Lantern":23,"DataDisk":55,"Inserter":31,"Dead Branch":19,"Cracked Core":0,"Cursed Key":0,"Question Card":10,"Symbiotic Virus":19}]},"card_choices":[{"not_picked":["Barrage","Gash"],"picked":"Streamline","floor":1},{"not_picked":["Turbo","Heatsinks"],"picked":"Ball Lightning","floor":4},{"not_picked":["Defragment","Steam"],"picked":"Glacier","floor":5},{"not_picked":["Leap","Beam Cell","Reprogram","Compile Driver"],"picked":"SKIP","floor":8},{"not_picked":["Steam","BootSequence","Sweeping Beam"],"picked":"Biased Cognition","floor":12},{"not_picked":["Recycle","Gash","Hologram"],"picked":"Coolheaded","floor":14},{"not_picked":["Meteor Strike","Hyperbeam","Fission"],"picked":"Core Surge","floor":16},{"not_picked":["Barrage","Redo","Compile Driver","Turbo"],"picked":"SKIP","floor":18},{"not_picked":["Darkness","Gash+1","Redo"],"picked":"Capacitor","floor":19},{"not_picked":["Conserve Battery","Barrage","Turbo"],"picked":"Coolheaded","floor":20},{"not_picked":["Chill","Compile Driver","Streamline"],"picked":"Consume","floor":22},{"not_picked":["Static Discharge","Rebound","Hyperbeam"],"picked":"Cold Snap","floor":27},{"not_picked":["Sunder","Conserve Battery","Hello World","Ball Lightning"],"picked":"SKIP","floor":28}],"player_experience":1910518,"relics_obtained":[{"floor":8,"key":"Dead Branch"},{"floor":9,"key":"Symbiotic Virus"},{"floor":12,"key":"Lantern"},{"floor":27,"key":"DataDisk"}],"event_choices":[{"damage_healed":0,"gold_gain":75,"player_choice":"Gather Gold","damage_taken":11,"max_hp_gain":0,"max_hp_loss":0,"event_name":"World of Goop","floor":2,"gold_loss":0},{"damage_healed":0,"gold_gain":0,"player_choice":"Trade","damage_taken":0,"relics_obtained":["SsserpentHead"],"max_hp_gain":0,"max_hp_loss":0,"event_name":"FaceTrader","floor":3,"gold_loss":0},{"damage_healed":0,"gold_gain":0,"player_choice":"Success","damage_taken":11,"relics_obtained":["Question Card"],"max_hp_gain":0,"max_hp_loss":0,"event_name":"Scrap Ooze","floor":7,"gold_loss":0},{"damage_healed":0,"gold_gain":0,"player_choice":"Ignored","damage_taken":0,"max_hp_gain":0,"max_hp_loss":0,"event_name":"The Mausoleum","floor":24,"gold_loss":0}],"is_beta":true,"boss_relics":[{"not_picked":["Fusion Hammer","Velvet Choker"],"picked":"Inserter"}],"items_purged_floors":[],"is_endless":false,"potions_floor_spawned":[4,5,8,18,22],"killed_by":"Gremlin Leader","ascension_level":20}}