{"host":"fl6c84p0pqwjbhud","time":1612698585,"event":{"mods":["AchievementEnabler","BaseMod","Better Altar","Better Match","Better Note","Better Sensory Stone","Better Skull","Better Third Choice","Better Vampires","Better-Laid Plans","Colored Map","Defuse TimeMaze Blight","Displayed Cursed Tome","Energized Spire","Highlight Path","Minty Spire (QoL Compilation)","Permanent Neow","Quick Restart","Relic Sorter","StSLib","Synergy Search","Transform Curses"],"gold_per_floor":[415,415,66,141,141,141,169,169,192,192,192,227,256,288,288,390,390,407,6,26,26,301,301,319,333,358,268,268,24,24,24,24,121,121,137,156,167,187,205,205,205,239,239,239,251,251,281,314,314,314],"floor_reached":51,"language":"ENG","playtime":2529,"items_purged":["Accuracy","Setup+1"],"score":1255,"play_id":"c0d2ae1b-8277-472c-9cd8-c428b2b8fe44","local_time":"20210207124945","daily_mods":["SealedDeck","Vintage","Allstar","Heirloom","Time Dilation","Flight","Elite Swarm","Lethality"],"is_ascension_mode":false,"campfire_choices":[{"floor":6,"key":"REST"},{"data":"Envenom","floor":8,"key":"SMITH"},{"data":"Setup","floor":11,"key":"SMITH"},{"data":"Deflect","floor":15,"key":"SMITH"},{"data":"After Image","floor":23,"key":"SMITH"},{"floor":28,"key":"REST"},{"data":"Noxious Fumes","floor":30,"key":"SMITH"},{"data":"Deep Breath","floor":32,"key":"SMITH"},{"data":"Madness","floor":40,"key":"SMITH"},{"data":"Madness","floor":41,"key":"SMITH"},{"data":"After Image","floor":44,"key":"SMITH"},{"data":"Blind","floor":46,"key":"SMITH"},{"data":"Slice","floor":49,"key":"SMITH"}],"circlet_count":0,"master_deck":["Deflect+1","Escape Plan+1","Well Laid Plans","Slice+1","Deflect+1","Slice+1","Noxious Fumes+1","Envenom+1","After Image+1","Deep Breath+1","Blind+1","Madness+1","Madness+1","After Image+1"],"relics":["Unceasing Top","Happy Flower","Pen Nib","Omamori","Nunchaku","Old Coin","Paper Crane","War Paint","Smiling Mask","The Courier","Art of War","Blood Vial","SlaversCollar","Tingsha","Question Card","Akabeko","Boot","CeramicFish","Nloth\u0027s Gift","energizedSpire:NeverEndingSparkler","Bag of Preparation","Ice Cream","Vajra","Snake Skull","Anchor","Centennial Puzzle","White Beast Statue"],"acts_visited":["Exordium","TheCity","TheBeyond"],"potions_floor_usage":[16,16,16,19,24,25,36,36,38,38,38,50,50,50],"damage_taken":[{"damage":0,"enemies":"Small Slimes","floor":1,"turns":2},{"damage":0,"enemies":"Lagavulin","floor":7,"turns":1},{"damage":0,"enemies":"3 Sentries","floor":12,"turns":1},{"damage":0,"enemies":"Gremlin Nob","floor":13,"turns":1},{"damage":0,"enemies":"Lagavulin","floor":14,"turns":1},{"damage":0,"enemies":"Hexaghost","floor":16,"turns":1},{"damage":0,"enemies":"Chosen","floor":18,"turns":1},{"damage":0,"enemies":"Spheric Guardian","floor":20,"turns":1},{"damage":5,"enemies":"Centurion and Healer","floor":24,"turns":5},{"damage":20,"enemies":"Snake Plant","floor":25,"turns":4},{"damage":0,"enemies":"Automaton","floor":33,"turns":1},{"damage":0,"enemies":"Orb Walker","floor":35,"turns":1},{"damage":0,"enemies":"3 Darklings","floor":36,"turns":1},{"damage":0,"enemies":"Writhing Mass","floor":37,"turns":1},{"damage":0,"enemies":"Transient","floor":38,"turns":1},{"damage":0,"enemies":"Nemesis","floor":42,"turns":1},{"damage":0,"enemies":"Maw","floor":45,"turns":1},{"damage":0,"enemies":"Giant Head","floor":47,"turns":1},{"damage":0,"enemies":"Reptomancer","floor":48,"turns":1},{"damage":0,"enemies":"Time Eater","floor":50,"turns":9}],"seed_played":"5682448582242833532","potions_obtained":[{"floor":1,"key":"Explosive Potion"},{"floor":7,"key":"Fire Potion"},{"floor":14,"key":"Explosive Potion"},{"floor":20,"key":"BlessingOfTheForge"},{"floor":35,"key":"EntropicBrew"},{"floor":36,"key":"Swift Potion"},{"floor":42,"key":"SpeedPotion"},{"floor":45,"key":"PowerPotion"}],"is_trial":true,"path_per_floor":["M","?","$","?","?","R","E","R","T","?","R","E","E","E","R","B",null,"M","$","M","$","?","R","M","M","T","?","R","$","R","?","R","B",null,"M","M","M","M","?","R","R","E","T","R","M","R","E","E","R","B",null],"character_chosen":"THE_SILENT","items_purchased":["War Paint","Noxious Fumes","Explosive Potion","Pen Nib","Oddly Smooth Stone","Fruit Juice","ColorlessPotion","Deep Breath","Blind","AttackPotion","AttackPotion","Fire Potion"],"campfire_rested":2,"item_purchase_floors":[3,3,3,19,19,19,19,29,29,29,29,29],"current_hp_per_floor":[70,70,70,59,52,70,70,70,70,70,70,70,70,70,70,70,70,70,75,75,75,75,75,70,52,52,52,74,74,74,74,74,75,75,75,75,75,75,66,66,66,68,68,68,70,70,72,74,74,75],"gold":314,"neow_bonus":"","is_daily":false,"chose_seed":false,"campfire_upgraded":11,"win_rate":0.0,"timestamp":1612698585,"path_taken":["M","?","$","?","?","R","E","R","T","?","R","E","E","E","R","BOSS","M","$","M","?","?","R","?","M","T","?","R","$","R","?","R","BOSS","M","M","M","M","?","R","R","E","T","R","M","R","E","E","R","BOSS"],"items_purchased_type":["Relic","Card","Potion","Relic","Relic","Potion","Potion","Card","Card","Potion","Potion","Potion"],"build_version":"2020-12-22","purchased_purges":2,"victory":true,"max_hp_per_floor":[70,70,70,70,70,70,70,70,70,70,70,70,70,70,70,70,70,70,75,75,75,75,75,75,75,75,75,75,75,75,75,75,75,75,75,75,75,75,75,75,75,75,75,75,75,75,75,75,75,75],"card_choices":[{"not_picked":["Adrenaline","Unload"],"picked":"Envenom","floor":7},{"not_picked":["Adrenaline","Malaise","Burst"],"picked":"SKIP","floor":12},{"not_picked":["Grand Finale","Wraith Form v2","Burst"],"picked":"SKIP","floor":13},{"not_picked":["Corpse Explosion","Unload","Glass Knife"],"picked":"SKIP","floor":14},{"not_picked":["Corpse Explosion","Phantasmal Killer"],"picked":"After Image","floor":16},{"not_picked":["Unload","Phantasmal Killer","A Thousand Cuts"],"picked":"After Image","floor":42},{"not_picked":["Night Terror","Adrenaline","Phantasmal Killer","Die Die Die"],"picked":"SKIP","floor":47},{"not_picked":["Unload","Bullet Time","Grand Finale","Adrenaline"],"picked":"SKIP","floor":48}],"player_experience":492133,"relics_obtained":[{"floor":1,"key":"Paper Crane"},{"floor":7,"key":"Smiling Mask"},{"floor":9,"key":"Happy Flower"},{"floor":12,"key":"The Courier"},{"floor":13,"key":"Art of War"},{"floor":14,"key":"Blood Vial"},{"floor":18,"key":"Tingsha"},{"floor":20,"key":"Question Card"},{"floor":24,"key":"Akabeko"},{"floor":25,"key":"Boot"},{"floor":26,"key":"CeramicFish"},{"floor":35,"key":"Bag of Preparation"},{"floor":36,"key":"Ice Cream"},{"floor":37,"key":"Omamori"},{"floor":38,"key":"Vajra"},{"floor":42,"key":"Snake Skull"},{"floor":43,"key":"Anchor"},{"floor":45,"key":"Nunchaku"},{"floor":47,"key":"Centennial Puzzle"},{"floor":48,"key":"White Beast Statue"}],"event_choices":[{"cards_removed":["Accuracy"],"damage_healed":0,"gold_gain":0,"player_choice":"Forget","damage_taken":0,"max_hp_gain":0,"max_hp_loss":0,"event_name":"Living Wall","floor":2,"gold_loss":0},{"damage_healed":0,"gold_gain":75,"player_choice":"Gold","damage_taken":11,"max_hp_gain":0,"max_hp_loss":0,"event_name":"betterThird:BetterGoop","floor":4,"gold_loss":0},{"cards_removed":["Terror"],"damage_healed":0,"gold_gain":0,"player_choice":"Card Removal","damage_taken":7,"max_hp_gain":0,"max_hp_loss":0,"event_name":"Golden Wing","floor":5,"gold_loss":0},{"damage_healed":0,"gold_gain":0,"cards_transformed":["Terror"],"player_choice":"Transformed","damage_taken":0,"max_hp_gain":0,"max_hp_loss":0,"event_name":"Transmorgrifier","floor":10,"gold_loss":0,"cards_obtained":["Setup"]},{"damage_healed":0,"gold_gain":275,"player_choice":"Desecrate","damage_taken":0,"max_hp_gain":0,"max_hp_loss":0,"event_name":"Golden Shrine","floor":22,"gold_loss":0,"cards_obtained":["Regret"]},{"cards_removed":["Regret"],"damage_healed":0,"gold_gain":0,"player_choice":"Upgrade and Remove","damage_taken":0,"max_hp_gain":0,"max_hp_loss":0,"event_name":"Designer","floor":27,"gold_loss":90,"cards_upgraded":["Slice"]},{"damage_healed":0,"gold_gain":0,"player_choice":"Traded Relic","damage_taken":0,"relics_obtained":["Nloth\u0027s Gift"],"max_hp_gain":0,"max_hp_loss":0,"event_name":"N\u0027loth","floor":31,"relics_lost":["Oddly Smooth Stone"],"gold_loss":0},{"damage_healed":0,"gold_gain":0,"player_choice":"Embrace Madness","damage_taken":9,"max_hp_gain":0,"max_hp_loss":0,"event_name":"Winding Halls","floor":39,"gold_loss":0,"cards_obtained":["Madness","Madness"]}],"is_beta":false,"boss_relics":[{"not_picked":["Runic Pyramid","energizedSpire:HighHeels"],"picked":"SlaversCollar"},{"not_picked":["energizedSpire:DeadBattery","Snecko Eye"],"picked":"energizedSpire:NeverEndingSparkler"}],"items_purged_floors":[3,19],"is_endless":false,"potions_floor_spawned":[1,7,14,20,24,33,35,36,42,45,48],"ascension_level":0}}