{"host":"yqm","time":1612710770,"event":{"mods":["ATMod(阿瑾Mod)","BaseMod","Challenge The Spire","Colored Map","Colored Powertips","DeckTracker","Good Game Mod","Minty Spire (QoL Compilation)","MostiFishMod","Quick Restart","Relic Filter","Relic Filter Mod","Relic Stats","Remove Card Discount Mod","StSLib","TestMod","noobMod","篝火指南"],"gold_per_floor":[116,135,135,145,44,78,89,119,166,166,166,179,212,50,50,123,123,137,186,19,31,31,62,62,97,97,131,131,162,176,176,176,253,253,265,282,299,312,329,360,360,360,384,394,422,432,458,470,470,470,470,470,470,128,153,153],"floor_reached":57,"language":"ZHS","playtime":5337,"items_purged":["Strike_B","Strike_B","Strike_B","Strike_B","Defend_B","Defend_B","Defend_B","Defend_B","Regret","Zap","Dualcast"],"score":3734,"play_id":"2ab94e91-763b-4064-ac7c-cc3a09899254","local_time":"20210207231250","is_ascension_mode":true,"campfire_choices":[{"data":"AT_RightCognition","floor":11.0,"key":"SMITH"},{"data":"Genetic Algorithm","floor":15.0,"key":"SMITH"},{"data":"MostiFishMod:InterfaceCompatibility","floor":24.0,"key":"SMITH"},{"data":"MostiFishMod:DawningShadow","floor":32,"key":"SMITH"},{"data":"Coolheaded","floor":41,"key":"SMITH"},{"floor":49,"key":"RECALL"},{"data":"MostiFishMod:ActiveDefenseSystem","floor":53,"key":"SMITH"}],"circlet_count":0,"master_deck":["AscendersBane","AT_RightCognition+1","Genetic Algorithm+1","Blizzard","Coolheaded+1","AT_DarkMatter","Conserve Battery+1","MostiFishMod:InterfaceCompatibility+1","Force Field+1","MostiFishMod:LinkProtocol+1","MostiFishMod:DawningShadow+1","MostiFishMod:ActiveDefenseSystem+1","Capacitor+1","MostiFishMod:SeaWaves+1","AT_StudyProgram+1","MostiFishMod:GatherIntelligence+1","Coolheaded+1","Capacitor+1","Aggregate+1","Electrodynamics+1","AT_ThunderBolt+1","Double Energy+1","Storm+1","Seek+1"],"relics":["Cracked Core","ice","DaveBox","AT_ATBox","testmod-TestBox","NeowsBlessing","testmod-ObsoleteBoomerang","EGODaCapo","SynthV:TestCard","Lantern","Toxic Egg 2","Darkstone Periapt","Bag of Preparation","Dream Catcher","AT_SunfireAegis","Black Star","OrangePellets","testmod-BalancedPeriapt","The Courier","Omamori","Bottled Tornado","HornCleat","Meat on the Bone","AT_ImmortalShieldbow","REME:ComplimentaryCards","Smiling Mask","Frozen Egg 2","Transparent","PreservedInsect","testmod-ArcanaOfDestiny","AT_EbonyIvory","Shuriken","AT_ArcaneBoots","Blood Vial","DataDisk","Medical Kit","Sundial","testmod-Antiphasic","Art of War"],"acts_visited":["Exordium","TheCity","TheBeyond","TheEnding"],"potions_floor_usage":[30,45],"damage_taken":[{"damage":0.0,"enemies":"Jaw Worm","floor":1.0,"turns":1.0},{"damage":0.0,"enemies":"Small Slimes","floor":2.0,"turns":1.0},{"damage":0.0,"enemies":"Cultist","floor":4.0,"turns":1.0},{"damage":23.0,"enemies":"3 Sentries","floor":6.0,"turns":6.0},{"damage":20.0,"enemies":"Exordium Thugs","floor":7.0,"turns":4.0},{"damage":0.0,"enemies":"Lagavulin","floor":8.0,"turns":8.0},{"damage":0.0,"enemies":"Blue Slaver","floor":12.0,"turns":3.0},{"damage":15.0,"enemies":"Gremlin Nob","floor":13.0,"turns":5.0},{"damage":0.0,"enemies":"The Guardian","floor":16.0,"turns":8.0},{"damage":0.0,"enemies":"3 Byrds","floor":18.0,"turns":4.0},{"damage":0.0,"enemies":"Shell Parasite","floor":21.0,"turns":5.0},{"damage":0.0,"enemies":"Gremlin Leader","floor":23.0,"turns":6.0},{"damage":1.0,"enemies":"Slavers","floor":25.0,"turns":9.0},{"damage":0.0,"enemies":"Gremlin Leader","floor":27.0,"turns":6.0},{"damage":0.0,"enemies":"Book of Stabbing","floor":29.0,"turns":8.0},{"damage":0,"enemies":"Cultist and Chosen","floor":30,"turns":6},{"damage":0,"enemies":"Automaton","floor":33,"turns":6},{"damage":56,"enemies":"3 Shapes","floor":35,"turns":4},{"damage":56,"enemies":"Orb Walker","floor":36,"turns":4},{"damage":42,"enemies":"3 Darklings","floor":37,"turns":4},{"damage":28,"enemies":"Sphere and 2 Shapes","floor":38,"turns":4},{"damage":56,"enemies":"4 Shapes","floor":39,"turns":4},{"damage":28,"enemies":"Giant Head","floor":40,"turns":5},{"damage":42,"enemies":"Spire Growth","floor":44,"turns":5},{"damage":56,"enemies":"Nemesis","floor":45,"turns":5},{"damage":56,"enemies":"Writhing Mass","floor":46,"turns":4},{"damage":56,"enemies":"Reptomancer","floor":47,"turns":4},{"damage":14,"enemies":"3 Darklings","floor":48,"turns":1},{"damage":14,"enemies":"Donu and Deca","floor":50,"turns":1},{"damage":14,"enemies":"Time Eater","floor":51,"turns":3},{"damage":28,"enemies":"Shield and Spear","floor":55,"turns":2},{"damage":28,"enemies":"The Heart","floor":56,"turns":5}],"seed_played":"-1311749967515357160","potions_obtained":[{"floor":1.0,"key":"testmod-SpacePotion"},{"floor":4.0,"key":"testmod-TimePotion"},{"floor":6.0,"key":"AttackPotion"},{"floor":12.0,"key":"Regen Potion"},{"floor":25.0,"key":"Block Potion"},{"floor":29.0,"key":"Energy Potion"},{"floor":35,"key":"AttackPotion"},{"floor":38,"key":"GamblersBrew"},{"floor":46,"key":"testmod-TimePotion"},{"floor":55,"key":"PotionOfCapacity"}],"is_trial":false,"path_per_floor":["M","M","?","M","$","E","M","E","T","?","R","M","E","$","R","B",null,"M","T","$","M","$","E","R","E","T","E","?","E","M","?","R","B",null,"M","M","M","M","M","E","R","?","T","M","E","M","E","M","R","B","B",null,"R","$","E","B",null],"character_chosen":"DEFECT","items_purchased":["AT_DarkMatter","AT_SunfireAegis","OrangePellets","Medical Kit","Sundial"],"campfire_rested":0,"item_purchase_floors":[5,14,20,54,54],"current_hp_per_floor":[64,64,64,64,64,41,21,21,21,21,21,21,6,6,6,6,55,55,55,55,55,55,55,55,69,69,69,69,69,69,69,69,69,71,71,69,71,71,69,71,71,71,71,71,69,67,65,71,71,71,71,71,71,71,71,71],"gold":153,"neow_bonus":"THREE_ENEMY_KILL","is_daily":false,"chose_seed":false,"campfire_upgraded":6,"win_rate":0.0,"timestamp":1612710770,"path_taken":["M","M","?","M","$","E","M","E","T","?","R","M","E","?","R","BOSS","M","?","$","M","?","E","R","E","T","E","?","E","M","?","R","BOSS","M","M","M","M","M","E","R","?","T","M","E","M","E","M","R","BOSS","BOSS","R","$","E","BOSS"],"items_purchased_type":["Card","Relic","Relic","Relic","Relic"],"build_version":"2020-12-18","purchased_purges":11,"victory":true,"max_hp_per_floor":[71,71,71,71,71,71,71,71,71,71,71,71,71,71,71,71,71,71,71,71,71,71,71,71,71,71,71,71,71,71,71,71,71,71,71,71,71,71,71,71,71,71,71,71,71,71,71,71,71,71,71,71,71,71,71,71],"relic_stats":{"Darkstone Periapt":0,"counters":[32,139],"PreservedInsect":188,"Bag of Preparation":[51],"Smiling Mask":0,"Medical Kit":[4],"Blood Vial":2,"OrangePellets":[1],"Dream Catcher":0,"Shuriken":[0],"Sundial":[14],"Black Star":8,"Art of War":[3],"obtain_stats":[{"Darkstone Periapt":8,"Lantern":3,"AT_ATBox":0,"DaveBox":0,"AT_ArcaneBoots":56,"ice":0,"Bag of Preparation":9,"Bottled Tornado":25,"Smiling Mask":29,"Blood Vial":47,"Dream Catcher":13,"HornCleat":26,"Sundial":54,"testmod-ObsoleteBoomerang":0,"Toxic Egg 2":6,"Cracked Core":0,"testmod-ArcanaOfDestiny":40,"testmod-TestBox":0,"NeowsBlessing":0,"The Courier":23,"PreservedInsect":40,"AT_EbonyIvory":43,"Omamori":25,"Frozen Egg 2":29,"Medical Kit":54,"AT_ImmortalShieldbow":27,"OrangePellets":20,"testmod-Antiphasic":55,"REME:ComplimentaryCards":0,"AT_SpeedBoots":45,"DataDisk":47,"SynthV:TestCard":1,"Transparent":34,"EGODaCapo":0,"Shuriken":45,"Black Star":17,"Art of War":55,"AT_SunfireAegis":14,"testmod-BalancedPeriapt":23,"Meat on the Bone":27},{"Darkstone Periapt":6,"Lantern":2,"AT_ATBox":0,"DaveBox":0,"AT_ArcaneBoots":32,"ice":0,"Bag of Preparation":6,"Bottled Tornado":13,"Smiling Mask":15,"Blood Vial":27,"Dream Catcher":8,"HornCleat":13,"Sundial":30,"testmod-ObsoleteBoomerang":0,"Toxic Egg 2":4,"Cracked Core":0,"testmod-ArcanaOfDestiny":23,"testmod-TestBox":0,"NeowsBlessing":0,"The Courier":12,"PreservedInsect":23,"AT_EbonyIvory":23,"Omamori":13,"Frozen Egg 2":15,"Medical Kit":30,"AT_ImmortalShieldbow":14,"OrangePellets":10,"testmod-Antiphasic":31,"REME:ComplimentaryCards":0,"AT_SpeedBoots":25,"DataDisk":27,"SynthV:TestCard":1,"Transparent":17,"EGODaCapo":0,"Shuriken":25,"Black Star":9,"Art of War":31,"AT_SunfireAegis":8,"testmod-BalancedPeriapt":12,"Meat on the Bone":14},{"Darkstone Periapt":21,"Lantern":2,"AT_ATBox":0,"DaveBox":0,"AT_ArcaneBoots":135,"ice":0,"Bag of Preparation":21,"Bottled Tornado":61,"Smiling Mask":75,"Blood Vial":127,"Dream Catcher":29,"HornCleat":61,"Sundial":132,"testmod-ObsoleteBoomerang":0,"Toxic Egg 2":9,"Cracked Core":0,"testmod-ArcanaOfDestiny":110,"testmod-TestBox":0,"NeowsBlessing":0,"The Courier":52,"PreservedInsect":110,"AT_EbonyIvory":110,"Omamori":61,"Frozen Egg 2":75,"Medical Kit":132,"AT_ImmortalShieldbow":67,"OrangePellets":41,"testmod-Antiphasic":134,"REME:ComplimentaryCards":0,"AT_SpeedBoots":119,"DataDisk":127,"SynthV:TestCard":1,"Transparent":86,"EGODaCapo":0,"Shuriken":119,"Black Star":37,"Art of War":134,"AT_SunfireAegis":29,"testmod-BalancedPeriapt":52,"Meat on the Bone":67}],"Meat on the Bone":96},"card_choices":[{"not_picked":["Leap","Ball Lightning"],"picked":"Blizzard","floor":1.0},{"not_picked":["AT_HeatAcrobatics","Cold Snap","Tempest","Storm"],"picked":"Coolheaded","floor":2.0},{"not_picked":["Compile Driver","Recycle","Cold Snap","Gash","Turbo"],"picked":"SKIP","floor":4.0},{"not_picked":["Sweeping Beam","Lockon","Streamline","Rip and Tear","Hologram+1"],"picked":"SKIP","floor":6.0},{"not_picked":["Steam Power+1","Leap+1","Turbo+1","Gash","Compile Driver"],"picked":"SKIP","floor":7.0},{"not_picked":["Leap+1","Turbo+1","Redo+1","MostiFishMod:PushDownKick"],"picked":"MostiFishMod:Distribution+1","floor":8.0},{"not_picked":["AT_HeatAcrobatics+1","Rebound","Ball Lightning","Steam+1"],"picked":"Conserve Battery+1","floor":12.0},{"not_picked":["Fission+1","Rebound","MostiFishMod:PushDownKick","Redo+1","Barrage"],"picked":"SKIP","floor":13.0},{"not_picked":["Reboot+1","MostiFishMod:Nova","MostiFishMod:Hijack+1","MostiFishMod:StarOceanB+1"],"picked":"MostiFishMod:InterfaceCompatibility","floor":16.0},{"not_picked":["Static Discharge","Hologram+1","Beam Cell","Redo+1","MostiFishMod:PushDownKick"],"picked":"SKIP","floor":18.0},{"not_picked":["Stack+1","MostiFishMod:PushDownKick","Compile Driver+1","Cold Snap"],"picked":"Force Field+1","floor":21.0},{"not_picked":["Compile Driver","AT_ThreeBodyProblem","Turbo+1","Rebound"],"picked":"MostiFishMod:LinkProtocol+1","floor":23.0},{"not_picked":["Streamline","Steam Power+1","Compile Driver","Go for the Eyes"],"picked":"MostiFishMod:DawningShadow","floor":25.0},{"not_picked":["Sweeping Beam","Go for the Eyes+1","Aggregate+1","Steam Power+1","Barrage"],"picked":"SKIP","floor":27.0},{"not_picked":["Tempest+1","MostiFishMod:GatherIntelligence+1","MostiFishMod:InterfaceCompatibility+1","MostiFishMod:TalkingToTheRain+1","Leap+1"],"picked":"SKIP","floor":29.0},{"not_picked":["Beam Cell","MostiFishMod:IceShield+1","Rebound","Consume+1"],"picked":"Capacitor+1","floor":30},{"not_picked":["MostiFishMod:StarOceanB+1","MostiFishMod:TalkingToTheRain+1","Meteor Strike","Seek+1"],"picked":"MostiFishMod:SeaWaves+1","floor":33},{"not_picked":["Turbo+1","AT_HeatAcrobatics+1","AT_EMC2+1","Lockon"],"picked":"AT_StudyProgram+1","floor":35},{"not_picked":["MostiFishMod:PushDownKick","Barrage+1","Ball Lightning+1","Turbo+1"],"picked":"MostiFishMod:GatherIntelligence+1","floor":36},{"not_picked":["Turbo+1","MostiFishMod:IceShield+1","Streamline","AT_HeatAcrobatics+1","Hologram+1"],"picked":"SKIP","floor":37},{"not_picked":["Reinforced Body+1","Genetic Algorithm+1","Auto Shields+1","AT_HeatAcrobatics+1","Thunder Strike"],"picked":"SKIP","floor":38},{"not_picked":["Barrage","Skim+1","Leap+1","Redo+1"],"picked":"Coolheaded+1","floor":39},{"not_picked":["Leap+1","Turbo+1","Go for the Eyes","Cold Snap"],"picked":"Capacitor+1","floor":40},{"not_picked":["Sunder","Ball Lightning","AT_WarpDrive+1","Leap+1"],"picked":"Aggregate+1","floor":44},{"not_picked":["Beam Cell","Cold Snap","AT_HeatAcrobatics+1","Compile Driver"],"picked":"Electrodynamics+1","floor":45},{"not_picked":["Steam+1","MostiFishMod:ReprogramOld+1","Capacitor+1","AT_RobotInSpace+1"],"picked":"AT_ThunderBolt+1","floor":46},{"not_picked":["Steam Power+1","Cold Snap","MostiFishMod:Impulse+1","Hologram+1"],"picked":"Double Energy+1","floor":47},{"not_picked":["Compile Driver+1","Hologram+1","Static Discharge+1","Redo+1"],"picked":"Storm+1","floor":48},{"not_picked":["MostiFishMod:Nova","Double Energy+1","Hologram+1","Coolheaded+1"],"picked":"Seek+1","floor":55}],"player_experience":892100,"relics_obtained":[{"floor":1.0,"key":"SynthV:TestCard"},{"floor":6.0,"key":"Toxic Egg 2"},{"floor":8.0,"key":"Darkstone Periapt"},{"floor":9.0,"key":"Bag of Preparation"},{"floor":13.0,"key":"Dream Catcher"},{"floor":23.0,"key":"testmod-BalancedPeriapt"},{"floor":23.0,"key":"The Courier"},{"floor":25.0,"key":"Omamori"},{"floor":25.0,"key":"Bottled Tornado"},{"floor":26.0,"key":"HornCleat"},{"floor":27.0,"key":"Meat on the Bone"},{"floor":27.0,"key":"AT_ImmortalShieldbow"},{"floor":29.0,"key":"Smiling Mask"},{"floor":29.0,"key":"Frozen Egg 2"},{"floor":40,"key":"PreservedInsect"},{"floor":40,"key":"testmod-ArcanaOfDestiny"},{"floor":43,"key":"AT_EbonyIvory"},{"floor":45,"key":"Shuriken"},{"floor":45,"key":"AT_SpeedBoots"},{"floor":47,"key":"Blood Vial"},{"floor":47,"key":"DataDisk"},{"floor":55,"key":"testmod-Antiphasic"},{"floor":55,"key":"Art of War"}],"event_choices":[{"damage_healed":0.0,"max_hp_gain":0.0,"max_hp_loss":0.0,"gold_gain":0.0,"event_name":"Big Fish","player_choice":"Box","floor":3.0,"gold_loss":0.0,"damage_taken":0.0,"relics_obtained":["Lantern"],"cards_obtained":["Regret"]},{"damage_healed":0.0,"max_hp_gain":0.0,"max_hp_loss":0.0,"gold_gain":0.0,"event_name":"Golden Wing","player_choice":"Ignored","floor":10.0,"gold_loss":0.0,"damage_taken":0.0},{"damage_healed":0.0,"max_hp_gain":0.0,"max_hp_loss":0.0,"gold_gain":0.0,"event_name":"给自己的盒子","player_choice":"Swap Relic","floor":28.0,"relics_lost":["REME:ComplimentaryCards"],"gold_loss":0.0,"damage_taken":0.0,"relics_obtained":["REME:ComplimentaryCards"]},{"cards_removed":["MostiFishMod:Distribution"],"damage_healed":0,"gold_gain":0,"player_choice":"Elegance","damage_taken":0,"max_hp_gain":0,"max_hp_loss":0,"event_name":"Back to Basics","floor":31,"gold_loss":0},{"damage_healed":0,"gold_gain":0,"player_choice":"Ignored","damage_taken":0,"max_hp_gain":0,"max_hp_loss":0,"event_name":"SecretPortal","floor":42,"gold_loss":0}],"is_beta":true,"boss_relics":[{"not_picked":["testmod-IncinerationGenerator","testmod-BloodSacrificeSpiritualization"],"picked":"Black Star"},{"not_picked":["HereWithMe","Velvet Choker"],"picked":"Transparent"}],"items_purged_floors":[5,5,5,5,5,5,5,5,5,5,5],"is_endless":false,"potions_floor_spawned":[1,4,6,12,25,29,35,38,44,46,55],"ascension_level":20}}