{"host":"5uuadjc5gi6cs0xs","time":1612724797,"event":{"mods":["2.2 Compatiblity","Abigail Mod","AchievementEnabler","Act Like it!","BaseMod","BetterRewards","Chen","FTL Soundtrack","Friendly Minions","Hero for Fun","KinomotoSakuraMod(????)","Kiyohime????","Koishi","Marisa????????","Minty Spire (QoL Compilation)","Onozuka Komachi Mod","Permanent Neow","Prisma Mod","Quick Restart","Railgun Mod","Rare Cards Sparkle","Relic Stats","Remilia??????","StSLib","The Administrix","The Animator","The Exalted","The Gatherer","TheSwordswoman","Waifu the Spire","WarShipGirlsR/????R mod","Yohane!","Yuri Mod","Yuyuko"],"gold_per_floor":[214,214,134,161,9,9,46,46,71,71,71],"floor_reached":10,"language":"DEU","playtime":840,"items_purged":[],"score":67,"play_id":"d9ece4bb-2217-4d93-83e4-c7ce11ac7427","local_time":"20210207200637","is_ascension_mode":true,"campfire_choices":[{"data":"animator:Aqua","floor":6,"key":"SMITH"},{"floor":8,"key":"REST"}],"circlet_count":0,"master_deck":["animator:Strike_Konosuba","animator:Defend_Konosuba","animator:Strike","animator:Strike","animator:Strike","animator:Defend","animator:Defend","animator:Defend","animator:Kazuma","animator:Aqua+1","animator:SakuraMatou+1","animator:Megumin+2","animator:YunYun","animator:Ain"],"relics":["animator:LivingPicture","animator:TheMissingPiece","Juzu Bracelet","Mercury Hourglass","Bromod:ArcaneNullifier"],"acts_visited":["Exordium"],"potions_floor_usage":[7,10],"damage_taken":[{"damage":0,"enemies":"Small Slimes","floor":1,"turns":5},{"damage":11,"enemies":"Cultist","floor":4,"turns":5},{"damage":53,"enemies":"Gremlin Nob","floor":7,"turns":5},{"damage":41,"enemies":"Lagavulin","floor":10,"turns":6}],"seed_played":"-8947900733477757581","potions_obtained":[{"floor":1,"key":"FearPotion"},{"floor":7,"key":"SkillPotion"}],"is_trial":false,"path_per_floor":["M","?","$","M","$","R","E","R","T","E"],"character_chosen":"THE_ANIMATOR","items_purchased":["animator:Megumin","Juzu Bracelet"],"campfire_rested":1,"item_purchase_floors":[3,5],"current_hp_per_floor":[66,66,66,57,57,57,7,26,26,0,0],"gold":71,"neow_bonus":"HUNDRED_GOLD","is_daily":false,"chose_seed":false,"campfire_upgraded":1,"win_rate":0.0,"timestamp":1612724797,"path_taken":["M","?","?","M","$","R","E","R","T","E"],"items_purchased_type":["Card","Relic"],"build_version":"2020-12-22","purchased_purges":0,"victory":false,"max_hp_per_floor":[66,66,66,66,66,66,66,66,66,66,66],"relic_stats":{"counters":[4,21],"Juzu Bracelet":0,"obtain_stats":[{"Bromod:ArcaneNullifier":9,"animator:TheMissingPiece":0,"animator:LivingPicture":0,"Juzu Bracelet":5,"Mercury Hourglass":7},{"Bromod:ArcaneNullifier":3,"animator:TheMissingPiece":0,"animator:LivingPicture":0,"Juzu Bracelet":2,"Mercury Hourglass":3},{"Bromod:ArcaneNullifier":15,"animator:TheMissingPiece":0,"animator:LivingPicture":0,"Juzu Bracelet":10,"Mercury Hourglass":15}],"Mercury Hourglass":[15]},"card_choices":[{"not_picked":["animator:Aisha","animator:CowGirl"],"picked":"animator:SakuraMatou","floor":1},{"not_picked":["animator:Emonzaemon","animator:Konayuki"],"picked":"animator:YunYun","floor":4},{"not_picked":["animator:UneriGinkaku","animator:Shuna"],"picked":"animator:Ain","floor":7}],"player_experience":396147,"relics_obtained":[{"floor":7,"key":"Mercury Hourglass"},{"floor":9,"key":"Bromod:ArcaneNullifier"}],"event_choices":[{"damage_healed":0,"gold_gain":0,"player_choice":"Upgraded","damage_taken":0,"max_hp_gain":0,"max_hp_loss":0,"event_name":"Upgrade Shrine","floor":2,"gold_loss":0,"cards_upgraded":["animator:SakuraMatou"]}],"is_beta":false,"boss_relics":[],"items_purged_floors":[],"is_endless":false,"potions_floor_spawned":[1,7],"killed_by":"Lagavulin","ascension_level":1}}