{"host":"yqw1zpryoutrnocq","time":1612719819,"event":{"mods":["2.2 Compatiblity","AchievementEnabler","BaseMod","Colored Map","Custom Start","DeckTracker","Minty Spire (QoL Compilation)","StSLib","SuperFastMode"],"gold_per_floor":[17,30,47,64,84,84,119,136,208,226,246,246,272,23,23,23,23],"floor_reached":16,"language":"KOR","playtime":577,"items_purged":[],"score":174,"play_id":"bddfc362-d9f3-4dfb-8f43-f89ad8f719f6","local_time":"20210207114339","is_ascension_mode":true,"campfire_choices":[{"data":"Cloak And Dagger","floor":6,"key":"SMITH"},{"data":"Infinite Blades","floor":12,"key":"SMITH"},{"floor":15,"key":"REST"}],"circlet_count":0,"master_deck":["AscendersBane","Strike_G","Strike_G","Strike_G","Strike_G","Strike_G","Defend_G","Defend_G","Defend_G+1","Defend_G","Defend_G","Survivor","Neutralize","Footwork","Sucker Punch","Calculated Gamble","Cloak And Dagger+1","Flying Knee","Cloak And Dagger","Infinite Blades+1","Escape Plan+1","Poisoned Stab","Dagger Spray","Noxious Fumes","Setup"],"relics":["Ring of the Snake","Bird Faced Urn","Centennial Puzzle","Torii","War Paint"],"acts_visited":["Exordium"],"potions_floor_usage":[4,7,10,13,13],"damage_taken":[{"damage":5,"enemies":"Cultist","floor":1,"turns":4},{"damage":0,"enemies":"Jaw Worm","floor":2,"turns":6},{"damage":1,"enemies":"2 Louse","floor":3,"turns":3},{"damage":11,"enemies":"Red Slaver","floor":4,"turns":5},{"damage":9,"enemies":"Exordium Wildlife","floor":5,"turns":6},{"damage":25,"enemies":"Lagavulin","floor":7,"turns":7},{"damage":8,"enemies":"Large Slime","floor":8,"turns":8},{"damage":9,"enemies":"Exordium Thugs","floor":10,"turns":7},{"damage":1,"enemies":"Exordium Wildlife","floor":11,"turns":6},{"damage":4,"enemies":"Gremlin Nob","floor":13,"turns":5},{"damage":44,"enemies":"Slime Boss","floor":16,"turns":5}],"seed_played":"-2797561050083991678","potions_obtained":[{"floor":3,"key":"SneckoOil"},{"floor":5,"key":"AttackPotion"},{"floor":8,"key":"Dexterity Potion"},{"floor":10,"key":"EssenceOfSteel"},{"floor":11,"key":"GhostInAJar"}],"is_trial":false,"path_per_floor":["M","M","M","M","M","R","E","M","T","M","M","R","E","$","R","B"],"character_chosen":"THE_SILENT","items_purchased":["Noxious Fumes","War Paint","Setup"],"campfire_rested":1,"item_purchase_floors":[14,14,14],"current_hp_per_floor":[58,60,61,52,45,45,22,16,16,11,14,14,14,14,35,0,0],"gold":23,"neow_bonus":"ONE_RARE_RELIC","is_daily":false,"chose_seed":false,"campfire_upgraded":2,"win_rate":0.0,"timestamp":1612719819,"path_taken":["M","M","M","M","M","R","E","M","T","M","M","R","E","?","R","BOSS"],"items_purchased_type":["Card","Relic","Card"],"build_version":"2020-12-22","purchased_purges":0,"victory":false,"max_hp_per_floor":[70,70,70,70,70,70,70,70,70,70,70,70,70,70,70,70,70],"card_choices":[{"not_picked":["Sucker Punch","Backflip"],"picked":"Footwork","floor":1},{"not_picked":["Slice","Dagger Throw"],"picked":"Sucker Punch","floor":2},{"not_picked":["PiercingWail","Escape Plan"],"picked":"Calculated Gamble","floor":3},{"not_picked":["Acrobatics","Doppelganger"],"picked":"Cloak And Dagger","floor":4},{"not_picked":["Slice","Bane"],"picked":"Flying Knee","floor":5},{"not_picked":["Dagger Throw","Outmaneuver"],"picked":"Cloak And Dagger","floor":7},{"not_picked":["Distraction","Crippling Poison"],"picked":"Infinite Blades","floor":8},{"not_picked":["Terror","Deflect"],"picked":"Escape Plan","floor":10},{"not_picked":["Flying Knee","Underhanded Strike"],"picked":"Poisoned Stab","floor":11},{"not_picked":["Crippling Poison","Backflip"],"picked":"Dagger Spray","floor":13}],"player_experience":312564,"relics_obtained":[{"floor":7,"key":"Centennial Puzzle"},{"floor":13,"key":"Torii"}],"event_choices":[],"is_beta":false,"boss_relics":[],"items_purged_floors":[],"is_endless":false,"potions_floor_spawned":[3,5,8,10,11],"killed_by":"Slime Boss","ascension_level":10}}