{"host":"3jjxuhjpio8e4zkv","time":1612668625,"event":{"mods":["BaseMod","Colored Map","Highlight Path","Minty Spire (QoL Compilation)","Permanent Neow","Relic Stats","StSLib"],"gold_per_floor":[112,128,141,158,173,173,198,198,224,256,256,273,273,320,320,397,397,412,82,96,109,129,129,129],"floor_reached":23,"language":"ENG","playtime":1139,"items_purged":["Defend_G"],"score":430,"play_id":"9ea5785f-9994-4e84-8ab3-560c2d341184","local_time":"20210206223025","is_ascension_mode":true,"campfire_choices":[{"data":"All Out Attack","floor":6,"key":"SMITH"},{"data":"Footwork","floor":11,"key":"SMITH"},{"data":"Poisoned Stab","floor":13,"key":"SMITH"},{"data":"Catalyst","floor":15,"key":"SMITH"}],"circlet_count":0,"master_deck":["AscendersBane","Strike_G","Strike_G","Strike_G","Strike_G","Strike_G","Defend_G","Defend_G","Defend_G","Defend_G","Survivor+1","Neutralize","Footwork+1","Poisoned Stab+1","Slice","Terror","All Out Attack+1","Dodge and Roll","Catalyst+1","Tools of the Trade","Acrobatics","Bouncing Flask","Backflip"],"relics":["Ring of the Snake","HornCleat","Smiling Mask","Juzu Bracelet","Blood Vial","HoveringKite","Sling"],"acts_visited":["Exordium","TheCity"],"potions_floor_usage":[7,10,14,16,22,22],"damage_taken":[{"damage":2,"enemies":"2 Louse","floor":1,"turns":3},{"damage":0,"enemies":"Cultist","floor":2,"turns":4},{"damage":5,"enemies":"Small Slimes","floor":3,"turns":5},{"damage":6,"enemies":"Looter","floor":4,"turns":4},{"damage":7,"enemies":"3 Louse","floor":5,"turns":5},{"damage":6,"enemies":"3 Sentries","floor":7,"turns":5},{"damage":4,"enemies":"Lagavulin","floor":10,"turns":7},{"damage":0,"enemies":"Exordium Wildlife","floor":12,"turns":3},{"damage":15,"enemies":"3 Sentries","floor":14,"turns":9},{"damage":30,"enemies":"Hexaghost","floor":16,"turns":10},{"damage":12,"enemies":"Shell Parasite","floor":18,"turns":9},{"damage":0,"enemies":"2 Thieves","floor":20,"turns":4},{"damage":33,"enemies":"Shelled Parasite and Fungi","floor":21,"turns":7},{"damage":15,"enemies":"Snake Plant","floor":22,"turns":4},{"damage":15,"enemies":"Slavers","floor":23,"turns":3}],"seed_played":"-6547795426720824875","potions_obtained":[{"floor":3,"key":"SteroidPotion"},{"floor":5,"key":"Energy Potion"},{"floor":7,"key":"SkillPotion"},{"floor":12,"key":"ColorlessPotion"},{"floor":18,"key":"GamblersBrew"}],"is_trial":false,"path_per_floor":["M","M","M","M","M","R","E","?","T","E","R","M","R","E","R","B",null,"M","$","M","M","M","E"],"character_chosen":"THE_SILENT","items_purchased":["Sling","Explosive Potion","Explosive Potion"],"campfire_rested":0,"item_purchase_floors":[19,19,19],"current_hp_per_floor":[57,57,52,46,39,39,33,76,76,72,72,72,72,57,57,29,64,54,54,56,25,12,0,0],"gold":129,"neow_bonus":"UPGRADE_CARD","is_daily":false,"chose_seed":false,"campfire_upgraded":4,"win_rate":0.0,"timestamp":1612668625,"path_taken":["M","M","M","M","M","R","E","?","T","E","R","M","R","E","R","BOSS","M","$","M","M","M","E"],"items_purchased_type":["Relic","Potion","Potion"],"build_version":"2020-12-22","purchased_purges":1,"victory":false,"max_hp_per_floor":[66,66,66,66,66,66,66,76,76,76,76,76,76,76,76,76,76,76,76,76,76,76,76,76],"relic_stats":{"Blood Vial":12,"counters":[15,82],"HoveringKite":[22],"Juzu Bracelet":0,"Smiling Mask":25,"obtain_stats":[{"Blood Vial":14,"HornCleat":7,"HoveringKite":17,"Juzu Bracelet":10,"Smiling Mask":9,"Sling":19,"Ring of the Snake":0},{"Blood Vial":9,"HornCleat":6,"HoveringKite":10,"Juzu Bracelet":7,"Smiling Mask":6,"Sling":11,"Ring of the Snake":0},{"Blood Vial":45,"HornCleat":26,"HoveringKite":55,"Juzu Bracelet":33,"Smiling Mask":26,"Sling":64,"Ring of the Snake":0}],"Ring of the Snake":[30]},"card_choices":[{"not_picked":["Dagger Throw","Outmaneuver"],"picked":"Footwork","floor":1},{"not_picked":["Dagger Throw","Concentrate"],"picked":"Poisoned Stab","floor":2},{"not_picked":["Dodge and Roll","Well Laid Plans"],"picked":"Slice","floor":3},{"not_picked":["Venomology","All Out Attack"],"picked":"Terror","floor":4},{"not_picked":["Crippling Poison","Underhanded Strike"],"picked":"All Out Attack","floor":5},{"not_picked":["Caltrops","Quick Slash"],"picked":"Tools of the Trade","floor":7},{"not_picked":["Flying Knee","Outmaneuver"],"picked":"Dodge and Roll","floor":10},{"not_picked":["PiercingWail","Cloak And Dagger","Slice"],"picked":"SKIP","floor":12},{"not_picked":["Blade Dance","Wraith Form v2"],"picked":"Catalyst","floor":14},{"not_picked":["Storm of Steel","Glass Knife"],"picked":"Tools of the Trade","floor":16},{"not_picked":["Dodge and Roll","Terror"],"picked":"Acrobatics","floor":18},{"not_picked":["Quick Slash","Tactician","Heel Hook"],"picked":"SKIP","floor":20},{"not_picked":["Flying Knee","Cloak And Dagger"],"picked":"Bouncing Flask","floor":21},{"not_picked":["Tactician","Bouncing Flask"],"picked":"Backflip","floor":22}],"player_experience":1263739,"relics_obtained":[{"floor":7,"key":"HornCleat"},{"floor":9,"key":"Smiling Mask"},{"floor":10,"key":"Juzu Bracelet"},{"floor":14,"key":"Blood Vial"}],"event_choices":[{"cards_removed":["Tools of the Trade"],"damage_healed":33,"gold_gain":0,"player_choice":"Offered Rare","damage_taken":0,"max_hp_gain":10,"max_hp_loss":0,"event_name":"Bonfire Elementals","floor":8,"gold_loss":0}],"is_beta":false,"boss_relics":[{"not_picked":["Coffee Dripper","Sozu"],"picked":"HoveringKite"}],"items_purged_floors":[19],"is_endless":false,"potions_floor_spawned":[3,5,7,12,18,21],"killed_by":"Slavers","ascension_level":20}}