{"host":"m1r1dnnd0bbi4qb9","time":1612721520,"event":{"mods":["BaseMod","Minty Spire (QoL Compilation)","SuperFastMode"],"gold_per_floor":[117,42,55,5,5,32,32,66,66,78,106,106,106,120,120,218,218,230,329,340,29,29,29,64,143,143,170,185,185,185,185,185,185,185],"floor_reached":33,"language":"ENG","playtime":978,"items_purged":["Strike_R","Strike_R"],"score":554,"play_id":"3d810ff1-39d7-4de1-bc85-a9f9d356c4fd","local_time":"20210207161200","is_ascension_mode":true,"campfire_choices":[{"data":"Anger","floor":7.0,"key":"SMITH"},{"data":"Uppercut","floor":13.0,"key":"SMITH"},{"data":"Inflame","floor":15.0,"key":"SMITH"},{"data":"Limit Break","floor":23.0,"key":"SMITH"},{"floor":29.0,"key":"REST"},{"data":"Heavy Blade","floor":32.0,"key":"SMITH"}],"circlet_count":0,"master_deck":["AscendersBane","Strike_R","Defend_R","Defend_R","Defend_R","Defend_R","Bash","Anger+1","Ghostly Armor","Shrug It Off","Spot Weakness+1","Uppercut+1","Inflame+1","Limit Break+1","Dual Wield+1","Heavy Blade+1","Limit Break","Shrug It Off","Flex+1","Fire Breathing"],"relics":["Black Blood","NeowsBlessing","Mango","Bird Faced Urn","Paper Frog","Anchor","DollysMirror","Red Skull","Kunai","Ice Cream","TungstenRod","Sundial"],"acts_visited":["Exordium","TheCity"],"potions_floor_usage":[],"damage_taken":[{"damage":0.0,"enemies":"Cultist","floor":1.0,"turns":1.0},{"damage":0.0,"enemies":"Small Slimes","floor":3.0,"turns":1.0},{"damage":0.0,"enemies":"Lagavulin","floor":6.0,"turns":1.0},{"damage":35.0,"enemies":"3 Sentries","floor":8.0,"turns":11.0},{"damage":0.0,"enemies":"Jaw Worm","floor":10.0,"turns":3.0},{"damage":16.0,"enemies":"Gremlin Nob","floor":11.0,"turns":4.0},{"damage":0.0,"enemies":"Large Slime","floor":14.0,"turns":5.0},{"damage":14.0,"enemies":"The Guardian","floor":16.0,"turns":10.0},{"damage":18.0,"enemies":"Shell Parasite","floor":18.0,"turns":6.0},{"damage":14.0,"enemies":"2 Thieves","floor":20.0,"turns":4.0},{"damage":27.0,"enemies":"Gremlin Leader","floor":24.0,"turns":6.0},{"damage":45.0,"enemies":"Slavers","floor":27.0,"turns":7.0},{"damage":13.0,"enemies":"Centurion and Healer","floor":28.0,"turns":6.0},{"damage":0.0,"enemies":"Book of Stabbing","floor":31.0,"turns":1.0},{"damage":85,"enemies":"Collector","floor":33,"turns":6}],"seed_played":"-8393523765363062312","potions_obtained":[{"floor":3.0,"key":"SmokeBomb"},{"floor":10.0,"key":"DistilledChaos"},{"floor":11.0,"key":"SneckoOil"},{"floor":16.0,"key":"Block Potion"},{"floor":18.0,"key":"EssenceOfSteel"}],"is_trial":false,"path_per_floor":["M","$","M","?","?","E","R","E","T","M","E","?","R","M","R","B",null,"M","?","M","$","?","R","E","T","T","E","M","R","T","E","R","B"],"character_chosen":"IRONCLAD","items_purchased":["DollysMirror","Shrug It Off"],"campfire_rested":1,"item_purchase_floors":[21,21],"current_hp_per_floor":[78,78,80,80,73,93,93,64,64,70,60,60,60,66,66,60,86,82,82,82,82,82,82,69,69,69,36,37,65,65,77,77,0,0],"gold":185,"neow_bonus":"THREE_ENEMY_KILL","is_daily":false,"chose_seed":false,"campfire_upgraded":5,"win_rate":0.0,"timestamp":1612721520,"path_taken":["M","?","?","?","?","E","R","E","T","M","E","?","R","?","R","BOSS","M","?","M","$","?","R","E","?","T","E","?","R","?","E","R","BOSS"],"items_purchased_type":["Relic","Card"],"build_version":"2020-12-22","purchased_purges":2,"victory":false,"max_hp_per_floor":[80,80,80,80,80,94,94,94,94,94,94,94,94,94,94,94,94,94,94,94,94,94,94,94,94,94,94,94,94,94,94,94,94,94],"card_choices":[{"not_picked":["True Grit","Rampage"],"picked":"Anger","floor":1.0},{"not_picked":["Sword Boomerang","Twin Strike"],"picked":"Ghostly Armor","floor":3.0},{"not_picked":["Perfected Strike","Seeing Red"],"picked":"Shrug It Off","floor":6.0},{"not_picked":["Cleave","Perfected Strike"],"picked":"Spot Weakness","floor":8.0},{"not_picked":["Dark Embrace","Perfected Strike"],"picked":"Uppercut","floor":10.0},{"not_picked":["Combust","Wild Strike","Uppercut"],"picked":"SKIP","floor":11.0},{"not_picked":["Armaments","Iron Wave"],"picked":"Inflame","floor":14.0},{"not_picked":["Barricade","Immolate"],"picked":"Limit Break","floor":16.0},{"not_picked":["Body Slam","Wild Strike"],"picked":"Dual Wield+1","floor":18.0},{"not_picked":["Dual Wield","Hemokinesis"],"picked":"Heavy Blade","floor":20.0},{"not_picked":["Wild Strike+1","Shrug It Off+1"],"picked":"Flex+1","floor":24.0},{"not_picked":["Wild Strike+1","Battle Trance+1"],"picked":"Fire Breathing","floor":27.0},{"not_picked":["True Grit","Reckless Charge","Shrug It Off+1"],"picked":"SKIP","floor":28.0}],"player_experience":601562,"relics_obtained":[{"floor":6.0,"key":"Mango"},{"floor":8.0,"key":"Bird Faced Urn"},{"floor":9.0,"key":"Paper Frog"},{"floor":11.0,"key":"Anchor"},{"floor":24.0,"key":"Red Skull"},{"floor":25.0,"key":"Kunai"},{"floor":26.0,"key":"Ice Cream"},{"floor":27.0,"key":"TungstenRod"},{"floor":30.0,"key":"Sundial"}],"event_choices":[{"cards_removed":["Strike_R"],"damage_healed":0.0,"max_hp_gain":0.0,"max_hp_loss":0.0,"gold_gain":0.0,"event_name":"The Cleric","player_choice":"Card Removal","floor":4.0,"gold_loss":50.0,"damage_taken":0.0},{"cards_removed":["Strike_R"],"damage_healed":0.0,"max_hp_gain":0.0,"max_hp_loss":0.0,"gold_gain":0.0,"event_name":"Golden Wing","player_choice":"Card Removal","floor":5.0,"gold_loss":0.0,"damage_taken":7.0},{"damage_healed":0.0,"max_hp_gain":0.0,"max_hp_loss":0.0,"gold_gain":0.0,"event_name":"Upgrade Shrine","player_choice":"Upgraded","floor":12.0,"gold_loss":0.0,"damage_taken":0.0,"cards_upgraded":["Spot Weakness"]},{"damage_healed":0.0,"max_hp_gain":0.0,"max_hp_loss":0.0,"gold_gain":99.0,"event_name":"Nest","player_choice":"Stole From Cult","floor":19.0,"gold_loss":0.0,"damage_taken":0.0},{"damage_healed":0.0,"max_hp_gain":0.0,"max_hp_loss":0.0,"gold_gain":0.0,"event_name":"Ghosts","player_choice":"Ignored","floor":22.0,"gold_loss":0.0,"damage_taken":0.0}],"is_beta":false,"boss_relics":[{"not_picked":["Busted Crown","Ectoplasm"],"picked":"Black Blood"}],"items_purged_floors":[2,21],"is_endless":false,"potions_floor_spawned":[3,10,11,16,18,31],"killed_by":"Collector","ascension_level":10}}