{"host":"630px4nyj50z5id8","time":1612701862,"event":{"mods":["BaseMod","Better Note","Colored Powertips","Good Game Mod","Minty Spire (QoL Compilation)","Quick Restart","Rare Cards Sparkle","Relic Filter Mod","Replay The Spire","StSLib","Waifu the Spire"],"gold_per_floor":[135,172,225,225,265,318,318,318,318],"floor_reached":8,"language":"ZHS","playtime":268,"items_purged":[],"score":110,"play_id":"8e73efcc-da17-4d9d-a4a3-f18176e81a8a","local_time":"20210207204422","is_ascension_mode":true,"campfire_choices":[{"floor":7,"key":"REST"}],"circlet_count":0,"master_deck":["AscendersBane","Strike_G","Strike_G","Strike_G","Strike_G","Strike_G","Defend_G","Defend_G","Defend_G","Defend_G","Defend_G","Survivor","Neutralize","HandOfGreed","Dash","Acrobatics","Footwork"],"relics":["Ring of the Snake","REME:ComplimentaryCards","NeowsBlessing","Oddly Smooth Stone","The Specimen"],"acts_visited":["Exordium"],"potions_floor_usage":[6],"damage_taken":[{"damage":0.0,"enemies":"Cultist","floor":1.0,"turns":2.0},{"damage":0.0,"enemies":"Jaw Worm","floor":2.0,"turns":2.0},{"damage":0.0,"enemies":"2 Louse","floor":3.0,"turns":3.0},{"damage":2.0,"enemies":"Looter","floor":5.0,"turns":5.0},{"damage":30,"enemies":"Lagavulin","floor":6,"turns":10},{"damage":46,"enemies":"Gremlin Nob","floor":8,"turns":4}],"seed_played":"-2990941395296501918","potions_obtained":[{"floor":2.0,"key":"Fruit Juice"},{"floor":5.0,"key":"GhostInAJar"}],"is_trial":false,"path_per_floor":["M","M","M","?","M","E","R","E"],"character_chosen":"THE_SILENT","items_purchased":[],"campfire_rested":1,"item_purchase_floors":[],"current_hp_per_floor":[59,59,64,46,44,14,35,0,0],"gold":318,"neow_bonus":"THREE_ENEMY_KILL","is_daily":false,"chose_seed":false,"campfire_upgraded":0,"win_rate":0.0,"timestamp":1612701862,"path_taken":["M","M","M","?","M","E","R","E"],"items_purchased_type":[],"build_version":"2020-12-22","purchased_purges":0,"victory":false,"max_hp_per_floor":[66,66,71,71,71,71,71,71,71],"card_choices":[{"not_picked":["Dodge and Roll","Dagger Throw","Fluid Movement"],"picked":"SKIP","floor":1.0},{"not_picked":["Masterful Stab","Outmaneuver"],"picked":"Dash","floor":2.0},{"not_picked":["Predator","Flying Knee","Sucker Punch"],"picked":"SKIP","floor":3.0},{"not_picked":["Hidden Blade","Blade Dance"],"picked":"Acrobatics","floor":5.0},{"not_picked":["Dagger Throw","Toxin Wave"],"picked":"Footwork","floor":6}],"player_experience":419464,"relics_obtained":[{"floor":6,"key":"The Specimen"}],"event_choices":[{"damage_healed":0.0,"max_hp_gain":0.0,"max_hp_loss":0.0,"gold_gain":0.0,"event_name":"Scrap Ooze","player_choice":"Success","floor":4.0,"gold_loss":0.0,"damage_taken":18.0,"relics_obtained":["Oddly Smooth Stone"]}],"is_beta":false,"boss_relics":[],"items_purged_floors":[],"is_endless":false,"potions_floor_spawned":[2,5],"killed_by":"Gremlin Nob","ascension_level":18}}