{"host":"d76q0rb9a0s9bgr5","time":1612727906,"event":{"mods":["BaseMod","Downfall","Hubris","Minty Spire (QoL Compilation)","StSLib"],"gold_per_floor":[113,38,38,38,51,84,97,432,432,452,462,442,462,478,478,573,573,589,606,620,620,620],"floor_reached":21,"language":"ENG","playtime":1057,"items_purged":["Strike_R"],"score":205,"play_id":"4d3252b2-07d6-4fa5-84da-48ab9baabfe1","local_time":"20210207205826","is_ascension_mode":true,"campfire_choices":[{"data":"Inflame","floor":15,"key":"SMITH"}],"circlet_count":0,"master_deck":["Strike_R","Strike_R","Strike_R","Defend_R","Defend_R","Defend_R","Bash","Inflame+1","Clash","Clash","Body Slam","Shrug It Off","Juggernaut"],"relics":["Coffee Dripper","Ice Cream","Old Coin","Strawberry","Black Star"],"acts_visited":["Exordium","TheCity"],"potions_floor_usage":[16,16,16,16,19],"damage_taken":[{"damage":1.0,"enemies":"Cultist","floor":1.0,"turns":3.0},{"damage":2.0,"enemies":"Small Slimes","floor":5.0,"turns":3.0},{"damage":26.0,"enemies":"3 Sentries","floor":6.0,"turns":10.0},{"damage":0.0,"enemies":"2 Louse","floor":7.0,"turns":2.0},{"damage":11.0,"enemies":"Lagavulin","floor":8.0,"turns":5.0},{"damage":8.0,"enemies":"Exordium Thugs","floor":10.0,"turns":3.0},{"damage":0.0,"enemies":"2 Fungi Beasts","floor":11.0,"turns":2.0},{"damage":0.0,"enemies":"Lots of Slimes","floor":13.0,"turns":3.0},{"damage":0,"enemies":"Gremlin Gang","floor":14,"turns":3},{"damage":31,"enemies":"The Guardian","floor":16,"turns":7},{"damage":4,"enemies":"Shell Parasite","floor":18,"turns":4},{"damage":9,"enemies":"3 Byrds","floor":19,"turns":5},{"damage":47,"enemies":"Cultist and Chosen","floor":20,"turns":8},{"damage":29,"enemies":"Centurion and Healer","floor":21,"turns":3}],"seed_played":"8782457709801958301","potions_obtained":[{"floor":7.0,"key":"LiquidMemories"},{"floor":8.0,"key":"EntropicBrew"},{"floor":12.0,"key":"Swift Potion"},{"floor":18,"key":"Explosive Potion"},{"floor":20,"key":"Dexterity Potion"}],"is_trial":false,"path_per_floor":["M","$","?","?","M","E","M","E","T","M","M","?","M","M","R","B",null,"M","M","M","M"],"character_chosen":"IRONCLAD","items_purchased":[],"campfire_rested":0,"item_purchase_floors":[],"current_hp_per_floor":[79,79,72,72,70,44,44,33,40,32,32,32,32,32,32,1,87,83,74,27,0,0],"gold":620,"neow_bonus":"BOSS_RELIC","is_daily":false,"chose_seed":false,"campfire_upgraded":1,"win_rate":0.0,"timestamp":1612727906,"path_taken":["M","?","?","?","?","E","M","E","T","M","M","?","?","M","R","BOSS","M","M","M","?"],"items_purchased_type":[],"build_version":"2020-12-22","purchased_purges":1,"victory":false,"max_hp_per_floor":[80,80,80,80,80,80,80,80,87,87,87,87,87,87,87,87,87,87,87,87,87,87],"card_choices":[{"not_picked":["Thunderclap","Twin Strike"],"picked":"Inflame","floor":1.0},{"not_picked":["True Grit","Dark Embrace","Headbutt"],"picked":"SKIP","floor":5.0},{"not_picked":["Second Wind","Dropkick"],"picked":"Clash","floor":6.0},{"not_picked":["True Grit","Searing Blow","Perfected Strike"],"picked":"SKIP","floor":7.0},{"not_picked":["Double Tap","Anger"],"picked":"Clash","floor":8.0},{"not_picked":["Iron Wave","Burning Pact"],"picked":"Body Slam","floor":10.0},{"not_picked":["Uppercut","Sword Boomerang","Pummel"],"picked":"SKIP","floor":11.0},{"not_picked":["Blood for Blood","Reckless Charge"],"picked":"Shrug It Off","floor":13},{"not_picked":["Body Slam","Headbutt","Rampage"],"picked":"SKIP","floor":14},{"not_picked":["Berserk","Bludgeon"],"picked":"Juggernaut","floor":16},{"not_picked":["Power Through","Feel No Pain+1","Uppercut"],"picked":"SKIP","floor":18},{"not_picked":["hubris:SharpeningStone","Anger","Entrench"],"picked":"SKIP","floor":19},{"not_picked":["Feel No Pain","Heavy Blade","Body Slam"],"picked":"SKIP","floor":20}],"player_experience":110292,"relics_obtained":[{"floor":6.0,"key":"Ice Cream"},{"floor":8.0,"key":"Old Coin"},{"floor":9.0,"key":"Strawberry"}],"event_choices":[{"cards_removed":["Strike_R"],"damage_healed":0.0,"max_hp_gain":0.0,"max_hp_loss":0.0,"gold_gain":0.0,"event_name":"Golden Wing","player_choice":"Card Removal","floor":3.0,"gold_loss":0.0,"damage_taken":7.0},{"cards_removed":["Defend_R"],"damage_healed":0.0,"max_hp_gain":0.0,"max_hp_loss":0.0,"gold_gain":0.0,"event_name":"Purifier","player_choice":"Purged","floor":4.0,"gold_loss":0.0,"damage_taken":0.0},{"damage_healed":0.0,"max_hp_gain":0.0,"max_hp_loss":0.0,"gold_gain":0.0,"event_name":"The Woman in Blue","player_choice":"Bought 1 Potion","floor":12.0,"gold_loss":0.0,"damage_taken":0.0}],"is_beta":false,"boss_relics":[{"not_picked":["hubris:VirtuousBlindfold","Calling Bell"],"picked":"Black Star"}],"items_purged_floors":[2],"is_endless":false,"potions_floor_spawned":[7,8,14,18,20],"killed_by":"Centurion and Healer","ascension_level":1}}