{"host":"Lrdox","time":1612720099,"event":{"mods":["BaseMod","Colored Map","Minty Spire (QoL Compilation)","Relic Stats"],"gold_per_floor":[109,129,140,159,6,6,40,40,67,67,67,101,120,135,135,238,238,258,258,10,28,38,38,50,250,250,250,9,9,39,39,39,135,135,145,67,83,83,1082,1082,1082,1113,1139,426,426,426],"floor_reached":45,"language":"ENG","playtime":1686,"items_purged":["Strike_R","Cleave","Wild Strike","Normality"],"score":775,"play_id":"f7130d10-7aa9-4608-a478-c74a5a17f157","local_time":"20210207184819","is_ascension_mode":true,"campfire_choices":[{"data":"True Grit","floor":6.0,"key":"SMITH"},{"data":"Bludgeon","floor":10.0,"key":"SMITH"},{"floor":15.0,"key":"REST"},{"floor":23.0,"key":"REST"},{"data":"Armaments","floor":27,"key":"SMITH"},{"data":"Entrench","floor":29,"key":"SMITH"},{"floor":32,"key":"REST"},{"floor":40,"key":"REST"}],"circlet_count":0,"master_deck":["AscendersBane","Bash","Cleave","Pommel Strike","Feel No Pain","True Grit+1","Inflame","Bludgeon+1","Twin Strike","Fiend Fire","Armaments+1","Pommel Strike","Clothesline","Carnage","Inflame","True Grit","Shrug It Off","Dropkick","Shockwave","Entrench+1","Spot Weakness","Corruption","Dual Wield","Body Slam","Normality","Ghostly Armor+1","Feel No Pain","Shrug It Off","Power Through"],"relics":["Runic Pyramid","Art of War","Boot","Bronze Scales","MealTicket","Pandora\u0027s Box","Regal Pillow","TungstenRod","White Beast Statue","Pocketwatch","SlaversCollar","Mercury Hourglass","Centennial Puzzle","Self Forming Clay","Happy Flower"],"acts_visited":["TheCity","TheBeyond"],"potions_floor_usage":[33,33,45],"damage_taken":[{"damage":6.0,"enemies":"Cultist","floor":1.0,"turns":4.0},{"damage":1.0,"enemies":"Small Slimes","floor":2.0,"turns":4.0},{"damage":4.0,"enemies":"2 Louse","floor":3.0,"turns":3.0},{"damage":6.0,"enemies":"Exordium Thugs","floor":4.0,"turns":4.0},{"damage":7.0,"enemies":"3 Sentries","floor":7.0,"turns":8.0},{"damage":23.0,"enemies":"Lagavulin","floor":12.0,"turns":6.0},{"damage":1.0,"enemies":"2 Fungi Beasts","floor":13.0,"turns":3.0},{"damage":9.0,"enemies":"3 Louse","floor":14.0,"turns":3.0},{"damage":16.0,"enemies":"Slime Boss","floor":16.0,"turns":11.0},{"damage":12.0,"enemies":"Chosen","floor":18.0,"turns":3.0},{"damage":20.0,"enemies":"Shell Parasite","floor":21.0,"turns":4.0},{"damage":17.0,"enemies":"3 Cultists","floor":22.0,"turns":5.0},{"damage":9.0,"enemies":"Centurion and Healer","floor":24.0,"turns":6.0},{"damage":45,"enemies":"Slavers","floor":30,"turns":6},{"damage":41,"enemies":"Automaton","floor":33,"turns":8},{"damage":26,"enemies":"3 Darklings","floor":35,"turns":4},{"damage":36,"enemies":"3 Shapes","floor":37,"turns":7},{"damage":19,"enemies":"Reptomancer","floor":42,"turns":4},{"damage":73,"enemies":"Transient","floor":45,"turns":5}],"seed_played":"-8126814565299809214","potions_obtained":[{"floor":2.0,"key":"SpeedPotion"},{"floor":3.0,"key":"Swift Potion"},{"floor":7.0,"key":"Weak Potion"},{"floor":14.0,"key":"Weak Potion"},{"floor":18.0,"key":"DuplicationPotion"},{"floor":22.0,"key":"ElixirPotion"},{"floor":24,"key":"Weak Potion"},{"floor":30,"key":"SkillPotion"},{"floor":33,"key":"SteroidPotion"},{"floor":35,"key":"SkillPotion"},{"floor":37,"key":"Energy Potion"}],"is_trial":false,"path_per_floor":["M","M","M","M","$","R","E","?","T","R","?","E","M","M","R","B",null,"M","?","$","M","M","R","M","?","T","R","$","R","E","?","R","B",null,"M","$","M","?","?","R","?","E","T","$","M"],"character_chosen":"IRONCLAD","items_purchased":["Inflame","Regal Pillow","Shockwave","Entrench","Dual Wield","Self Forming Clay","Happy Flower","Feel No Pain","Shrug It Off","Power Through"],"campfire_rested":4,"item_purchase_floors":[5,20,28,28,36,44,44,44,44,44],"current_hp_per_floor":[66,65,61,55,55,55,48,41,41,41,34,11,10,1,25,9,62,50,35,50,30,13,53,44,44,44,44,59,59,14,14,54,13,67,41,56,20,20,20,60,60,41,41,56,0,0],"gold":426,"neow_bonus":"BOSS_RELIC","is_daily":false,"chose_seed":false,"campfire_upgraded":4,"win_rate":0.0,"timestamp":1612720099,"path_taken":["M","M","?","M","$","R","E","?","T","R","?","E","M","M","R","BOSS","M","?","$","M","M","R","M","?","T","R","?","R","E","?","R","BOSS","M","$","M","?","?","R","?","E","T","$","M"],"items_purchased_type":["Card","Relic","Card","Card","Card","Relic","Relic","Card","Card","Card"],"build_version":"2020-12-18","purchased_purges":4,"victory":false,"max_hp_per_floor":[80,80,80,80,80,80,80,80,80,80,80,80,80,80,80,80,80,80,85,85,85,85,85,85,85,85,85,85,85,85,85,85,85,85,85,85,85,85,85,85,81,81,81,81,81,81],"relic_stats":{"Regal Pillow":45,"Happy Flower":[1],"counters":[19,98],"Self Forming Clay":[9],"Boot":[4],"Mercury Hourglass":[15],"Centennial Puzzle":[3],"Bronze Scales":[182],"MealTicket":60,"Pandora\u0027s Box":["Armaments","Cleave","Pommel Strike","Clothesline","Wild Strike","Carnage","Inflame"],"Art of War":[15],"obtain_stats":[{"Regal Pillow":20,"Happy Flower":44,"Self Forming Clay":44,"Boot":8,"Burning Blood":0,"White Beast Statue":30,"Mercury Hourglass":42,"SlaversCollar":34,"Centennial Puzzle":43,"Bronze Scales":9,"MealTicket":12,"Pandora\u0027s Box":17,"Art of War":7,"TungstenRod":26,"Runic Pyramid":0,"Pocketwatch":31},{"Regal Pillow":10,"Happy Flower":18,"Self Forming Clay":18,"Boot":5,"Burning Blood":0,"White Beast Statue":14,"Mercury Hourglass":18,"SlaversCollar":15,"Centennial Puzzle":18,"Bronze Scales":5,"MealTicket":6,"Pandora\u0027s Box":9,"Art of War":5,"TungstenRod":13,"Runic Pyramid":0,"Pocketwatch":14},{"Regal Pillow":49,"Happy Flower":93,"Self Forming Clay":93,"Boot":23,"Burning Blood":0,"White Beast Statue":70,"Mercury Hourglass":93,"SlaversCollar":78,"Centennial Puzzle":93,"Bronze Scales":23,"MealTicket":29,"Pandora\u0027s Box":46,"Art of War":23,"TungstenRod":64,"Runic Pyramid":0,"Pocketwatch":70}],"TungstenRod":27,"Pocketwatch":[10]},"card_choices":[{"not_picked":["Clash","Infernal Blade"],"picked":"Cleave","floor":1.0},{"not_picked":["Searing Blow","Iron Wave"],"picked":"Pommel Strike","floor":2.0},{"not_picked":["Flex","Dark Embrace"],"picked":"Feel No Pain","floor":3.0},{"not_picked":["Perfected Strike","Shrug It Off"],"picked":"True Grit","floor":4.0},{"not_picked":["Flex","Feel No Pain"],"picked":"Bludgeon","floor":7.0},{"not_picked":["Body Slam","Clash","Whirlwind"],"picked":"SKIP","floor":12.0},{"not_picked":["Armaments","Juggernaut"],"picked":"Dark Embrace","floor":13.0},{"not_picked":["Whirlwind","Flex"],"picked":"Twin Strike","floor":14.0},{"not_picked":["Demon Form","Berserk"],"picked":"Fiend Fire","floor":16.0},{"not_picked":["Perfected Strike","Clash","Twin Strike"],"picked":"SKIP","floor":18.0},{"not_picked":["Armaments","Thunderclap"],"picked":"True Grit","floor":21.0},{"not_picked":["Armaments","Havoc"],"picked":"Shrug It Off","floor":22.0},{"not_picked":["Sword Boomerang","Shrug It Off"],"picked":"Dropkick","floor":24},{"not_picked":["Intimidate+1","Burning Pact"],"picked":"Spot Weakness","floor":30},{"not_picked":["Immolate","Brutality"],"picked":"Corruption","floor":33},{"not_picked":["Pommel Strike","Perfected Strike","Cleave"],"picked":"SKIP","floor":35},{"not_picked":["Perfected Strike+1","Anger"],"picked":"Body Slam","floor":37},{"not_picked":["Cleave","Evolve+1"],"picked":"Ghostly Armor+1","floor":42}],"player_experience":234741,"relics_obtained":[{"floor":7.0,"key":"Art of War"},{"floor":9.0,"key":"Bronze Scales"},{"floor":12.0,"key":"MealTicket"},{"floor":26,"key":"TungstenRod"},{"floor":30,"key":"White Beast Statue"},{"floor":42,"key":"Mercury Hourglass"},{"floor":43,"key":"Centennial Puzzle"}],"event_choices":[{"damage_healed":0.0,"max_hp_gain":0.0,"max_hp_loss":0.0,"gold_gain":0.0,"event_name":"Scrap Ooze","player_choice":"Success","floor":8.0,"gold_loss":0.0,"damage_taken":7.0,"relics_obtained":["Boot"]},{"cards_removed":["Strike_R"],"damage_healed":0.0,"max_hp_gain":0.0,"max_hp_loss":0.0,"gold_gain":0.0,"event_name":"Golden Wing","player_choice":"Card Removal","floor":11.0,"gold_loss":0.0,"damage_taken":7.0},{"damage_healed":0.0,"max_hp_gain":5.0,"max_hp_loss":0.0,"gold_gain":0.0,"event_name":"Forgotten Altar","player_choice":"Shed Blood","floor":19.0,"gold_loss":0.0,"damage_taken":20.0},{"damage_healed":0,"gold_gain":250,"player_choice":"Bet on Owner","damage_taken":0,"max_hp_gain":0,"max_hp_loss":0,"event_name":"The Joust","floor":25,"gold_loss":50},{"damage_healed":0,"gold_gain":0,"player_choice":"Opened","damage_taken":0,"relics_obtained":["Pocketwatch"],"max_hp_gain":0,"max_hp_loss":0,"event_name":"The Mausoleum","floor":31,"gold_loss":0},{"cards_removed":["Dark Embrace"],"damage_healed":0,"gold_gain":0,"player_choice":"Removed Power","damage_taken":0,"max_hp_gain":0,"max_hp_loss":0,"event_name":"Falling","floor":38,"gold_loss":0},{"damage_healed":0,"gold_gain":999,"player_choice":"Gold","damage_taken":0,"max_hp_gain":0,"max_hp_loss":0,"event_name":"MindBloom","floor":39,"gold_loss":0,"cards_obtained":["Normality","Normality"]},{"damage_healed":0,"gold_gain":0,"player_choice":"Max HP","damage_taken":0,"max_hp_gain":0,"max_hp_loss":4,"event_name":"Winding Halls","floor":41,"gold_loss":0}],"is_beta":true,"boss_relics":[{"not_picked":["Runic Cube","Coffee Dripper"],"picked":"Pandora\u0027s Box"},{"not_picked":["Tiny House","Runic Dome"],"picked":"SlaversCollar"}],"items_purged_floors":[5,20,28,44],"is_endless":false,"potions_floor_spawned":[2,3,7,14,18,22,24,30,33,35,37,42],"killed_by":"Transient","ascension_level":12}}