{"host":"bplbr8uekuotory4","time":1612682673,"event":{"mods":["Act Like it!","BaseMod","GungeonMod","Hermit","KinomotoSakuraMod(木之本樱)","Marisa（F雨　魔理沙）","Minty Spire (QoL Compilation)","Prisma Mod","Quick Restart","Reimu（博丽灵梦）","SOS（斯巴达之子）","Spicy Shops","StSLib","TestMod","The Blackbeard","The Cursed","The Mystic","The Poker Player","The Saiyan","The Senshi","The Servant 0.9.4","Yuri Mod","[IsaacMod]以撒尖塔"],"gold_per_floor":[113,195,211,161,190,190,190,190],"floor_reached":6,"language":"ZHS","playtime":44,"items_purged":[],"score":56,"play_id":"ef52e699-6a1a-4fa8-b929-ded771f54415","local_time":"20210207152433","is_ascension_mode":true,"campfire_choices":[],"circlet_count":0,"master_deck":["AscendersBane","blackbeard:BlackbeardStrike","blackbeard:BlackbeardStrike","blackbeard:BlackbeardStrike","blackbeard:BlackbeardStrike","blackbeard:IntimidatingStrike","blackbeard:BlackbeardDefend","blackbeard:BlackbeardDefend","blackbeard:BlackbeardDefend","blackbeard:Cutlass","blackbeard:BuriedTreasure","blackbeard:TacticalRetreat","blackbeard:GoldenDefense","Bomb"],"relics":["blackbeard:LoadTheCannons","testmod-TestBox","HushsDoor","SalivaCoin","testmod-IntensifyImprint","NeowsBlessing"],"acts_visited":["Exordium"],"potions_floor_usage":[],"damage_taken":[{"damage":0,"enemies":"Small Slimes","floor":1,"turns":1},{"damage":0,"enemies":"Jaw Worm","floor":3,"turns":1},{"damage":0,"enemies":"2 Louse","floor":5,"turns":1},{"damage":0,"enemies":"Lagavulin","floor":6,"turns":1}],"seed_played":"7147945297554345789","potions_obtained":[{"floor":3,"key":"blackbeard:OrangeJuicePotion"}],"is_trial":false,"path_per_floor":["M","?","M","?","M","E"],"character_chosen":"BLACKBEARD_CLASS","items_purchased":[],"campfire_rested":0,"item_purchase_floors":[],"current_hp_per_floor":[68,57,57,57,57,57,57,57],"gold":190,"neow_bonus":"THREE_ENEMY_KILL","is_daily":false,"chose_seed":false,"campfire_upgraded":0,"win_rate":0.0,"timestamp":1612682673,"path_taken":["M","?","M","?","M","E"],"items_purchased_type":[],"build_version":"2020-12-22","purchased_purges":0,"victory":false,"max_hp_per_floor":[75,75,75,75,75,75,75,75],"card_choices":[{"not_picked":["blackbeard:DoubleCannonball","blackbeard:FieryDefense"],"picked":"blackbeard:BuriedTreasure","floor":1},{"not_picked":["blackbeard:Anchor","blackbeard:BuriedTreasure"],"picked":"blackbeard:TacticalRetreat","floor":3},{"not_picked":["blackbeard:Shrapnel","blackbeard:Dagger"],"picked":"Bomb","floor":5}],"player_experience":1120906,"relics_obtained":[],"event_choices":[{"damage_healed":0,"gold_gain":75,"player_choice":"Gather Gold","damage_taken":11,"max_hp_gain":0,"max_hp_loss":0,"event_name":"World of Goop","floor":2,"gold_loss":0},{"damage_healed":0,"gold_gain":0,"player_choice":"blackbeard:GoldenDefense","damage_taken":0,"max_hp_gain":0,"max_hp_loss":0,"event_name":"blackbeard:GoldsmithEvent","floor":4,"gold_loss":0,"cards_obtained":["blackbeard:GoldenDefense"]}],"is_beta":false,"boss_relics":[],"items_purged_floors":[],"is_endless":false,"potions_floor_spawned":[3],"killed_by":"Lagavulin","ascension_level":11}}