{"host":"aas8f8jvicx6tcxp","time":1612737541,"event":{"mods":["BaseMod","Better Third Choice","BetterRewards","Clockwork Mod","Minty Spire (QoL Compilation)","Shop Mod","StSLib","The Bladedancer","The Cursed"],"gold_per_floor":[114,114,133,143,218,218,14,43,66,85,55,18,18,37,37,137,187,203,185,203,215,26,26,26,26,26,26,26,26,126,156,156,156,156],"floor_reached":33,"language":"ENG","playtime":2988,"items_purged":["Regret"],"score":263,"play_id":"c9122b3f-8c0f-4d28-b938-5b6e114db61d","local_time":"20210207163901","is_ascension_mode":false,"campfire_choices":[{"floor":6.0,"key":"REST"},{"floor":15.0,"key":"REST"},{"floor":23.0,"key":"REST"},{"floor":25.0,"key":"REST"},{"data":"blademaster:Bloodbath","floor":27.0,"key":"SMITH"},{"data":"blademaster:Sharpen","floor":29,"key":"SMITH"},{"data":"blademaster:Blockade","floor":32,"key":"SMITH"}],"circlet_count":0,"master_deck":["blademaster:Strike","blademaster:Strike","blademaster:Strike","blademaster:Strike","blademaster:Defend","blademaster:Defend","blademaster:Defend","blademaster:RagingBlow","blademaster:HighVoltage","blademaster:EyeOfTheStorm","blademaster:Stability","blademaster:AspectOfLightning","blademaster:ThreePointStrike","blademaster:AncestralHealing","blademaster:Frontflip","blademaster:ParryingStrike","blademaster:AwakeningDefend","blademaster:Havoc","blademaster:Blockade+1","blademaster:EyeOfTheTornado","blademaster:LightningDraw+1","blademaster:FuriousStrike","blademaster:DancingEdge","blademaster:Overcharge+1","blademaster:Safeguard","blademaster:Meditate","blademaster:Sharpen+1","blademaster:Bloodbath+1","blademaster:EnchantedCuirass"],"relics":["blademaster:DancersAmulet","Dream Catcher","Juzu Bracelet","Boot","White Beast Statue","Tiny House","Membership Card","Peace Pipe","Art of War"],"acts_visited":["Exordium","TheCity"],"potions_floor_usage":[31,33,33,33],"damage_taken":[{"damage":0.0,"enemies":"2 Louse","floor":1.0,"turns":3.0},{"damage":8.0,"enemies":"Jaw Worm","floor":3.0,"turns":5.0},{"damage":11.0,"enemies":"Small Slimes","floor":4.0,"turns":8.0},{"damage":19.0,"enemies":"Gremlin Nob","floor":8.0,"turns":4.0},{"damage":7.0,"enemies":"Red Slaver","floor":10.0,"turns":5.0},{"damage":4.0,"enemies":"Looter","floor":11.0,"turns":4.0},{"damage":12.0,"enemies":"Gremlin Gang","floor":14.0,"turns":8.0},{"damage":32.0,"enemies":"The Guardian","floor":16.0,"turns":13.0},{"damage":18.0,"enemies":"Chosen","floor":18.0,"turns":9.0},{"damage":26.0,"enemies":"2 Thieves","floor":19.0,"turns":4.0},{"damage":22.0,"enemies":"Shelled Parasite and Fungi","floor":20.0,"turns":6.0},{"damage":27.0,"enemies":"Centurion and Healer","floor":21.0,"turns":10.0},{"damage":35,"enemies":"Book of Stabbing","floor":31,"turns":6},{"damage":53,"enemies":"Champ","floor":33,"turns":6}],"seed_played":"-2356002089827845358","potions_obtained":[{"floor":1.0,"key":"ColorlessPotion"},{"floor":3.0,"key":"PowerPotion"},{"floor":4.0,"key":"Dexterity Potion"},{"floor":10.0,"key":"BlessingOfTheForge"},{"floor":14.0,"key":"Fire Potion"},{"floor":16.0,"key":"Ancient Potion"},{"floor":17.0,"key":"Regen Potion"},{"floor":18.0,"key":"GamblersBrew"},{"floor":19.0,"key":"DuplicationPotion"},{"floor":20.0,"key":"Swift Potion"},{"floor":21.0,"key":"AttackPotion"},{"floor":31,"key":"EntropicBrew"}],"is_trial":false,"path_per_floor":["M","?","M","M","?","R","$","E","T","M","M","$","?","M","R","B",null,"M","M","M","M","$","R","?","R","T","R","?","R","?","E","R","B"],"character_chosen":"THE_BLADEMASTER","items_purchased":["blademaster:AncestralHealing","blademaster:Frontflip","blademaster:Havoc","Membership Card","blademaster:Meditate"],"campfire_rested":4,"item_purchase_floors":[7,7,12,22,22],"current_hp_per_floor":[75,75,67,56,45,67,67,48,48,41,49,49,49,57,75,43,80,71,45,43,36,36,60,60,80,80,80,80,80,80,45,45,0,0],"gold":156,"neow_bonus":"THREE_CARDS","is_daily":false,"chose_seed":false,"campfire_upgraded":3,"win_rate":0.0,"timestamp":1612737541,"path_taken":["M","?","M","M","?","R","?","E","T","M","M","$","?","M","R","BOSS","M","M","M","M","$","R","?","R","T","R","?","R","?","E","R","BOSS"],"items_purchased_type":["Card","Card","Card","Relic","Card"],"build_version":"2020-12-22","purchased_purges":1,"victory":false,"max_hp_per_floor":[75,75,75,75,75,75,75,75,75,75,75,75,75,75,75,75,80,80,80,80,80,80,80,80,80,80,80,80,80,80,80,80,80,80],"card_choices":[{"not_picked":["blademaster:SlyStabs","blademaster:AncestralHealing"],"picked":"blademaster:EyeOfTheStorm","floor":0.0},{"not_picked":["blademaster:BloodyBlow","blademaster:AspectOfWind"],"picked":"blademaster:Stability","floor":1.0},{"not_picked":["blademaster:Hailwind","blademaster:AirSlash"],"picked":"blademaster:AspectOfLightning","floor":3.0},{"not_picked":["blademaster:BladeCross","blademaster:Frenzy"],"picked":"blademaster:SlyStabs","floor":4.0},{"not_picked":["blademaster:BladeCross","blademaster:OneTrickPony"],"picked":"blademaster:ThreePointStrike","floor":6.0},{"not_picked":["blademaster:BloodyBlow","blademaster:DragonStrike"],"picked":"blademaster:ParryingStrike","floor":8.0},{"not_picked":["blademaster:LeechingStrike","blademaster:BladeMastery"],"picked":"blademaster:AwakeningDefend","floor":10.0},{"not_picked":["blademaster:DaggerAndCloak","blademaster:LeechingStrike","blademaster:AspectOfLightning"],"picked":"SKIP","floor":11.0},{"not_picked":["blademaster:KiBarrier","blademaster:Hailwind"],"picked":"blademaster:Blockade","floor":14.0},{"not_picked":["blademaster:Thrust","blademaster:AwakeningDefend"],"picked":"blademaster:EyeOfTheTornado","floor":15.0},{"not_picked":["blademaster:ColdBlood","blademaster:EnchantedCuirass"],"picked":"blademaster:LightningDraw","floor":16.0},{"not_picked":["blademaster:Sunder","blademaster:DragonStrike"],"picked":"blademaster:FuriousStrike","floor":17.0},{"not_picked":["blademaster:ParryingStrike","blademaster:Frontflip+1"],"picked":"blademaster:DancingEdge","floor":18.0},{"not_picked":["blademaster:Rupture","blademaster:Frontflip"],"picked":"blademaster:Overcharge+1","floor":19.0},{"not_picked":["blademaster:AspectOfLightning+1","blademaster:Sunder"],"picked":"blademaster:Safeguard","floor":20.0},{"not_picked":["blademaster:Slice","blademaster:Sunder","blademaster:FlockOfBlades"],"picked":"SKIP","floor":21.0},{"not_picked":["blademaster:BladeCross","blademaster:Sharpen"],"picked":"blademaster:Bloodbath","floor":25.0},{"not_picked":["blademaster:LightningDraw","blademaster:Thrust"],"picked":"blademaster:EnchantedCuirass","floor":31}],"player_experience":282436,"relics_obtained":[{"floor":8.0,"key":"Juzu Bracelet"},{"floor":8.0,"key":"blademaster:RandomBladePerk"},{"floor":9.0,"key":"Boot"},{"floor":26.0,"key":"Peace Pipe"},{"floor":31,"key":"Art of War"},{"floor":31,"key":"blademaster:BonusComboPerk"}],"event_choices":[{"damage_healed":0.0,"max_hp_gain":0.0,"max_hp_loss":0.0,"gold_gain":0.0,"event_name":"Big Fish","player_choice":"Box","floor":2.0,"gold_loss":0.0,"damage_taken":0.0,"relics_obtained":["Dream Catcher"],"cards_obtained":["Regret"]},{"damage_healed":0.0,"max_hp_gain":0.0,"max_hp_loss":0.0,"gold_gain":75.0,"event_name":"betterThird:BetterGoop","player_choice":"Gold","floor":5.0,"gold_loss":0.0,"damage_taken":11.0},{"damage_healed":0.0,"max_hp_gain":0.0,"max_hp_loss":0.0,"gold_gain":0.0,"event_name":"WeMeetAgain","player_choice":"Gave Potion","floor":13.0,"gold_loss":0.0,"damage_taken":0.0,"relics_obtained":["White Beast Statue"]},{"damage_healed":0.0,"max_hp_gain":0.0,"max_hp_loss":0.0,"gold_gain":0.0,"cards_transformed":["blademaster:SlyStabs","blademaster:Defend"],"event_name":"Drug Dealer","player_choice":"Became Test Subject","floor":24.0,"gold_loss":0.0,"damage_taken":0.0,"cards_obtained":["blademaster:Sharpen","blademaster:Gust"]},{"cards_removed":["blademaster:Gust"],"damage_healed":0.0,"max_hp_gain":0.0,"max_hp_loss":0.0,"gold_gain":0.0,"event_name":"Purifier","player_choice":"Purged","floor":28.0,"gold_loss":0.0,"damage_taken":0.0},{"damage_healed":0,"gold_gain":100,"player_choice":"Pray","damage_taken":0,"max_hp_gain":0,"max_hp_loss":0,"event_name":"Golden Shrine","floor":30,"gold_loss":0}],"is_beta":false,"boss_relics":[{"not_picked":["SlaversCollar","Sozu"],"picked":"Tiny House"}],"items_purged_floors":[7],"is_endless":false,"potions_floor_spawned":[1,3,4,10,14,16,18,19,20,21,31],"killed_by":"Champ","ascension_level":0}}