{"host":"4c7oxphrh4ok8x7u","time":1612708559,"event":{"mods":["100% Spire Juice","2.2 Compatiblity","Act Like it!","Arknights","Aspiration","BaseMod","Beaked The Cultist","Better Skull","Better Vampires","BetterRewards","Challenge The Spire","Conjunction","Conspire","Custom Start","Dota2Spire","Ekko","Evolution","Fiend Mod","Friendly Minions","FruityMod","GifTheSpireLib","Good Game Mod","Halation","Hermit","HololiveMod","Hubris","Hyrulean Relics","Jedi Mod","Jess\u0027s Bottle","Kratos Character Expansion","Minty Spire (QoL Compilation)","MostiFishMod","Permanent Neow","Poor People Problems","Prisma Mod","Quarter Circle Forward PUNCH!","RatMod","Reliquary","Replay The Spire","Robot Space Explorer","SCP261 Mod","Shade Mod","Slay the Relics Exporter","Small Relic Pack","Spicy Shops","Spikes Relics","Spires And Sneckos","StS++","StSLib","Stuff the Spire","The Animator","The Blue Laboratory","The Death Knight","The Edgeheg","The Exalted","The Fake Hero","The Necromancer","The Servant 0.9.4","The Trickster","The Wild Card","TheVacant","TheWitcher","Wandering Minibosses","WarShipGirlsR/????R mod","[GremlinLeader]The Maniac"],"gold_per_floor":[113,213,232,252,265,265,300,320,320,320,338,352,57,57,57,156,156,176,189,205,218,233,233,233,6,6,6,41,41,41,72,72,169,169,185,185,199,217,217,217,217],"floor_reached":40,"language":"RUS","playtime":1928,"items_purged":["Regret"],"score":580,"play_id":"94c25485-e5c7-4903-a005-436d617a9f3e","local_time":"20210207173559","is_ascension_mode":false,"campfire_choices":[{"data":"Bromod:Continuity","floor":6,"key":"SMITH"},{"data":"Summon_Undead_Army","floor":15,"key":"SMITH"},{"data":"Summon_Vampire_Lady","floor":24,"key":"SMITH"},{"floor":27,"key":"REST"},{"data":"StuffTheSpire:WarGroove","floor":30,"key":"SMITH"},{"floor":32,"key":"REST"}],"circlet_count":0,"master_deck":["Strike_W+1","Defend_W","Defend_W+1","Defend_W","Negative_Energy_Arrows+1","Bone_Wall+1","Bromod:Continuity+1","Bone_Armory","Summon_Vampire_Lady+1","Life_Tap","Summon_Undead_Army+1","Grasp_Heart","Spectral_Armor","Finger_Of_Death+1","Stop_Heart","Grasp_Heart","Consume_Illness","Pandemic","StuffTheSpire:WarGroove+1","Bone_Armor","Necrotic_Claws","Summon_Undead_Army","relicPack:TruthCard","luka_mod:SuperAttack","Hellfire","StSpp:BladeOfBlood"],"relics":["Vampire_Amulet","EVO:Axolotl","DaveBox","REME:ComplimentaryCards","xbg","aspiration:Nostalgia","Cracked Core","SynthV:TestCard","CherryCoatedStake","StuffTheSpire:RedRose","reliquary:RedPaperclip","Gremlin Food","StuffTheSpire:Tea","War Paint","Whetstone","Dota2Spire:Bloodstone","relicPack:EdsArm"],"acts_visited":["Exordium","TheCity","TheBeyond"],"potions_floor_usage":[7,21,33,33],"damage_taken":[{"damage":5,"enemies":"Jaw Worm","floor":1,"turns":4},{"damage":0,"enemies":"Cultist","floor":3,"turns":3},{"damage":1,"enemies":"2 Louse","floor":4,"turns":2},{"damage":17,"enemies":"Exordium Wildlife","floor":5,"turns":6},{"damage":49,"enemies":"Gremlin Nob","floor":7,"turns":6},{"damage":20,"enemies":"Exordium Thugs","floor":8,"turns":4},{"damage":10,"enemies":"2 Fungi Beasts","floor":11,"turns":5},{"damage":12,"enemies":"Blue Slaver","floor":12,"turns":4},{"damage":10,"enemies":"Slime Boss","floor":16,"turns":6},{"damage":6,"enemies":"conspire:FuzzyDice","floor":18,"turns":4},{"damage":0,"enemies":"Chosen","floor":19,"turns":4},{"damage":4,"enemies":"Centurion and Healer","floor":20,"turns":5},{"damage":43,"enemies":"Snecko","floor":21,"turns":6},{"damage":35,"enemies":"3 Cultists","floor":22,"turns":6},{"damage":40,"enemies":"Slavers","floor":28,"turns":5},{"damage":29,"enemies":"Book of Stabbing","floor":31,"turns":4},{"damage":26,"enemies":"Pondfish","floor":33,"turns":9},{"damage":3,"enemies":"3 Shapes","floor":35,"turns":4},{"damage":34,"enemies":"3 Darklings","floor":37,"turns":4},{"damage":53,"enemies":"Maw","floor":38,"turns":6},{"damage":36,"enemies":"Nemesis","floor":40,"turns":1}],"seed_played":"7157057329961484074","potions_obtained":[{"floor":4,"key":"SpiresAndSneckos:LightningMarble"},{"floor":7,"key":"blueLaboratory:SavagePotion"},{"floor":8,"key":"SCP261:DietGhostPotion"},{"floor":16,"key":"SpiresAndSneckos:LightningMarble"},{"floor":21,"key":"Conjunction:LightningMarble"},{"floor":33,"key":"SpiresAndSneckos:LightningMarble"},{"floor":37,"key":"ColorlessPotion"}],"is_trial":false,"path_per_floor":["M","?","M","M","M","R","E","M","T","T","M","M","$","?","R","B",null,"M","M","M","M","M","?","R","$","T","R","E","?","R","E","R","B",null,"M","?","M","M","?","E"],"character_chosen":"NECROMANCER","items_purchased":["CherryCoatedStake","Gremlin Food"],"campfire_rested":2,"item_purchase_floors":[13,25],"current_hp_per_floor":[72,72,74,75,68,68,27,32,32,32,51,44,44,44,44,71,75,75,75,75,52,40,40,40,40,40,62,50,30,30,15,37,44,75,75,75,59,36,36,0,0],"gold":217,"neow_bonus":"NOSTALGIA","is_daily":false,"chose_seed":false,"campfire_upgraded":4,"win_rate":0.0,"timestamp":1612708559,"path_taken":["M","?","M","M","M","R","E","?","T","?","M","M","$","?","R","BOSS","M","M","M","M","M","?","R","?","T","R","E","?","R","E","R","BOSS","M","?","M","M","?","E"],"items_purchased_type":["Relic","Relic"],"build_version":"2020-12-22","purchased_purges":1,"victory":false,"max_hp_per_floor":[75,75,75,75,75,75,75,75,75,75,75,75,75,75,75,75,75,75,75,75,75,75,75,75,75,75,75,75,75,75,75,75,75,75,75,75,75,75,70,70,70],"card_choices":[{"not_picked":["Blood_Shield","Bone_Bullets","Bone_Shift"],"picked":"SKIP","floor":1},{"not_picked":["Shackles_Of_Pain","Necrotic_Claws","Scare","Vampiric_Strike"],"picked":"Bone_Armory","floor":3},{"not_picked":["Acid_Javelin","Bone_Shift","Consume_Illness","Vampiric_Strike"],"picked":"Life_Drain","floor":4},{"not_picked":["Blood_Curse","Shade_Step","Flesh_Made_Foul","Plague_Bolt","Negative_Energy_Javelin"],"picked":"SKIP","floor":5},{"not_picked":["Cloudkill","Bone_Bullets","Blood_Whip","Chill_Blood"],"picked":"Summon_Vampire_Lady","floor":7},{"not_picked":["Bone_Bullets","Finger_Of_Death","Death_Coil","Shackles_Of_Pain"],"picked":"Life_Tap","floor":8},{"not_picked":["Negative_Energy_Mist","Negative_Energy_Sphere","Blood_Is_Power","Shackles_Of_Pain"],"picked":"Summon_Undead_Army","floor":11},{"not_picked":["Plague_Bolt","Blood_Magic","Bone_Bullets","Death_March_Dance","Scare"],"picked":"SKIP","floor":12},{"not_picked":["Summon_Death_Knight","Hellfire","Negative_Energy_Bomb","Requiem"],"picked":"Grasp_Heart","floor":16},{"not_picked":["Negative_Energy_Javelin","Vampiric_Strike","Blood_for_Blood","Exploit+1","Bone_Armor"],"picked":"SKIP","floor":18},{"not_picked":["Chill_Blood+1","Shade_Step+1","Negative_Energy_Shield","Blood_Curse+1"],"picked":"Spectral_Armor","floor":19},{"not_picked":["Acid_Javelin","Blood_Whip","Bone_Bullets","Negative_Energy_Mist"],"picked":"Finger_Of_Death+1","floor":20},{"not_picked":["Negative_Energy_Javelin","Death_Coil","Necrotic_Claws","Blood_Curse+1"],"picked":"Stop_Heart","floor":21},{"not_picked":["Necromantic_Selection","Corrupt","Negative_Energy_Javelin+1","Stop_Heart"],"picked":"Grasp_Heart","floor":22},{"not_picked":["Thousand_Bone_Knives","Epidemic+1","Blood_Curse","Shackles_Of_Pain"],"picked":"Pandemic","floor":28},{"not_picked":["Chill_Blood","Death_March_Dance","Flesh_Made_Foul","Negative_Energy_Shield","Life_Tap"],"picked":"SKIP","floor":31},{"not_picked":["Blood_Magic","Detonate_Bones","Reap_The_Weak","Summon_Death_Knight"],"picked":"Skeleton_Dragon","floor":33},{"not_picked":["Negative_Energy_Javelin","Violent_Necrosis+1","Death_March_Dance","Bones_to_Steel"],"picked":"Bone_Armor","floor":35},{"not_picked":["Bone_Spikes+1","Finger_Of_Death","Death_March_Dance","Scare"],"picked":"Summon_Undead_Army","floor":37},{"not_picked":["Blood_Shield","Negative_Energy_Burst+1","Acid_Javelin+1","Bone_Armor","Plague_Bolt+1"],"picked":"SKIP","floor":38}],"player_experience":859495,"relics_obtained":[{"floor":1,"key":"SynthV:TestCard"},{"floor":7,"key":"StuffTheSpire:ForceGauntlet"},{"floor":9,"key":"Blue Candle"},{"floor":26,"key":"StuffTheSpire:Tea"},{"floor":28,"key":"War Paint"},{"floor":31,"key":"Whetstone"}],"event_choices":[{"damage_healed":0,"gold_gain":100,"player_choice":"Gold","damage_taken":0,"max_hp_gain":0,"max_hp_loss":0,"event_name":"Wheel of Change","floor":2,"gold_loss":0},{"damage_healed":0,"gold_gain":0,"player_choice":"Read","damage_taken":0,"max_hp_gain":0,"max_hp_loss":0,"event_name":"The Library","floor":23,"gold_loss":0,"cards_obtained":["Consume_Illness"]}],"is_beta":false,"boss_relics":[{"not_picked":["Kintsugi","halation:MonkeysPaw"],"picked":"reliquary:RedPaperclip"},{"not_picked":["StuffTheSpire:Kangaroo","Fusion Hammer"],"picked":"Dota2Spire:Bloodstone"}],"items_purged_floors":[25],"is_endless":false,"potions_floor_spawned":[4,7,8,16,18,20,21,33,37,38],"killed_by":"Nemesis","ascension_level":0}}