{"host":"m8d0q1obfsrpi6km","time":1612727485,"event":{"mods":["2.2 Compatiblity","AchievementEnabler","Act Like it!","BaseMod","Better Altar","Better Match","Better Note","Better Sensory Stone","Better Third Choice","BetterRewards","DeckTracker","Fox Events","Gensokyo","Hallownest","Hubris","Infinite Spire","Lobotomy","LobotomyExtend","Magitek Elite","Minty Spire (QoL Compilation)","Permanent Neow","Quick Restart","Reliquary","Replay The Spire","Reworked Bosses","Shop Mod","StSLib","SuperFastMode","Synergy Search","The Alterego","Waifu the Spire","??????REMEMod"],"gold_per_floor":[111,61,61,80,7,41,41,66,139,150,181,181,256,12,12,12,12],"floor_reached":16,"language":"ENG","playtime":878,"items_purged":[],"score":116,"play_id":"97bceced-97f9-4cd0-9d32-fad1bf6293a1","local_time":"20210207205125","is_ascension_mode":false,"campfire_choices":[{"data":"Prostrate","floor":7,"key":"SMITH"},{"floor":15,"key":"REST"}],"circlet_count":0,"master_deck":["Madness+1","Strike_P","Strike_P","Strike_P","Defend_P+1","Defend_P+1","Defend_P+1","Eruption","Vigilance","EmptyBody","UniverseFragment","Prostrate+1","Pray","MeatLantern","PathToVictory","BigBird","FieryBird","Omniscience","REME_BodyOfCthun"],"relics":["PureWater","REME_ComplimentaryCards","CogitoBucket","LetterFromLob","infinitespire:WardingShard","reliquary:PrincelyHelmet","Replay:Bottled Eggs","Juzu Bracelet","Golden Idol","Membership Card"],"acts_visited":["Exordium"],"potions_floor_usage":[],"damage_taken":[{"damage":6,"enemies":"Jaw Worm","floor":1,"turns":4},{"damage":3,"enemies":"Small Slimes","floor":4,"turns":3},{"damage":18,"enemies":"Replay:BlueRogue","floor":6,"turns":7},{"damage":6,"enemies":"Lagavulin","floor":8,"turns":8},{"damage":0,"enemies":"2 Louse","floor":10,"turns":2},{"damage":10,"enemies":"Replay:BlueRogue","floor":11,"turns":9},{"damage":25,"enemies":"The Guardian","floor":16,"turns":5}],"seed_played":"8019628870241966056","potions_obtained":[{"floor":11,"key":"BottledMiracle"}],"is_trial":false,"path_per_floor":["M","?","?","M","$","E","R","E","T","M","E","?","?","$","R","B"],"character_chosen":"WATCHER","items_purchased":["Pray","Membership Card","REME_BodyOfCthun"],"campfire_rested":1,"item_purchase_floors":[5,14,14],"current_hp_per_floor":[66,66,66,63,63,45,45,39,39,39,29,11,4,4,25,0,0],"gold":12,"neow_bonus":"","is_daily":false,"chose_seed":false,"campfire_upgraded":1,"win_rate":0.0,"timestamp":1612727485,"path_taken":["M","?","?","M","$","E","R","E","T","M","E","?","?","$","R","BOSS"],"items_purchased_type":["Card","Relic","Card"],"build_version":"2020-12-22","purchased_purges":0,"victory":false,"max_hp_per_floor":[72,72,72,72,72,72,72,72,72,72,72,72,72,72,72,72,72],"card_choices":[{"not_picked":["ClearTheMind","Replay:Vibes"],"picked":"EmptyBody","floor":1},{"not_picked":["ShyLook","CrumblingArmor"],"picked":"UniverseFragment","floor":4},{"not_picked":["WaveOfTheHand","CutThroughFate"],"picked":"Prostrate","floor":4},{"not_picked":["VoidDream","PunishingBird"],"picked":"MeatLantern","floor":6},{"not_picked":["Protect","FlurryOfBlows"],"picked":"PathToVictory","floor":6},{"not_picked":["Mercenary","PunishingBird","QueenBee"],"picked":"Singing Bowl","floor":8},{"not_picked":["VoidDream","LittleHelper"],"picked":"BigBird","floor":8},{"not_picked":["Crescendo","JustLucky","Prostrate"],"picked":"SKIP","floor":8},{"not_picked":["LittlePrince","Freischutz"],"picked":"FieryBird","floor":10},{"not_picked":["FlyingSleeves","Collect","EmptyFist"],"picked":"SKIP","floor":10},{"not_picked":["Consecrate","Fasting2"],"picked":"Omniscience","floor":11}],"player_experience":304480,"relics_obtained":[{"floor":1,"key":"LetterFromLob"},{"floor":6,"key":"infinitespire:WardingShard"},{"floor":8,"key":"reliquary:PrincelyHelmet"},{"floor":9,"key":"Replay:Bottled Eggs"},{"floor":11,"key":"Juzu Bracelet"}],"event_choices":[{"cards_removed":["Defend_P"],"damage_healed":0,"gold_gain":0,"player_choice":"Card Removal","damage_taken":0,"max_hp_gain":0,"max_hp_loss":0,"event_name":"The Cleric","floor":2,"gold_loss":50},{"damage_healed":0,"gold_gain":0,"player_choice":"Take Damage","damage_taken":18,"relics_obtained":["Golden Idol"],"max_hp_gain":0,"max_hp_loss":0,"event_name":"Golden Idol","floor":12,"gold_loss":0},{"damage_healed":0,"gold_gain":75,"player_choice":"Touch","damage_taken":7,"max_hp_gain":0,"max_hp_loss":0,"event_name":"FaceTrader","floor":13,"gold_loss":0}],"is_beta":false,"boss_relics":[],"items_purged_floors":[],"is_endless":false,"potions_floor_spawned":[11],"killed_by":"The Guardian","ascension_level":0}}