{"host":"ydg0vn0pu4pubmdt","time":1612732284,"event":{"mods":["AchievementEnabler","BaseMod","Colored Map","Gold Saver","Minty Spire (QoL Compilation)","Quick Restart","SuperFastMode"],"gold_per_floor":[16,16,30,30,30,64,64,84,84,98,23,23,41,54,54,145,145,163,181,81,6,25,59,59,59,59,59,93,93,117,135,135,228,228,253,128,128,128,144,160,204,204,204,229,229,263,281,614,614,614,614,614],"floor_reached":51,"language":"KOR","playtime":1416,"items_purged":["Pain","Strike_P","Defend_P"],"score":1669,"play_id":"fa5553e3-f604-43cd-9d8b-03df4161b84e","local_time":"20210208061124","is_ascension_mode":true,"campfire_choices":[{"floor":7,"key":"REST"},{"floor":12,"key":"REST"},{"floor":15,"key":"RECALL"},{"floor":25,"key":"REST"},{"floor":27,"key":"REST"},{"data":"Wallop","floor":32,"key":"SMITH"},{"data":"Scrawl","floor":42,"key":"SMITH"},{"data":"ClearTheMind","floor":49,"key":"SMITH"}],"circlet_count":0,"master_deck":["AscendersBane","Eruption+1","Vigilance","FlurryOfBlows","Brilliance+1","Tantrum","Halt","ClearTheMind+1","CrushJoints+1","Halt","Wallop+1","Halt","Fasting2+1","Scrawl+1","MentalFortress+1"],"relics":["PureWater","WarpedTongs","Du-Vu Doll","Turnip","Empty Cage","Whetstone","Yang","Lantern","Runic Pyramid","White Beast Statue","Akabeko","Calipers","Gambling Chip"],"acts_visited":["Exordium","TheCity","TheBeyond"],"potions_floor_usage":[6,16,23,23,39],"damage_taken":[{"damage":0,"enemies":"Jaw Worm","floor":1,"turns":2},{"damage":15,"enemies":"Small Slimes","floor":3,"turns":3},{"damage":6,"enemies":"3 Sentries","floor":6,"turns":3},{"damage":2,"enemies":"Cultist","floor":8,"turns":2},{"damage":31,"enemies":"Exordium Thugs","floor":10,"turns":4},{"damage":0,"enemies":"Lots of Slimes","floor":13,"turns":3},{"damage":0,"enemies":"Large Slime","floor":14,"turns":3},{"damage":0,"enemies":"Slime Boss","floor":16,"turns":4},{"damage":0,"enemies":"Spheric Guardian","floor":18,"turns":2},{"damage":2,"enemies":"2 Thieves","floor":19,"turns":2},{"damage":0,"enemies":"3 Cultists","floor":22,"turns":4},{"damage":35,"enemies":"Slavers","floor":23,"turns":6},{"damage":0,"enemies":"Gremlin Leader","floor":28,"turns":5},{"damage":1,"enemies":"Centurion and Healer","floor":30,"turns":3},{"damage":4,"enemies":"Snake Plant","floor":31,"turns":3},{"damage":31,"enemies":"Champ","floor":33,"turns":8},{"damage":6,"enemies":"Orb Walker","floor":35,"turns":2},{"damage":0,"enemies":"3 Darklings","floor":39,"turns":4},{"damage":0,"enemies":"4 Shapes","floor":40,"turns":4},{"damage":0,"enemies":"Giant Head","floor":41,"turns":5},{"damage":0,"enemies":"Maw","floor":44,"turns":4},{"damage":0,"enemies":"Reptomancer","floor":46,"turns":4},{"damage":0,"enemies":"Spire Growth","floor":47,"turns":3},{"damage":20,"enemies":"Donu and Deca","floor":50,"turns":8},{"damage":76,"enemies":"Time Eater","floor":51,"turns":5}],"seed_played":"-1667916252947605025","potions_obtained":[{"floor":1,"key":"Explosive Potion"},{"floor":6,"key":"FearPotion"},{"floor":16,"key":"LiquidBronze"},{"floor":19,"key":"SkillPotion"},{"floor":22,"key":"Block Potion"},{"floor":30,"key":"SneckoOil"},{"floor":35,"key":"BlessingOfTheForge"},{"floor":39,"key":"StancePotion"},{"floor":40,"key":"Regen Potion"},{"floor":46,"key":"LiquidBronze"}],"is_trial":false,"path_per_floor":["M","?","M","?","?","E","R","M","T","M","$","R","M","M","R","B",null,"M","M","$","?","M","E","?","R","T","R","E","?","M","M","R","B",null,"M","$","?","T","M","M","E","R","T","M","?","E","M","?","R","B","B"],"character_chosen":"WATCHER","items_purchased":[],"campfire_rested":4,"item_purchase_floors":[],"current_hp_per_floor":[61,38,23,23,23,17,37,35,35,4,4,24,24,24,24,24,57,57,55,55,55,55,20,20,40,40,60,60,60,59,55,55,24,57,51,51,51,51,51,51,51,51,51,51,51,51,51,51,51,31,0,0],"gold":614,"neow_bonus":"TRANSFORM_TWO_CARDS","is_daily":false,"chose_seed":false,"campfire_upgraded":3,"win_rate":0.0,"timestamp":1612732284,"path_taken":["M","?","M","?","?","E","R","M","T","M","$","R","M","M","R","BOSS","M","M","?","?","?","E","?","R","T","R","E","?","?","M","R","BOSS","M","$","?","?","M","M","E","R","T","M","?","E","?","?","R","BOSS","BOSS"],"items_purchased_type":[],"build_version":"2020-12-22","purchased_purges":3,"victory":false,"max_hp_per_floor":[68,68,68,68,68,68,68,68,68,68,68,68,68,68,68,68,68,68,68,68,68,68,68,68,68,68,68,68,68,68,68,68,68,68,68,68,65,65,65,65,65,65,65,65,65,65,65,65,65,65,65,65],"card_choices":[{"not_picked":["CrushJoints","FlurryOfBlows"],"picked":"Tantrum","floor":1},{"not_picked":["Vengeance","FlyingSleeves"],"picked":"Halt","floor":3},{"not_picked":["LessonLearned","FlyingSleeves","Omniscience"],"picked":"SKIP","floor":6},{"not_picked":["Halt","FlyingSleeves","PathToVictory"],"picked":"SKIP","floor":8},{"not_picked":["Perseverance","Halt","CarveReality"],"picked":"SKIP","floor":10},{"not_picked":["Wireheading","Crescendo","Evaluate"],"picked":"SKIP","floor":13},{"not_picked":["FlurryOfBlows","Nirvana","Weave"],"picked":"SKIP","floor":14},{"not_picked":["FlurryOfBlows","Crescendo","SashWhip"],"picked":"SKIP","floor":18},{"not_picked":["Consecrate+1","Wireheading","Tantrum"],"picked":"SKIP","floor":19},{"not_picked":["CutThroughFate+1","Consecrate"],"picked":"Halt","floor":22},{"not_picked":["Conclude","Evaluate"],"picked":"Wallop","floor":23},{"not_picked":["EmptyMind","Halt+1","Wireheading"],"picked":"SKIP","floor":28},{"not_picked":["EmptyBody","ConjureBlade","FlurryOfBlows"],"picked":"SKIP","floor":30},{"not_picked":["Fasting2+1","ClearTheMind","Conclude"],"picked":"SKIP","floor":31},{"not_picked":["Fasting2+1","ClearTheMind","Conclude"],"picked":"SKIP","floor":31},{"not_picked":["ClearTheMind","Conclude"],"picked":"Fasting2+1","floor":31},{"not_picked":["Brilliance","Establishment"],"picked":"Scrawl","floor":33},{"not_picked":["Protect","PathToVictory","EmptyFist"],"picked":"SKIP","floor":35},{"not_picked":["Wallop+1","Worship+1","FlurryOfBlows"],"picked":"SKIP","floor":39},{"not_picked":["CrushJoints+1","EmptyBody","Judgement"],"picked":"SKIP","floor":40},{"not_picked":["Crescendo","Wireheading+1","SashWhip"],"picked":"SKIP","floor":41},{"not_picked":["FlyingSleeves+1","Protect","FlurryOfBlows"],"picked":"SKIP","floor":44},{"not_picked":["Nirvana","Vengeance+1"],"picked":"MentalFortress+1","floor":46},{"not_picked":["Evaluate","FollowUp","DeusExMachina"],"picked":"SKIP","floor":47},{"not_picked":["Evaluate","FollowUp","DeusExMachina"],"picked":"SKIP","floor":47}],"player_experience":658797,"relics_obtained":[{"floor":6,"key":"Du-Vu Doll"},{"floor":9,"key":"Turnip"},{"floor":23,"key":"Whetstone"},{"floor":26,"key":"Yang"},{"floor":28,"key":"Lantern"},{"floor":38,"key":"White Beast Statue"},{"floor":41,"key":"Akabeko"},{"floor":46,"key":"Gambling Chip"}],"event_choices":[{"damage_healed":0,"gold_gain":0,"player_choice":"Take Damage","damage_taken":23,"relics_obtained":["Golden Idol"],"max_hp_gain":0,"max_hp_loss":0,"event_name":"Golden Idol","floor":2,"gold_loss":0},{"damage_healed":0,"gold_gain":0,"player_choice":"Grow","damage_taken":0,"max_hp_gain":0,"max_hp_loss":0,"event_name":"Living Wall","floor":4,"gold_loss":0,"cards_upgraded":["Eruption"]},{"damage_healed":0,"gold_gain":0,"player_choice":"Rummage","damage_taken":0,"relics_obtained":["WarpedTongs"],"max_hp_gain":0,"max_hp_loss":0,"event_name":"Accursed Blacksmith","floor":5,"gold_loss":0,"cards_obtained":["Pain"]},{"damage_healed":0,"gold_gain":0,"cards_transformed":["Defend_P","Strike_P"],"player_choice":"Transformed Cards","damage_taken":0,"max_hp_gain":0,"max_hp_loss":0,"event_name":"Designer","floor":21,"gold_loss":75,"cards_obtained":["ClearTheMind","CrushJoints"]},{"damage_healed":0,"gold_gain":0,"player_choice":"Copied","damage_taken":0,"max_hp_gain":0,"max_hp_loss":0,"event_name":"Duplicator","floor":29,"gold_loss":0,"cards_obtained":["Halt"]},{"damage_healed":0,"gold_gain":0,"player_choice":"Max HP","damage_taken":0,"max_hp_gain":0,"max_hp_loss":3,"event_name":"Winding Halls","floor":37,"gold_loss":0},{"damage_healed":0,"gold_gain":0,"player_choice":"Gave Potion","damage_taken":0,"relics_obtained":["Calipers"],"max_hp_gain":0,"max_hp_loss":0,"event_name":"WeMeetAgain","floor":45,"gold_loss":0},{"damage_healed":0,"gold_gain":333,"player_choice":"Gave Idol","damage_taken":0,"max_hp_gain":0,"max_hp_loss":0,"event_name":"The Moai Head","floor":48,"relics_lost":["Golden Idol"],"gold_loss":0}],"is_beta":false,"boss_relics":[{"not_picked":["Coffee Dripper","Fusion Hammer"],"picked":"Empty Cage"},{"not_picked":["Philosopher\u0027s Stone","Tiny House"],"picked":"Runic Pyramid"}],"items_purged_floors":[11,20,36],"is_endless":false,"potions_floor_spawned":[1,6,16,19,22,30,35,39,40,41,44,46,47],"killed_by":"Time Eater","ascension_level":20}}