{"host":"lzpp66udqthct9jv","time":1612683625,"event":{"mods":["Act Like it!","BaseMod","Better-Laid Plans","Chen","Emptier Cage","Gensokyo","Highlight Path","Koishi","Marisa£®ÏF”Í°°ƒß¿Ì…≥£©","Minty Spire (QoL Compilation)","Pale of the Ancients","Quick Restart","Reimu£®≤©¿ˆ¡È√Œ£©","Remilia£®¿Ÿ√◊¿Ú—«£©","Shop Mod","StSLib","The Administrix","The Servant 0.9.4","Yakumo Yukari mod","Youmu£®ªÍ∆«—˝√Œ£©","Yuyuko","ÛÙª÷∏ƒœ"],"gold_per_floor":[117,117,47,64,64,95,95,125,125,125,50,65,77,96,96,96,96],"floor_reached":16,"language":"ZHS","playtime":394,"items_purged":["Strike_R"],"score":200,"play_id":"c40906b3-25cc-45a8-8304-96fdbc9a170a","local_time":"20210207154025","is_ascension_mode":true,"campfire_choices":[{"data":"Disarm","floor":7.0,"key":"SMITH"},{"floor":10,"key":"REST"},{"data":"Fire Breathing","floor":15,"key":"SMITH"}],"circlet_count":0,"master_deck":["AscendersBane","Strike_R","Strike_R","Strike_R","Strike_R","Defend_R","Defend_R","Defend_R","Defend_R","Bloodletting","Pummel","Disarm+1","Battle Trance","Double Tap","Shrug It Off","Fire Breathing+1"],"relics":["Burning Blood","NeowsBlessing","MealTicket","Happy Flower","Paper Frog","Ancient Tea Set","Centennial Puzzle"],"acts_visited":["Gensokyo:Gensokyo"],"potions_floor_usage":[8,13],"damage_taken":[{"damage":0.0,"enemies":"Gensokyo:Python","floor":1.0,"turns":1.0},{"damage":0.0,"enemies":"Gensokyo:3_Fairies","floor":4.0,"turns":1.0},{"damage":5.0,"enemies":"Gensokyo:Mamizou","floor":6.0,"turns":3.0},{"damage":59,"enemies":"Gensokyo:Cirno","floor":8,"turns":7},{"damage":3,"enemies":"Gensokyo:2_Kodama","floor":12,"turns":3},{"damage":30,"enemies":"Gensokyo:Gryphon_and_Rabbit","floor":13,"turns":8},{"damage":9,"enemies":"Gensokyo:2_Rabbits","floor":14,"turns":6},{"damage":14,"enemies":"Gensokyo:Reimu","floor":16,"turns":3}],"seed_played":"-7677847520011435804","potions_obtained":[{"floor":4.0,"key":"FearPotion"},{"floor":6.0,"key":"ElixirPotion"},{"floor":12,"key":"BloodPotion"},{"floor":13,"key":"Ancient Potion"}],"is_trial":false,"path_per_floor":["M","?","?","M","?","E","R","E","T","R","$","M","M","M","R","B"],"character_chosen":"IRONCLAD","items_purchased":[],"campfire_rested":1,"item_purchase_floors":[],"current_hp_per_floor":[74,74,74,75,75,75,75,22,22,44,59,62,53,50,50,36,36],"gold":96,"neow_bonus":"THREE_ENEMY_KILL","is_daily":false,"chose_seed":false,"campfire_upgraded":2,"win_rate":0.0,"timestamp":1612683625,"path_taken":["M","?","?","M","?","E","R","E","T","R","$","M","M","?","R","BOSS"],"items_purchased_type":[],"build_version":"2020-12-22","purchased_purges":1,"victory":false,"max_hp_per_floor":[75,75,75,75,75,75,75,75,75,75,75,75,75,75,75,75,75],"card_choices":[{"not_picked":["Thunderclap","Armaments"],"picked":"Bloodletting","floor":1.0},{"not_picked":["Thunderclap","Iron Wave"],"picked":"Pummel","floor":4.0},{"not_picked":["Flame Barrier","Warcry"],"picked":"Disarm","floor":6.0},{"not_picked":["Sword Boomerang","Hemokinesis"],"picked":"Battle Trance","floor":8},{"not_picked":["Heavy Blade","Thunderclap"],"picked":"Double Tap","floor":12},{"not_picked":["Clothesline","Rage"],"picked":"Shrug It Off","floor":13},{"not_picked":["Flex","Wild Strike"],"picked":"Fire Breathing","floor":14}],"player_experience":1853854,"relics_obtained":[{"floor":6.0,"key":"Paper Frog"},{"floor":8,"key":"Ancient Tea Set"},{"floor":9,"key":"Centennial Puzzle"}],"event_choices":[],"is_beta":false,"boss_relics":[],"items_purged_floors":[11],"is_endless":false,"potions_floor_spawned":[4,6,12,13],"killed_by":"Gensokyo:Reimu","ascension_level":20}}