{"host":"md0dejzd6k70gl1f","time":1612738905,"event":{"mods":["BaseMod","Bestiary","Minty Spire (QoL Compilation)","Quick Restart"],"gold_per_floor":[213,288,288,288,9,40,40,54,54,54,71,82,98,125,125,221,221,235,110,110,110,126,153,153,183,209,225,100,100,135,147,159,266,278,307,419,111,138,188,188,215,248,274,291,301,301,319,337,337,337,337,337,36,61,61],"floor_reached":56,"language":"ENG","playtime":2200,"items_purged":["Defend_B","Zap","Strike_B","Strike_B"],"score":1832,"play_id":"ffcfc512-d5fc-436c-8bc4-ebcdc5c186ca","local_time":"20210208000145","is_ascension_mode":true,"campfire_choices":[{"data":"Ball Lightning","floor":7,"key":"SMITH"},{"data":"Ball Lightning","floor":10,"key":"SMITH"},{"data":"Defragment","floor":15,"key":"SMITH"},{"floor":24,"key":"REST"},{"floor":29,"key":"REST"},{"data":"Biased Cognition","floor":32,"key":"SMITH"},{"data":"Apotheosis","floor":40,"key":"SMITH"},{"floor":46,"key":"RECALL"},{"floor":49,"key":"REST"},{"data":"Echo Form","floor":52,"key":"SMITH"}],"circlet_count":0,"master_deck":["AscendersBane","Strike_B+1","Defend_B","Defend_B","Defend_B","Dualcast+1","Ball Lightning+1","Gash","Ball Lightning+1","Reinforced Body","Beam Cell","Lockon","Defragment+1","Gash","Biased Cognition+1","Go for the Eyes","Sweeping Beam","Steam","BootSequence","White Noise+1","Steam+1","Steam Power","Echo Form+1","Gash+1","Apotheosis+1","Gash+1","FTL+1","Coolheaded","Glacier+1","Undo","Hologram"],"relics":["FrozenCore","Lee\u0027s Waffle","MealTicket","Ornamental Fan","Strawberry","WingedGreaves","Blood Vial","Dream Catcher","MawBank","Inserter","ClockworkSouvenir","Regal Pillow","Calipers","PreservedInsect","Bottled Tornado","Vajra","HornCleat"],"acts_visited":["Exordium","TheCity","TheBeyond","TheEnding"],"potions_floor_usage":[12,14,14,22,23,27,41,42,55],"damage_taken":[{"damage":8,"enemies":"Small Slimes","floor":1,"turns":3},{"damage":18,"enemies":"Gremlin Nob","floor":6,"turns":3},{"damage":2,"enemies":"Jaw Worm","floor":8,"turns":2},{"damage":0,"enemies":"Cultist","floor":11,"turns":2},{"damage":0,"enemies":"Gremlin Gang","floor":12,"turns":1},{"damage":4,"enemies":"Red Slaver","floor":13,"turns":3},{"damage":16,"enemies":"3 Sentries","floor":14,"turns":4},{"damage":21,"enemies":"Hexaghost","floor":16,"turns":7},{"damage":5,"enemies":"Spheric Guardian","floor":18,"turns":5},{"damage":10,"enemies":"Shell Parasite","floor":22,"turns":4},{"damage":16,"enemies":"Book of Stabbing","floor":23,"turns":6},{"damage":51,"enemies":"Gremlin Leader","floor":25,"turns":7},{"damage":7,"enemies":"Centurion and Healer","floor":27,"turns":7},{"damage":0,"enemies":"Book of Stabbing","floor":30,"turns":6},{"damage":34,"enemies":"Champ","floor":33,"turns":14},{"damage":6,"enemies":"3 Shapes","floor":35,"turns":6},{"damage":12,"enemies":"Mind Bloom Boss Battle","floor":39,"turns":8},{"damage":12,"enemies":"Nemesis","floor":41,"turns":9},{"damage":21,"enemies":"Reptomancer","floor":42,"turns":7},{"damage":12,"enemies":"3 Darklings","floor":44,"turns":5},{"damage":2,"enemies":"Spire Growth","floor":45,"turns":5},{"damage":28,"enemies":"Jaw Worm Horde","floor":47,"turns":5},{"damage":0,"enemies":"Sphere and 2 Shapes","floor":48,"turns":6},{"damage":31,"enemies":"Awakened One","floor":50,"turns":15},{"damage":23,"enemies":"Shield and Spear","floor":54,"turns":9},{"damage":28,"enemies":"The Heart","floor":55,"turns":14}],"seed_played":"1295040335014371293","potions_obtained":[{"floor":6,"key":"Explosive Potion"},{"floor":12,"key":"Weak Potion"},{"floor":13,"key":"SpeedPotion"},{"floor":18,"key":"Weak Potion"},{"floor":23,"key":"EssenceOfSteel"},{"floor":33,"key":"Energy Potion"},{"floor":35,"key":"ColorlessPotion"},{"floor":41,"key":"FearPotion"},{"floor":47,"key":"EssenceOfSteel"}],"is_trial":false,"path_per_floor":["M","?","?","?","$","E","R","M","T","R","M","M","M","E","R","B",null,"M","$","?","?","M","E","R","E","T","M","$","R","E","$","R","B",null,"M","?","$","T","?","R","E","E","T","M","M","R","M","M","R","B",null,"R","$","E","B",null],"character_chosen":"DEFECT","items_purchased":["Lee\u0027s Waffle","Gash","Sweeping Beam","ClockworkSouvenir","Apotheosis","Vajra"],"campfire_rested":3,"item_purchase_floors":[5,5,19,37,37,53],"current_hp_per_floor":[60,49,42,27,82,64,64,62,62,62,62,62,58,49,49,28,74,69,84,67,55,45,29,57,6,6,1,16,44,46,61,61,29,78,74,74,89,89,79,79,69,50,50,40,40,40,14,16,59,30,78,78,93,71,45],"gold":61,"neow_bonus":"HUNDRED_GOLD","is_daily":false,"chose_seed":false,"campfire_upgraded":6,"win_rate":0.0,"timestamp":1612738905,"path_taken":["M","?","?","?","$","E","R","?","T","R","M","M","M","E","R","BOSS","M","$","?","?","?","E","R","E","T","?","$","R","E","?","R","BOSS","M","?","$","?","?","R","E","E","T","M","M","R","M","M","R","BOSS","R","$","E","BOSS"],"items_purchased_type":["Relic","Card","Card","Relic","Card","Relic"],"build_version":"2020-12-22","purchased_purges":4,"victory":true,"max_hp_per_floor":[75,75,75,75,82,82,82,82,82,82,82,82,82,89,89,89,89,89,89,94,94,94,94,94,94,94,94,94,94,94,94,94,94,94,94,94,94,94,94,94,94,94,94,94,94,94,94,94,94,94,94,94,94,94,94],"card_choices":[{"not_picked":["Go for the Eyes","Fusion"],"picked":"Ball Lightning","floor":1},{"not_picked":["Coolheaded","Lockon"],"picked":"Ball Lightning","floor":6},{"not_picked":["Compile Driver","Melter"],"picked":"Reinforced Body","floor":8},{"not_picked":["Conserve Battery","White Noise"],"picked":"Beam Cell","floor":11},{"not_picked":["Cold Snap","Scrape"],"picked":"Lockon","floor":12},{"not_picked":["Gash","Auto Shields"],"picked":"Defragment","floor":13},{"not_picked":["Skim","Fission"],"picked":"Gash","floor":14},{"not_picked":["Reboot","Multi-Cast"],"picked":"Biased Cognition","floor":16},{"not_picked":["Hologram","Coolheaded"],"picked":"Go for the Eyes","floor":18},{"not_picked":["Go for the Eyes","Barrage+1"],"picked":"Steam","floor":22},{"not_picked":["Barrage+1","Self Repair"],"picked":"BootSequence","floor":23},{"not_picked":["Force Field+1","Turbo"],"picked":"White Noise+1","floor":25},{"not_picked":["Storm","Loop"],"picked":"Steam+1","floor":27},{"not_picked":["Fusion","Chaos"],"picked":"Steam Power","floor":30},{"not_picked":["Machine Learning","Meteor Strike"],"picked":"Echo Form","floor":33},{"not_picked":["Heatsinks","Skim+1"],"picked":"Gash+1","floor":35},{"not_picked":["Reinforced Body","Doom and Gloom+1"],"picked":"Gash+1","floor":39},{"not_picked":["Go for the Eyes","BootSequence"],"picked":"FTL+1","floor":41},{"not_picked":["Barrage+1","Chaos"],"picked":"Coolheaded","floor":42},{"not_picked":["Chaos","Rainbow","Stack+1"],"picked":"SKIP","floor":44},{"not_picked":["Beam Cell+1","FTL+1","Steam"],"picked":"SKIP","floor":45},{"not_picked":["Coolheaded+1","Streamline+1"],"picked":"Glacier+1","floor":47},{"not_picked":["Static Discharge","Conserve Battery","Darkness+1"],"picked":"SKIP","floor":48},{"not_picked":["Streamline+1","Compile Driver+1"],"picked":"Undo","floor":49},{"not_picked":["Rebound+1","Stack"],"picked":"Hologram","floor":54}],"player_experience":495595,"relics_obtained":[{"floor":6,"key":"MealTicket"},{"floor":9,"key":"Ornamental Fan"},{"floor":14,"key":"Strawberry"},{"floor":23,"key":"WingedGreaves"},{"floor":25,"key":"Blood Vial"},{"floor":26,"key":"Dream Catcher"},{"floor":30,"key":"MawBank"},{"floor":38,"key":"Regal Pillow"},{"floor":39,"key":"Calipers"},{"floor":41,"key":"PreservedInsect"},{"floor":42,"key":"Bottled Tornado"},{"floor":54,"key":"HornCleat"}],"event_choices":[{"damage_healed":0,"gold_gain":75,"player_choice":"Gather Gold","damage_taken":11,"max_hp_gain":0,"max_hp_loss":0,"event_name":"World of Goop","floor":2,"gold_loss":0},{"cards_removed":["Strike_B"],"damage_healed":0,"gold_gain":0,"player_choice":"Card Removal","damage_taken":7,"max_hp_gain":0,"max_hp_loss":0,"event_name":"Golden Wing","floor":3,"gold_loss":0},{"damage_healed":0,"gold_gain":0,"player_choice":"Entered Light","damage_taken":15,"max_hp_gain":0,"max_hp_loss":0,"event_name":"Shining Light","floor":4,"gold_loss":0,"cards_upgraded":["Dualcast","Strike_B"]},{"damage_healed":0,"gold_gain":0,"player_choice":"Shed Blood","damage_taken":22,"max_hp_gain":5,"max_hp_loss":0,"event_name":"Forgotten Altar","floor":20,"gold_loss":0},{"damage_healed":0,"gold_gain":0,"player_choice":"POTION ","damage_taken":12,"max_hp_gain":0,"max_hp_loss":0,"event_name":"Knowing Skull","floor":21,"potions_obtained":["SkillPotion"],"gold_loss":0,"cards_obtained":[]},{"damage_healed":0,"gold_gain":100,"player_choice":"Pray","damage_taken":0,"max_hp_gain":0,"max_hp_loss":0,"event_name":"Golden Shrine","floor":36,"gold_loss":0},{"damage_healed":0,"gold_gain":0,"player_choice":"Fight","damage_taken":0,"max_hp_gain":0,"max_hp_loss":0,"event_name":"MindBloom","floor":39,"gold_loss":0}],"is_beta":false,"boss_relics":[{"not_picked":["SacredBark","Tiny House"],"picked":"FrozenCore"},{"not_picked":["Velvet Choker","Runic Dome"],"picked":"Inserter"}],"items_purged_floors":[5,19,28,53],"is_endless":false,"potions_floor_spawned":[6,12,13,18,23,33,35,41,47],"ascension_level":10}}