{"host":"hjajo0rafoe1e6c4","time":1612677477,"event":{"mods":["AchievementEnabler","BaseMod","Bestiary","Colored Map","Colored Powertips","Downfall","Highlight Path","Minty Spire (QoL Compilation)","Relic Stats","StSLib"],"gold_per_floor":[114,125,125,139,68,97,110,110,110,121,121,21,51,51,51,179,179,199,199,5,5,5,5,5],"floor_reached":23,"language":"ENG","playtime":728,"items_purged":["Strike_R"],"score":252,"play_id":"9194ec99-7da3-44f7-baaf-afd538f9ad82","local_time":"20210207005757","is_ascension_mode":true,"campfire_choices":[{"floor":8,"key":"REST"},{"floor":15,"key":"REST"}],"circlet_count":0,"master_deck":["Defend_R","Defend_R","Defend_R","Defend_R+1","Bash","Carnage+1","Flame Barrier","Reckless Charge","Twin Strike","Armaments","Double Tap","Spot Weakness","Uppercut+1","Dropkick+1","Sword Boomerang+1","Fire Breathing","Injury","Iron Wave+1","Brutality","Pummel+1","Fire Breathing","Bite+1","Bite+1","Bite+1","Bite+1","Bite+1","Shame"],"relics":["Black Star","Juzu Bracelet","Bottled Lightning","Molten Egg 2","Dream Catcher","Bronze Scales","Golden Idol","Runic Cube","Toy Ornithopter","Lantern","Ancient Tea Set"],"acts_visited":["Exordium","TheCity"],"potions_floor_usage":[6,10,23],"damage_taken":[{"damage":12,"enemies":"Jaw Worm","floor":1,"turns":3},{"damage":2,"enemies":"2 Louse","floor":2,"turns":2},{"damage":0,"enemies":"Cultist","floor":4,"turns":2},{"damage":28,"enemies":"Lagavulin","floor":6,"turns":5},{"damage":6,"enemies":"Looter","floor":7,"turns":2},{"damage":14,"enemies":"Gremlin Gang","floor":10,"turns":4},{"damage":10,"enemies":"3 Sentries","floor":13,"turns":4},{"damage":33,"enemies":"Slime Boss","floor":16,"turns":9},{"damage":1,"enemies":"Chosen","floor":18,"turns":3},{"damage":62,"enemies":"Gremlin Leader","floor":23,"turns":2}],"seed_played":"1652715150319643126","potions_obtained":[{"floor":2,"key":"Block Potion"},{"floor":4,"key":"LiquidBronze"},{"floor":10,"key":"bronze:BurnAndBuffPotion"},{"floor":13,"key":"Strength Potion"}],"is_trial":false,"path_per_floor":["M","M","?","M","$","E","M","R","T","M","?","$","E","?","R","B",null,"M","?","$","?","?","E"],"character_chosen":"IRONCLAD","items_purchased":["Twin Strike","Armaments","Sword Boomerang+1","Fire Breathing","Lantern"],"campfire_rested":2,"item_purchase_floors":[5,5,12,20,20],"current_hp_per_floor":[68,66,50,50,50,22,16,40,40,26,26,26,16,16,40,7,80,79,79,79,56,56,0,0],"gold":5,"neow_bonus":"BOSS_RELIC","is_daily":false,"chose_seed":false,"campfire_upgraded":0,"win_rate":0.0,"timestamp":1612677477,"path_taken":["M","M","?","M","$","E","M","R","T","M","?","$","E","?","R","BOSS","M","?","$","?","?","E"],"items_purchased_type":["Card","Card","Card","Card","Relic"],"build_version":"2020-12-22","purchased_purges":1,"victory":false,"max_hp_per_floor":[80,80,80,80,80,80,80,80,80,80,80,80,80,80,80,80,80,80,80,80,56,56,56,56],"relic_stats":{"Dream Catcher":1,"counters":[10,36],"Golden Idol":30,"Bronze Scales":[40],"Black Star":2,"Juzu Bracelet":2,"obtain_stats":[{"Dream Catcher":13,"Lantern":20,"Golden Idol":14,"Bronze Scales":13,"Molten Egg 2":9,"Black Star":0,"Juzu Bracelet":6,"Bottled Lightning":6,"Ancient Tea Set":22,"Burning Blood":0,"Toy Ornithopter":19,"Runic Cube":17},{"Dream Catcher":7,"Lantern":9,"Golden Idol":7,"Bronze Scales":7,"Molten Egg 2":5,"Black Star":0,"Juzu Bracelet":4,"Bottled Lightning":4,"Ancient Tea Set":9,"Burning Blood":0,"Toy Ornithopter":9,"Runic Cube":8},{"Dream Catcher":22,"Lantern":34,"Golden Idol":22,"Bronze Scales":22,"Molten Egg 2":14,"Black Star":0,"Juzu Bracelet":12,"Bottled Lightning":12,"Ancient Tea Set":34,"Burning Blood":0,"Toy Ornithopter":34,"Runic Cube":31}],"Toy Ornithopter":5,"Runic Cube":[7]},"card_choices":[{"not_picked":["Body Slam","Iron Wave"],"picked":"Carnage","floor":1},{"not_picked":["Blood for Blood","Perfected Strike"],"picked":"Flame Barrier","floor":2},{"not_picked":["Perfected Strike","Thunderclap"],"picked":"Reckless Charge","floor":4},{"not_picked":["Body Slam","Pommel Strike"],"picked":"Double Tap","floor":6},{"not_picked":["Flex","Seeing Red"],"picked":"Spot Weakness","floor":7},{"not_picked":["Fire Breathing","Twin Strike+1"],"picked":"Uppercut+1","floor":10},{"not_picked":["Rampage+1","Headbutt+1"],"picked":"Fire Breathing","floor":13},{"not_picked":["Flame Barrier","Ghostly Armor"],"picked":"Iron Wave+1","floor":15},{"not_picked":["Double Tap","Exhume"],"picked":"Brutality","floor":16},{"not_picked":["Hemokinesis+1","Entrench"],"picked":"Pummel+1","floor":18}],"player_experience":255368,"relics_obtained":[{"floor":6,"key":"Juzu Bracelet"},{"floor":6,"key":"Bottled Lightning"},{"floor":9,"key":"Molten Egg 2"},{"floor":13,"key":"Dream Catcher"},{"floor":13,"key":"Bronze Scales"}],"event_choices":[{"damage_healed":0,"gold_gain":0,"player_choice":"Entered Light","damage_taken":16,"max_hp_gain":0,"max_hp_loss":0,"event_name":"Shining Light","floor":3,"gold_loss":0,"cards_upgraded":["Defend_R","Carnage"]},{"damage_healed":0,"gold_gain":0,"cards_transformed":["Strike_R"],"player_choice":"Transformed","damage_taken":0,"max_hp_gain":0,"max_hp_loss":0,"event_name":"Transmorgrifier","floor":11,"gold_loss":0,"cards_obtained":["Dropkick"]},{"damage_healed":0,"gold_gain":0,"player_choice":"Take Wound","damage_taken":0,"relics_obtained":["Golden Idol"],"max_hp_gain":0,"max_hp_loss":0,"event_name":"Golden Idol","floor":14,"gold_loss":0,"cards_obtained":["Injury"]},{"damage_healed":0,"gold_gain":0,"player_choice":"Gave Potion","damage_taken":0,"relics_obtained":["Toy Ornithopter"],"max_hp_gain":0,"max_hp_loss":0,"event_name":"WeMeetAgain","floor":19,"gold_loss":0},{"damage_healed":0,"gold_gain":0,"player_choice":"Became a vampire","damage_taken":0,"max_hp_gain":0,"max_hp_loss":24,"event_name":"Vampires","floor":21,"gold_loss":0,"cards_obtained":["Bite","Bite","Bite","Bite","Bite"]},{"damage_healed":0,"gold_gain":0,"player_choice":"Stole Relic","damage_taken":0,"relics_obtained":["Ancient Tea Set"],"max_hp_gain":0,"max_hp_loss":0,"event_name":"Addict","floor":22,"gold_loss":0,"cards_obtained":["Shame"]}],"is_beta":false,"boss_relics":[{"not_picked":["Velvet Choker","Cursed Key"],"picked":"Runic Cube"}],"items_purged_floors":[12],"is_endless":false,"potions_floor_spawned":[2,4,10,13],"killed_by":"Gremlin Leader","ascension_level":3}}