{"host":"824exx23qlyrdtjz","time":1612675530,"event":{"mods":["BaseMod","Colored Map","Downfall","Minty Spire (QoL Compilation)","StSLib"],"gold_per_floor":[99,99,99,99,9,9,34,34,34,52,64,77,92,92,106,204,204,204,221,234,252,352,382,382,392,392,242,242,20,40,140,140,140,140],"floor_reached":32,"language":"ENG","playtime":1403,"items_purged":["Guardian:Strike_Guardian"],"score":250,"play_id":"52080bcf-57db-4c27-9a26-21d8551b122e","local_time":"20210207002530","is_ascension_mode":false,"campfire_choices":[{"data":"Guardian:TwinSlam","floor":1,"key":"SMITH"},{"data":"Guardian:CompilePackage","floor":6,"key":"SMITH"},{"data":"Guardian:Harden","floor":9,"key":"SMITH"},{"data":"Guardian:FloatingOrbs","floor":18,"key":"SMITH"},{"data":"Guardian:WalkerClaw","floor":26,"key":"SMITH"}],"circlet_count":0,"master_deck":["Guardian:Strike_Guardian+1","Guardian:Strike_Guardian+1","Guardian:Defend_Guardian","Guardian:Defend_Guardian","Guardian:CurlUp","Guardian:TwinSlam+1","Guardian:PiercingHide","Guardian:Harden+1","Guardian:CompilePackage+1","Guardian:WalkerClaw+1","Guardian:FloatingOrbs+1","Guardian:SpikerProtocol+1","Ghostly","Guardian:BaubleBeam","Guardian:Gem_Red","Guardian:Gem_Green","J.A.X.","Guardian:DecasProtection","Guardian:BaubleBeam","Guardian:HyperBeam_Guardian"],"relics":["Guardian:ModeShifter","downfall:HeartsMalice","Juzu Bracelet","Lizard Tail","Thread and Needle","Cursed Key","Peace Pipe","Singing Bowl","Vajra","Whetstone","MutagenicStrength"],"acts_visited":["Exordium","TheCity"],"potions_floor_usage":[15,16,16,16,22,25,31],"damage_taken":[{"damage":0,"enemies":"Cultist","floor":2,"turns":1},{"damage":0,"enemies":"Small Slimes","floor":3,"turns":1},{"damage":0,"enemies":"2 Louse","floor":4,"turns":1},{"damage":0,"enemies":"downfall:FleeingMerchant","floor":5,"turns":4},{"damage":6,"enemies":"Lots of Slimes","floor":10,"turns":4},{"damage":23,"enemies":"Large Slime","floor":11,"turns":8},{"damage":7,"enemies":"Blue Slaver","floor":12,"turns":4},{"damage":16,"enemies":"3 Louse","floor":13,"turns":3},{"damage":0,"enemies":"Large Slime","floor":15,"turns":4},{"damage":7,"enemies":"WA_ARCHETYPE_RETAIN","floor":16,"turns":6},{"damage":16,"enemies":"Spheric Guardian","floor":19,"turns":4},{"damage":6,"enemies":"Cultist and Chosen","floor":20,"turns":6},{"damage":16,"enemies":"Shelled Parasite and Fungi","floor":21,"turns":6},{"damage":0,"enemies":"SI_SHIV_ARCHETYPE","floor":22,"turns":5},{"damage":64,"enemies":"Gremlin Leader","floor":23,"turns":8},{"damage":0,"enemies":"Snake Plant","floor":25,"turns":4},{"damage":1,"enemies":"downfall:FleeingMerchant","floor":29,"turns":4},{"damage":0,"enemies":"Centurion and Healer","floor":30,"turns":7},{"damage":25,"enemies":"downfall:Augmenter","floor":31,"turns":6},{"damage":8,"enemies":"Sentry and Sphere","floor":32,"turns":2}],"seed_played":"-7132410428899201372","potions_obtained":[{"floor":11,"key":"Strength Potion"},{"floor":12,"key":"Explosive Potion"},{"floor":13,"key":"Block Potion"},{"floor":15,"key":"FearPotion"},{"floor":20,"key":"LiquidBronze"},{"floor":23,"key":"Guardian:DefensiveModePotion"},{"floor":30,"key":"SneckoOil"},{"floor":31,"key":"FearPotion"}],"is_trial":false,"path_per_floor":["R","M","M","M","$","R","T","?","R","M","M","M","M","?","M","B",null,"R","M","M","M","?","E","T","M","R","?","?","$","M","?","M"],"character_chosen":"GUARDIAN","items_purchased":["Whetstone","Guardian:Gem_Red"],"campfire_rested":0,"item_purchase_floors":[29,29],"current_hp_per_floor":[80,80,80,80,80,80,80,68,68,62,39,32,16,16,16,9,80,80,64,58,42,42,27,27,27,27,27,27,26,26,1,0,0,0],"gold":140,"neow_bonus":"THREE_ENEMY_KILL","is_daily":false,"chose_seed":false,"campfire_upgraded":5,"win_rate":0.0,"timestamp":1612675530,"path_taken":["R","M","M","?","$","R","T","?","R","M","M","M","M","?","M","BOSS","R","M","M","M","?","E","T","M","R","?","?","$","M","?","M"],"items_purchased_type":["Relic","Card"],"build_version":"2020-12-22","purchased_purges":1,"victory":false,"max_hp_per_floor":[80,80,80,80,80,80,80,80,80,80,80,80,80,80,80,80,80,80,80,80,80,80,82,82,82,82,82,82,82,82,82,82,82,82],"card_choices":[{"not_picked":["Guardian:TimeCapacitor","Guardian:Recover"],"picked":"Guardian:PiercingHide","floor":2},{"not_picked":["Guardian:VentSteam","Guardian:Recover","Guardian:ChargeCore"],"picked":"SKIP","floor":3},{"not_picked":["Guardian:Gem_Green","Guardian:VentSteam"],"picked":"Guardian:Harden","floor":4},{"not_picked":["Guardian:Suspension","Guardian:GemFire"],"picked":"Guardian:CompilePackage","floor":5},{"not_picked":["Guardian:ShieldCharger","Guardian:ArmoredProtocol","Guardian:BronzeOrb"],"picked":"SKIP","floor":10},{"not_picked":["Guardian:RollAttack","Guardian:TemporalStrike","Guardian:Suspension"],"picked":"SKIP","floor":11},{"not_picked":["Guardian:Incinerate","Guardian:PiercingHide"],"picked":"Guardian:WalkerClaw","floor":12},{"not_picked":["Guardian:WalkerClaw","Guardian:ShieldCharger"],"picked":"Guardian:FloatingOrbs","floor":13},{"not_picked":["Guardian:GuardianWhirl","Guardian:Reroute","Guardian:Clone"],"picked":"SKIP","floor":15},{"not_picked":["Guardian:Planning","Guardian:RollAttack+1","Guardian:ChargeCore+1"],"picked":"SKIP","floor":19},{"not_picked":["Guardian:WalkerClaw","Guardian:Preprogram","Guardian:PrimingBeam"],"picked":"SKIP","floor":20},{"not_picked":["Guardian:PiercingHide+1","Guardian:VentSteam"],"picked":"Guardian:Gem_Purple","floor":21},{"not_picked":["Guardian:TemporalShield","Guardian:RollAttack+1"],"picked":"Guardian:SpikerProtocol+1","floor":22},{"not_picked":["Guardian:TimeCapacitor+1","Guardian:Preprogram+1","Guardian:Suspension+1"],"picked":"Singing Bowl","floor":23},{"not_picked":["Guardian:TemporalShield","Guardian:FuturePlans"],"picked":"Guardian:Gem_Crimson","floor":25},{"not_picked":["Guardian:PrismaticBeam","Guardian:Emergency"],"picked":"Guardian:BaubleBeam","floor":29},{"not_picked":["Guardian:RollAttack+1","Guardian:ShieldCharger"],"picked":"Guardian:Gem_Green","floor":30},{"not_picked":[],"picked":"J.A.X.","floor":31},{"not_picked":["Guardian:Recover","Guardian:PrimingBeam"],"picked":"Guardian:HyperBeam_Guardian","floor":31}],"player_experience":195451,"relics_obtained":[{"floor":7,"key":"Juzu Bracelet"},{"floor":14,"key":"Thread and Needle"},{"floor":22,"key":"Peace Pipe"},{"floor":22,"key":"Singing Bowl"},{"floor":23,"key":"Vajra"},{"floor":31,"key":"MutagenicStrength"}],"event_choices":[{"damage_healed":0,"gold_gain":0,"player_choice":"Success","damage_taken":12,"relics_obtained":["Lizard Tail"],"max_hp_gain":0,"max_hp_loss":0,"event_name":"Scrap Ooze","floor":8,"gold_loss":0},{"damage_healed":0,"gold_gain":0,"player_choice":"Relic","damage_taken":0,"max_hp_gain":0,"max_hp_loss":0,"event_name":"Wheel of Change","floor":14,"gold_loss":0}],"is_beta":false,"boss_relics":[{"not_picked":["Busted Crown","Astrolabe"],"picked":"Cursed Key"}],"items_purged_floors":[5],"is_endless":false,"potions_floor_spawned":[11,12,13,15,20,23,30,31],"killed_by":"Sentry and Sphere","ascension_level":0}}