{"host":"3498uni0c31c9bdm","time":1612686923,"event":{"mods":["BaseMod","Better Match","Better Note","Better Sensory Stone","Better Skull","Better Third Choice","Colored Map","Minty Spire (QoL Compilation)","Quick Restart","RNG Fix","Random Character Button","Replay The Spire","Shop Mod","Smile Girya","StSLib","Unceasing Turn Reminder"],"gold_per_floor":[115,126,137,157,167,198,214,228,228,228,257,257,268,279,279,376,376,390,390,415,39,39,39,55,55,55],"floor_reached":25,"language":"ENG","playtime":671,"items_purged":[],"score":336,"play_id":"c524be6b-d31b-47e2-86e0-0b9e5c3a0ed6","local_time":"20210207193523","is_ascension_mode":true,"campfire_choices":[{"floor":23,"key":"REST"}],"circlet_count":0,"master_deck":["AscendersBane","Strike_B","Strike_B","Strike_B","Strike_B+1","Defend_B","Defend_B","Defend_B","Defend_B","Zap","Dualcast","Stack","Leap","ReplayGash","Ball Lightning+1","ReplayGash+1","Tempest","Hello World","Go for the Eyes","Defragment","Core Surge","Chaos","Buffer","AbeCurse","Redo","Sunder","Sadistic Nature","Bandage Up","Mayhem","Streamline+1"],"relics":["Cracked Core","NeowsBlessing","Replay:Multitool","Pantograph","Pen Nib","Abe\u0027s Treasure","MutagenicStrength","Red Mask","Molten Egg 2","ReplayTheSpireMod:ShopPack"],"acts_visited":["Exordium","TheCity"],"potions_floor_usage":[6,6,16,20,20],"damage_taken":[{"damage":0,"enemies":"2 Louse","floor":1,"turns":1},{"damage":0,"enemies":"Cultist","floor":2,"turns":1},{"damage":0,"enemies":"Small Slimes","floor":3,"turns":2},{"damage":4,"enemies":"Blue Slaver","floor":4,"turns":4},{"damage":6,"enemies":"2 Fungi Beasts","floor":5,"turns":3},{"damage":23,"enemies":"Lagavulin","floor":6,"turns":5},{"damage":4,"enemies":"Red Slaver","floor":7,"turns":3},{"damage":1,"enemies":"Looter","floor":8,"turns":3},{"damage":19,"enemies":"Gremlin Nob","floor":11,"turns":4},{"damage":8,"enemies":"Blue Slaver","floor":13,"turns":4},{"damage":15,"enemies":"2 Fungi Beasts","floor":14,"turns":4},{"damage":33,"enemies":"Hexaghost","floor":16,"turns":8},{"damage":24,"enemies":"Spheric Guardian","floor":18,"turns":4},{"damage":24,"enemies":"Masked Bandits","floor":20,"turns":4},{"damage":30,"enemies":"2 Thieves","floor":24,"turns":4},{"damage":14,"enemies":"Slavers","floor":25,"turns":1}],"seed_played":"-3332517023523075968","potions_obtained":[{"floor":1,"key":"PowerPotion"},{"floor":5,"key":"FearPotion"},{"floor":7,"key":"CultistPotion"},{"floor":11,"key":"BlessingOfTheForge"},{"floor":16,"key":"EssenceOfDarkness"}],"is_trial":false,"path_per_floor":["M","M","M","M","M","E","M","M","T","R","E","?","M","M","R","B",null,"M","?","?","$","?","R","M","E"],"character_chosen":"DEFECT","items_purchased":["Molten Egg 2","ReplayTheSpireMod:ShopPack"],"campfire_rested":1,"item_purchase_floors":[21,21],"current_hp_per_floor":[68,68,68,64,58,35,31,30,30,52,33,33,25,10,32,24,62,38,38,14,14,14,36,6,0,0],"gold":55,"neow_bonus":"THREE_ENEMY_KILL","is_daily":false,"chose_seed":false,"campfire_upgraded":0,"win_rate":0.0,"timestamp":1612686923,"path_taken":["M","?","M","M","M","E","M","M","T","R","E","?","?","M","R","BOSS","M","?","?","?","?","R","M","E"],"items_purchased_type":["Relic","Relic"],"build_version":"2020-12-22","purchased_purges":0,"victory":false,"max_hp_per_floor":[75,75,75,75,75,75,75,75,75,75,75,75,75,75,75,75,75,75,75,75,75,75,75,75,75,75],"card_choices":[{"not_picked":["Compile Driver","Coolheaded"],"picked":"Stack","floor":1},{"not_picked":["Crystallizer","Time Bomb"],"picked":"Leap","floor":2},{"not_picked":["Rebound","Barrage"],"picked":"ReplayGash","floor":3},{"not_picked":["Fusion","Rebound"],"picked":"Ball Lightning","floor":4},{"not_picked":["Compile Driver","Recycle"],"picked":"ReplayGash","floor":5},{"not_picked":["Sunder","Gash"],"picked":"Tempest","floor":6},{"not_picked":["Cold Snap","Tempest"],"picked":"Hello World","floor":7},{"not_picked":["Gash","Force Field"],"picked":"Go for the Eyes","floor":8},{"not_picked":["Tempest","ReplayGash"],"picked":"Defragment","floor":11},{"not_picked":["Chill","Rebound"],"picked":"Core Surge","floor":13},{"not_picked":["Streamline","Sunder"],"picked":"Chaos","floor":14},{"not_picked":["Biased Cognition","Reboot"],"picked":"Buffer","floor":16},{"not_picked":["Compile Driver","Cold Snap"],"picked":"Redo","floor":18},{"not_picked":["Coolheaded","Panic Button"],"picked":"Sunder","floor":20},{"not_picked":["The Bomb","Secret Technique"],"picked":"Sadistic Nature","floor":21},{"not_picked":["ReplayUltimateDefense","Thinking Ahead"],"picked":"Bandage Up","floor":21},{"not_picked":["Purity","Secret Technique"],"picked":"Mayhem","floor":21},{"not_picked":["ReplaySort","Gash+1"],"picked":"Streamline+1","floor":24}],"player_experience":842226,"relics_obtained":[{"floor":6,"key":"Replay:Multitool"},{"floor":9,"key":"Pantograph"},{"floor":11,"key":"Pen Nib"},{"floor":20,"key":"Red Mask"}],"event_choices":[{"damage_healed":0,"gold_gain":0,"player_choice":"Inject Mutagens","damage_taken":0,"relics_obtained":["MutagenicStrength"],"max_hp_gain":0,"max_hp_loss":0,"event_name":"Drug Dealer","floor":19,"gold_loss":0},{"damage_healed":0,"gold_gain":0,"player_choice":"Fought Bandits","damage_taken":0,"max_hp_gain":0,"max_hp_loss":0,"event_name":"Masked Bandits","floor":20,"gold_loss":0},{"damage_healed":0,"gold_gain":0,"player_choice":"Ignored","damage_taken":0,"max_hp_gain":0,"max_hp_loss":0,"event_name":"Ghosts","floor":22,"gold_loss":0}],"is_beta":false,"boss_relics":[{"not_picked":["Coffee Dripper","Pandora\u0027s Box"],"picked":"Abe\u0027s Treasure"}],"items_purged_floors":[],"is_endless":false,"potions_floor_spawned":[1,5,7,11,13,16],"killed_by":"Slavers","ascension_level":11}}