{"host":"ydh61a5ftgdajrbo","time":1612664948,"event":{"mods":["BaseMod","Colored Map","DeckTracker","Downfall","Koishi","Marisa¡]Ãú«B¡@Å]²z¨F¡^","Minty Spire (QoL Compilation)","Spire Arcade","StSLib","The Administrix","The Animator","The Cursed","The Mystic","The Servant 0.9.4"],"gold_per_floor":[118,135,60,60,60,60,88,106,106,117,147,147,147,166,166,240,240,255,108,124,124,144,144,144],"floor_reached":23,"language":"ZHS","playtime":856,"items_purged":["Strike_G","Defend_G"],"score":396,"play_id":"b1453a91-3a6d-44b8-8d9d-beeabf59a995","local_time":"20210207102908","is_ascension_mode":true,"campfire_choices":[{"data":"Predator","floor":6.0,"key":"SMITH"},{"floor":12.0,"key":"REST"},{"floor":15,"key":"REST"}],"circlet_count":0,"master_deck":["AscendersBane","Strike_G","Strike_G","Strike_G","Strike_G","Defend_G","Defend_G","Defend_G","Defend_G","Survivor","Neutralize","Predator+1","Blur","Footwork","Sucker Punch","Backflip","Deadly Poison+1","After Image","CurseOfTheBell","Underhanded Strike","Deadly Poison+1","Deadly Poison+1","Catalyst+1"],"relics":["Ring of the Snake","NeowsBlessing","Unceasing Top","Gremlin Horn","Singing Bowl","Toxic Egg 2","FossilizedHelix","Calling Bell","Bag of Marbles","Meat on the Bone","hexamod:Sixitude"],"acts_visited":["Exordium","TheCity"],"potions_floor_usage":[16,18,22],"damage_taken":[{"damage":0.0,"enemies":"Cultist","floor":1.0,"turns":1.0},{"damage":0.0,"enemies":"2 Louse","floor":2.0,"turns":1.0},{"damage":0.0,"enemies":"Gremlin Nob","floor":7.0,"turns":1.0},{"damage":1.0,"enemies":"Jaw Worm","floor":8.0,"turns":3.0},{"damage":0.0,"enemies":"Large Slime","floor":10.0,"turns":6.0},{"damage":37.0,"enemies":"Lagavulin","floor":11.0,"turns":10.0},{"damage":0,"enemies":"Exordium Wildlife","floor":14,"turns":3},{"damage":27,"enemies":"Hexaghost","floor":16,"turns":12},{"damage":2,"enemies":"Chosen","floor":18,"turns":6},{"damage":26,"enemies":"2 Thieves","floor":20,"turns":5},{"damage":3,"enemies":"3 Cultists","floor":22,"turns":5},{"damage":45,"enemies":"Slavers","floor":23,"turns":3}],"seed_played":"8311020645404230309","potions_obtained":[{"floor":1.0,"key":"LiquidMemories"},{"floor":7.0,"key":"Explosive Potion"},{"floor":16,"key":"Fire Potion"},{"floor":20,"key":"FearPotion"}],"is_trial":false,"path_per_floor":["M","M","$","?","$","R","E","M","T","M","E","R","?","M","R","B",null,"M","$","M","?","M","E"],"character_chosen":"THE_SILENT","items_purchased":["Deadly Poison+1"],"campfire_rested":2,"item_purchase_floors":[19],"current_hp_per_floor":[59,59,59,54,54,54,54,53,53,53,16,35,35,37,57,30,59,57,57,43,43,40,0,0],"gold":144,"neow_bonus":"THREE_ENEMY_KILL","is_daily":false,"chose_seed":false,"campfire_upgraded":1,"win_rate":0.0,"timestamp":1612664948,"path_taken":["M","M","?","?","?","R","E","M","T","M","E","R","?","?","R","BOSS","M","?","?","?","M","E"],"items_purchased_type":["Card"],"build_version":"2020-12-22","purchased_purges":2,"victory":false,"max_hp_per_floor":[66,66,66,66,66,66,66,66,66,66,66,66,66,68,68,68,68,68,68,68,68,68,68,68],"card_choices":[{"not_picked":["Terror","Masterful Stab"],"picked":"Predator","floor":1.0},{"not_picked":["Reflex","Deflect"],"picked":"Blur","floor":2.0},{"not_picked":["Flying Knee","Skewer"],"picked":"Footwork","floor":7.0},{"not_picked":["Setup","Cloak And Dagger"],"picked":"Sucker Punch","floor":8.0},{"not_picked":["Setup","Quick Slash"],"picked":"Backflip","floor":10.0},{"not_picked":["Dagger Spray","Predator"],"picked":"Deadly Poison+1","floor":11.0},{"not_picked":["Deflect+1","Choke","Setup+1"],"picked":"Singing Bowl","floor":14},{"not_picked":["Grand Finale","Doppelganger+1"],"picked":"After Image","floor":16},{"not_picked":["Crippling Poison+1","Deflect+1"],"picked":"Underhanded Strike","floor":18},{"not_picked":["Skewer+1","Slice"],"picked":"Deadly Poison+1","floor":20},{"not_picked":["Deadly Poison+1","Setup+1"],"picked":"Catalyst+1","floor":22}],"player_experience":362130,"relics_obtained":[{"floor":7.0,"key":"Gremlin Horn"},{"floor":9.0,"key":"Singing Bowl"},{"floor":11.0,"key":"Toxic Egg 2"},{"floor":17,"key":"Bag of Marbles"},{"floor":17,"key":"Meat on the Bone"},{"floor":17,"key":"hexamod:Sixitude"}],"event_choices":[{"damage_healed":0.0,"max_hp_gain":0.0,"max_hp_loss":0.0,"gold_gain":0.0,"event_name":"Scrap Ooze","player_choice":"Success","floor":4.0,"gold_loss":0.0,"damage_taken":5.0,"relics_obtained":["Unceasing Top"]},{"damage_healed":0,"gold_gain":0,"player_choice":"Ignored","damage_taken":0,"max_hp_gain":0,"max_hp_loss":0,"event_name":"Vampires","floor":21,"gold_loss":0}],"is_beta":false,"boss_relics":[{"not_picked":["Empty Cage","Astrolabe"],"picked":"Calling Bell"}],"items_purged_floors":[3,19],"is_endless":false,"potions_floor_spawned":[1,7,16,20],"killed_by":"Slavers","ascension_level":15}}