{"host":"15aj5evy2lp05ri4","time":1612697184,"event":{"mods":["AchievementEnabler","BaseMod","Minty Spire (QoL Compilation)"],"gold_per_floor":[319,319,394,26,36,36,52,65,65,75,91,105,105,118,118,217,217,234,149,176,6,19,48,48,68,68,5,5,5],"floor_reached":28,"language":"ENG","playtime":783,"items_purged":["Strike_P","Defend_P","Strike_P+1"],"score":308,"play_id":"0795161b-6193-4866-b425-90841879f8be","local_time":"20210207122624","is_ascension_mode":true,"campfire_choices":[{"floor":6.0,"key":"REST"},{"data":"Eruption","floor":13.0,"key":"SMITH"},{"data":"LikeWater","floor":15.0,"key":"SMITH"},{"floor":24,"key":"REST"}],"circlet_count":0,"master_deck":["Defend_P","Defend_P","Defend_P","Eruption+1","Vigilance","Conclude+1","FollowUp","Consecrate","Indignation","EmptyBody","SandsOfTime","LikeWater+1","Devotion","Worship+1","Prostrate","Perseverance"],"relics":["PureWater","Old Coin","Membership Card","Pen Nib","Calipers","Empty Cage","Torii","Red Mask","Shuriken","Bag of Preparation","Ginger"],"acts_visited":["Exordium","TheCity"],"potions_floor_usage":[23,23],"damage_taken":[{"damage":0.0,"enemies":"2 Louse","floor":1.0,"turns":1.0},{"damage":6.0,"enemies":"Jaw Worm","floor":5.0,"turns":3.0},{"damage":0.0,"enemies":"Cultist","floor":7.0,"turns":2.0},{"damage":0.0,"enemies":"Gremlin Gang","floor":8.0,"turns":1.0},{"damage":0.0,"enemies":"Exordium Wildlife","floor":10.0,"turns":1.0},{"damage":3.0,"enemies":"Blue Slaver","floor":11.0,"turns":3.0},{"damage":7.0,"enemies":"Large Slime","floor":12.0,"turns":3.0},{"damage":0.0,"enemies":"3 Louse","floor":14.0,"turns":1.0},{"damage":12.0,"enemies":"The Guardian","floor":16.0,"turns":4.0},{"damage":11.0,"enemies":"Shell Parasite","floor":18.0,"turns":3.0},{"damage":0.0,"enemies":"Masked Bandits","floor":20.0,"turns":2.0},{"damage":6.0,"enemies":"3 Byrds","floor":22.0,"turns":2.0},{"damage":31,"enemies":"Gremlin Leader","floor":23,"turns":5},{"damage":40,"enemies":"Centurion and Healer","floor":25,"turns":5},{"damage":9,"enemies":"Snake Plant","floor":28,"turns":3}],"seed_played":"8660964389845071773","potions_obtained":[{"floor":1.0,"key":"SpeedPotion"},{"floor":7.0,"key":"Explosive Potion"},{"floor":10.0,"key":"BottledMiracle"},{"floor":12.0,"key":"EntropicBrew"},{"floor":16.0,"key":"GamblersBrew"},{"floor":18.0,"key":"Weak Potion"},{"floor":22.0,"key":"Explosive Potion"}],"is_trial":false,"path_per_floor":["M","?","?","$","M","R","M","M","T","M","M","M","R","M","R","B",null,"M","?","?","$","M","E","R","M","T","$","M"],"character_chosen":"WATCHER","items_purchased":["FollowUp","Consecrate","Membership Card","Pen Nib","Shuriken"],"campfire_rested":2,"item_purchase_floors":[4,4,4,4,21],"current_hp_per_floor":[72,58,51,51,45,66,66,66,66,66,63,56,56,56,56,44,72,61,61,61,61,55,24,45,5,5,5,0,0],"gold":5,"neow_bonus":"ONE_RARE_RELIC","is_daily":false,"chose_seed":false,"campfire_upgraded":2,"win_rate":0.0,"timestamp":1612697184,"path_taken":["M","?","?","$","M","R","M","?","T","?","M","M","R","M","R","BOSS","M","?","?","$","M","E","R","M","T","?","M"],"items_purchased_type":["Card","Card","Relic","Relic","Relic"],"build_version":"2020-12-22","purchased_purges":3,"victory":false,"max_hp_per_floor":[72,72,72,72,72,72,72,72,72,72,72,72,72,72,72,72,72,72,72,72,72,72,72,72,72,72,72,72,72],"card_choices":[{"not_picked":["JustLucky","EmptyBody"],"picked":"Conclude","floor":1.0},{"not_picked":["PathToVictory","Collect","FlurryOfBlows"],"picked":"SKIP","floor":5.0},{"not_picked":["TalkToTheHand","Study"],"picked":"Indignation","floor":7.0},{"not_picked":["Conclude","ReachHeaven"],"picked":"EmptyBody","floor":8.0},{"not_picked":["WindmillStrike","Meditate"],"picked":"SandsOfTime","floor":10.0},{"not_picked":["CrushJoints","PathToVictory"],"picked":"LikeWater","floor":11.0},{"not_picked":["PathToVictory","Alpha","FlyingSleeves"],"picked":"SKIP","floor":12.0},{"not_picked":["Crescendo","EmptyFist","CarveReality"],"picked":"SKIP","floor":14.0},{"not_picked":["Wish","DevaForm"],"picked":"Devotion","floor":16.0},{"not_picked":["CrushJoints","ReachHeaven","BowlingBash"],"picked":"SKIP","floor":18.0},{"not_picked":["WindmillStrike","FlyingSleeves+1"],"picked":"Worship+1","floor":20.0},{"not_picked":["CrushJoints+1","Halt+1"],"picked":"Prostrate","floor":22.0},{"not_picked":["Scrawl","Protect"],"picked":"Perseverance","floor":23},{"not_picked":["Consecrate+1","Protect","ForeignInfluence"],"picked":"SKIP","floor":25}],"player_experience":710308,"relics_obtained":[{"floor":9.0,"key":"Calipers"},{"floor":20.0,"key":"Red Mask"},{"floor":23,"key":"Bag of Preparation"},{"floor":26,"key":"Ginger"}],"event_choices":[{"damage_healed":0.0,"max_hp_gain":0.0,"max_hp_loss":0.0,"gold_gain":0.0,"event_name":"Shining Light","player_choice":"Entered Light","floor":2.0,"gold_loss":0.0,"damage_taken":14.0,"cards_upgraded":["Conclude","Strike_P"]},{"damage_healed":0.0,"max_hp_gain":0.0,"max_hp_loss":0.0,"gold_gain":75.0,"event_name":"FaceTrader","player_choice":"Touch","floor":3.0,"gold_loss":0.0,"damage_taken":7.0},{"damage_healed":0.0,"max_hp_gain":0.0,"max_hp_loss":0.0,"gold_gain":0.0,"event_name":"Addict","player_choice":"Obtained Relic","floor":19.0,"gold_loss":85.0,"damage_taken":0.0,"relics_obtained":["Torii"]},{"damage_healed":0.0,"max_hp_gain":0.0,"max_hp_loss":0.0,"gold_gain":0.0,"event_name":"Masked Bandits","player_choice":"Fought Bandits","floor":20.0,"gold_loss":0.0,"damage_taken":0.0}],"is_beta":false,"boss_relics":[{"not_picked":["Cursed Key","Runic Pyramid"],"picked":"Empty Cage"}],"items_purged_floors":[4,21,27],"is_endless":false,"potions_floor_spawned":[1,7,10,12,16,18,22],"killed_by":"Snake Plant","ascension_level":4}}