{"host":"fortuna","time":1612710576,"event":{"mods":["100% Spire Juice","Act Like it!","Arknights","BaseMod","CapriCore","Gensokyo","Hallownest","Koishi","Minty Spire (QoL Compilation)","Reimu£®≤©¿ˆ¡È√Œ£©","Relic Stats","StSLib","The Administrix","The Animator","The Bug Knight","The Immortal","Waifu the Spire","WarShipGirlsR/’ΩΩ¢…Ÿ≈ÆR mod","Yakumo Yukari mod"],"gold_per_floor":[17,44,44,44,44,79,39,39,39,65,80,114,124,159,159,263,263],"floor_reached":16,"language":"ZHS","playtime":919,"items_purged":[],"score":211,"play_id":"74b8e7ba-92ee-46d2-be7f-29069d85fd0a","local_time":"20210207230936","is_ascension_mode":true,"campfire_choices":[{"data":"animator:EmiyaShirou","floor":8,"key":"SMITH"},{"floor":15,"key":"REST"}],"circlet_count":0,"master_deck":["animator:Strike_Elsword","animator:Defend_Elsword","animator:Strike","animator:Strike","animator:Strike","animator:Defend+1","animator:Defend","animator:Defend","animator:Chung","animator:Raven+1","animator:EmiyaShirou+1","animator:KyokoSakura","animator:Raven","animator:TukaLunaMarceau","animator:OrikoMikuni+1"],"relics":["animator:LivingPicture","animator:TheMissingPiece","Dead Branch","Incense Burner","PaintedHorse:ReiMu","CloakClasp","Lizard Tail","Toxic Egg 2","Torii"],"acts_visited":["Exordium"],"potions_floor_usage":[6],"damage_taken":[{"damage":0,"enemies":"Cultist","floor":1,"turns":3},{"damage":22,"enemies":"Lagavulin","floor":6,"turns":8},{"damage":12,"enemies":"Gremlin Nob","floor":10,"turns":4},{"damage":0,"enemies":"2 Louse","floor":11,"turns":3},{"damage":0,"enemies":"3 Sentries","floor":12,"turns":8},{"damage":0,"enemies":"Jaw Worm","floor":13,"turns":4},{"damage":13,"enemies":"Gremlin Nob","floor":14,"turns":5},{"damage":7,"enemies":"Hexaghost","floor":16,"turns":11}],"seed_played":"1006178429362418664","potions_obtained":[{"floor":1,"key":"AttackPotion"},{"floor":10,"key":"Regen Potion"},{"floor":16,"key":"BlessingOfTheForge"}],"is_trial":false,"path_per_floor":["M","T","$","?","?","E","?","R","T","E","M","E","M","E","R","B"],"character_chosen":"THE_ANIMATOR","items_purchased":[],"campfire_rested":1,"item_purchase_floors":[],"current_hp_per_floor":[66,66,66,53,53,31,31,31,31,19,19,19,19,6,25,18,18],"gold":263,"neow_bonus":"ONE_RARE_RELIC","is_daily":false,"chose_seed":false,"campfire_upgraded":1,"win_rate":0.0,"timestamp":1612710576,"path_taken":["M","?","$","?","?","E","?","R","T","E","M","E","M","E","R","BOSS"],"items_purchased_type":[],"build_version":"2020-12-18","purchased_purges":0,"victory":false,"max_hp_per_floor":[66,66,66,66,66,66,66,66,66,66,66,66,66,66,66,66,66],"relic_stats":{"Lizard Tail":0,"Torii":15,"counters":[8,46],"Dead Branch":[12],"CloakClasp":[101],"obtain_stats":[{"Lizard Tail":10,"Torii":14,"PaintedHorse:ReiMu":7,"animator:TheMissingPiece":0,"Dead Branch":0,"animator:LivingPicture":0,"Incense Burner":6,"CloakClasp":9,"Toxic Egg 2":12},{"Lizard Tail":3,"Torii":7,"PaintedHorse:ReiMu":2,"animator:TheMissingPiece":0,"Dead Branch":0,"animator:LivingPicture":0,"Incense Burner":2,"CloakClasp":2,"Toxic Egg 2":5},{"Lizard Tail":15,"Torii":35,"PaintedHorse:ReiMu":11,"animator:TheMissingPiece":0,"Dead Branch":0,"animator:LivingPicture":0,"Incense Burner":11,"CloakClasp":11,"Toxic Egg 2":26}]},"card_choices":[{"not_picked":["animator:ChlammyZell","animator:Kaijin"],"picked":"animator:EmiyaShirou","floor":1},{"not_picked":["animator:Berserker","animator:Caster"],"picked":"animator:KyokoSakura","floor":6},{"not_picked":["animator:Shion","animator:Benimaru"],"picked":"animator:Raven","floor":10},{"not_picked":["animator:Tyuule","animator:Arpeggio"],"picked":"animator:TukaLunaMarceau","floor":11},{"not_picked":["animator:Arpeggio","animator:Assassin","animator:MadokaKaname+1"],"picked":"SKIP","floor":12},{"not_picked":["animator:TukaLunaMarceau+1","animator:Benimaru","animator:Tet+1"],"picked":"SKIP","floor":13},{"not_picked":["animator:Kaijin","animator:Laby"],"picked":"animator:OrikoMikuni+1","floor":14}],"player_experience":331899,"relics_obtained":[{"floor":6,"key":"Incense Burner"},{"floor":9,"key":"CloakClasp"},{"floor":10,"key":"Lizard Tail"},{"floor":12,"key":"Toxic Egg 2"},{"floor":14,"key":"Torii"}],"event_choices":[{"damage_healed":0,"gold_gain":0,"player_choice":"Entered Light","damage_taken":13,"max_hp_gain":0,"max_hp_loss":0,"event_name":"Shining Light","floor":4,"gold_loss":0,"cards_upgraded":["animator:Raven","animator:Defend"]},{"damage_healed":0,"gold_gain":0,"player_choice":"»˚«Æ","damage_taken":0,"relics_obtained":["PaintedHorse:ReiMu"],"max_hp_gain":0,"max_hp_loss":0,"event_name":"yidonshenshe","floor":7,"gold_loss":40}],"is_beta":true,"boss_relics":[],"items_purged_floors":[],"is_endless":false,"potions_floor_spawned":[1,10,16],"killed_by":"Hexaghost","ascension_level":1}}