{"host":"ihfq3u2xhoe3wi9r","time":1612682381,"event":{"mods":["BaseMod","BetterRewards","Colored Powertips","Hubris","Marisa????????","Minty Spire (QoL Compilation)","READ ME - Guardian Mod","StSLib","The Animator","The Mystic","The Necromancer"],"gold_per_floor":[131,131,41,57,76,110,110,110,110,126,152,152,183,214,214,316,316,341,341,352,381,381,381,381,381,381,399,399,399],"floor_reached":28,"language":"ENG","playtime":2410,"items_purged":[],"score":358,"play_id":"23e84aec-dc51-49e3-9919-065756582df1","local_time":"20210207021941","is_ascension_mode":true,"campfire_choices":[{"data":"animator:Demiurge","floor":7,"key":"SMITH"},{"floor":12,"key":"REST"},{"floor":15,"key":"REST"},{"floor":23,"key":"REST"},{"floor":25,"key":"REST"}],"circlet_count":0,"master_deck":["animator:Defend_NoGameNoLife","animator:Defend","animator:Defend","animator:DolaSchwi","animator:DolaCouronne","animator:DolaRiku","animator:Urushihara+1","animator:Fredrika","animator:Demiurge+1","animator:Jibril","animator:Nanami","animator:Jibril","animator:IzunaHatsuse","animator:Shiro","animator:Caster","animator:Nanami","animator:DwarfShaman","animator:Evileye","animator:Verdia","Bite","Bite","Bite","Bite","Bite","animator:DolaCouronne"],"relics":["animator:LivingPicture","animator:TheMissingPiece","animator:PurgingStone","NeowsBlessing","hubris:SphereOfDissonance","InkBottle","Red Skull","Sozu","Nloth\u0027s Gift","Gremlin Horn"],"acts_visited":["Exordium","TheCity"],"potions_floor_usage":[10,11,16],"damage_taken":[{"damage":0,"enemies":"Jaw Worm","floor":1,"turns":1},{"damage":0,"enemies":"Cultist","floor":4,"turns":1},{"damage":0,"enemies":"2 Louse","floor":5,"turns":1},{"damage":10,"enemies":"Lagavulin","floor":6,"turns":8},{"damage":6,"enemies":"Looter","floor":10,"turns":2},{"damage":13,"enemies":"Gremlin Nob","floor":11,"turns":4},{"damage":36,"enemies":"Lagavulin","floor":13,"turns":5},{"damage":2,"enemies":"2 Fungi Beasts","floor":14,"turns":4},{"damage":23,"enemies":"Slime Boss","floor":16,"turns":7},{"damage":18,"enemies":"3 Byrds","floor":18,"turns":5},{"damage":14,"enemies":"2 Thieves","floor":20,"turns":3},{"damage":20,"enemies":"Centurion and Healer","floor":21,"turns":3},{"damage":33,"enemies":"Snecko","floor":27,"turns":5},{"damage":31,"enemies":"Chosen and Byrds","floor":28,"turns":6}],"seed_played":"-4307841132812157504","potions_obtained":[{"floor":5,"key":"BlessingOfTheForge"},{"floor":6,"key":"Regen Potion"},{"floor":10,"key":"CultistPotion"},{"floor":16,"key":"EntropicBrew"}],"is_trial":false,"path_per_floor":["M","?","$","M","M","E","R","?","T","M","E","R","E","M","R","B",null,"M","?","M","M","?","R","?","R","T","M","M"],"character_chosen":"THE_ANIMATOR","items_purchased":["animator:Urushihara"],"campfire_rested":4,"item_purchase_floors":[3],"current_hp_per_floor":[59,59,59,59,59,50,50,50,50,49,36,56,20,18,38,16,55,37,37,23,7,7,21,21,35,35,8,0,0],"gold":399,"neow_bonus":"THREE_ENEMY_KILL","is_daily":false,"chose_seed":false,"campfire_upgraded":1,"win_rate":0.0,"timestamp":1612682381,"path_taken":["M","?","$","M","?","E","R","?","T","M","E","R","E","?","R","BOSS","M","?","M","M","?","R","?","R","T","M","?"],"items_purchased_type":["Card"],"build_version":"2020-12-22","purchased_purges":0,"victory":false,"max_hp_per_floor":[66,66,66,66,66,67,67,67,67,67,67,67,67,67,67,68,68,68,68,68,68,47,47,47,47,47,47,47,47],"card_choices":[{"not_picked":["animator:Mikaela","animator:Gillette"],"picked":"animator:DolaRiku","floor":1},{"not_picked":["animator:Mikaela","animator:Demiurge"],"picked":"animator:Fredrika","floor":4},{"not_picked":["animator:Mitsuba","animator:Yuuichirou"],"picked":"animator:Demiurge","floor":5},{"not_picked":["animator:DolaStephanie","animator:DolaCouronne"],"picked":"animator:Jibril","floor":6},{"not_picked":["animator:Verdia","animator:Melzalgald"],"picked":"animator:Nanami","floor":10},{"not_picked":["animator:Entoma","animator:DolaRiku","animator:SakuraMatou"],"picked":"SKIP","floor":11},{"not_picked":["animator:Hans","animator:IzunaHatsuse"],"picked":"animator:Jibril","floor":13},{"not_picked":["animator:Jibril","animator:Tet"],"picked":"animator:IzunaHatsuse","floor":14},{"not_picked":["animator:Saber","animator:Saitama"],"picked":"animator:Shiro","floor":16},{"not_picked":["animator:Gillette","animator:Priestess"],"picked":"animator:Caster","floor":18},{"not_picked":["animator:Shalltear","animator:Jibril"],"picked":"animator:Evileye","floor":20},{"not_picked":["animator:Shalltear","animator:Nanami"],"picked":"animator:Verdia","floor":21},{"not_picked":["animator:DolaSchwi","animator:Azriel"],"picked":"animator:DolaCouronne","floor":27}],"player_experience":842117,"relics_obtained":[{"floor":6,"key":"hubris:SphereOfDissonance"},{"floor":9,"key":"InkBottle"},{"floor":11,"key":"Red Skull"},{"floor":13,"key":"animator:Buoy"},{"floor":26,"key":"Gremlin Horn"}],"event_choices":[{"cards_removed":["animator:Strike_NoGameNoLife"],"damage_healed":0,"gold_gain":0,"player_choice":"Offered Basic","damage_taken":0,"max_hp_gain":0,"max_hp_loss":0,"event_name":"Bonfire Elementals","floor":2,"gold_loss":0},{"damage_healed":0,"gold_gain":0,"player_choice":"Forge","damage_taken":0,"max_hp_gain":0,"max_hp_loss":0,"event_name":"Accursed Blacksmith","floor":8,"gold_loss":0,"cards_upgraded":["animator:Urushihara"]},{"damage_healed":0,"gold_gain":0,"cards_transformed":["animator:Defend","animator:Strike"],"player_choice":"Became Test Subject","damage_taken":0,"max_hp_gain":0,"max_hp_loss":0,"event_name":"Drug Dealer","floor":19,"gold_loss":0,"cards_obtained":["animator:Nanami","animator:DwarfShaman"]},{"damage_healed":0,"gold_gain":0,"player_choice":"Became a vampire","damage_taken":0,"max_hp_gain":0,"max_hp_loss":21,"event_name":"Vampires","floor":22,"gold_loss":0,"cards_obtained":["Bite","Bite","Bite","Bite","Bite"]},{"damage_healed":0,"gold_gain":0,"player_choice":"Traded Relic","damage_taken":0,"relics_obtained":["Nloth\u0027s Gift"],"max_hp_gain":0,"max_hp_loss":0,"event_name":"N\u0027loth","floor":24,"relics_lost":["animator:Buoy"],"gold_loss":0}],"is_beta":false,"boss_relics":[{"not_picked":["Mark of Pain","Calling Bell"],"picked":"Sozu"}],"items_purged_floors":[],"is_endless":false,"potions_floor_spawned":[5,6,10,16,20],"killed_by":"Chosen and Byrds","ascension_level":8}}