{"host":"mani","time":1612699715,"event":{"mods":["BaseMod","Highlight Path","Minty Spire (QoL Compilation)","StSLib"],"gold_per_floor":[113,133,133,147,162,191,191,191,267,280,312,2,2,22,22,122,122,122,1,1,21,21,21,37,62,110,110,127,145,145,49,49,49,49],"floor_reached":33,"language":"ENG","playtime":1451,"items_purged":[],"score":277,"play_id":"efec8fe1-76b3-4ada-a358-f95ba2c4d103","local_time":"20210207130835","is_ascension_mode":false,"campfire_choices":[{"floor":8,"key":"REST"},{"data":"Self Repair","floor":13,"key":"SMITH"},{"data":"Beam Cell","floor":15,"key":"SMITH"},{"data":"Mind Blast","floor":23,"key":"SMITH"},{"data":"Conserve Battery","floor":27,"key":"SMITH"},{"floor":30,"key":"REST"},{"data":"Static Discharge","floor":32,"key":"SMITH"}],"circlet_count":0,"master_deck":["Strike_B","Strike_B","Strike_B+1","Strike_B+1","Defend_B","Defend_B","Defend_B","Zap","Dualcast","Ball Lightning","Reinforced Body","Cold Snap","Conserve Battery+1","Beam Cell","Thunder Strike","Beam Cell+1","Darkness","Self Repair+1","FTL","Hologram","Amplify","Heatsinks","Go for the Eyes","Barrage","Shame","Mind Blast+1","Scrape+1","Self Repair+1","Rebound+1","Gash","Static Discharge+1","Ball Lightning"],"relics":["Cracked Core","NeowsBlessing","CultistMask","Shovel","Shuriken","Bronze Scales","Chemical X","Inserter","Whetstone","MealTicket"],"acts_visited":["Exordium","TheCity"],"potions_floor_usage":[5,5,5,5,5,18,25,25],"damage_taken":[{"damage":0,"enemies":"2 Louse","floor":1,"turns":1},{"damage":0,"enemies":"Cultist","floor":2,"turns":1},{"damage":0,"enemies":"Small Slimes","floor":4,"turns":1},{"damage":4,"enemies":"Gremlin Gang","floor":5,"turns":4},{"damage":30,"enemies":"Lagavulin","floor":6,"turns":7},{"damage":1,"enemies":"Looter","floor":10,"turns":3},{"damage":8,"enemies":"3 Sentries","floor":11,"turns":7},{"damage":4,"enemies":"3 Louse","floor":14,"turns":4},{"damage":30,"enemies":"The Guardian","floor":16,"turns":8},{"damage":0,"enemies":"2 Thieves","floor":18,"turns":1},{"damage":27,"enemies":"Chosen","floor":21,"turns":5},{"damage":16,"enemies":"Centurion and Healer","floor":24,"turns":5},{"damage":11,"enemies":"Gremlin Leader","floor":25,"turns":9},{"damage":16,"enemies":"Chosen and Byrds","floor":28,"turns":4},{"damage":24,"enemies":"Sentry and Sphere","floor":29,"turns":7},{"damage":101,"enemies":"Collector","floor":33,"turns":7}],"seed_played":"-986940067670773072","potions_obtained":[{"floor":1,"key":"EntropicBrew"},{"floor":2,"key":"Ancient Potion"},{"floor":4,"key":"GamblersBrew"},{"floor":6,"key":"SmokeBomb"},{"floor":11,"key":"Ancient Potion"},{"floor":21,"key":"GamblersBrew"},{"floor":24,"key":"PowerPotion"}],"is_trial":false,"path_per_floor":["M","M","?","M","M","E","?","R","T","M","E","$","R","M","R","B",null,"M","$","?","M","?","R","M","E","T","R","M","M","R","$","R","B"],"character_chosen":"DEFECT","items_purchased":["Self Repair","FTL","Chemical X","Heatsinks","Go for the Eyes","Static Discharge","Ball Lightning"],"campfire_rested":2,"item_purchase_floors":[12,12,12,19,19,31,31],"current_hp_per_floor":[75,75,75,75,71,41,41,63,63,62,54,54,54,60,60,40,75,75,75,75,68,68,68,62,61,61,61,55,41,63,75,75,0,0],"gold":49,"neow_bonus":"THREE_ENEMY_KILL","is_daily":false,"chose_seed":false,"campfire_upgraded":5,"win_rate":0.0,"timestamp":1612699715,"path_taken":["M","M","?","?","M","E","?","R","T","M","E","?","R","M","R","BOSS","M","$","?","M","?","R","M","E","T","R","M","M","R","$","R","BOSS"],"items_purchased_type":["Card","Card","Relic","Card","Card","Card","Card"],"build_version":"2020-12-18","purchased_purges":0,"victory":false,"max_hp_per_floor":[75,75,75,75,75,75,75,75,75,75,75,75,75,75,75,75,75,75,75,75,75,75,75,75,75,75,75,75,75,75,75,75,75,75],"card_choices":[{"not_picked":["Tempest","Auto Shields"],"picked":"Ball Lightning","floor":1},{"not_picked":["Turbo","Rebound"],"picked":"Reinforced Body","floor":2},{"not_picked":["Rip and Tear","Leap"],"picked":"Cold Snap","floor":4},{"not_picked":["Barrage","Undo"],"picked":"Conserve Battery","floor":5},{"not_picked":["Go for the Eyes","Scrape"],"picked":"Beam Cell","floor":6},{"not_picked":["Turbo","Doom and Gloom"],"picked":"Beam Cell","floor":10},{"not_picked":["Turbo","Tempest"],"picked":"Darkness","floor":11},{"not_picked":["Redo","Leap"],"picked":"Hologram","floor":14},{"not_picked":["Rainbow","Machine Learning"],"picked":"Amplify","floor":16},{"not_picked":["Darkness","Steam Power"],"picked":"Barrage","floor":21},{"not_picked":["Sweeping Beam","Streamline+1"],"picked":"Scrape+1","floor":24},{"not_picked":["Reprogram","Beam Cell"],"picked":"Self Repair+1","floor":25},{"not_picked":["Ball Lightning+1","Cold Snap"],"picked":"Rebound+1","floor":28},{"not_picked":["Streamline","Doom and Gloom"],"picked":"Gash","floor":29}],"player_experience":481668,"relics_obtained":[{"floor":6,"key":"Shovel"},{"floor":9,"key":"Shuriken"},{"floor":11,"key":"Bronze Scales"},{"floor":25,"key":"Whetstone"},{"floor":26,"key":"MealTicket"}],"event_choices":[{"damage_healed":0,"gold_gain":0,"player_choice":"Trade","damage_taken":0,"relics_obtained":["CultistMask"],"max_hp_gain":0,"max_hp_loss":0,"event_name":"FaceTrader","floor":3,"gold_loss":0},{"damage_healed":0,"gold_gain":0,"cards_transformed":["Defend_B"],"player_choice":"Transformed","damage_taken":0,"max_hp_gain":0,"max_hp_loss":0,"event_name":"Transmorgrifier","floor":7,"gold_loss":0,"cards_obtained":["Thunder Strike"]},{"damage_healed":0,"gold_gain":0,"player_choice":"Ignored","damage_taken":0,"max_hp_gain":0,"max_hp_loss":0,"event_name":"Vampires","floor":20,"gold_loss":0},{"damage_healed":0,"gold_gain":0,"player_choice":"2 cards matched","damage_taken":0,"max_hp_gain":0,"max_hp_loss":0,"event_name":"Match and Keep!","floor":22,"gold_loss":0,"cards_obtained":["Shame","Mind Blast"]}],"is_beta":true,"boss_relics":[{"not_picked":["Cursed Key","Tiny House"],"picked":"Inserter"}],"items_purged_floors":[],"is_endless":false,"potions_floor_spawned":[1,2,4,6,11,21,24],"killed_by":"Collector","ascension_level":0}}