{"host":"dn75ecfuf46shptz","time":1612660824,"event":{"mods":["AchievementEnabler","BaseMod","Bestiary","Better Match","Better Note","Better Sensory Stone","Better Third Choice","Better Vampires","Card Forge","Colored Powertips","Custom Start","Defuse TimeMaze Blight","Displayed Cursed Tome","Emptier Cage","Hermit","Highlight Path","Minty Spire (QoL Compilation)","Potionbrewer","Rare Cards Sparkle","Relic Filter","Reliquary","Shade Mod","Spicy Shops","StSLib","The Blue Laboratory","The Runesmith","TheFirefly","Unceasing Turn Reminder"],"gold_per_floor":[116,135,148,168,188,221,221,237,237,120,193,220,240,272,272,393,393,432,465,478,117,147,179,179,193,216,315,334,384,105,8,8,103,103,123,123,5,5,20,20,66,84,84,22,72,72,104,118,118,118],"floor_reached":51,"language":"ENG","playtime":9018,"items_purged":[],"score":953,"play_id":"0de3f0d1-17c2-443f-b423-fbaa826a4f24","local_time":"20210206192024","daily_mods":["Vintage"],"is_ascension_mode":false,"campfire_choices":[{"data":"White Noise","floor":7,"key":"SMITH"},{"data":"Madness","floor":15,"key":"SMITH"},{"data":"Capacitor","floor":32,"key":"SMITH"},{"data":"Chill","floor":40,"key":"SMITH"},{"data":"Conserve Battery","floor":49,"key":"SMITH"}],"circlet_count":0,"master_deck":["All For One","Conserve Battery+1","Chill+1","Self Repair","Capacitor+1","Chaos+1","White Noise+1","Conserve Battery+1","Gash+1","Gash+1","Gash+1","Gash+1","Madness+1","Echo Form","Metamorphosis","Panache"],"relics":["Cracked Core","Hammer of Thor","Seething Fire","Anvil of the Gods","Membership Card","thefirefly:LongRangeScanner","Anchor","Runesmith:AutoHammer","Juzu Bracelet","FossilizedHelix","Gremlin Horn","Akabeko","reliquary:RoseTintedGlasses","Bottled Lightning","potionbrewer:SalesContract","Pen Nib","Blue Candle","Smiling Mask","Sozu","Matryoshka","reliquary:Stiletto","reliquary:Buckler","Ice Cream","reliquary:QuartzCube","PrismaticShard","Omamori","The Courier","Dream Catcher","reliquary:Knoch","Bag of Preparation","Whetstone","Toy Ornithopter","Cables","Bronze Scales","Lantern","Strange Spoon","TheAbacus","reliquary:HotPoker","Nuclear Battery","War Paint","reliquary:OuijaBoard","reliquary:PartyBalloon","reliquary:WeakTea","Ancient Tea Set","Pear","Bottled Flame","Unceasing Top","potionbrewer:WarMedal","Lee\u0027s Waffle","TungstenRod","Meat on the Bone","reliquary:TatteredRug","reliquary:SilkGlove"],"acts_visited":["Exordium","TheCity","TheBeyond"],"potions_floor_usage":[16,22],"damage_taken":[{"damage":0.0,"enemies":"Small Slimes","floor":1.0,"turns":2.0},{"damage":0,"enemies":"2 Louse","floor":2,"turns":2},{"damage":0,"enemies":"Cultist","floor":3,"turns":2},{"damage":0,"enemies":"Exordium Wildlife","floor":4,"turns":4},{"damage":0,"enemies":"2 Fungi Beasts","floor":5,"turns":2},{"damage":0,"enemies":"Gremlin Nob","floor":6,"turns":3},{"damage":0,"enemies":"Red Slaver","floor":8,"turns":2},{"damage":0,"enemies":"3 Louse","floor":13,"turns":3},{"damage":0,"enemies":"Exordium Thugs","floor":14,"turns":3},{"damage":0,"enemies":"Slime Boss","floor":16,"turns":5},{"damage":0,"enemies":"Chosen","floor":18,"turns":3},{"damage":0,"enemies":"Shell Parasite","floor":19,"turns":3},{"damage":0,"enemies":"Cultist and Chosen","floor":20,"turns":4},{"damage":21,"enemies":"Snake Plant","floor":22,"turns":3},{"damage":9,"enemies":"Gremlin Leader","floor":23,"turns":4},{"damage":10,"enemies":"Centurion and Healer","floor":25,"turns":3},{"damage":0,"enemies":"Cultist and Chosen","floor":28,"turns":4},{"damage":20,"enemies":"Collector","floor":33,"turns":7},{"damage":0,"enemies":"Orb Walker","floor":35,"turns":3},{"damage":0,"enemies":"3 Darklings","floor":39,"turns":3},{"damage":6,"enemies":"Giant Head","floor":41,"turns":5},{"damage":8,"enemies":"Writhing Mass","floor":42,"turns":3},{"damage":0,"enemies":"Mind Bloom Boss Battle","floor":45,"turns":3},{"damage":0,"enemies":"Sphere and 2 Shapes","floor":47,"turns":3},{"damage":0,"enemies":"Transient","floor":48,"turns":3},{"damage":0,"enemies":"Awakened One","floor":50,"turns":4}],"seed_played":"-975331850609321633","potions_obtained":[{"floor":1,"key":"potionbrewer:CleansingPotion"},{"floor":4,"key":"potionbrewer:ToxicPotion"},{"floor":5,"key":"blueLaboratory:PhilterOfMotion"}],"is_trial":true,"path_per_floor":["M","M","M","M","M","E","R","M","T","$","?","T","M","M","R","B",null,"M","M","M","$","M","E","?","M","T","?","M","T","$","$","R","B",null,"M","?","$","T","M","R","E","M","T","$","?","T","M","M","R","B",null],"character_chosen":"DEFECT","items_purchased":["potionbrewer:SalesContract","Madness","Ice Cream","reliquary:QuartzCube","PrismaticShard","Metamorphosis","Cables","Bronze Scales","Lantern","Strange Spoon","TheAbacus","reliquary:HotPoker","reliquary:OuijaBoard","reliquary:PartyBalloon","reliquary:WeakTea","Lee\u0027s Waffle"],"campfire_rested":0,"item_purchase_floors":[10,10,21,21,21,21,30,30,30,30,31,31,37,37,37,44],"current_hp_per_floor":[75,75,75,75,75,75,75,75,75,75,75,75,75,75,75,75,75,75,75,75,75,61,59,59,56,56,56,70,70,70,70,70,57,75,75,75,75,75,85,85,85,84,84,92,92,92,92,92,92,92],"gold":118,"neow_bonus":"","is_daily":false,"chose_seed":false,"campfire_upgraded":5,"win_rate":0.0,"timestamp":1612660824,"path_taken":["M","M","M","?","?","E","R","M","T","?","?","?","M","?","R","BOSS","M","M","M","$","M","E","?","M","T","?","M","?","?","?","R","BOSS","M","?","$","?","M","R","E","M","T","$","?","?","M","?","R","BOSS"],"items_purchased_type":["Relic","Card","Relic","Relic","Relic","Card","Relic","Relic","Relic","Relic","Relic","Relic","Relic","Relic","Relic","Relic"],"build_version":"2020-12-22","purchased_purges":0,"victory":true,"max_hp_per_floor":[75,75,75,75,75,75,75,75,75,75,75,75,75,75,75,75,75,75,75,75,75,75,75,75,75,75,75,75,75,75,75,75,75,75,75,75,75,75,85,85,85,85,85,92,92,92,92,92,92,92],"card_choices":[{"not_picked":["Self Repair","Turbo","Darkness"],"picked":"SKIP","floor":6},{"not_picked":["Thunder Strike","Biased Cognition"],"picked":"Echo Form","floor":16},{"not_picked":["thefirefly:ReverseEngine","thefirefly:EMP","Backflip"],"picked":"SKIP","floor":23},{"not_picked":["Dark Shackles","Trip"],"picked":"Panache","floor":36},{"not_picked":["Jack Of All Trades+1","Unload","Runesmith:DuctTape"],"picked":"SKIP","floor":41}],"player_experience":132989,"relics_obtained":[{"floor":1,"key":"Anchor"},{"floor":2,"key":"Runesmith:AutoHammer"},{"floor":3,"key":"Juzu Bracelet"},{"floor":4,"key":"FossilizedHelix"},{"floor":5,"key":"Gremlin Horn"},{"floor":6,"key":"Akabeko"},{"floor":8,"key":"reliquary:RoseTintedGlasses"},{"floor":9,"key":"Bottled Lightning"},{"floor":12,"key":"Pen Nib"},{"floor":13,"key":"Blue Candle"},{"floor":14,"key":"Smiling Mask"},{"floor":18,"key":"Matryoshka"},{"floor":19,"key":"reliquary:Stiletto"},{"floor":20,"key":"reliquary:Buckler"},{"floor":22,"key":"Omamori"},{"floor":23,"key":"The Courier"},{"floor":26,"key":"Dream Catcher"},{"floor":26,"key":"reliquary:Knoch"},{"floor":28,"key":"Bag of Preparation"},{"floor":29,"key":"Whetstone"},{"floor":29,"key":"Toy Ornithopter"},{"floor":35,"key":"War Paint"},{"floor":38,"key":"Ancient Tea Set"},{"floor":39,"key":"Pear"},{"floor":41,"key":"Bottled Flame"},{"floor":42,"key":"Unceasing Top"},{"floor":43,"key":"potionbrewer:WarMedal"},{"floor":45,"key":"TungstenRod"},{"floor":46,"key":"Meat on the Bone"},{"floor":47,"key":"reliquary:TatteredRug"},{"floor":48,"key":"reliquary:SilkGlove"}],"event_choices":[{"damage_healed":0,"gold_gain":73,"player_choice":"Gained Gold","damage_taken":0,"max_hp_gain":0,"max_hp_loss":0,"event_name":"Golden Wing","floor":11,"gold_loss":0},{"cards_removed":["Madness"],"damage_healed":0,"gold_gain":0,"player_choice":"Give","damage_taken":0,"max_hp_gain":0,"max_hp_loss":0,"event_name":"betterNote:BetterNote","floor":24,"gold_loss":0,"cards_obtained":["None"]},{"damage_healed":0,"gold_gain":99,"player_choice":"Steal","damage_taken":0,"max_hp_gain":0,"max_hp_loss":0,"event_name":"betterThird:BetterNest","floor":27,"gold_loss":0},{"damage_healed":0,"gold_gain":3,"player_choice":"1","damage_taken":0,"max_hp_gain":0,"max_hp_loss":0,"event_name":"betterStone:BetterStone","floor":36,"gold_loss":0},{"damage_healed":0,"gold_gain":0,"player_choice":"Fight","damage_taken":0,"max_hp_gain":0,"max_hp_loss":0,"event_name":"MindBloom","floor":45,"gold_loss":0}],"is_beta":false,"boss_relics":[{"not_picked":["Pandora\u0027s Box","Empty Cage"],"picked":"Sozu"},{"not_picked":["Busted Crown","SlaversCollar"],"picked":"Nuclear Battery"}],"items_purged_floors":[],"is_endless":false,"potions_floor_spawned":[1,4,5,14,16,18,19,22,41,47],"ascension_level":0}}