{"host":"vymnruocrvjmw2yt","time":1612708715,"event":{"mods":["AchievementEnabler","Aspiration","BaseMod","Block Reminder","Downfall","Googly Eyes","Halation","Hermit","Hubris","Infinite Spire","Minty Spire (QoL Compilation)","Relic Filter","Robot Space Explorer","StSLib","The Runesmith"],"gold_per_floor":[118,118,118,28,78,103,103,136,136,150,0,13,13,38,38,112,112,128,128,145,45,45,45,45,65,135,146,146,146],"floor_reached":28,"language":"ENG","playtime":1007,"items_purged":["Strike_B+1","Strike_B"],"score":637,"play_id":"b4236fc5-1567-442f-90a7-30ba9138a80a","local_time":"20210207093835","is_ascension_mode":true,"campfire_choices":[{"floor":7,"key":"REST"},{"data":"Loop","floor":13,"key":"SMITH"},{"data":"Defragment","floor":15,"key":"SMITH"},{"floor":24,"key":"REST"}],"circlet_count":0,"master_deck":["AscendersBane","Strike_B","Defend_B","Defend_B","Defend_B","Defend_B","Zap","Dualcast+1","Melter","infinitespire:Gouge","Blind","Chill","Loop+1","aspiration:Polymerization","Glacier","Streamline","Defragment+1","Echo Form","infinitespire:Collect","Compile Driver+1","Coolheaded+1"],"relics":["Cracked Core","NeowsBlessing","hubris:TinFlute","infinitespire:Freezer","hubris:MedicalManual","Eternal Feather","hubris:HollowSoul","hubris:CrystalStatue"],"acts_visited":["Exordium","TheCity"],"potions_floor_usage":[23,23],"damage_taken":[{"damage":0,"enemies":"2 Louse","floor":1,"turns":1},{"damage":0,"enemies":"Lagavulin","floor":6,"turns":1},{"damage":0,"enemies":"Gremlin Nob","floor":8,"turns":1},{"damage":0,"enemies":"Jaw Worm","floor":10,"turns":3},{"damage":0,"enemies":"Cultist","floor":12,"turns":3},{"damage":11,"enemies":"3 Sentries","floor":14,"turns":9},{"damage":0,"enemies":"Hexaghost","floor":16,"turns":10},{"damage":11,"enemies":"Shell Parasite","floor":18,"turns":5},{"damage":30,"enemies":"2 Thieves","floor":20,"turns":5},{"damage":19,"enemies":"Slavers","floor":23,"turns":3},{"damage":12,"enemies":"Snake Plant","floor":25,"turns":4},{"damage":10,"enemies":"Shelled Parasite and Fungi","floor":27,"turns":6},{"damage":0,"enemies":"Book of Stabbing","floor":28,"turns":1}],"seed_played":"-6859441622944692354","potions_obtained":[{"floor":6,"key":"SmokeBomb"},{"floor":10,"key":"Weak Potion"},{"floor":25,"key":"LiquidMemories"}],"is_trial":false,"path_per_floor":["M","?","?","$","?","E","R","E","T","M","$","M","R","E","R","B",null,"M","AVR","M","$","?","E","R","M","T","M","E"],"character_chosen":"DEFECT","items_purchased":["Blind","Glacier"],"campfire_rested":2,"item_purchase_floors":[4,11],"current_hp_per_floor":[64,43,26,26,26,26,47,47,47,47,47,47,47,36,45,45,65,54,54,24,24,24,5,35,23,23,13,14,14],"gold":146,"neow_bonus":"THREE_ENEMY_KILL","is_daily":false,"chose_seed":false,"campfire_upgraded":2,"win_rate":0.0,"timestamp":1612708715,"path_taken":["M","?","?","$","?","E","R","E","T","?","?","M","R","E","R","BOSS","M","AVR","M","$","?","E","R","M","T","?","E"],"items_purchased_type":["Card","Card"],"build_version":"2020-12-22","purchased_purges":2,"victory":false,"max_hp_per_floor":[71,71,71,71,71,71,71,71,71,71,71,71,71,71,71,71,71,71,71,71,71,71,71,71,71,71,71,14,14],"card_choices":[{"not_picked":["Lockon","Redo"],"picked":"Melter","floor":1},{"not_picked":["infinitespire:FutureSight","infinitespire:Fortify"],"picked":"infinitespire:Gouge","floor":3},{"not_picked":["Sweeping Beam","Hologram"],"picked":"Chill","floor":6},{"not_picked":["Hologram","hubris:Ukulele"],"picked":"Loop","floor":8},{"not_picked":["Leap","Barrage"],"picked":"aspiration:Polymerization","floor":10},{"not_picked":["Consume","Steam"],"picked":"Streamline","floor":12},{"not_picked":["Lockon","Hologram"],"picked":"Defragment","floor":14},{"not_picked":["Meteor Strike","Amplify"],"picked":"Echo Form","floor":16},{"not_picked":["Reinforced Body","Tempest","Coolheaded"],"picked":"SKIP","floor":18},{"not_picked":["Redo","Compile Driver","Melter"],"picked":"SKIP","floor":20},{"not_picked":["Doom and Gloom","Chill"],"picked":"Compile Driver+1","floor":25},{"not_picked":["Darkness","Steam Power"],"picked":"Coolheaded+1","floor":27}],"player_experience":783282,"relics_obtained":[{"floor":6,"key":"hubris:TinFlute"},{"floor":8,"key":"infinitespire:Freezer"},{"floor":9,"key":"hubris:MedicalManual"},{"floor":14,"key":"Eternal Feather"},{"floor":26,"key":"hubris:CrystalStatue"}],"event_choices":[{"damage_healed":0,"gold_gain":0,"player_choice":"Entered Light","damage_taken":21,"max_hp_gain":0,"max_hp_loss":0,"event_name":"Shining Light","floor":2,"gold_loss":0,"cards_upgraded":["Dualcast","Strike_B"]},{"damage_healed":0,"gold_gain":50,"player_choice":"Pray","damage_taken":0,"max_hp_gain":0,"max_hp_loss":0,"event_name":"Golden Shrine","floor":5,"gold_loss":0},{"cards_removed":["Strike_B"],"damage_healed":0,"gold_gain":0,"player_choice":"Offered Basic","damage_taken":0,"max_hp_gain":0,"max_hp_loss":0,"event_name":"Bonfire Elementals","floor":22,"gold_loss":0}],"is_beta":false,"boss_relics":[{"not_picked":["bronze:MakeshiftBattery","aspiration:MobileForge"],"picked":"hubris:HollowSoul"}],"items_purged_floors":[11,21],"is_endless":false,"potions_floor_spawned":[6,10,14,16,18,25],"killed_by":"Book of Stabbing","ascension_level":16}}