{"host":"h2hvhmnr6sxj7mkx","time":1612702222,"event":{"mods":["BaseMod","Marisa????????","Minty Spire (QoL Compilation)","StSLib"],"gold_per_floor":[110,129,129,129,147,183,207,207,207,230,248,268,312,330,330,460,460,484,484,484,504,527,566,566,604,604,604,604],"floor_reached":27,"language":"ENG","playtime":1531,"items_purged":[],"score":390,"play_id":"7e8c40b1-e822-468a-a2ce-4779051b6a98","local_time":"20210207065022","daily_mods":["Heirloom","Elite Swarm"],"is_ascension_mode":false,"campfire_choices":[{"data":"Flex","floor":15,"key":"SMITH"},{"floor":24,"key":"REST"}],"circlet_count":0,"master_deck":["Strike_R","Strike_R","Strike_R","Strike_R","Defend_R","Defend_R","Defend_R","Bash","Twin Strike","Pommel Strike+1","Flex","Bludgeon","Pommel Strike","Flex+1","Anger","Reaper","Iron Wave","Brutality","Sword Boomerang","Defend_G","Perfected Strike","Anger","Bludgeon","Demon Form"],"relics":["Burning Blood","Ginger","Golden Idol","Ancient Tea Set","Omamori","HornCleat","Thread and Needle","StrikeDummy","Toxic Egg 2","Girya","Torii"],"acts_visited":["Exordium","TheCity"],"potions_floor_usage":[21,23],"damage_taken":[{"damage":0,"enemies":"Small Slimes","floor":1,"turns":3},{"damage":0,"enemies":"2 Louse","floor":2,"turns":2},{"damage":2,"enemies":"Jaw Worm","floor":5,"turns":5},{"damage":39,"enemies":"Lagavulin","floor":6,"turns":6},{"damage":0,"enemies":"Large Slime","floor":10,"turns":2},{"damage":6,"enemies":"Red Slaver","floor":11,"turns":5},{"damage":2,"enemies":"Exordium Thugs","floor":12,"turns":5},{"damage":0,"enemies":"Gremlin Nob","floor":13,"turns":3},{"damage":0,"enemies":"Gremlin Gang","floor":14,"turns":2},{"damage":34,"enemies":"Hexaghost","floor":16,"turns":8},{"damage":10,"enemies":"Shell Parasite","floor":18,"turns":5},{"damage":2,"enemies":"Spheric Guardian","floor":21,"turns":3},{"damage":15,"enemies":"Snecko","floor":22,"turns":4},{"damage":50,"enemies":"Gremlin Leader","floor":23,"turns":5},{"damage":38,"enemies":"Book of Stabbing","floor":25,"turns":5},{"damage":28,"enemies":"Slavers","floor":27,"turns":1}],"seed_played":"-2592431138372959808","potions_obtained":[{"floor":6,"key":"BlessingOfTheForge"},{"floor":14,"key":"Dexterity Potion"},{"floor":16,"key":"SpeedPotion"},{"floor":21,"key":"Fruit Juice"}],"is_trial":true,"path_per_floor":["M","M","?","?","M","E","T","?","T","M","M","M","E","M","R","B",null,"M","T","?","M","M","E","R","E","T","E"],"character_chosen":"IRONCLAD","items_purchased":[],"campfire_rested":1,"item_purchase_floors":[],"current_hp_per_floor":[80,80,74,74,74,41,41,41,41,47,47,51,57,63,63,35,74,70,70,70,79,70,30,53,21,21,0,0],"gold":604,"neow_bonus":"","is_daily":false,"chose_seed":false,"campfire_upgraded":1,"win_rate":0.0,"timestamp":1612702222,"path_taken":["M","M","?","?","M","E","?","?","T","M","M","M","E","M","R","BOSS","M","?","?","?","M","E","R","E","T","E"],"items_purchased_type":[],"build_version":"2020-12-22","purchased_purges":0,"victory":false,"max_hp_per_floor":[80,80,74,74,74,74,74,74,74,74,74,74,74,74,74,74,74,74,74,74,79,79,79,79,79,79,79,79],"card_choices":[{"not_picked":["Shrug It Off","Bloodletting"],"picked":"Twin Strike","floor":1},{"not_picked":["Headbutt","Perfected Strike"],"picked":"Pommel Strike","floor":2},{"not_picked":["Clash","Clothesline"],"picked":"Flex","floor":5},{"not_picked":["Barricade","Reaper"],"picked":"Bludgeon","floor":6},{"not_picked":["Shrug It Off","Intimidate"],"picked":"Pommel Strike","floor":10},{"not_picked":["Anger","True Grit"],"picked":"Flex","floor":11},{"not_picked":["Carnage","Warcry"],"picked":"Anger","floor":12},{"not_picked":["Corruption","Berserk"],"picked":"Reaper","floor":13},{"not_picked":["Clothesline","Havoc"],"picked":"Iron Wave","floor":14},{"not_picked":["Immolate","Fiend Fire"],"picked":"Brutality","floor":16},{"not_picked":["Havoc","Clash"],"picked":"Sword Boomerang","floor":18},{"not_picked":["Heavy Blade","Shockwave"],"picked":"Perfected Strike","floor":21},{"not_picked":["Power Through+1","Offering"],"picked":"Anger","floor":22},{"not_picked":["Fiend Fire","Juggernaut"],"picked":"Bludgeon","floor":23},{"not_picked":["Immolate","Reaper"],"picked":"Demon Form","floor":25}],"player_experience":32376,"relics_obtained":[{"floor":6,"key":"Ancient Tea Set"},{"floor":7,"key":"Omamori"},{"floor":9,"key":"HornCleat"},{"floor":13,"key":"Thread and Needle"},{"floor":19,"key":"StrikeDummy"},{"floor":23,"key":"Toxic Egg 2"},{"floor":25,"key":"Girya"},{"floor":26,"key":"Torii"}],"event_choices":[{"damage_healed":0,"gold_gain":0,"player_choice":"Lose Max HP","damage_taken":0,"relics_obtained":["Golden Idol"],"max_hp_gain":0,"max_hp_loss":6,"event_name":"Golden Idol","floor":3,"gold_loss":0},{"damage_healed":0,"gold_gain":0,"player_choice":"Grow","damage_taken":0,"max_hp_gain":0,"max_hp_loss":0,"event_name":"Living Wall","floor":4,"gold_loss":0,"cards_upgraded":["Pommel Strike"]},{"cards_removed":["Strike_R"],"damage_healed":0,"gold_gain":0,"player_choice":"Purged","damage_taken":0,"max_hp_gain":0,"max_hp_loss":0,"event_name":"Purifier","floor":8,"gold_loss":0},{"cards_removed":["Defend_R"],"damage_healed":0,"gold_gain":0,"player_choice":"Took Card","damage_taken":0,"max_hp_gain":0,"max_hp_loss":0,"event_name":"NoteForYourself","floor":20,"gold_loss":0,"cards_obtained":["Defend_G"]}],"is_beta":false,"boss_relics":[{"not_picked":["Cursed Key","Busted Crown","Runic Pyramid"]}],"items_purged_floors":[],"is_endless":true,"potions_floor_spawned":[6,14,16,21],"killed_by":"Slavers","ascension_level":0}}