{"host":"oopoa2qluour3scl","time":1612737782,"event":{"mods":["2.2 Compatiblity","AchievementEnabler","AlwaysNeverKeys","BaseMod","Better Match","Better Note","Better Sensory Stone","Better Third Choice","Better Vampires","BetterRewards","Bossed Relics","Colored Powertips","Communication Mod","Minty Spire (QoL Compilation)","Practice Mode","Random Character Button","Relic Filter Mod","Relic Stats","Smile Girya","StS++","StSLib","SuperFastMode","Swap Starting Deck Mod","Weighted Paths"],"gold_per_floor":[116,132,307,307,321,346,14,14,83,118,118,138,138,153,153,255,255,268,283,283,301,46,46,81,81,107,122,122,154,168,178,178,274,274,292,292,40,51,71,99,99,99,99,113,130,130,130,163,163,163,163,163,13,39,39,39],"floor_reached":55,"language":"ENG","playtime":1922,"items_purged":[],"score":902,"play_id":"5b2ff017-cfb3-400b-be68-69b1a91f1e23","local_time":"20210207234302","is_ascension_mode":false,"campfire_choices":[{"floor":8,"key":"REST"},{"data":"Reprogram","floor":11,"key":"SMITH"},{"data":"Seek","floor":15,"key":"SMITH"},{"data":"Scrape","floor":23,"key":"SMITH"},{"data":"Beam Cell","floor":25,"key":"SMITH"},{"data":"Go for the Eyes","floor":32,"key":"SMITH"},{"data":"FTL","floor":42,"key":"SMITH"},{"data":"Gash","floor":47,"key":"SMITH"},{"data":"Dark Shackles","floor":49,"key":"SMITH"},{"data":"Steam","floor":52,"key":"SMITH"}],"circlet_count":0,"master_deck":["Gash+1","Gash+1","Gash","Gash+1","Rip and Tear","Reprogram+1","Steam","Steam","Steam+1","Steam","Go for the Eyes+1","Beam Cell+1","Dark Shackles+1","Seek+1","Scrape+1","Rebound","Hologram+1","Reprogram+1","Core Surge+1","Self Repair","FTL+1","StSpp:Dive+1","Hologram+1","Gash+1","Gash+1","Core Surge+1","CurseOfTheBell","Gash+1","Scrape+1","Madness+1","Madness+1","Gash+1","Sunder+1","Streamline+1","BootSequence+1"],"relics":["Cracked Core","Orichalcum","Question Card","Toxic Egg 2","Anchor","Philosopher\u0027s Stone","StSpp:Monolith","PreservedInsect","Molten Egg 2","Calling Bell","Akabeko","White Beast Statue","Ice Cream","Pear","TungstenRod","Bronze Scales","Mummified Hand","Whetstone","Centennial Puzzle"],"acts_visited":["Exordium","TheCity","TheBeyond","TheEnding"],"potions_floor_usage":[55,55,55],"damage_taken":[{"damage":0,"enemies":"Cultist","floor":1,"turns":3},{"damage":0,"enemies":"Jaw Worm","floor":2,"turns":2},{"damage":0,"enemies":"2 Louse","floor":5,"turns":2},{"damage":22,"enemies":"3 Sentries","floor":6,"turns":6},{"damage":3,"enemies":"Gremlin Nob","floor":10,"turns":3},{"damage":0,"enemies":"Looter","floor":12,"turns":2},{"damage":0,"enemies":"Red Slaver","floor":14,"turns":2},{"damage":0,"enemies":"Hexaghost","floor":16,"turns":5},{"damage":0,"enemies":"2 Thieves","floor":18,"turns":3},{"damage":1,"enemies":"Shell Parasite","floor":19,"turns":3},{"damage":0,"enemies":"Cultist and Chosen","floor":21,"turns":3},{"damage":7,"enemies":"Book of Stabbing","floor":24,"turns":4},{"damage":0,"enemies":"Sentry and Sphere","floor":27,"turns":2},{"damage":5,"enemies":"Slavers","floor":29,"turns":4},{"damage":10,"enemies":"Snecko","floor":30,"turns":3},{"damage":4,"enemies":"Snake Plant","floor":31,"turns":2},{"damage":2,"enemies":"Champ","floor":33,"turns":5},{"damage":2,"enemies":"Orb Walker","floor":35,"turns":3},{"damage":0,"enemies":"3 Darklings","floor":38,"turns":2},{"damage":0,"enemies":"Jaw Worm Horde","floor":39,"turns":2},{"damage":0,"enemies":"Giant Head","floor":40,"turns":3},{"damage":12,"enemies":"Sphere and 2 Shapes","floor":44,"turns":4},{"damage":0,"enemies":"Maw","floor":45,"turns":4},{"damage":16,"enemies":"Reptomancer","floor":48,"turns":4},{"damage":23,"enemies":"Awakened One","floor":50,"turns":6},{"damage":0,"enemies":"Shield and Spear","floor":54,"turns":2},{"damage":81,"enemies":"The Heart","floor":55,"turns":5}],"seed_played":"898098136706583045","potions_obtained":[{"floor":2,"key":"Swift Potion"},{"floor":5,"key":"DistilledChaos"},{"floor":12,"key":"PowerPotion"},{"floor":39,"key":"Regen Potion"}],"is_trial":false,"path_per_floor":["M","M","?","?","M","E","$","R","T","E","R","M","?","M","R","B",null,"M","M","?","M","$","R","E","R","T","M","$","E","M","M","R","B",null,"M","?","$","M","M","E","?","R","T","M","M","?","R","E","R","B",null,"R","$","E","B"],"character_chosen":"DEFECT","items_purchased":["Scrape","Question Card","StSpp:Monolith","Pear","Whetstone"],"campfire_rested":1,"item_purchase_floors":[7,7,22,37,53],"current_hp_per_floor":[57,57,57,57,57,35,35,52,52,49,49,49,49,49,49,49,57,57,56,56,56,56,56,56,56,56,56,56,57,54,50,50,55,57,57,57,67,67,67,67,60,60,60,55,62,62,62,53,53,37,67,67,67,67,0,0],"gold":39,"neow_bonus":"","is_daily":false,"chose_seed":false,"campfire_upgraded":9,"win_rate":0.0,"timestamp":1612737782,"path_taken":["M","M","?","?","M","E","$","R","T","E","R","M","?","?","R","BOSS","M","M","?","M","?","R","E","R","T","M","$","E","M","M","R","BOSS","M","?","$","?","?","E","?","R","T","M","M","?","R","E","R","BOSS","R","$","E","BOSS"],"items_purchased_type":["Card","Relic","Relic","Relic","Relic"],"build_version":"2020-12-22","purchased_purges":0,"victory":false,"max_hp_per_floor":[57,57,57,57,57,57,57,57,57,57,57,57,57,57,57,57,57,57,57,57,57,57,57,57,57,57,57,57,57,57,57,57,57,57,57,57,67,67,67,67,67,67,67,67,67,67,67,67,67,67,67,67,67,67,67,67],"relic_stats":{"Centennial Puzzle":[3],"counters":[162,620],"Mummified Hand":[42],"Bronze Scales":[123],"PreservedInsect":293,"Whetstone":["Gash","Core Surge"],"Orichalcum":[96],"Question Card":22,"obtain_stats":[{"Ice Cream":34,"Calipers":0,"Gremlin Horn":37,"CeramicFish":48,"Vajra":28,"Whetstone":26,"Ginger":54,"Bottled Tornado":43,"Boot":48,"Old Coin":37,"Sozu":0,"Blood Vial":24,"Centennial Puzzle":54,"HornCleat":30,"DollysMirror":38,"Sundial":43,"Prayer Wheel":0,"MealTicket":10,"Philosopher\u0027s Stone":17,"Fusion Hammer":34,"Kunai":31,"Toxic Egg 2":9,"StSpp:Monolith":22,"Girya":37,"Pear":37,"Happy Flower":8,"Blue Candle":23,"Oddly Smooth Stone":47,"Eternal Feather":38,"Pen Nib":42,"Letter Opener":53,"Question Card":38,"Akabeko":6,"Cables":0,"Du-Vu Doll":0,"OrangePellets":0,"Bottled Flame":53,"Shuriken":38,"Bronze Scales":0,"Bird Faced Urn":9,"Molten Egg 2":26,"Symbiotic Virus":9,"Pocketwatch":6,"Lantern":54,"Singing Bowl":25,"Mango":0,"Juzu Bracelet":26,"Bag of Preparation":9,"Cursed Key":17,"Smiling Mask":26,"Nunchaku":53,"Matryoshka":22,"Mummified Hand":0,"Pantograph":0,"Tiny Chest":30,"WingedGreaves":27,"Cracked Core":0,"InkBottle":30,"Potion Belt":12,"Golden Idol":0,"Thread and Needle":45,"PreservedInsect":0,"Frozen Egg 2":23,"Orichalcum":12,"White Beast Statue":34,"Nuclear Battery":34,"Peace Pipe":11,"Calling Bell":34,"DataDisk":40,"CaptainsWheel":46,"Anchor":9,"betterThird:SlimedRelic":2,"Orrery":31,"Ectoplasm":17,"Turnip":13,"Coffee Dripper":34,"Art of War":9,"Bottled Lightning":54,"Membership Card":38,"Toy Ornithopter":23,"TungstenRod":40},{"Ice Cream":152,"Calipers":60,"Gremlin Horn":51,"CeramicFish":30,"Vajra":20,"Whetstone":4,"Ginger":59,"Bottled Tornado":28,"Boot":57,"Old Coin":94,"Sozu":0,"Blood Vial":46,"Centennial Puzzle":161,"HornCleat":21,"DollysMirror":115,"Sundial":117,"Prayer Wheel":60,"MealTicket":83,"Philosopher\u0027s Stone":85,"Fusion Hammer":50,"Kunai":75,"Toxic Egg 2":139,"StSpp:Monolith":146,"Girya":25,"Pear":153,"Happy Flower":39,"Blue Candle":71,"Oddly Smooth Stone":119,"Eternal Feather":94,"Pen Nib":54,"Letter Opener":121,"Question Card":25,"Akabeko":63,"Cables":0,"Du-Vu Doll":33,"OrangePellets":60,"Bottled Flame":121,"Shuriken":25,"Bronze Scales":0,"Bird Faced Urn":9,"Molten Egg 2":19,"Symbiotic Virus":100,"Pocketwatch":9,"Lantern":122,"Singing Bowl":19,"Mango":123,"Juzu Bracelet":46,"Bag of Preparation":82,"Cursed Key":68,"Smiling Mask":109,"Nunchaku":31,"Matryoshka":134,"Mummified Hand":0,"Pantograph":0,"Tiny Chest":91,"WingedGreaves":47,"Cracked Core":0,"InkBottle":75,"Potion Belt":102,"Golden Idol":0,"Thread and Needle":118,"PreservedInsect":60,"Frozen Egg 2":17,"Orichalcum":66,"White Beast Statue":152,"Nuclear Battery":92,"Peace Pipe":101,"Calling Bell":113,"DataDisk":27,"CaptainsWheel":57,"Anchor":64,"betterThird:SlimedRelic":61,"Orrery":75,"Ectoplasm":42,"Turnip":66,"Coffee Dripper":23,"Art of War":39,"Bottled Lightning":32,"Membership Card":94,"Toy Ornithopter":3,"TungstenRod":53},{"Ice Cream":585,"Calipers":227,"Gremlin Horn":180,"CeramicFish":94,"Vajra":64,"Whetstone":18,"Ginger":219,"Bottled Tornado":90,"Boot":208,"Old Coin":364,"Sozu":0,"Blood Vial":156,"Centennial Puzzle":615,"HornCleat":66,"DollysMirror":442,"Sundial":451,"Prayer Wheel":227,"MealTicket":320,"Philosopher\u0027s Stone":329,"Fusion Hammer":176,"Kunai":289,"Toxic Egg 2":544,"StSpp:Monolith":565,"Girya":81,"Pear":588,"Happy Flower":127,"Blue Candle":273,"Oddly Smooth Stone":460,"Eternal Feather":364,"Pen Nib":195,"Letter Opener":471,"Question Card":81,"Akabeko":238,"Cables":0,"Du-Vu Doll":102,"OrangePellets":227,"Bottled Flame":471,"Shuriken":81,"Bronze Scales":0,"Bird Faced Urn":31,"Molten Egg 2":61,"Symbiotic Virus":381,"Pocketwatch":31,"Lantern":475,"Singing Bowl":61,"Mango":477,"Juzu Bracelet":156,"Bag of Preparation":314,"Cursed Key":261,"Smiling Mask":414,"Nunchaku":96,"Matryoshka":527,"Mummified Hand":0,"Pantograph":0,"Tiny Chest":352,"WingedGreaves":158,"Cracked Core":0,"InkBottle":289,"Potion Belt":387,"Golden Idol":0,"Thread and Needle":455,"PreservedInsect":227,"Frozen Egg 2":54,"Orichalcum":249,"White Beast Statue":585,"Nuclear Battery":357,"Peace Pipe":384,"Calling Bell":435,"DataDisk":86,"CaptainsWheel":208,"Anchor":240,"betterThird:SlimedRelic":230,"Orrery":289,"Ectoplasm":138,"Turnip":249,"Coffee Dripper":73,"Art of War":127,"Bottled Lightning":99,"Membership Card":364,"Toy Ornithopter":14,"TungstenRod":190}],"TungstenRod":107},"card_choices":[{"not_picked":["Doom and Gloom","Stack"],"picked":"Go for the Eyes","floor":1},{"not_picked":["Cold Snap","Stack"],"picked":"Beam Cell","floor":2},{"not_picked":["Panacea","StSpp:Cataclysm"],"picked":"Dark Shackles","floor":4},{"not_picked":["Compile Driver","Barrage"],"picked":"Hello World","floor":5},{"not_picked":["Auto Shields","Hologram"],"picked":"Seek","floor":6},{"not_picked":["Lockon","Chaos+1","Redo+1"],"picked":"Rebound","floor":10},{"not_picked":["Streamline","Rebound","Core Surge"],"picked":"Hologram+1","floor":12},{"not_picked":["White Noise+1","StSpp:TargetLocked+1","Compile Driver"],"picked":"Reprogram+1","floor":14},{"not_picked":["Creative AI","Buffer","StSpp:Converter"],"picked":"Core Surge","floor":16},{"not_picked":["Beam Cell","Storm","Compile Driver+1"],"picked":"Self Repair","floor":18},{"not_picked":["Storm","Ball Lightning","Darkness+1"],"picked":"FTL","floor":19},{"not_picked":["Lockon","Compile Driver+1","Heatsinks+1"],"picked":"Hologram+1","floor":21},{"not_picked":["Gash","StSpp:Igniter","Go for the Eyes+1","Hello World"],"picked":"SKIP","floor":24},{"not_picked":["StSpp:Fierceness+1","Beam Cell","Stack+1"],"picked":"Gash+1","floor":27},{"not_picked":["Turbo+1","Conserve Battery+1","Electrodynamics","Heatsinks"],"picked":"SKIP","floor":29},{"not_picked":["Conserve Battery+1","Coolheaded+1","StSpp:Mask+1"],"picked":"Gash+1","floor":30},{"not_picked":["Streamline+1","StSpp:Mask+1","Lockon+1","Buffer"],"picked":"SKIP","floor":31},{"not_picked":["Rainbow+1","Multi-Cast+1","Thunder Strike+1"],"picked":"Core Surge+1","floor":33},{"not_picked":["Blizzard+1","Chaos+1","Coolheaded+1","Leap+1"],"picked":"SKIP","floor":35},{"not_picked":["Ball Lightning+1","Rip and Tear+1","StSpp:Saturation+1"],"picked":"Gash+1","floor":38},{"not_picked":["Cold Snap+1","Hologram+1","Steam+1"],"picked":"Scrape+1","floor":39},{"not_picked":["Capacitor+1","StSpp:Channeliser+1","Recycle+1","Barrage+1"],"picked":"SKIP","floor":40},{"not_picked":["White Noise+1","Loop+1","Consume+1"],"picked":"Gash+1","floor":44},{"not_picked":["Leap+1","Rebound+1","Glacier+1","Barrage+1"],"picked":"SKIP","floor":45},{"not_picked":["Biased Cognition","Redo+1","Go for the Eyes+1"],"picked":"Streamline+1","floor":48},{"not_picked":["Defragment","Rebound+1","Chill+1"],"picked":"BootSequence+1","floor":54}],"player_experience":487092,"relics_obtained":[{"floor":6,"key":"Orichalcum"},{"floor":9,"key":"Toxic Egg 2"},{"floor":10,"key":"Anchor"},{"floor":24,"key":"PreservedInsect"},{"floor":26,"key":"Pen Nib"},{"floor":29,"key":"Molten Egg 2"},{"floor":34,"key":"Akabeko"},{"floor":34,"key":"White Beast Statue"},{"floor":34,"key":"Ice Cream"},{"floor":40,"key":"TungstenRod"},{"floor":43,"key":"Bronze Scales"},{"floor":48,"key":"Mummified Hand"},{"floor":54,"key":"Centennial Puzzle"}],"event_choices":[{"damage_healed":0,"gold_gain":175,"player_choice":"AGREE","damage_taken":132,"max_hp_gain":0,"max_hp_loss":0,"event_name":"betterThird:BetterSerpent","floor":3,"gold_loss":0},{"damage_healed":0,"gold_gain":1,"player_choice":"1","damage_taken":0,"max_hp_gain":0,"max_hp_loss":0,"event_name":"betterStone:BetterStone","floor":4,"gold_loss":0},{"cards_removed":["Doubt"],"damage_healed":0,"gold_gain":0,"player_choice":"Removed Curses","damage_taken":0,"max_hp_gain":0,"max_hp_loss":0,"event_name":"Fountain of Cleansing","floor":13,"gold_loss":0},{"cards_removed":["Reprogram"],"damage_healed":0,"gold_gain":0,"player_choice":"Take \u0026 Give","damage_taken":0,"max_hp_gain":0,"max_hp_loss":0,"event_name":"betterNote:BetterNote","floor":20,"gold_loss":0,"cards_obtained":["StSpp:Dive"]},{"damage_healed":0,"gold_gain":0,"player_choice":"Upgraded","damage_taken":0,"max_hp_gain":0,"max_hp_loss":0,"event_name":"Upgrade Shrine","floor":36,"gold_loss":0,"cards_upgraded":["Gash"]},{"damage_healed":0,"gold_gain":0,"player_choice":"Embrace Madness","damage_taken":8,"max_hp_gain":0,"max_hp_loss":0,"event_name":"Winding Halls","floor":41,"gold_loss":0,"cards_obtained":["Madness","Madness"]},{"damage_healed":0,"gold_gain":0,"cards_transformed":["Hello World"],"player_choice":"Transformed","damage_taken":0,"max_hp_gain":0,"max_hp_loss":0,"event_name":"Transmorgrifier","floor":46,"gold_loss":0,"cards_obtained":["Sunder"]}],"is_beta":false,"boss_relics":[{"not_picked":["Ectoplasm","Fusion Hammer"],"picked":"Philosopher\u0027s Stone"},{"not_picked":["StSpp:CrystalBall","Snecko Eye"],"picked":"Calling Bell"}],"items_purged_floors":[],"is_endless":false,"potions_floor_spawned":[2,5,12,18,19,24,30,35,38,39,40,44,45,48,54],"killed_by":"The Heart","ascension_level":0}}