{"host":"5rnxi6rhaam60akk","time":1612733607,"event":{"mods":["2.2 Compatiblity","AchievementEnabler","BaseMod","Colored Map","Colored Powertips","Custom Start","Friendly Minions","Googly Eyes","Minty Spire (QoL Compilation)","Relic Sorter","Shop Mod","StSLib","everything is the same but u backflip on backflip"],"gold_per_floor":[110,110,110,120,120,153,153,153,153,153,153,168,183,203,203,300,300,320,340,358,373,373,373,373,373,373,393,405,405,405,418,418,520,520,540,557,557,557,570,570,588,601,601,612,612,612,627,638,638,638],"floor_reached":51,"language":"ENG","playtime":959,"items_purged":[],"score":930,"play_id":"9073390b-3712-4a7f-abf6-6f721afdd3ed","local_time":"20210207153327","is_ascension_mode":false,"campfire_choices":[{"data":"Burst","floor":7,"key":"SMITH"},{"floor":15,"key":"REST"},{"floor":23,"key":"REST"},{"floor":25,"key":"REST"},{"floor":30,"key":"REST"},{"floor":32,"key":"REST"},{"floor":40,"key":"REST"},{"floor":49,"key":"REST"}],"circlet_count":0,"master_deck":["Adrenaline+1","Burst+1","Adrenaline+1","Adrenaline+1","Inflame+1","Double Tap+1","Offering+1","Limit Break+1","Shrug It Off+1","Shrug It Off+1","Shrug It Off+1","Flex+1","Whirlwind+1","Thunderclap+1"],"relics":["Burning Blood"],"acts_visited":["Exordium","TheCity","TheBeyond"],"potions_floor_usage":[],"damage_taken":[{"damage":0,"enemies":"Jaw Worm","floor":1,"turns":1},{"damage":6,"enemies":"Small Slimes","floor":4,"turns":1},{"damage":6,"enemies":"Gremlin Nob","floor":6,"turns":1},{"damage":0,"enemies":"2 Louse","floor":12,"turns":1},{"damage":0,"enemies":"Lots of Slimes","floor":13,"turns":1},{"damage":0,"enemies":"3 Louse","floor":14,"turns":1},{"damage":6,"enemies":"Hexaghost","floor":16,"turns":1},{"damage":0,"enemies":"Chosen","floor":18,"turns":1},{"damage":6,"enemies":"3 Byrds","floor":19,"turns":1},{"damage":0,"enemies":"Snake Plant","floor":20,"turns":1},{"damage":6,"enemies":"Shelled Parasite and Fungi","floor":21,"turns":1},{"damage":0,"enemies":"Chosen and Byrds","floor":27,"turns":1},{"damage":0,"enemies":"Snecko","floor":28,"turns":1},{"damage":6,"enemies":"Snake Plant","floor":31,"turns":1},{"damage":0,"enemies":"Collector","floor":33,"turns":1},{"damage":6,"enemies":"3 Darklings","floor":35,"turns":1},{"damage":6,"enemies":"3 Shapes","floor":36,"turns":1},{"damage":0,"enemies":"Writhing Mass","floor":39,"turns":1},{"damage":0,"enemies":"Spire Growth","floor":41,"turns":1},{"damage":6,"enemies":"Maw","floor":42,"turns":1},{"damage":6,"enemies":"3 Darklings","floor":44,"turns":1},{"damage":6,"enemies":"Transient","floor":47,"turns":1},{"damage":6,"enemies":"Maw","floor":48,"turns":1},{"damage":6,"enemies":"Donu and Deca","floor":50,"turns":1}],"seed_played":"1436038582497111163","potions_obtained":[{"floor":1,"key":"LiquidBronze"},{"floor":4,"key":"PowerPotion"},{"floor":6,"key":"BlessingOfTheForge"},{"floor":21,"key":"BloodPotion"}],"is_trial":true,"path_per_floor":["M","?","?","M","$","E","R","$","T","?","?","M","M","M","R","B",null,"M","M","M","M","?","R","?","R","T","M","M","$","R","M","R","B",null,"M","M","?","$","M","R","M","M","T","M","?","?","M","M","R","B",null],"character_chosen":"IRONCLAD","items_purchased":[],"campfire_rested":7,"item_purchase_floors":[],"current_hp_per_floor":[80,80,80,80,80,80,80,80,80,80,80,80,80,80,80,80,80,80,80,80,80,80,80,80,80,80,80,80,80,80,80,80,80,80,80,80,80,80,80,80,80,80,80,80,80,76,76,76,76,76],"gold":638,"neow_bonus":"","is_daily":false,"chose_seed":false,"campfire_upgraded":1,"win_rate":0.0,"timestamp":1612733607,"path_taken":["M","?","?","M","$","E","R","$","T","?","?","?","M","M","R","BOSS","M","M","M","M","?","R","?","R","T","M","M","$","R","M","R","BOSS","M","M","?","$","M","R","M","M","T","M","?","?","M","M","R","BOSS"],"items_purchased_type":[],"build_version":"2020-12-22","purchased_purges":0,"victory":true,"max_hp_per_floor":[80,80,80,80,80,80,80,80,80,80,80,80,80,80,80,80,80,80,80,80,80,80,80,80,80,80,80,80,80,80,80,80,80,80,80,80,80,80,80,80,80,80,80,80,80,76,76,76,76,76],"card_choices":[{"not_picked":["Evolve","Wild Strike","Havoc"],"picked":"SKIP","floor":1},{"not_picked":["Combust","Armaments","Carnage"],"picked":"SKIP","floor":4},{"not_picked":["Berserk","Pummel","Sentinel"],"picked":"SKIP","floor":6},{"not_picked":["Bloodletting","Armaments","Pummel"],"picked":"SKIP","floor":12},{"not_picked":["Warcry","Dual Wield","Perfected Strike"],"picked":"SKIP","floor":13},{"not_picked":["Clothesline","Feel No Pain","Rage"],"picked":"SKIP","floor":14},{"not_picked":["Cleave+1","Hemokinesis+1","Carnage"],"picked":"SKIP","floor":18},{"not_picked":["Flame Barrier","Flex","Ghostly Armor"],"picked":"SKIP","floor":19},{"not_picked":["Sword Boomerang","Pommel Strike+1","Cleave"],"picked":"SKIP","floor":20},{"not_picked":["Flex","Warcry+1","Clothesline"],"picked":"SKIP","floor":21},{"not_picked":["Flex","Warcry+1","Clothesline"],"picked":"SKIP","floor":21},{"not_picked":["Shrug It Off","Flex+1","Entrench"],"picked":"SKIP","floor":27},{"not_picked":["Sword Boomerang+1","Dark Embrace","Shrug It Off+1"],"picked":"SKIP","floor":28},{"not_picked":["Fiend Fire","Rupture","True Grit+1"],"picked":"SKIP","floor":31},{"not_picked":["Flame Barrier+1","Perfected Strike+1","Rage+1"],"picked":"SKIP","floor":35},{"not_picked":["Havoc","Twin Strike+1","Armaments"],"picked":"SKIP","floor":36},{"not_picked":["Warcry+1","True Grit","Armaments"],"picked":"SKIP","floor":39},{"not_picked":["Intimidate","Blood for Blood","Rupture"],"picked":"SKIP","floor":41},{"not_picked":["Sword Boomerang","Second Wind","Pommel Strike+1"],"picked":"SKIP","floor":42},{"not_picked":["Perfected Strike","Cleave","Rampage"],"picked":"SKIP","floor":44},{"not_picked":["Reckless Charge+1","Fire Breathing","Twin Strike+1"],"picked":"SKIP","floor":47},{"not_picked":["Sword Boomerang+1","Flex+1","Inflame+1"],"picked":"SKIP","floor":48}],"player_experience":1306398,"relics_obtained":[],"event_choices":[{"damage_healed":0,"gold_gain":0,"player_choice":"Ignored","damage_taken":0,"max_hp_gain":0,"max_hp_loss":0,"event_name":"Golden Wing","floor":2,"gold_loss":0},{"damage_healed":0,"gold_gain":0,"player_choice":"Ignored","damage_taken":0,"max_hp_gain":0,"max_hp_loss":0,"event_name":"Liars Game","floor":3,"gold_loss":0},{"damage_healed":0,"gold_gain":0,"player_choice":"Ignored","damage_taken":0,"max_hp_gain":0,"max_hp_loss":0,"event_name":"Shining Light","floor":10,"gold_loss":0},{"damage_healed":0,"gold_gain":0,"player_choice":"Bought 0 Potions","damage_taken":0,"max_hp_gain":0,"max_hp_loss":0,"event_name":"The Woman in Blue","floor":11,"gold_loss":0},{"damage_healed":0,"gold_gain":0,"player_choice":"Ignored","damage_taken":0,"max_hp_gain":0,"max_hp_loss":0,"event_name":"The Mausoleum","floor":22,"gold_loss":0},{"damage_healed":0,"gold_gain":0,"player_choice":"Ignored","damage_taken":0,"max_hp_gain":0,"max_hp_loss":0,"event_name":"Upgrade Shrine","floor":24,"gold_loss":0},{"damage_healed":0,"gold_gain":0,"player_choice":"Ignored","damage_taken":0,"max_hp_gain":0,"max_hp_loss":0,"event_name":"Tomb of Lord Red Mask","floor":37,"gold_loss":0},{"damage_healed":0,"gold_gain":0,"player_choice":"Memory 1","damage_taken":0,"max_hp_gain":0,"max_hp_loss":0,"event_name":"SensoryStone","floor":45,"gold_loss":0},{"damage_healed":0,"gold_gain":0,"player_choice":"Max HP","damage_taken":0,"max_hp_gain":0,"max_hp_loss":4,"event_name":"Winding Halls","floor":46,"gold_loss":0}],"is_beta":false,"boss_relics":[{"not_picked":[]},{"not_picked":[]}],"items_purged_floors":[],"is_endless":false,"potions_floor_spawned":[1,4,6,14,18,21,28,31,42,44],"ascension_level":0}}