{"host":"96nkmeof81a2z72a","time":1612702748,"event":{"mods":["BaseMod","Minty Spire (QoL Compilation)","Quick Restart","StSLib"],"gold_per_floor":[112,127,127,127,6,32,32,49,49,69,69,96,21,56,56,151,151,162,174,100,100,119,153,153,78,78,88,88,116,116,151,151,251,251,268,268,284,302,316,348,348,382,382,398,424,424,478,511,511,511,511,511,125,154,154],"floor_reached":56,"language":"ZHS","playtime":3740,"items_purged":["Regret","Infernal Blade"],"score":1473,"play_id":"a4920e20-7b47-4755-afba-bb39dcb86eba","local_time":"20210207205908","is_ascension_mode":true,"campfire_choices":[{"data":"True Grit","floor":7.0,"key":"SMITH"},{"data":"Armaments","floor":15.0,"key":"SMITH"},{"data":"Offering","floor":24.0,"key":"SMITH"},{"data":"Barricade","floor":32.0,"key":"SMITH"},{"floor":41,"key":"RECALL"},{"data":"Rupture","floor":46,"key":"SMITH"},{"data":"Bash","floor":49,"key":"SMITH"},{"data":"Battle Trance","floor":52,"key":"PURGE"}],"circlet_count":0,"master_deck":["Bash+1","Dropkick","Bloodletting","Limit Break","True Grit+1","Double Tap","Armaments+1","Barricade+1","Headbutt","Sword Boomerang","Brutality","Feel No Pain","Immolate","Reaper","Metallicize","Limit Break","Body Slam","Armaments+1","Rupture+1","Offering+1","Flame Barrier","Whirlwind","Double Tap","Limit Break","Seeing Red","Sever Soul+1","Dark Embrace+1","Feel No Pain","Evolve+1","Reaper","Sentinel+1","Feel No Pain","Combust","Fire Breathing+1"],"relics":["Burning Blood","NeowsBlessing","Mummified Hand","Calipers","Bag of Marbles","Mango","Pocketwatch","Pandora\u0027s Box","PreservedInsect","Shuriken","Peace Pipe","The Courier","Runic Pyramid","Pen Nib","Ginger","Pear","Bronze Scales","Eternal Feather","Toolbox","Boot","Paper Frog"],"acts_visited":["Exordium","TheCity","TheBeyond","TheEnding"],"potions_floor_usage":[55,55],"damage_taken":[{"damage":0.0,"enemies":"Cultist","floor":1.0,"turns":1.0},{"damage":0.0,"enemies":"2 Louse","floor":2.0,"turns":1.0},{"damage":0.0,"enemies":"Gremlin Nob","floor":6.0,"turns":1.0},{"damage":8.0,"enemies":"Jaw Worm","floor":8.0,"turns":3.0},{"damage":0.0,"enemies":"2 Fungi Beasts","floor":10.0,"turns":3.0},{"damage":28.0,"enemies":"3 Sentries","floor":12.0,"turns":9.0},{"damage":14.0,"enemies":"Lagavulin","floor":14.0,"turns":7.0},{"damage":33.0,"enemies":"The Guardian","floor":16.0,"turns":6.0},{"damage":10.0,"enemies":"Shell Parasite","floor":18.0,"turns":2.0},{"damage":5.0,"enemies":"2 Thieves","floor":19.0,"turns":2.0},{"damage":19.0,"enemies":"Snecko","floor":22.0,"turns":4.0},{"damage":11.0,"enemies":"Gremlin Leader","floor":23.0,"turns":3.0},{"damage":19.0,"enemies":"Centurion and Healer","floor":27.0,"turns":5.0},{"damage":16.0,"enemies":"Book of Stabbing","floor":29.0,"turns":4.0},{"damage":9.0,"enemies":"Slavers","floor":31.0,"turns":1.0},{"damage":21.0,"enemies":"Automaton","floor":33.0,"turns":6.0},{"damage":6.0,"enemies":"Orb Walker","floor":35.0,"turns":1.0},{"damage":25.0,"enemies":"3 Shapes","floor":37.0,"turns":3.0},{"damage":10.0,"enemies":"Transient","floor":38.0,"turns":5.0},{"damage":30,"enemies":"Writhing Mass","floor":39,"turns":3},{"damage":39,"enemies":"Reptomancer","floor":40,"turns":6},{"damage":8,"enemies":"Nemesis","floor":42,"turns":5},{"damage":8,"enemies":"4 Shapes","floor":44,"turns":6},{"damage":93,"enemies":"Reptomancer","floor":45,"turns":8},{"damage":10,"enemies":"Giant Head","floor":48,"turns":5},{"damage":58,"enemies":"Time Eater","floor":50,"turns":6},{"damage":69,"enemies":"Shield and Spear","floor":54,"turns":4},{"damage":100,"enemies":"The Heart","floor":55,"turns":4}],"seed_played":"-6515279065708680043","potions_obtained":[{"floor":1.0,"key":"BlessingOfTheForge"},{"floor":10.0,"key":"SpeedPotion"},{"floor":11.0,"key":"ColorlessPotion"},{"floor":11.0,"key":"Energy Potion"},{"floor":14.0,"key":"GamblersBrew"},{"floor":22.0,"key":"Swift Potion"},{"floor":23.0,"key":"DuplicationPotion"},{"floor":37.0,"key":"SteroidPotion"}],"is_trial":false,"path_per_floor":["M","M","?","?","$","E","R","M","T","M","?","E","$","E","R","B",null,"M","M","$","?","M","E","R","?","T","M","?","E","$","E","R","B",null,"M","?","M","M","M","E","R","E","T","M","E","R","T","E","R","B",null,"R","$","E","B",null],"character_chosen":"IRONCLAD","items_purchased":["Limit Break","Flex","Rupture","Toolbox","Combust","Boot"],"campfire_rested":0,"item_purchase_floors":[5,5,20,53,53,53],"current_hp_per_floor":[80,80,64,64,64,70,70,68,68,74,74,66,66,58,58,31,94,90,94,94,94,94,94,94,94,94,92,92,94,94,91,91,94,94,94,94,94,94,91,94,94,94,94,92,99,99,99,104,104,61,104,104,104,104,71],"gold":154,"neow_bonus":"THREE_ENEMY_KILL","is_daily":false,"chose_seed":false,"campfire_upgraded":6,"win_rate":0.0,"timestamp":1612702748,"path_taken":["M","M","?","?","$","E","R","M","T","M","?","E","$","E","R","BOSS","M","M","?","?","M","E","R","?","T","M","?","E","?","E","R","BOSS","M","?","M","M","?","E","R","E","T","M","E","R","?","E","R","BOSS","R","$","E","BOSS"],"items_purchased_type":["Card","Card","Card","Relic","Card","Relic"],"build_version":"2020-12-22","purchased_purges":2,"victory":true,"max_hp_per_floor":[80,80,80,80,80,80,80,80,80,80,80,94,94,94,94,94,94,94,94,94,94,94,94,94,94,94,94,94,94,94,94,94,94,94,94,94,94,94,94,94,94,94,94,94,104,104,104,104,104,104,104,104,104,104,104],"card_choices":[{"not_picked":["Anger","Pommel Strike"],"picked":"Dropkick","floor":1.0},{"not_picked":["Anger","Flex"],"picked":"Bloodletting","floor":2.0},{"not_picked":["Warcry","Clothesline"],"picked":"True Grit","floor":6.0},{"not_picked":["Anger","Disarm"],"picked":"Battle Trance","floor":8.0},{"not_picked":["Warcry","Disarm"],"picked":"Double Tap","floor":10.0},{"not_picked":["Brutality","Wild Strike"],"picked":"Armaments","floor":12.0},{"not_picked":["Shrug It Off","Entrench"],"picked":"Headbutt","floor":14.0},{"not_picked":["Immolate","Corruption"],"picked":"Barricade","floor":16.0},{"not_picked":["Carnage","Flex"],"picked":"Body Slam","floor":18.0},{"not_picked":["Shrug It Off","Rage"],"picked":"Armaments+1","floor":19.0},{"not_picked":["True Grit","Havoc","Anger"],"picked":"SKIP","floor":22.0},{"not_picked":["Rage","Sentinel"],"picked":"Whirlwind","floor":23.0},{"not_picked":["Cleave","Clash","Wild Strike"],"picked":"SKIP","floor":27.0},{"not_picked":["Dropkick","True Grit"],"picked":"Infernal Blade","floor":29.0},{"not_picked":["Sword Boomerang","Reckless Charge"],"picked":"Double Tap","floor":31.0},{"not_picked":["Juggernaut","Double Tap"],"picked":"Limit Break","floor":33.0},{"not_picked":["Carnage","Searing Blow+1"],"picked":"Seeing Red","floor":35.0},{"not_picked":["Seeing Red","Clothesline+1"],"picked":"Sever Soul+1","floor":37.0},{"not_picked":["Shrug It Off+1","Twin Strike+1"],"picked":"Dark Embrace+1","floor":38.0},{"not_picked":["Rupture+1","Carnage+1"],"picked":"Feel No Pain","floor":39},{"not_picked":["Seeing Red","Power Through"],"picked":"Evolve+1","floor":40},{"not_picked":["Twin Strike","Iron Wave","Reckless Charge"],"picked":"SKIP","floor":42},{"not_picked":["Sentinel+1","Cleave+1"],"picked":"Reaper","floor":44},{"not_picked":["Hemokinesis","Sever Soul"],"picked":"Sentinel+1","floor":45},{"not_picked":["Clothesline+1","True Grit+1"],"picked":"Feel No Pain","floor":48},{"not_picked":["True Grit","Anger+1"],"picked":"Fire Breathing+1","floor":54}],"player_experience":553223,"relics_obtained":[{"floor":6.0,"key":"Calipers"},{"floor":9.0,"key":"Bag of Marbles"},{"floor":12.0,"key":"Mango"},{"floor":14.0,"key":"Pocketwatch"},{"floor":23.0,"key":"PreservedInsect"},{"floor":26.0,"key":"Shuriken"},{"floor":29.0,"key":"Peace Pipe"},{"floor":31.0,"key":"The Courier"},{"floor":40,"key":"Pen Nib"},{"floor":42,"key":"Ginger"},{"floor":45,"key":"Pear"},{"floor":47,"key":"Bronze Scales"},{"floor":48,"key":"Eternal Feather"},{"floor":54,"key":"Paper Frog"}],"event_choices":[{"damage_healed":0.0,"max_hp_gain":0.0,"max_hp_loss":0.0,"gold_gain":0.0,"event_name":"Shining Light","player_choice":"Entered Light","floor":3.0,"gold_loss":0.0,"damage_taken":16.0,"cards_upgraded":["Strike_R","Defend_R"]},{"damage_healed":0.0,"max_hp_gain":0.0,"max_hp_loss":0.0,"gold_gain":0.0,"event_name":"Big Fish","player_choice":"Box","floor":4.0,"gold_loss":0.0,"damage_taken":0.0,"relics_obtained":["Mummified Hand"],"cards_obtained":["Regret"]},{"damage_healed":0.0,"max_hp_gain":0.0,"max_hp_loss":0.0,"gold_gain":0.0,"event_name":"Lab","player_choice":"Got Potions","floor":11.0,"gold_loss":0.0,"damage_taken":0.0},{"damage_healed":0.0,"max_hp_gain":0.0,"max_hp_loss":0.0,"gold_gain":0.0,"cards_transformed":["Headbutt","Sever Soul"],"event_name":"Drug Dealer","player_choice":"Became Test Subject","floor":21.0,"gold_loss":0.0,"damage_taken":0.0,"cards_obtained":["Offering","Flame Barrier"]},{"cards_removed":["Flex"],"damage_healed":0.0,"max_hp_gain":0.0,"max_hp_loss":0.0,"gold_gain":0.0,"event_name":"Beggar","player_choice":"Gave Gold","floor":25.0,"gold_loss":75.0,"damage_taken":0.0},{"damage_healed":0.0,"max_hp_gain":0.0,"max_hp_loss":0.0,"gold_gain":0.0,"event_name":"Vampires","player_choice":"Ignored","floor":28.0,"gold_loss":0.0,"damage_taken":0.0},{"damage_healed":0.0,"max_hp_gain":0.0,"max_hp_loss":0.0,"gold_gain":0.0,"event_name":"SecretPortal","player_choice":"Ignored","floor":36.0,"gold_loss":0.0,"damage_taken":0.0}],"is_beta":false,"boss_relics":[{"not_picked":["Runic Cube","Sozu"],"picked":"Pandora\u0027s Box"},{"not_picked":["Tiny House","Velvet Choker"],"picked":"Runic Pyramid"}],"items_purged_floors":[13,53],"is_endless":false,"potions_floor_spawned":[1,10,14,19,22,23,31,37,40,44,45,48],"ascension_level":1}}