{"host":"syozzdlzcqop4jia","time":1612669354,"event":{"mods":["BaseMod","Colored Map","Colored Powertips","Minty Spire (QoL Compilation)","Quick Restart"],"gold_per_floor":[113,131,131,31,31,61,61,86,135,147,177,177,242,207,207,308,308,326,346,381,22,121,121,140,140,187,197,214,226,252,263,263,359,359,375,375,597,126,136,136,136],"floor_reached":40,"language":"ENG","playtime":6934,"items_purged":["Strike_B"],"score":523,"play_id":"a437e2be-252c-4be6-b2ef-e8eb911e7e87","local_time":"20210207044234","is_ascension_mode":true,"campfire_choices":[{"data":"Ball Lightning","floor":7,"key":"SMITH"},{"floor":12,"key":"REST"},{"data":"Electrodynamics","floor":15,"key":"SMITH"},{"floor":23,"key":"REST"},{"data":"Thunder Strike","floor":25,"key":"SMITH"},{"floor":32,"key":"REST"}],"circlet_count":0,"master_deck":["Strike_B","Strike_B","Strike_B","Defend_B","Defend_B","Defend_B","Defend_B","Zap","Dualcast","Redo","Streamline","Ball Lightning+1","Conserve Battery","Zap","Electrodynamics+1","Go for the Eyes","Static Discharge","Redo","Thunder Strike+1","Ball Lightning","Static Discharge","Doom and Gloom+1","Ball Lightning","Leap","Glacier","Glacier","Conserve Battery","Hyperbeam","Madness","Madness","Lockon","Rip and Tear","Defragment+1"],"relics":["Cracked Core","Pen Nib","Omamori","Eternal Feather","Nunchaku","Matryoshka","Philosopher\u0027s Stone","Red Mask","DataDisk","Toolbox","Gremlin Horn","Bronze Scales","Peace Pipe","Inserter","TungstenRod"],"acts_visited":["Exordium","TheCity","TheBeyond"],"potions_floor_usage":[33,33,40,40],"damage_taken":[{"damage":2,"enemies":"2 Louse","floor":1,"turns":2},{"damage":5,"enemies":"Small Slimes","floor":2,"turns":3},{"damage":11,"enemies":"Gremlin Nob","floor":6,"turns":3},{"damage":13,"enemies":"3 Sentries","floor":8,"turns":3},{"damage":0,"enemies":"Cultist","floor":10,"turns":2},{"damage":31,"enemies":"Lagavulin","floor":11,"turns":4},{"damage":0,"enemies":"Slime Boss","floor":16,"turns":5},{"damage":2,"enemies":"Chosen","floor":18,"turns":3},{"damage":16,"enemies":"3 Byrds","floor":19,"turns":2},{"damage":24,"enemies":"Masked Bandits","floor":20,"turns":3},{"damage":7,"enemies":"3 Cultists","floor":24,"turns":3},{"damage":21,"enemies":"Sentry and Sphere","floor":27,"turns":3},{"damage":8,"enemies":"Cultist and Chosen","floor":28,"turns":3},{"damage":6,"enemies":"Snake Plant","floor":29,"turns":3},{"damage":25,"enemies":"Slavers","floor":30,"turns":3},{"damage":13,"enemies":"Chosen and Byrds","floor":31,"turns":3},{"damage":28,"enemies":"Automaton","floor":33,"turns":8},{"damage":7,"enemies":"Orb Walker","floor":35,"turns":3},{"damage":19,"enemies":"3 Darklings","floor":39,"turns":2},{"damage":44,"enemies":"Reptomancer","floor":40,"turns":3}],"seed_played":"-362461967609339900","potions_obtained":[{"floor":10,"key":"DistilledChaos"},{"floor":11,"key":"FearPotion"},{"floor":16,"key":"SmokeBomb"},{"floor":24,"key":"EntropicBrew"},{"floor":29,"key":"SteroidPotion"},{"floor":30,"key":"SteroidPotion"},{"floor":31,"key":"PowerPotion"},{"floor":35,"key":"PowerPotion"}],"is_trial":false,"path_per_floor":["M","M","?","$","?","E","R","E","T","M","E","R","?","?","R","B",null,"M","M","?","$","?","R","M","R","T","M","M","M","E","M","R","B",null,"M","?","?","$","M","E"],"character_chosen":"DEFECT","items_purchased":["Ball Lightning","Conserve Battery","Ball Lightning","DataDisk","Toolbox","Lockon","TungstenRod","Rip and Tear"],"campfire_rested":3,"item_purchase_floors":[4,4,21,21,21,38,38,38],"current_hp_per_floor":[73,68,73,73,73,62,62,49,49,49,18,51,51,71,80,80,80,78,62,38,38,38,74,67,79,79,58,50,44,19,6,45,17,80,73,63,63,63,44,0,0],"gold":136,"neow_bonus":"RANDOM_COMMON_RELIC","is_daily":false,"chose_seed":false,"campfire_upgraded":3,"win_rate":0.0,"timestamp":1612669354,"path_taken":["M","M","?","$","?","E","R","E","T","?","E","R","?","?","R","BOSS","M","M","?","$","?","R","M","R","T","M","M","M","E","M","R","BOSS","M","?","?","?","M","E"],"items_purchased_type":["Card","Card","Card","Relic","Relic","Card","Relic","Card"],"build_version":"2020-12-22","purchased_purges":1,"victory":false,"max_hp_per_floor":[75,75,80,80,80,80,80,80,80,80,80,80,80,80,80,80,80,80,80,80,80,80,80,80,80,80,80,80,80,80,80,80,80,80,80,80,80,80,80,80,80],"card_choices":[{"not_picked":["Steam","Blizzard"],"picked":"Redo","floor":1},{"not_picked":["Undo","Compile Driver"],"picked":"Streamline","floor":2},{"not_picked":["Barrage","White Noise"],"picked":"Go for the Eyes","floor":6},{"not_picked":["Steam","Turbo"],"picked":"Static Discharge","floor":8},{"not_picked":["Echo Form","Conserve Battery"],"picked":"Redo","floor":10},{"not_picked":["Scrape","Hello World","Skim"],"picked":"SKIP","floor":11},{"not_picked":["Reboot","Hyperbeam"],"picked":"Thunder Strike","floor":16},{"not_picked":["Sweeping Beam","Streamline"],"picked":"Ball Lightning","floor":18},{"not_picked":["Turbo","Gash"],"picked":"Static Discharge","floor":19},{"not_picked":["Loop","Steam"],"picked":"Doom and Gloom+1","floor":20},{"not_picked":["Tempest","Stack","Sweeping Beam"],"picked":"SKIP","floor":24},{"not_picked":["FTL","Hologram+1"],"picked":"Leap","floor":27},{"not_picked":["Go for the Eyes","Coolheaded"],"picked":"Glacier","floor":28},{"not_picked":["Loop","Seek"],"picked":"Glacier","floor":29},{"not_picked":["White Noise","Static Discharge"],"picked":"Conserve Battery","floor":30},{"not_picked":["Force Field+1","Barrage+1","Leap"],"picked":"SKIP","floor":31},{"not_picked":["Reboot","Fission"],"picked":"Hyperbeam","floor":33},{"not_picked":["Streamline","FTL","Fusion+1"],"picked":"SKIP","floor":35},{"not_picked":["Hello World+1","Static Discharge"],"picked":"Defragment+1","floor":39}],"player_experience":580665,"relics_obtained":[{"floor":6,"key":"Omamori"},{"floor":8,"key":"Eternal Feather"},{"floor":9,"key":"Nunchaku"},{"floor":11,"key":"Matryoshka"},{"floor":20,"key":"Red Mask"},{"floor":26,"key":"Gremlin Horn"},{"floor":26,"key":"Bronze Scales"},{"floor":30,"key":"Peace Pipe"}],"event_choices":[{"damage_healed":0,"gold_gain":0,"player_choice":"Donut","damage_taken":0,"max_hp_gain":5,"max_hp_loss":0,"event_name":"Big Fish","floor":3,"gold_loss":0},{"damage_healed":0,"gold_gain":0,"player_choice":"2 cards matched","damage_taken":0,"max_hp_gain":0,"max_hp_loss":0,"event_name":"Match and Keep!","floor":5,"gold_loss":0,"cards_obtained":["Zap","Electrodynamics"]},{"damage_healed":0,"gold_gain":65,"player_choice":"Gained Gold","damage_taken":0,"max_hp_gain":0,"max_hp_loss":0,"event_name":"Golden Wing","floor":13,"gold_loss":0},{"damage_healed":20,"gold_gain":0,"player_choice":"Healed","damage_taken":0,"max_hp_gain":0,"max_hp_loss":0,"event_name":"The Cleric","floor":14,"gold_loss":35},{"damage_healed":0,"gold_gain":0,"player_choice":"Fought Bandits","damage_taken":0,"max_hp_gain":0,"max_hp_loss":0,"event_name":"Masked Bandits","floor":20,"gold_loss":0},{"damage_healed":0,"gold_gain":99,"player_choice":"Stole From Cult","damage_taken":0,"max_hp_gain":0,"max_hp_loss":0,"event_name":"Nest","floor":22,"gold_loss":0},{"damage_healed":0,"gold_gain":0,"player_choice":"Embrace Madness","damage_taken":10,"max_hp_gain":0,"max_hp_loss":0,"event_name":"Winding Halls","floor":36,"gold_loss":0,"cards_obtained":["Madness","Madness"]},{"damage_healed":0,"gold_gain":222,"player_choice":"Wore Mask","damage_taken":0,"max_hp_gain":0,"max_hp_loss":0,"event_name":"Tomb of Lord Red Mask","floor":37,"gold_loss":0}],"is_beta":false,"boss_relics":[{"not_picked":["Busted Crown","Ectoplasm"],"picked":"Philosopher\u0027s Stone"},{"not_picked":["Astrolabe","Coffee Dripper"],"picked":"Inserter"}],"items_purged_floors":[38],"is_endless":false,"potions_floor_spawned":[10,11,16,24,29,30,31,35],"killed_by":"Reptomancer","ascension_level":1}}