{"host":"8d3fefv2347kqkpz","time":1612739993,"event":{"mods":["AchievementEnabler","Act Like it!","Aspiration","BaseMod","Better Vampires","Colored Map","Colored Powertips","Conspire","Downfall","GifTheSpireLib","Highlight Path","Hubris","Mimic Mod","Minty Spire (QoL Compilation)","Quick Restart","Rare Cards Sparkle","Relic Stats","Replay The Spire","Spicy Shops","StSLib","The Jungle","Waifu the Spire"],"gold_per_floor":[99,99,91,9,9,9,60,97,115,133,160,60,84,84,112,222,222,222,246,266,266,266,266],"floor_reached":21,"language":"ZHS","playtime":1069,"items_purged":["hexamod:Strike"],"score":179,"play_id":"5467b9d0-6b2c-4275-a339-83249be2abf1","local_time":"20210208071953","is_ascension_mode":false,"campfire_choices":[{"data":"hexamod:WildfireWeapon","floor":1,"key":"SMITH"},{"data":"hexamod:HeatShield","floor":6,"key":"SMITH"},{"floor":12,"key":"REST"},{"data":"hexamod:GhostOfSpirePresent","floor":18,"key":"SMITH"}],"circlet_count":0,"master_deck":["hexamod:Strike","hexamod:Strike","hexamod:Strike","hexamod:Defend","hexamod:Defend","hexamod:Defend","hexamod:Defend","hexamod:Float","hexamod:WildfireWeapon+1","hexamod:HeatShield+1","hexamod:FirstSeal","hexamod:SecondSeal","hexamod:GhostOfSpirePresent+1","hexamod:ThirdSeal","hexamod:WildfireWeapon","hexamod:GhostOfSpirePresent","hexamod:SearingWound","hexamod:AdvancingGuard+1"],"relics":["hexamod:SpiritBrand","The Courier","downfall:HeartBlessingBlue","Blue Candle","Sozu"],"acts_visited":["Exordium","TheCity"],"potions_floor_usage":[16],"damage_taken":[{"damage":0,"enemies":"downfall:FleeingMerchant","floor":4,"turns":4},{"damage":38,"enemies":"Lagavulin","floor":8,"turns":11},{"damage":10,"enemies":"Jaw Worm","floor":9,"turns":8},{"damage":0,"enemies":"Small Slimes","floor":10,"turns":4},{"damage":12,"enemies":"2 Louse","floor":11,"turns":5},{"damage":13,"enemies":"Exordium Wildlife","floor":13,"turns":8},{"damage":21,"enemies":"Large Slime","floor":15,"turns":9},{"damage":58,"enemies":"SI_SHIV_ARCHETYPE","floor":16,"turns":16},{"damage":7,"enemies":"Shell Parasite","floor":19,"turns":8},{"damage":50,"enemies":"3 Byrds","floor":20,"turns":7},{"damage":30,"enemies":"Centurion and Healer","floor":21,"turns":5}],"seed_played":"-2515998186662588373","potions_obtained":[{"floor":9,"key":"SpeedPotion"},{"floor":10,"key":"Fire Potion"},{"floor":11,"key":"FairyPotion"}],"is_trial":false,"path_per_floor":["R","?","?","$","?","R","T","E","M","M","M","R","M","?","M","B",null,"R","M","M","M"],"character_chosen":"THE_SPIRIT","items_purchased":[],"campfire_rested":1,"item_purchase_floors":[],"current_hp_per_floor":[63,63,56,63,63,63,63,32,29,36,31,62,56,51,37,8,73,73,73,30,0,0,0],"gold":266,"neow_bonus":"THREE_RARE_CARDS","is_daily":false,"chose_seed":false,"campfire_upgraded":3,"win_rate":0.0,"timestamp":1612739993,"path_taken":["R","?","?","$","?","R","T","E","?","M","M","R","M","?","M","BOSS","R","M","M","M"],"items_purchased_type":[],"build_version":"2020-12-22","purchased_purges":1,"victory":false,"max_hp_per_floor":[63,63,63,63,63,63,63,63,63,63,63,73,73,73,73,73,73,73,73,73,73,73,73],"relic_stats":{"Sozu":1,"counters":[11,85],"Blue Candle":[0],"obtain_stats":[{"Sozu":17,"downfall:HeartBlessingBlue":12,"Blue Candle":14,"The Courier":8,"hexamod:SpiritBrand":0},{"Sozu":8,"downfall:HeartBlessingBlue":5,"Blue Candle":6,"The Courier":2,"hexamod:SpiritBrand":0},{"Sozu":65,"downfall:HeartBlessingBlue":32,"Blue Candle":40,"The Courier":15,"hexamod:SpiritBrand":0}]},"card_choices":[{"not_picked":["hexamod:TurnItUp","hexamod:GhostOfSpirePresent"],"picked":"hexamod:WildfireWeapon","floor":0},{"not_picked":["hexamod:GhostLash","hexamod:ShieldOfDarkness","hexamod:FastForward"],"picked":"SKIP","floor":4},{"not_picked":["hexamod:SwordOfDarkness","hexamod:SpectersWail","hexamod:FastForward"],"picked":"SKIP","floor":8},{"not_picked":["hexamod:NightmareGuise","hexamod:GhostOfSpireFuture","hexamod:SecondSeal"],"picked":"SKIP","floor":9},{"not_picked":["hexamod:GhostflameBarrier","hexamod:GhostShield"],"picked":"hexamod:GhostOfSpirePresent","floor":10},{"not_picked":["hexamod:BacktrackSmack","hexamod:RadiantFlame","hexamod:FastForward"],"picked":"SKIP","floor":11},{"not_picked":["hexamod:AdvancingGuard","hexamod:HeatMetal"],"picked":"hexamod:ThirdSeal","floor":13},{"not_picked":["hexamod:ThermalTransfer","hexamod:NightmareStrike"],"picked":"hexamod:WildfireWeapon","floor":15},{"not_picked":["hexamod:FastForward","hexamod:HauntingEcho","hexamod:AdvancingGuard"],"picked":"SKIP","floor":15},{"not_picked":["hexamod:UnlimitedPower","hexamod:TimeOfNeed"],"picked":"hexamod:GhostOfSpirePresent","floor":16},{"not_picked":["hexamod:TurnItUp","hexamod:GhostflameInferno"],"picked":"hexamod:SearingWound","floor":16},{"not_picked":["hexamod:HauntingEcho","hexamod:Hexaguard","hexamod:Again"],"picked":"SKIP","floor":19},{"not_picked":["hexamod:SpectersWail+1","hexamod:BacktrackSmack","hexamod:HeatShield"],"picked":"SKIP","floor":19},{"not_picked":["hexamod:NightmareStrike","hexamod:CatchUp+1"],"picked":"hexamod:AdvancingGuard+1","floor":20},{"not_picked":["hexamod:NightmareStrike","hexamod:SecondSeal","hexamod:NightmareGuise"],"picked":"SKIP","floor":20}],"player_experience":297245,"relics_obtained":[{"floor":8,"key":"The Courier"}],"event_choices":[{"cards_removed":["hexamod:Sear"],"damage_healed":0,"gold_gain":0,"player_choice":"Card Removal","damage_taken":0,"max_hp_gain":0,"max_hp_loss":0,"event_name":"The Cleric","floor":5,"gold_loss":0}],"is_beta":false,"boss_relics":[{"not_picked":["Runic Pyramid","conspire:SpecialSausage"],"picked":"Sozu"}],"items_purged_floors":[4],"is_endless":false,"potions_floor_spawned":[9,10,11,13,20],"killed_by":"Centurion and Healer","ascension_level":0}}