{"host":"8xzc7f3sd104n9ql","time":1612668121,"event":{"mods":["Ascension Reborn","Aspiration","BaseMod","Better Altar","Better Match","Better Note","Better Sensory Stone","Better Skull","Better Third Choice","Better Vampires","Colored Map","Colored Powertips","Colorless Booster Pack","Conspire","DeckTracker","Downfall","Energized Spire","Halation","Highlight Path","Hubris","Infinite Spire","Minty Spire (QoL Compilation)","Rare Cards Sparkle","RatMod","Reliquary","Replay The Spire","Spicy Shops","Spikes Relics","StSLib","The Blue Laboratory","Transform Curses","Unceasing Turn Reminder","UnlockEverythingMod"],"gold_per_floor":[109,60,70,81,10,42,42,58,109,109,126,11,29,56,56,56,56],"floor_reached":16,"language":"ENG","playtime":902,"items_purged":[],"score":112,"play_id":"b5ac74b1-0ec3-49c4-8002-5e4c57498934","local_time":"20210206212201","is_ascension_mode":true,"campfire_choices":[{"data":"PathToVictory","floor":7,"key":"SMITH"},{"data":"Replay:DivineShield","floor":10,"key":"SMITH"},{"floor":15,"key":"REST"}],"circlet_count":0,"master_deck":["Strike_P+1","Strike_P+1","Strike_P","Strike_P","Defend_P","Defend_P","Defend_P","Defend_P","Eruption","Vigilance","Prostrate","ClearTheMind","EmptyFist","PathToVictory+1","Brilliance","FlurryOfBlows","Replay:DivineShield+1","Indignation","Doubt","Crescendo","Consecrate"],"relics":["PureWater","Whetstone","aspiration:ChemicalBlood","BlackRope","Letter Opener"],"acts_visited":["Exordium"],"potions_floor_usage":[14,14,16,16],"damage_taken":[{"damage":7,"enemies":"Cultist","floor":1,"turns":3},{"damage":6,"enemies":"Jaw Worm","floor":3,"turns":6},{"damage":0,"enemies":"Small Slimes","floor":4,"turns":2},{"damage":8,"enemies":"Replay:BlueRogue","floor":6,"turns":6},{"damage":3,"enemies":"Gremlin Gang","floor":8,"turns":4},{"damage":6,"enemies":"Exordium Wildlife","floor":11,"turns":3},{"damage":14,"enemies":"Exordium Thugs","floor":13,"turns":4},{"damage":22,"enemies":"Gremlin Nob","floor":14,"turns":4},{"damage":49,"enemies":"The Guardian","floor":16,"turns":12}],"seed_played":"-578550255278852415","potions_obtained":[{"floor":1,"key":"Regen Potion"},{"floor":11,"key":"Cursed Concoction"}],"is_trial":false,"path_per_floor":["M","$","M","M","$","E","R","M","T","R","M","$","M","E","R","B"],"character_chosen":"WATCHER","items_purchased":["ClearTheMind","Brilliance","BlackRope"],"campfire_rested":1,"item_purchase_floors":[2,5,12],"current_hp_per_floor":[72,72,66,66,66,58,58,55,55,55,49,49,35,22,45,0,0],"gold":56,"neow_bonus":"TEN_PERCENT_HP_BONUS","is_daily":false,"chose_seed":false,"campfire_upgraded":2,"win_rate":0.0,"timestamp":1612668121,"path_taken":["M","$","M","M","?","E","R","M","T","R","M","$","M","E","R","BOSS"],"items_purchased_type":["Card","Card","Relic"],"build_version":"2020-12-22","purchased_purges":0,"victory":false,"max_hp_per_floor":[79,79,79,79,79,79,79,79,79,79,79,79,79,79,79,79,79],"card_choices":[{"not_picked":["MentalFortress","ClearTheMind"],"picked":"Prostrate","floor":1},{"not_picked":["Halt","FollowUp"],"picked":"EmptyFist","floor":3},{"not_picked":["Evaluate","CutThroughFate"],"picked":"PathToVictory","floor":4},{"not_picked":["Replay:ManipulateFuture","CrushJoints"],"picked":"FlurryOfBlows","floor":6},{"not_picked":["BowlingBash","Conclude"],"picked":"Replay:DivineShield","floor":8},{"not_picked":["Replay:BluntJabs","CutThroughFate"],"picked":"Indignation","floor":11},{"not_picked":["ThirdEye","WheelKick"],"picked":"Crescendo","floor":13},{"not_picked":["BowlingBash","Replay:BluntJabs"],"picked":"Consecrate","floor":14}],"player_experience":439970,"relics_obtained":[{"floor":6,"key":"Whetstone"},{"floor":9,"key":"aspiration:ChemicalBlood"},{"floor":14,"key":"Letter Opener"}],"event_choices":[],"is_beta":false,"boss_relics":[],"items_purged_floors":[],"is_endless":false,"potions_floor_spawned":[1,11,13],"killed_by":"The Guardian","ascension_level":0}}