{"host":"6ppucmbu28e4pclv","time":1612686014,"event":{"mods":["BaseMod","Colored Map","DeckTracker","Minty Spire (QoL Compilation)","StSLib"],"gold_per_floor":[112,124,143,14,89,89,106,116,139,156,185,203,213,232,232,309,309,322,334,81,81,81,81,81,81],"floor_reached":24,"language":"ENG","playtime":882,"items_purged":["Bash","Headbutt"],"score":354,"play_id":"335285a3-0d61-4653-b1a7-170aafeafdca","local_time":"20210207002014","is_ascension_mode":true,"campfire_choices":[{"data":"Flex","floor":6.0,"key":"SMITH"},{"data":"Whirlwind","floor":15.0,"key":"SMITH"},{"floor":23,"key":"REST"}],"circlet_count":0,"master_deck":["AscendersBane","Strike_R","Strike_R","Strike_R","Strike_R+1","Strike_R+1","Defend_R","Defend_R","Defend_R","Defend_R","Brutality","Shrug It Off","Pommel Strike","Whirlwind+1","Flex+1","Twin Strike","Demon Form","True Grit","Pummel","Evolve","Inflame","Offering","Shrug It Off"],"relics":["Burning Blood","Lantern","Whetstone","Black Star","Akabeko"],"acts_visited":["Exordium","TheCity"],"potions_floor_usage":[],"damage_taken":[{"damage":2.0,"enemies":"2 Louse","floor":1.0,"turns":3.0},{"damage":14.0,"enemies":"Jaw Worm","floor":2.0,"turns":5.0},{"damage":2.0,"enemies":"Small Slimes","floor":3.0,"turns":3.0},{"damage":14.0,"enemies":"Blue Slaver","floor":7.0,"turns":5.0},{"damage":13.0,"enemies":"Looter","floor":8.0,"turns":4.0},{"damage":5.0,"enemies":"Red Slaver","floor":10.0,"turns":3.0},{"damage":10.0,"enemies":"3 Sentries","floor":11.0,"turns":4.0},{"damage":7.0,"enemies":"Exordium Wildlife","floor":12.0,"turns":3.0},{"damage":9.0,"enemies":"Gremlin Gang","floor":13.0,"turns":2.0},{"damage":3.0,"enemies":"Looter","floor":14.0,"turns":2.0},{"damage":33.0,"enemies":"Hexaghost","floor":16.0,"turns":8.0},{"damage":52,"enemies":"2 Thieves","floor":18,"turns":4},{"damage":11,"enemies":"3 Byrds","floor":19,"turns":5},{"damage":36,"enemies":"Gremlin Leader","floor":24,"turns":2}],"seed_played":"3223867685497175082","potions_obtained":[{"floor":1.0,"key":"BloodPotion"},{"floor":2.0,"key":"Fire Potion"},{"floor":7.0,"key":"SteroidPotion"},{"floor":12.0,"key":"Weak Potion"}],"is_trial":false,"path_per_floor":["M","M","M","$","?","R","M","M","T","M","E","M","M","M","R","B",null,"M","M","$","?","?","R","E"],"character_chosen":"IRONCLAD","items_purchased":["Flex","Akabeko"],"campfire_rested":1,"item_purchase_floors":[4,20],"current_hp_per_floor":[72,64,68,68,57,57,49,57,57,58,54,53,50,53,53,26,63,17,12,12,12,12,34,0,0],"gold":81,"neow_bonus":"ONE_RANDOM_RARE_CARD","is_daily":false,"chose_seed":false,"campfire_upgraded":2,"win_rate":0.0,"timestamp":1612686014,"path_taken":["M","M","M","$","?","R","M","M","T","M","E","M","M","M","R","BOSS","BOSS","M","M","$","?","?","R","E"],"items_purchased_type":["Card","Relic"],"build_version":"2020-12-22","purchased_purges":2,"victory":false,"max_hp_per_floor":[75,75,75,75,75,75,75,75,75,75,75,75,75,75,75,75,75,75,75,75,75,75,75,75,75],"card_choices":[{"not_picked":["Pummel","Clothesline"],"picked":"Shrug It Off","floor":1.0},{"not_picked":["Blood for Blood","Warcry"],"picked":"Pommel Strike","floor":2.0},{"not_picked":["Shrug It Off","Iron Wave"],"picked":"Whirlwind","floor":3.0},{"not_picked":["Clothesline","Sword Boomerang"],"picked":"Twin Strike","floor":7.0},{"not_picked":["Blood for Blood","Armaments"],"picked":"Headbutt","floor":8.0},{"not_picked":["Cleave","Shrug It Off"],"picked":"Demon Form","floor":10.0},{"not_picked":["Wild Strike","Evolve"],"picked":"True Grit","floor":11.0},{"not_picked":["Iron Wave","Power Through"],"picked":"Pummel","floor":12.0},{"not_picked":["Twin Strike","Sword Boomerang"],"picked":"Evolve","floor":13.0},{"not_picked":["True Grit","Anger"],"picked":"Inflame","floor":14.0},{"not_picked":["Immolate","Exhume"],"picked":"Offering","floor":16},{"not_picked":["True Grit","Twin Strike","Armaments"],"picked":"SKIP","floor":18},{"not_picked":["Hemokinesis","Juggernaut"],"picked":"Shrug It Off","floor":19}],"player_experience":872167,"relics_obtained":[{"floor":9.0,"key":"Lantern"},{"floor":11.0,"key":"Whetstone"}],"event_choices":[{"damage_healed":0.0,"max_hp_gain":0.0,"max_hp_loss":0.0,"gold_gain":75.0,"event_name":"World of Goop","player_choice":"Gather Gold","floor":5.0,"gold_loss":0.0,"damage_taken":11.0},{"damage_healed":0,"gold_gain":0,"player_choice":"Ignored","damage_taken":0,"max_hp_gain":0,"max_hp_loss":0,"event_name":"Vampires","floor":21,"gold_loss":0}],"is_beta":false,"boss_relics":[{"not_picked":["Ectoplasm","Tiny House"],"picked":"Black Star"}],"items_purged_floors":[4,20],"is_endless":false,"potions_floor_spawned":[1,2,7,12],"killed_by":"Gremlin Leader","ascension_level":15}}