{"host":"wuernuywc9gl215o","time":1612734599,"event":{"mods":["AchievementEnabler","BaseMod","Block Reminder","Highlight Path","Key Reminder","Minty Spire (QoL Compilation)","Permanent Neow","Potion Indicator Mod","Quick Restart","Relic Stats"],"gold_per_floor":[110,125,137,155,170,170,201,215,238,260,260,280,306,323,323,394,394,413,425,24,24,41,41,41,52,76,88,88,102,102,102],"floor_reached":30,"language":"ENG","playtime":3581,"items_purged":[],"score":446,"play_id":"e0a4106a-f09e-4113-9c1d-f3d5b3b46040","local_time":"20210207214959","is_ascension_mode":true,"campfire_choices":[{"data":"Neutralize","floor":6.0,"key":"SMITH"},{"data":"All Out Attack","floor":11.0,"key":"SMITH"},{"data":"Malaise","floor":15.0,"key":"SMITH"},{"floor":24.0,"key":"REST"}],"circlet_count":0,"master_deck":["AscendersBane","Survivor","Neutralize+1","Malaise+1","Dagger Spray","Flying Knee","All Out Attack+1","Escape Plan","Leg Sweep","Accuracy","Dagger Throw","Slice","Blur","Acrobatics","Night Terror","Storm of Steel","Crippling Poison","Underhanded Strike","Flechettes","Escape Plan","Blade Dance","Envenom","Dodge and Roll","Flechettes","Unload","Outmaneuver","Catalyst","Well Laid Plans","Bane+1","Blade Dance","Riddle With Holes+1","Setup","Infinite Blades"],"relics":["Ring of the Snake","Meat on the Bone","Nunchaku","Odd Mushroom","MealTicket","Pandora\u0027s Box","Molten Egg 2","Toy Ornithopter"],"acts_visited":["TheCity"],"potions_floor_usage":[29],"damage_taken":[{"damage":4.0,"enemies":"Cultist","floor":1.0,"turns":6.0},{"damage":11.0,"enemies":"Small Slimes","floor":2.0,"turns":4.0},{"damage":4.0,"enemies":"Jaw Worm","floor":3.0,"turns":4.0},{"damage":0.0,"enemies":"Blue Slaver","floor":4.0,"turns":5.0},{"damage":1.0,"enemies":"Exordium Thugs","floor":5.0,"turns":4.0},{"damage":14.0,"enemies":"3 Sentries","floor":7.0,"turns":6.0},{"damage":2.0,"enemies":"Looter","floor":8.0,"turns":4.0},{"damage":6.0,"enemies":"The Mushroom Lair","floor":10.0,"turns":2.0},{"damage":5.0,"enemies":"Gremlin Gang","floor":12.0,"turns":3.0},{"damage":27.0,"enemies":"Gremlin Nob","floor":13.0,"turns":5.0},{"damage":2.0,"enemies":"Lots of Slimes","floor":14.0,"turns":3.0},{"damage":17.0,"enemies":"The Guardian","floor":16.0,"turns":21.0},{"damage":13.0,"enemies":"2 Thieves","floor":18.0,"turns":3.0},{"damage":21.0,"enemies":"Shell Parasite","floor":19.0,"turns":6.0},{"damage":43.0,"enemies":"Sentry and Sphere","floor":22.0,"turns":6.0},{"damage":28.0,"enemies":"Snake Plant","floor":25.0,"turns":8.0},{"damage":15.0,"enemies":"Centurion and Healer","floor":27.0,"turns":5.0},{"damage":47,"enemies":"Sentry and Sphere","floor":29,"turns":9},{"damage":26,"enemies":"Shelled Parasite and Fungi","floor":30,"turns":3}],"seed_played":"8576458508469929943","potions_obtained":[{"floor":1.0,"key":"FairyPotion"},{"floor":4.0,"key":"AttackPotion"},{"floor":7.0,"key":"Fire Potion"},{"floor":14.0,"key":"EssenceOfSteel"},{"floor":16.0,"key":"ColorlessPotion"},{"floor":25.0,"key":"Dexterity Potion"},{"floor":27.0,"key":"Dexterity Potion"}],"is_trial":false,"path_per_floor":["M","M","M","M","M","R","E","M","T","?","R","M","E","M","R","B",null,"M","M","$","?","M","?","R","M","T","M","$","M","M"],"character_chosen":"THE_SILENT","items_purchased":["Molten Egg 2","Well Laid Plans","Bane+1"],"campfire_rested":1,"item_purchase_floors":[20,20,20],"current_hp_per_floor":[55,44,40,40,39,39,25,35,35,41,41,36,21,31,31,26,52,39,30,45,45,14,14,32,16,16,18,33,22,0,0],"gold":102,"neow_bonus":"THREE_RARE_CARDS","is_daily":false,"chose_seed":false,"campfire_upgraded":3,"win_rate":0.0,"timestamp":1612734599,"path_taken":["M","M","M","M","M","R","E","?","T","?","R","M","E","M","R","BOSS","M","M","$","?","M","?","R","?","T","M","$","M","M"],"items_purchased_type":["Relic","Card","Card"],"build_version":"2020-12-22","purchased_purges":0,"victory":false,"max_hp_per_floor":[60,60,60,60,60,60,60,60,60,60,60,60,60,60,60,60,60,60,60,60,60,60,60,60,60,60,60,60,60,60,60],"relic_stats":{"Nunchaku":[18],"counters":[19,107],"MealTicket":30,"Pandora\u0027s Box":["Storm of Steel","Crippling Poison","Underhanded Strike","Flechettes","Escape Plan","Blade Dance","Envenom","Dodge and Roll","Flechettes","Unload"],"obtain_stats":[{"Nunchaku":9,"MealTicket":13,"Pandora\u0027s Box":17,"Molten Egg 2":20,"Odd Mushroom":10,"Toy Ornithopter":26,"Ring of the Snake":0,"Meat on the Bone":7},{"Nunchaku":7,"MealTicket":10,"Pandora\u0027s Box":12,"Molten Egg 2":14,"Odd Mushroom":8,"Toy Ornithopter":16,"Ring of the Snake":0,"Meat on the Bone":6},{"Nunchaku":33,"MealTicket":43,"Pandora\u0027s Box":67,"Molten Egg 2":76,"Odd Mushroom":35,"Toy Ornithopter":90,"Ring of the Snake":0,"Meat on the Bone":29}],"Toy Ornithopter":10,"Ring of the Snake":[38],"Meat on the Bone":120},"card_choices":[{"not_picked":["Bullet Time","Grand Finale"],"picked":"Malaise","floor":0.0},{"not_picked":["Masterful Stab","Distraction"],"picked":"Dagger Spray","floor":1.0},{"not_picked":["Sucker Punch","Cloak And Dagger"],"picked":"Flying Knee","floor":2.0},{"not_picked":["Well Laid Plans","Deadly Poison"],"picked":"All Out Attack","floor":3.0},{"not_picked":["Dash","Flying Knee"],"picked":"Escape Plan","floor":4.0},{"not_picked":["Flying Knee","Outmaneuver"],"picked":"Leg Sweep","floor":5.0},{"not_picked":["Bane","Distraction"],"picked":"Accuracy","floor":7.0},{"not_picked":["Expertise","Underhanded Strike"],"picked":"Dagger Throw","floor":8.0},{"not_picked":["Riddle With Holes","Choke"],"picked":"Slice","floor":10.0},{"not_picked":["Distraction","Sucker Punch"],"picked":"Blur","floor":12.0},{"not_picked":["Riddle With Holes","Deflect","Eviscerate"],"picked":"SKIP","floor":13.0},{"not_picked":["Expertise","Leg Sweep"],"picked":"Acrobatics","floor":14.0},{"not_picked":["Corpse Explosion","Storm of Steel"],"picked":"Night Terror","floor":16.0},{"not_picked":["Underhanded Strike+1","Quick Slash"],"picked":"Outmaneuver","floor":18.0},{"not_picked":["Deflect","Outmaneuver"],"picked":"Catalyst","floor":19.0},{"not_picked":["Dagger Throw+1","Slice+1"],"picked":"Blade Dance","floor":22.0},{"not_picked":["Outmaneuver","Well Laid Plans"],"picked":"Riddle With Holes+1","floor":25.0},{"not_picked":["Prepared","Backflip"],"picked":"Setup","floor":27.0},{"not_picked":["Envenom","Dagger Spray+1"],"picked":"Infinite Blades","floor":29}],"player_experience":863591,"relics_obtained":[{"floor":7.0,"key":"Meat on the Bone"},{"floor":9.0,"key":"Nunchaku"},{"floor":10.0,"key":"Odd Mushroom"},{"floor":13.0,"key":"MealTicket"},{"floor":26.0,"key":"Toy Ornithopter"}],"event_choices":[{"damage_healed":0.0,"max_hp_gain":0.0,"max_hp_loss":0.0,"gold_gain":0.0,"event_name":"Mushrooms","player_choice":"Fought Mushrooms","floor":10.0,"gold_loss":0.0,"damage_taken":0.0},{"damage_healed":0.0,"max_hp_gain":0.0,"max_hp_loss":0.0,"gold_gain":0.0,"event_name":"Ghosts","player_choice":"Ignored","floor":21.0,"gold_loss":0.0,"damage_taken":0.0},{"damage_healed":0.0,"max_hp_gain":0.0,"max_hp_loss":0.0,"gold_gain":0.0,"event_name":"Cursed Tome","player_choice":"Ignored","floor":23.0,"gold_loss":0.0,"damage_taken":0.0}],"is_beta":false,"boss_relics":[{"not_picked":["WristBlade","Cursed Key"],"picked":"Pandora\u0027s Box"}],"items_purged_floors":[],"is_endless":false,"potions_floor_spawned":[1,4,7,8,10,14,16,19,25,27],"killed_by":"Shelled Parasite and Fungi","ascension_level":16}}