{"host":"dggqshehf2ar9kzd","time":1612673243,"event":{"mods":["BaseMod","Hermit","Highlight Path","Minty Spire (QoL Compilation)","Reliquary","StSLib"],"gold_per_floor":[117,133,152,227,244,277,296,296,296,307,342,361,361,138,138,241,241,255,170,186,186,9,9,9],"floor_reached":23,"language":"ENG","playtime":1959,"items_purged":["hermit:Defend_Hermit","hermit:Defend_Hermit"],"score":253,"play_id":"5fb2f611-4f18-4c0e-a8a8-ebdc8956412b","local_time":"20210206234723","is_ascension_mode":false,"campfire_choices":[{"data":"hermit:CalledShot","floor":8,"key":"SMITH"},{"data":"hermit:Dive","floor":13,"key":"SMITH"},{"data":"hermit:TakeCover","floor":15,"key":"SMITH"}],"circlet_count":0,"master_deck":["hermit:Strike_Hermit","hermit:Strike_Hermit","hermit:Strike_Hermit","hermit:Strike_Hermit","hermit:Defend_Hermit","hermit:Defend_Hermit","hermit:Snapshot","hermit:Covet","hermit:Dive","hermit:TakeCover+1","hermit:CalledShot+1","hermit:GoldenBullet","hermit:Enervate","hermit:Dive+1","hermit:Gestalt","hermit:TrackingShot","hermit:Snipe","hermit:BigShot","hermit:Determination"],"relics":["hermit:Momento","NeowsBlessing","Blood Vial","hermit:Spyglass","reliquary:JackalopeAntler","Lee\u0027s Waffle","reliquary:KinkedSpring","Letter Opener"],"acts_visited":["Exordium","TheCity"],"potions_floor_usage":[6,6,16],"damage_taken":[{"damage":0,"enemies":"Jaw Worm","floor":1,"turns":1},{"damage":0,"enemies":"Small Slimes","floor":2,"turns":1},{"damage":0,"enemies":"2 Louse","floor":3,"turns":2},{"damage":0,"enemies":"Red Slaver","floor":5,"turns":5},{"damage":8,"enemies":"Gremlin Nob","floor":6,"turns":3},{"damage":1,"enemies":"Blue Slaver","floor":7,"turns":6},{"damage":0,"enemies":"3 Louse","floor":10,"turns":3},{"damage":15,"enemies":"Lagavulin","floor":11,"turns":7},{"damage":2,"enemies":"Large Slime","floor":12,"turns":8},{"damage":0,"enemies":"Slime Boss","floor":16,"turns":21},{"damage":2,"enemies":"Spheric Guardian","floor":18,"turns":5},{"damage":0,"enemies":"3 Byrds","floor":20,"turns":4},{"damage":32,"enemies":"Gremlin Leader","floor":23,"turns":4}],"seed_played":"-7251529743807479153","potions_obtained":[{"floor":2,"key":"Fire Potion"},{"floor":5,"key":"LiquidMemories"},{"floor":7,"key":"Ancient Potion"},{"floor":11,"key":"Strength Potion"},{"floor":12,"key":"Swift Potion"}],"is_trial":false,"path_per_floor":["M","M","M","?","M","E","M","R","T","M","E","M","R","$","R","B",null,"M","?","M","?","$","E"],"character_chosen":"HERMIT","items_purchased":["Lee\u0027s Waffle","hermit:Determination"],"campfire_rested":0,"item_purchase_floors":[14,22],"current_hp_per_floor":[75,75,75,64,64,56,57,57,57,59,46,46,46,82,82,82,82,80,80,82,82,82,50,50],"gold":9,"neow_bonus":"THREE_ENEMY_KILL","is_daily":false,"chose_seed":false,"campfire_upgraded":3,"win_rate":0.0,"timestamp":1612673243,"path_taken":["M","M","M","?","M","E","M","R","T","M","E","M","R","$","R","BOSS","M","?","M","?","$","E"],"items_purchased_type":["Relic","Card"],"build_version":"2020-12-22","purchased_purges":2,"victory":false,"max_hp_per_floor":[75,75,75,75,75,75,75,75,75,75,75,75,75,82,82,82,82,82,82,82,82,82,82,82],"card_choices":[{"not_picked":["hermit:Shortfuse","hermit:Snipe"],"picked":"hermit:Dive","floor":1},{"not_picked":["hermit:Horror","hermit:Grudge"],"picked":"hermit:TakeCover","floor":2},{"not_picked":["hermit:Desperado","hermit:Horror"],"picked":"hermit:CalledShot","floor":3},{"not_picked":["hermit:FullyLoaded","hermit:TakeAim"],"picked":"hermit:GoldenBullet","floor":5},{"not_picked":["hermit:BodyArmor","hermit:Coalescence"],"picked":"hermit:Enervate","floor":6},{"not_picked":["hermit:SprayPray","hermit:Vantage"],"picked":"hermit:Dive","floor":7},{"not_picked":["hermit:Virtue","hermit:TakeCover","hermit:Glare"],"picked":"SKIP","floor":10},{"not_picked":["hermit:EternalForm","hermit:Dissolve"],"picked":"hermit:Gestalt","floor":11},{"not_picked":["hermit:Headshot","hermit:Manifest"],"picked":"hermit:TrackingShot","floor":12},{"not_picked":["hermit:Roulette","hermit:Quickdraw"],"picked":"hermit:Snipe","floor":18},{"not_picked":["hermit:Snipe+1","hermit:Desperado","hermit:Virtue"],"picked":"SKIP","floor":20}],"player_experience":343704,"relics_obtained":[{"floor":6,"key":"Blood Vial"},{"floor":9,"key":"hermit:Spyglass"},{"floor":11,"key":"reliquary:JackalopeAntler"}],"event_choices":[{"damage_healed":0,"gold_gain":75,"player_choice":"Gather Gold","damage_taken":11,"max_hp_gain":0,"max_hp_loss":0,"event_name":"World of Goop","floor":4,"gold_loss":0},{"damage_healed":0,"gold_gain":0,"player_choice":"Obtained Relic","damage_taken":0,"relics_obtained":["Letter Opener"],"max_hp_gain":0,"max_hp_loss":0,"event_name":"Addict","floor":19,"gold_loss":85},{"damage_healed":0,"gold_gain":0,"player_choice":"Read","damage_taken":0,"max_hp_gain":0,"max_hp_loss":0,"event_name":"The Library","floor":21,"gold_loss":0,"cards_obtained":["hermit:BigShot"]}],"is_beta":false,"boss_relics":[{"not_picked":["reliquary:Ember","reliquary:Craggleroot"],"picked":"reliquary:KinkedSpring"}],"items_purged_floors":[14,22],"is_endless":false,"potions_floor_spawned":[2,5,7,11,12],"killed_by":"Gremlin Leader","ascension_level":0}}