{"host":"m4gb89kpcfic7v2a","time":1612683206,"event":{"mods":["BaseMod","BetterRewards","Downfall","Minty Spire (QoL Compilation)","Reliquary","StSLib"],"gold_per_floor":[99,116,132,145,165,177,246,246,246,396,396,396,396],"floor_reached":11,"language":"ENG","playtime":1016,"items_purged":[],"score":65,"play_id":"567f3960-5543-4a3c-bd52-2ad8820494aa","local_time":"20210207003326","is_ascension_mode":false,"campfire_choices":[{"data":"sneckomod:TrashToTreasure","floor":8,"key":"SMITH"}],"circlet_count":0,"master_deck":["sneckomod:Strike","sneckomod:Strike","sneckomod:Defend","sneckomod:Defend","sneckomod:Defend","sneckomod:TailWhip","sneckomod:SnekBite","sneckomod:Unknown","Shockwave","sneckomod:DiceCrush","sneckomod:UnknownDraw","sneckomod:UnendingSupply","sneckomod:MorePower","sneckomod:UnknownWeak+1","sneckomod:TrashToTreasure+1","downfall:Icky"],"relics":["sneckomod:SneckoSoul","reliquary:Sideboard"],"acts_visited":["Exordium"],"potions_floor_usage":[],"damage_taken":[{"damage":15,"enemies":"Jaw Worm","floor":2,"turns":5},{"damage":7,"enemies":"2 Louse","floor":3,"turns":3},{"damage":5,"enemies":"Small Slimes","floor":4,"turns":3},{"damage":10,"enemies":"Red Slaver","floor":5,"turns":3},{"damage":18,"enemies":"Lots of Slimes","floor":6,"turns":4},{"damage":45,"enemies":"3 Sentries","floor":11,"turns":6}],"seed_played":"-4430927760932854611","potions_obtained":[{"floor":2,"key":"Dexterity Potion"},{"floor":5,"key":"Regen Potion"}],"is_trial":false,"path_per_floor":["R","M","M","M","M","M","T","R","?","?","E"],"character_chosen":"THE_SNECKO","items_purchased":[],"campfire_rested":0,"item_purchase_floors":[],"current_hp_per_floor":[99,84,77,72,62,44,44,44,44,44,0,0,0],"gold":396,"neow_bonus":"TEN_PERCENT_HP_BONUS","is_daily":false,"chose_seed":false,"campfire_upgraded":1,"win_rate":0.0,"timestamp":1612683206,"path_taken":["R","M","M","M","M","M","T","R","?","?","E"],"items_purchased_type":[],"build_version":"2020-12-22","purchased_purges":0,"victory":false,"max_hp_per_floor":[99,99,99,99,99,99,99,99,99,99,99,99,99],"card_choices":[{"not_picked":["sneckomod:UnknownCommonAttack","sneckomod:Unknown1Cost"],"picked":"sneckomod:DiceCrush","floor":2},{"not_picked":["sneckomod:QuickBite","sneckomod:DiceCrush"],"picked":"sneckomod:UnknownDraw","floor":3},{"not_picked":["sneckomod:SoulCleanse","sneckomod:Unknown1Cost"],"picked":"sneckomod:UnendingSupply","floor":4},{"not_picked":["sneckomod:QuickBite","sneckomod:UnknownStrike"],"picked":"sneckomod:MorePower","floor":5},{"not_picked":["sneckomod:UnknownExhaust+1","sneckomod:Unknown3Cost+1"],"picked":"sneckomod:UnknownWeak+1","floor":6},{"not_picked":["sneckomod:UnknownX","sneckomod:SlitherStrike"],"picked":"sneckomod:TrashToTreasure","floor":6}],"player_experience":202104,"relics_obtained":[{"floor":7,"key":"reliquary:Sideboard"}],"event_choices":[],"is_beta":false,"boss_relics":[],"items_purged_floors":[],"is_endless":false,"potions_floor_spawned":[2,5],"killed_by":"3 Sentries","ascension_level":0}}