{"host":"ilhhjx796p2x2wmd","time":1612678233,"event":{"mods":["AchievementEnabler","BaseMod","BetterRewards","Colored Map","Colored Powertips","DeckTracker","Highlight Path","Minty Spire (QoL Compilation)","Permanent Neow","Rare Cards Sparkle","Shop Mod"],"gold_per_floor":[113,123,142,142,166,199,24,39,39,39,53,37,37,50,50,180,180,193,193,193,40,40,40,80,80],"floor_reached":24,"language":"KOR","playtime":1506,"items_purged":["Defend_R","Defend_R"],"score":330,"play_id":"bffd30f4-6de4-41cb-af4f-577ffc10c30b","local_time":"20210207151033","is_ascension_mode":true,"campfire_choices":[{"data":"Armaments","floor":13,"key":"SMITH"},{"data":"Pommel Strike","floor":15,"key":"SMITH"},{"data":"Ghostly","floor":23,"key":"SMITH"}],"circlet_count":0,"master_deck":["Strike_R","Strike_R","Strike_R","Strike_R","Strike_R","Defend_R","Defend_R","Bash","Shrug It Off","Pommel Strike+1","Armaments+1","Wild Strike","Rampage","Inflame","True Grit","Dropkick","Twin Strike","Fiend Fire","Shrug It Off","RitualDagger","Perfected Strike","Ghostly+1","Ghostly","Ghostly","Ghostly","Ghostly","Spot Weakness+1"],"relics":["Burning Blood","Golden Idol","Boot","Omamori","Cursed Key","Pen Nib","Shuriken"],"acts_visited":["Exordium","TheCity"],"potions_floor_usage":[14,16],"damage_taken":[{"damage":4.0,"enemies":"Small Slimes","floor":1.0,"turns":4.0},{"damage":2.0,"enemies":"Jaw Worm","floor":2.0,"turns":3.0},{"damage":0.0,"enemies":"Cultist","floor":3.0,"turns":4.0},{"damage":3.0,"enemies":"3 Louse","floor":5.0,"turns":5.0},{"damage":19.0,"enemies":"3 Sentries","floor":6.0,"turns":10.0},{"damage":4,"enemies":"Blue Slaver","floor":8,"turns":4},{"damage":0,"enemies":"Large Slime","floor":11,"turns":4},{"damage":11,"enemies":"Exordium Thugs","floor":12,"turns":4},{"damage":6,"enemies":"Blue Slaver","floor":14,"turns":4},{"damage":33,"enemies":"Slime Boss","floor":16,"turns":11},{"damage":20,"enemies":"Chosen","floor":18,"turns":5},{"damage":39,"enemies":"Book of Stabbing","floor":24,"turns":6}],"seed_played":"8714972866052173757","potions_obtained":[{"floor":3.0,"key":"Swift Potion"},{"floor":10,"key":"Weak Potion"},{"floor":10,"key":"CultistPotion"},{"floor":11,"key":"Ancient Potion"},{"floor":12,"key":"Regen Potion"},{"floor":18,"key":"BloodPotion"},{"floor":24,"key":"Swift Potion"}],"is_trial":false,"path_per_floor":["M","M","M","?","M","E","$","M","T","?","M","M","R","M","R","B",null,"M","?","?","$","?","R","E"],"character_chosen":"IRONCLAD","items_purchased":["Inflame","True Grit","Perfected Strike"],"campfire_rested":0,"item_purchase_floors":[7,7,21],"current_hp_per_floor":[69,73,79,55,58,45,45,47,47,47,53,48,48,60,60,33,80,66,60,60,60,48,48,15,15],"gold":80,"neow_bonus":"TWENTY_PERCENT_HP_BONUS","is_daily":false,"chose_seed":false,"campfire_upgraded":3,"win_rate":0.0,"timestamp":1612678233,"path_taken":["M","M","M","?","M","E","$","M","T","?","M","?","R","M","R","BOSS","M","?","?","$","?","R","E"],"items_purchased_type":["Card","Card","Card"],"build_version":"2020-12-22","purchased_purges":2,"victory":false,"max_hp_per_floor":[96,96,96,96,96,96,96,96,96,96,96,96,96,96,96,96,96,96,96,96,96,48,48,48,48],"card_choices":[{"not_picked":["Anger","Evolve"],"picked":"Shrug It Off","floor":1.0},{"not_picked":["Seeing Red","Intimidate"],"picked":"Pommel Strike","floor":2.0},{"not_picked":["Hemokinesis","Havoc"],"picked":"Armaments","floor":3.0},{"not_picked":["Whirlwind","True Grit"],"picked":"Wild Strike","floor":5.0},{"not_picked":["Dark Embrace","Whirlwind"],"picked":"Rampage","floor":6.0},{"not_picked":["Sword Boomerang","Clothesline"],"picked":"Dropkick","floor":8},{"not_picked":["Headbutt","Disarm"],"picked":"Twin Strike","floor":11},{"not_picked":["Rupture","Flame Barrier","Shockwave"],"picked":"SKIP","floor":12},{"not_picked":["Thunderclap","Heavy Blade","Barricade"],"picked":"SKIP","floor":14},{"not_picked":["Bludgeon","Impervious"],"picked":"Fiend Fire","floor":16},{"not_picked":["Iron Wave+1","Anger+1"],"picked":"Shrug It Off","floor":18},{"not_picked":["Sever Soul","Armaments"],"picked":"Spot Weakness+1","floor":24}],"player_experience":329962,"relics_obtained":[{"floor":6.0,"key":"Boot"},{"floor":9,"key":"Omamori"},{"floor":24,"key":"Shuriken"}],"event_choices":[{"damage_healed":0.0,"max_hp_gain":0.0,"max_hp_loss":0.0,"gold_gain":0.0,"event_name":"Golden Idol","player_choice":"Take Damage","floor":4.0,"gold_loss":0.0,"damage_taken":24.0,"relics_obtained":["Golden Idol"]},{"damage_healed":0,"gold_gain":0,"player_choice":"Got Potions","damage_taken":0,"max_hp_gain":0,"max_hp_loss":0,"event_name":"Lab","floor":10,"gold_loss":0},{"damage_healed":0,"gold_gain":0,"player_choice":"Joined the Cult","damage_taken":6,"max_hp_gain":0,"max_hp_loss":0,"event_name":"Nest","floor":19,"gold_loss":0,"cards_obtained":["RitualDagger"]},{"damage_healed":0,"gold_gain":0,"player_choice":"Opened","damage_taken":0,"relics_obtained":["Pen Nib"],"max_hp_gain":0,"max_hp_loss":0,"event_name":"The Mausoleum","floor":20,"gold_loss":0,"cards_obtained":["Writhe"]},{"damage_healed":0,"gold_gain":0,"player_choice":"Became a Ghost","damage_taken":0,"max_hp_gain":0,"max_hp_loss":48,"event_name":"Ghosts","floor":22,"gold_loss":0,"cards_obtained":["Ghostly","Ghostly","Ghostly","Ghostly","Ghostly"]}],"is_beta":false,"boss_relics":[{"not_picked":["Calling Bell","Ectoplasm"],"picked":"Cursed Key"}],"items_purged_floors":[7,21],"is_endless":false,"potions_floor_spawned":[3,11,12,18,24],"killed_by":"Book of Stabbing","ascension_level":8}}