{"host":"6jrd8fn9k88n08be","time":1612721394,"event":{"mods":["BaseMod","Minty Spire (QoL Compilation)","StSLib"],"gold_per_floor":[20,20,195,195,270,270,305,305,305,321,339,339,112,151,151,281,281,300,313,152,152,168,168,168,168],"floor_reached":24,"language":"ENG","playtime":668,"items_purged":["Strike_B","Strike_B"],"score":232,"play_id":"1606ad4d-201b-472d-b239-789e501ed331","local_time":"20210207130954","is_ascension_mode":true,"campfire_choices":[{"floor":6,"key":"REST"},{"floor":8,"key":"REST"},{"data":"Defragment","floor":12,"key":"SMITH"},{"floor":15,"key":"REST"},{"data":"Amplify","floor":23,"key":"SMITH"}],"circlet_count":0,"master_deck":["Strike_B","Strike_B","Defend_B","Defend_B","Defend_B","Defend_B","Zap","Dualcast","Electrodynamics","Redo","Ball Lightning","Hyperbeam","Defragment+1","Melter","Amplify+1","Double Energy","Conserve Battery","Defragment","Storm+1"],"relics":["Cracked Core","Golden Idol","PreservedInsect","Mercury Hourglass","Blue Candle","Membership Card","Cables","Inserter","DataDisk"],"acts_visited":["Exordium","TheCity"],"potions_floor_usage":[18,24,24],"damage_taken":[{"damage":7,"enemies":"Small Slimes","floor":1,"turns":3},{"damage":42,"enemies":"Gremlin Nob","floor":7,"turns":4},{"damage":8,"enemies":"Jaw Worm","floor":10,"turns":2},{"damage":0,"enemies":"2 Louse","floor":11,"turns":1},{"damage":5,"enemies":"3 Sentries","floor":14,"turns":2},{"damage":33,"enemies":"Hexaghost","floor":16,"turns":7},{"damage":2,"enemies":"Chosen","floor":18,"turns":3},{"damage":37,"enemies":"Shell Parasite","floor":19,"turns":5},{"damage":12,"enemies":"Cultist and Chosen","floor":22,"turns":3},{"damage":29,"enemies":"Slavers","floor":24,"turns":1}],"seed_played":"5615422601403824541","potions_obtained":[{"floor":7,"key":"LiquidBronze"},{"floor":14,"key":"LiquidMemories"},{"floor":16,"key":"SkillPotion"},{"floor":18,"key":"PowerPotion"}],"is_trial":false,"path_per_floor":["M","?","?","T","?","R","E","R","T","M","M","R","$","E","R","B",null,"M","M","$","?","M","R","E"],"character_chosen":"DEFECT","items_purchased":["Membership Card","Melter","DataDisk","Defragment"],"campfire_rested":3,"item_purchase_floors":[13,13,20,20],"current_hp_per_floor":[68,50,50,50,39,61,19,41,41,33,33,33,33,28,50,17,75,73,36,36,36,24,24,0,0],"gold":168,"neow_bonus":"THREE_RARE_CARDS","is_daily":false,"chose_seed":false,"campfire_upgraded":2,"win_rate":0.0,"timestamp":1612721394,"path_taken":["M","?","?","?","?","R","E","R","T","M","M","R","?","E","R","BOSS","M","?","$","?","M","R","E"],"items_purchased_type":["Relic","Card","Relic","Card"],"build_version":"2020-12-22","purchased_purges":2,"victory":false,"max_hp_per_floor":[75,75,75,75,75,75,75,75,75,75,75,75,75,75,75,75,75,75,75,75,75,75,75,75,75],"card_choices":[{"not_picked":["Fission","Biased Cognition"],"picked":"Electrodynamics","floor":0},{"not_picked":["Leap","Stack"],"picked":"Redo","floor":1},{"not_picked":["Loop","Leap"],"picked":"Ball Lightning","floor":7},{"not_picked":["Streamline","Redo"],"picked":"Hyperbeam","floor":10},{"not_picked":["White Noise","Steam"],"picked":"Defragment","floor":11},{"not_picked":["Steam Power","Cold Snap","Streamline"],"picked":"SKIP","floor":14},{"not_picked":["Rainbow","Buffer"],"picked":"Amplify","floor":16},{"not_picked":["Leap+1","Compile Driver"],"picked":"Double Energy","floor":18},{"not_picked":["Rebound","Cold Snap"],"picked":"Conserve Battery","floor":19},{"not_picked":["Turbo+1","Beam Cell"],"picked":"Storm+1","floor":22}],"player_experience":160203,"relics_obtained":[{"floor":4,"key":"PreservedInsect"},{"floor":7,"key":"Mercury Hourglass"},{"floor":9,"key":"Blue Candle"},{"floor":14,"key":"Cables"}],"event_choices":[{"damage_healed":0,"gold_gain":0,"player_choice":"Take Damage","damage_taken":18,"relics_obtained":["Golden Idol"],"max_hp_gain":0,"max_hp_loss":0,"event_name":"Golden Idol","floor":2,"gold_loss":0},{"damage_healed":0,"gold_gain":175,"player_choice":"AGREE","damage_taken":0,"max_hp_gain":0,"max_hp_loss":0,"event_name":"Liars Game","floor":3,"gold_loss":0,"cards_obtained":["Doubt"]},{"damage_healed":0,"gold_gain":75,"player_choice":"Gather Gold","damage_taken":11,"max_hp_gain":0,"max_hp_loss":0,"event_name":"World of Goop","floor":5,"gold_loss":0},{"cards_removed":["Doubt"],"damage_healed":0,"gold_gain":0,"player_choice":"Purged","damage_taken":0,"max_hp_gain":0,"max_hp_loss":0,"event_name":"Purifier","floor":21,"gold_loss":0}],"is_beta":false,"boss_relics":[{"not_picked":["Philosopher\u0027s Stone","Snecko Eye"],"picked":"Inserter"}],"items_purged_floors":[13,20],"is_endless":false,"potions_floor_spawned":[7,14,16,18],"killed_by":"Slavers","ascension_level":3}}