{"host":"nskcj6qu6rcsb0l3","time":1612669026,"event":{"mods":["BaseMod","Better Match","Better Note","Minty Spire (QoL Compilation)","StSLib"],"gold_per_floor":[115,75,75,88,88,88,104,144,144,164,177,177,102,125,125,256,256,279,304,304,266,287,287,287],"floor_reached":23,"language":"ENG","playtime":549,"items_purged":[],"score":193,"play_id":"9ad23796-1614-4fe7-b1f7-061efd8351b5","local_time":"20210207043706","is_ascension_mode":false,"campfire_choices":[{"data":"Noxious Fumes","floor":6,"key":"SMITH"},{"floor":12,"key":"REST"},{"floor":15,"key":"REST"}],"circlet_count":0,"master_deck":["Strike_G","Strike_G","Strike_G","Strike_G","Strike_G","Defend_G","Defend_G","Defend_G","Defend_G","Defend_G","Survivor","Neutralize","Bane+1","Blur","Noxious Fumes+1","Backflip","Noxious Fumes","Envenom","Bane","Cloak And Dagger","Footwork","Bane"],"relics":["NeowsBlessing","Golden Idol","Bag of Marbles","Blue Candle","WristBlade","Nloth\u0027s Gift"],"acts_visited":["Exordium","TheCity"],"potions_floor_usage":[16,16,22],"damage_taken":[{"damage":0,"enemies":"Small Slimes","floor":1,"turns":1},{"damage":0,"enemies":"Jaw Worm","floor":4,"turns":1},{"damage":0,"enemies":"2 Louse","floor":7,"turns":1},{"damage":32,"enemies":"Gremlin Nob","floor":8,"turns":5},{"damage":11,"enemies":"2 Fungi Beasts","floor":10,"turns":6},{"damage":4,"enemies":"Red Slaver","floor":11,"turns":4},{"damage":13,"enemies":"Lots of Slimes","floor":14,"turns":3},{"damage":28,"enemies":"Slime Boss","floor":16,"turns":10},{"damage":30,"enemies":"3 Byrds","floor":18,"turns":5},{"damage":23,"enemies":"Spheric Guardian","floor":19,"turns":5},{"damage":8,"enemies":"Centurion and Healer","floor":22,"turns":6},{"damage":0,"enemies":"Book of Stabbing","floor":23,"turns":1}],"seed_played":"375455781754923687","potions_obtained":[{"floor":10,"key":"SkillPotion"},{"floor":14,"key":"Weak Potion"},{"floor":18,"key":"Fire Potion"},{"floor":19,"key":"Ancient Potion"}],"is_trial":false,"path_per_floor":["M","$","?","M","?","R","M","E","T","M","M","R","$","M","R","B",null,"M","M","?","$","M","E"],"character_chosen":"THE_SILENT","items_purchased":["Blur","Noxious Fumes","Footwork"],"campfire_rested":2,"item_purchase_floors":[2,13,21],"current_hp_per_floor":[70,70,53,53,53,53,53,21,21,10,6,27,27,14,35,7,70,40,17,17,17,9,9,9],"gold":287,"neow_bonus":"THREE_ENEMY_KILL","is_daily":false,"chose_seed":false,"campfire_upgraded":1,"win_rate":0.0,"timestamp":1612669026,"path_taken":["M","$","?","M","?","R","M","E","T","M","M","R","$","M","R","BOSS","M","M","?","$","M","E"],"items_purchased_type":["Card","Card","Card"],"build_version":"2020-12-22","purchased_purges":0,"victory":false,"max_hp_per_floor":[70,70,70,70,70,70,70,70,70,70,70,70,70,70,70,70,70,70,70,70,70,70,70,70],"card_choices":[{"not_picked":["Prepared","Outmaneuver"],"picked":"Bane","floor":1},{"not_picked":["Flying Knee","Prepared"],"picked":"Noxious Fumes","floor":4},{"not_picked":["Heel Hook","PiercingWail","Deadly Poison"],"picked":"SKIP","floor":7},{"not_picked":["Outmaneuver","Wraith Form v2","Acrobatics"],"picked":"SKIP","floor":8},{"not_picked":["Blade Dance","Quick Slash","Prepared"],"picked":"SKIP","floor":10},{"not_picked":["All Out Attack","Poisoned Stab"],"picked":"Backflip","floor":11},{"not_picked":["Reflex","Setup","Sucker Punch"],"picked":"SKIP","floor":14},{"not_picked":["Phantasmal Killer","Grand Finale"],"picked":"Envenom","floor":16},{"not_picked":["All Out Attack+1","Caltrops"],"picked":"Bane","floor":18},{"not_picked":["Poisoned Stab","Bane"],"picked":"Cloak And Dagger","floor":19},{"not_picked":["Predator","Deadly Poison"],"picked":"Bane","floor":22}],"player_experience":999641,"relics_obtained":[{"floor":8,"key":"Bag of Marbles"},{"floor":9,"key":"Blue Candle"}],"event_choices":[{"damage_healed":0,"gold_gain":0,"player_choice":"Take Damage","damage_taken":17,"relics_obtained":["Golden Idol"],"max_hp_gain":0,"max_hp_loss":0,"event_name":"Golden Idol","floor":3,"gold_loss":0},{"damage_healed":0,"gold_gain":0,"player_choice":"Grow","damage_taken":0,"max_hp_gain":0,"max_hp_loss":0,"event_name":"Living Wall","floor":5,"gold_loss":0,"cards_upgraded":["Bane"]},{"damage_healed":0,"gold_gain":0,"player_choice":"Traded Relic","damage_taken":0,"relics_obtained":["Nloth\u0027s Gift"],"max_hp_gain":0,"max_hp_loss":0,"event_name":"N\u0027loth","floor":20,"relics_lost":["Ring of the Snake"],"gold_loss":0}],"is_beta":false,"boss_relics":[{"not_picked":["SlaversCollar","Astrolabe"],"picked":"WristBlade"}],"items_purged_floors":[],"is_endless":false,"potions_floor_spawned":[10,14,18,19],"killed_by":"Book of Stabbing","ascension_level":0}}