{"host":"4c7oxphrh4ok8x7u","time":1612713767,"event":{"mods":["100% Spire Juice","2.2 Compatiblity","Act Like it!","Arknights","Aspiration","BaseMod","Beaked The Cultist","Better Skull","Better Vampires","BetterRewards","Challenge The Spire","Conjunction","Conspire","Custom Start","Dota2Spire","Ekko","Evolution","Fiend Mod","Friendly Minions","FruityMod","GifTheSpireLib","Good Game Mod","Halation","Hermit","HololiveMod","Hubris","Hyrulean Relics","Jedi Mod","Jess\u0027s Bottle","Kratos Character Expansion","Minty Spire (QoL Compilation)","MostiFishMod","Permanent Neow","Poor People Problems","Prisma Mod","Quarter Circle Forward PUNCH!","RatMod","Reliquary","Replay The Spire","Robot Space Explorer","SCP261 Mod","Shade Mod","Slay the Relics Exporter","Small Relic Pack","Spicy Shops","Spikes Relics","Spires And Sneckos","StS++","StSLib","Stuff the Spire","The Animator","The Blue Laboratory","The Death Knight","The Edgeheg","The Exalted","The Fake Hero","The Necromancer","The Servant 0.9.4","The Trickster","The Wild Card","TheVacant","TheWitcher","Wandering Minibosses","WarShipGirlsR/????R mod"],"gold_per_floor":[211,29,49,49,49,49,77,87,87,130,191,208,225,237,237,372,372,386,426,445,564,582,582,641,659,659,716,716,727,776,816,816,941,941,955,535,576,619,619,619],"floor_reached":39,"language":"RUS","playtime":1949,"items_purged":[],"score":616,"play_id":"40a5e430-70f6-43f0-9e58-d27c7b5174cb","local_time":"20210207190247","is_ascension_mode":false,"campfire_choices":[{"data":"Summon_Lich","floor":6.0,"key":"SMITH"},{"data":"theWildCard:CryOfAgony","floor":15.0,"key":"SMITH"},{"data":"Bone_Armory","floor":23.0,"key":"SMITH"},{"data":"Summon_Lich","floor":28.0,"key":"SMITH"},{"floor":32.0,"key":"RECALL"}],"circlet_count":0,"master_deck":["Bone_Spikes","Bone_Spikes","Bone_Spikes","Bone_Spikes","Negative_Energy_Shield","Defend_W","Defend_W","Defend_W","Negative_Energy_Arrows+1","Bone_Wall","theWildCard:CryOfAgony+1","Bone_Prison","Summon_Lich+1","Bones_to_Steel","Hellfire","Bone_Armor","Grasp_Heart","Necrotic_Claws+1","Life_Drain+1","Bone_Armory+1","Toxic_Smoke_Screen+1","Bone_Prison","Summon_Lich+1","Bandage Up","Summon_Vampire_Lady","Panacea","Spectral_Walk+1","Skeleton_Dragon","Summon_Undead_Army","Siphon_Strength","Bone_Prison+1"],"relics":["Vampire_Amulet","EVO:Axolotl","DaveBox","REME:ComplimentaryCards","SynthV:TestCard","relicPack:SpireResearchBook","halation:EternalFortune","halation:TwoAmDonut","Dota2Spire:HandOfMidas","Matryoshka","GreenFoldingFan","Dota2Spire:MagicBottle","wanderingMiniBosses:ThiefScarf","Bromod:ArcaneAvenger","Membership Card","aspiration:VileToxins","Replay:WaspNest","qcfpunch:Duffel_Bag","qcfpunch:Army_Boots","MiniBlackHole","Whetstone","Philosopher\u0027s Stone","Bromod:ArcaneMomentum","Dota2Spire:BladeMail","MealTicket","reliquary:PrincelyHelmet","conspire:TreasureMap","relicPack:WeightedSword","aspiration:Legacy_Headhunter"],"acts_visited":["Exordium","TheCity","TheBeyond"],"potions_floor_usage":[],"damage_taken":[{"damage":0.0,"enemies":"Small Slimes","floor":1.0,"turns":3.0},{"damage":0.0,"enemies":"2 Louse","floor":3.0,"turns":2.0},{"damage":4.0,"enemies":"3 Sentries","floor":7.0,"turns":5.0},{"damage":0.0,"enemies":"Cultist","floor":8.0,"turns":3.0},{"damage":7.0,"enemies":"Large Slime","floor":10.0,"turns":6.0},{"damage":12.0,"enemies":"Lagavulin","floor":11.0,"turns":6.0},{"damage":0.0,"enemies":"2 Fungi Beasts","floor":12.0,"turns":3.0},{"damage":15.0,"enemies":"3 Louse","floor":13.0,"turns":5.0},{"damage":24.0,"enemies":"Large Slime","floor":14.0,"turns":7.0},{"damage":0.0,"enemies":"Slime Boss","floor":16.0,"turns":5.0},{"damage":13.0,"enemies":"3 Byrds","floor":18.0,"turns":4.0},{"damage":6.0,"enemies":"Shell Parasite","floor":19.0,"turns":3.0},{"damage":9.0,"enemies":"Snecko","floor":20.0,"turns":4.0},{"damage":19.0,"enemies":"conspire:MimicChest","floor":21.0,"turns":5.0},{"damage":13.0,"enemies":"Chosen and Byrds","floor":22.0,"turns":3.0},{"damage":28.0,"enemies":"Slavers","floor":24.0,"turns":2.0},{"damage":10.0,"enemies":"Centurion and Healer","floor":25.0,"turns":4.0},{"damage":15.0,"enemies":"Book of Stabbing","floor":27.0,"turns":4.0},{"damage":6.0,"enemies":"3 Cultists","floor":29.0,"turns":3.0},{"damage":16.0,"enemies":"Sentry and Sphere","floor":30.0,"turns":3.0},{"damage":8.0,"enemies":"Cultist and Chosen","floor":31.0,"turns":4.0},{"damage":27.0,"enemies":"Champ","floor":33.0,"turns":6.0},{"damage":14.0,"enemies":"3 Shapes","floor":35.0,"turns":4.0},{"damage":6.0,"enemies":"3 Darklings","floor":37.0,"turns":3.0},{"damage":41.0,"enemies":"Spire Growth","floor":38.0,"turns":4.0},{"damage":2,"enemies":"Writhing Mass","floor":39,"turns":1}],"seed_played":"5508349912630810430","potions_obtained":[{"floor":1.0,"key":"blueLaboratory:FruitPunch"},{"floor":13.0,"key":"blueLaboratory:HorrorPotion"},{"floor":16.0,"key":"Adrenaline Potion"},{"floor":20.0,"key":"blueLaboratory:PyrophylliteBrew"},{"floor":21.0,"key":"Dota2Spire:Clarity"},{"floor":33.0,"key":"blueLaboratory:HummingbirdPotion"}],"is_trial":false,"path_per_floor":["M","$","M","?","?","R","E","M","T","M","E","M","M","M","R","B",null,"M","M","M","?","M","R","E","M","T","E","R","M","M","M","R","B",null,"M","$","M","M","M"],"character_chosen":"NECROMANCER","items_purchased":["Summon_Lich","Bromod:ArcaneAvenger","relicPack:SpireResearchBook","Summon_Undead_Army","Bromod:ArcaneMomentum","Dota2Spire:BladeMail","MealTicket","reliquary:PrincelyHelmet","conspire:TreasureMap"],"campfire_rested":0,"item_purchase_floors":[2,2,2,36,36,36,36,36,36],"current_hp_per_floor":[75,75,75,78,83,83,85,85,85,82,72,76,67,47,47,51,85,85,85,85,85,85,85,73,83,83,85,85,85,85,85,85,83,85,88,88,91,72,70,70],"gold":619,"neow_bonus":"HUNDRED_GOLD","is_daily":false,"chose_seed":false,"campfire_upgraded":4,"win_rate":0.0,"timestamp":1612713767,"path_taken":["M","$","M","?","?","R","E","M","T","M","E","M","M","M","R","BOSS","M","M","M","?","M","R","E","M","T","E","R","M","M","M","R","BOSS","M","?","M","M","M"],"items_purchased_type":["Card","Relic","Relic","Card","Relic","Relic","Relic","Relic","Relic"],"build_version":"2020-12-22","purchased_purges":0,"victory":false,"max_hp_per_floor":[75,75,75,78,83,83,85,85,85,85,85,85,85,85,85,85,85,85,85,85,85,85,85,85,85,85,85,85,85,85,85,85,85,85,88,88,91,91,91,91],"card_choices":[{"not_picked":["Bone_Prison","Consume_Illness","Blood_Curse"],"picked":"SKIP","floor":1.0},{"not_picked":["Consume_Illness","Blood_Curse"],"picked":"Bone_Prison","floor":1.0},{"not_picked":["Acid_Javelin","Negative_Energy_Shield","Toxic_Smoke_Screen","Vampiric_Strike","Bones_to_Steel"],"picked":"SKIP","floor":3.0},{"not_picked":["Acid_Javelin","Negative_Energy_Shield","Toxic_Smoke_Screen","Vampiric_Strike"],"picked":"Bones_to_Steel","floor":3.0},{"not_picked":["Epidemic","Whirlwind_of_Bones","Blood_Curse","Negative_Energy_Javelin","Corrupt"],"picked":"SKIP","floor":7.0},{"not_picked":["Negative_Energy_Burst","Vampiric_Strike","Detonate_Bones","Bone_Shift","Blood_Curse"],"picked":"SKIP","floor":8.0},{"not_picked":["Blood_Whip","Death_Coil","Flesh_Made_Foul","Death_March_Dance","Finger_Of_Death"],"picked":"SKIP","floor":10.0},{"not_picked":["Requiem","Chill_Blood","Spectral_Walk","Thousand_Bone_Knives"],"picked":"Hellfire","floor":11.0},{"not_picked":["Negative_Energy_Shield","Exploit","Death_March_Dance","Strike_from_Beyond","Epidemic"],"picked":"SKIP","floor":12.0},{"not_picked":["Acid_Javelin","Bone_Armor","Finger_Of_Death","Bone_Shift","Blood_Is_Power"],"picked":"SKIP","floor":13.0},{"not_picked":["Acid_Javelin","Finger_Of_Death","Bone_Shift","Blood_Is_Power"],"picked":"Bone_Armor","floor":13.0},{"not_picked":["Deaths_Shadow","Negative_Energy_Mist","Necromantic_Selection","Bone_Shift","Blood_Curse"],"picked":"SKIP","floor":14.0},{"not_picked":["Cloudkill","Hellfire","Summon_Vampire_Lady","Blood_Wake"],"picked":"Grasp_Heart","floor":16.0},{"not_picked":["Scare+1","Blood_Shield+1","Exploit+1","Blood_Whip"],"picked":"Necrotic_Claws+1","floor":18.0},{"not_picked":["Bones_to_Steel","Exploit","Toxic_Smoke_Screen","Scare"],"picked":"Life_Drain","floor":19.0},{"not_picked":["Death_Knell","Shackles_Of_Pain","Flesh_Made_Foul","Negative_Energy_Mist+1","Negative_Energy_Shield"],"picked":"SKIP","floor":20.0},{"not_picked":["Negative_Energy_Mist+1","Chill_Blood+1","Bone_Armor","Bone_Shift"],"picked":"Bone_Armory","floor":21.0},{"not_picked":["Bones_to_Steel+1","Negative_Energy_Mist","Thousand_Bone_Knives","Negative_Energy_Bomb"],"picked":"Toxic_Smoke_Screen+1","floor":22.0},{"not_picked":["Bone_Spikes+1","Negative_Energy_Shield","Negative_Energy_Javelin","Corrupt"],"picked":"Bone_Prison","floor":24.0},{"not_picked":["Blood_Whip","Scare","Flesh_Made_Foul","Necrotic_Claws"],"picked":"Summon_Lich","floor":25.0},{"not_picked":[],"picked":"Bandage Up","floor":27.0},{"not_picked":["Toxic_Smoke_Screen+1","Summon_Lich","Negative_Energy_Sphere","Violent_Necrosis"],"picked":"Summon_Vampire_Lady","floor":27.0},{"not_picked":[],"picked":"Panacea","floor":29.0},{"not_picked":["Death_March_Dance","Life_Drain","Vampiric_Strike","Blood_Whip","Death_Coil"],"picked":"SKIP","floor":29.0},{"not_picked":["Blood_Curse","Consume_Illness","Bone_Bullets","Negative_Energy_Shield","Negative_Energy_Bomb"],"picked":"SKIP","floor":30.0},{"not_picked":["Life_Tap","Bone_Spikes+1","Consume_Illness+1","Blood_Is_Power+1"],"picked":"Spectral_Walk+1","floor":31.0},{"not_picked":["Blood_Wake","Blood_Magic","Detonate_Bones","Requiem"],"picked":"Skeleton_Dragon","floor":33.0},{"not_picked":["Toxic_Smoke_Screen+1","Flesh_Made_Foul","Shade_Step+1","Bone_Spikes","Shackles_Of_Pain"],"picked":"SKIP","floor":35.0},{"not_picked":["Necromantic_Selection","Negative_Energy_Mist","Plague_Bolt","Death_Coil"],"picked":"Siphon_Strength","floor":37.0},{"not_picked":["Death_March_Dance","Chill_Blood+1","Negative_Energy_Shield+1","Toxic_Smoke_Screen"],"picked":"Bone_Prison+1","floor":38.0}],"player_experience":860635,"relics_obtained":[{"floor":1.0,"key":"SynthV:TestCard"},{"floor":7.0,"key":"halation:TwoAmDonut"},{"floor":9.0,"key":"Dota2Spire:HandOfMidas"},{"floor":11.0,"key":"Matryoshka"},{"floor":21.0,"key":"Dota2Spire:MagicBottle"},{"floor":21.0,"key":"wanderingMiniBosses:ThiefScarf"},{"floor":21.0,"key":"Bromod:ArcaneAvenger"},{"floor":21.0,"key":"Membership Card"},{"floor":24.0,"key":"aspiration:VileToxins"},{"floor":26.0,"key":"Replay:WaspNest"},{"floor":26.0,"key":"qcfpunch:Duffel_Bag"},{"floor":27.0,"key":"qcfpunch:Army_Boots"},{"floor":30.0,"key":"MiniBlackHole"},{"floor":31.0,"key":"Whetstone"},{"floor":35.0,"key":"halation:EternalFortune"},{"floor":37.0,"key":"halation:EternalFortune"}],"event_choices":[{"damage_healed":0.0,"max_hp_gain":5.0,"max_hp_loss":0.0,"gold_gain":0.0,"event_name":"Big Fish","player_choice":"Donut","floor":5.0,"gold_loss":0.0,"damage_taken":0.0}],"is_beta":false,"boss_relics":[{"not_picked":["halation:PlatinumPhoenix","reliquary:Ember"],"picked":"GreenFoldingFan"},{"not_picked":["RhineFirstAidKit","Sozu"],"picked":"Philosopher\u0027s Stone"}],"items_purged_floors":[],"is_endless":false,"potions_floor_spawned":[1,13,16,20,21,27,31,33,35],"killed_by":"Writhing Mass","ascension_level":0}}