{"host":"gjwzgdilc53yxmt0","time":1612678627,"event":{"mods":["2.2 Compatiblity","BaseMod","Bestiary","Highlight Path","Minty Spire (QoL Compilation)","Relic Stats","StSLib","Unknown Chances","ojb\u0027s Info Mod"],"gold_per_floor":[19,19,42,55,55,55,89,113,113,113,113],"floor_reached":10,"language":"ENG","playtime":469,"items_purged":[],"score":132,"play_id":"4aa46719-90d8-4179-a9f4-0fa4f37b0957","local_time":"20210207011707","is_ascension_mode":true,"campfire_choices":[{"floor":6,"key":"REST"}],"circlet_count":0,"master_deck":["AscendersBane","Strike_G","Strike_G+1","Strike_G+1","Strike_G","Defend_G","Defend_G","Defend_G","Defend_G","Survivor","Neutralize","Slice","Dagger Throw","Backflip","Flying Knee"],"relics":["Ring of the Snake","Golden Idol","Blood Vial","Akabeko"],"acts_visited":["Exordium"],"potions_floor_usage":[7,10],"damage_taken":[{"damage":4.0,"enemies":"2 Louse","floor":1.0,"turns":3.0},{"damage":7,"enemies":"Jaw Worm","floor":3,"turns":5},{"damage":0,"enemies":"Small Slimes","floor":4,"turns":3},{"damage":46,"enemies":"Lagavulin","floor":7,"turns":6},{"damage":23,"enemies":"Gremlin Nob","floor":10,"turns":3}],"seed_played":"8148376781773101690","potions_obtained":[{"floor":3,"key":"EssenceOfSteel"},{"floor":4,"key":"EssenceOfSteel"}],"is_trial":false,"path_per_floor":["M","?","M","M","?","R","E","T","T","E"],"character_chosen":"THE_SILENT","items_purchased":[],"campfire_rested":1,"item_purchase_floors":[],"current_hp_per_floor":[55,55,48,48,30,48,2,2,2,0,0],"gold":113,"neow_bonus":"REMOVE_TWO","is_daily":false,"chose_seed":false,"campfire_upgraded":0,"win_rate":0.0,"timestamp":1612678627,"path_taken":["M","?","M","M","?","R","E","?","T","E"],"items_purchased_type":[],"build_version":"2020-12-22","purchased_purges":0,"victory":false,"max_hp_per_floor":[66,60,60,60,60,60,60,60,60,60,60],"relic_stats":{"Blood Vial":2,"counters":[4,17],"Golden Idol":15,"obtain_stats":[{"Blood Vial":7,"Golden Idol":0,"Akabeko":9,"Ring of the Snake":0},{"Blood Vial":3,"Golden Idol":0,"Akabeko":3,"Ring of the Snake":0},{"Blood Vial":14,"Golden Idol":0,"Akabeko":14,"Ring of the Snake":0}],"Ring of the Snake":[8]},"card_choices":[{"not_picked":["Deadly Poison","Noxious Fumes"],"picked":"Slice","floor":1.0},{"not_picked":["Flying Knee","Distraction"],"picked":"Dagger Throw","floor":3},{"not_picked":["Outmaneuver","Heel Hook"],"picked":"Backflip","floor":4},{"not_picked":["Expertise","Distraction"],"picked":"Flying Knee","floor":7}],"player_experience":4900815,"relics_obtained":[{"floor":7,"key":"Blood Vial"},{"floor":9,"key":"Akabeko"}],"event_choices":[{"damage_healed":0.0,"max_hp_gain":0.0,"max_hp_loss":6.0,"gold_gain":0.0,"event_name":"Golden Idol","player_choice":"Lose Max HP","floor":2.0,"gold_loss":0.0,"damage_taken":0.0,"relics_obtained":["Golden Idol"]},{"damage_healed":0,"gold_gain":0,"player_choice":"Entered Light","damage_taken":18,"max_hp_gain":0,"max_hp_loss":0,"event_name":"Shining Light","floor":5,"gold_loss":0,"cards_upgraded":["Strike_G","Strike_G"]}],"is_beta":false,"boss_relics":[],"items_purged_floors":[],"is_endless":false,"potions_floor_spawned":[3,4],"killed_by":"Gremlin Nob","ascension_level":20}}