{"host":"7l2t4psy44vpcd9q","time":1612695602,"event":{"mods":["AchievementEnabler","BaseMod","DeckTracker","Minty Spire (QoL Compilation)","SuperFastMode"],"gold_per_floor":[12,38,56,106,125,152,152,152,175,192,227,244,259,278,278,356,356,374,374,374,389,181,181,196,224,251,251,251,251,201,201,201,201,201],"floor_reached":33,"language":"KOR","playtime":1191,"items_purged":["Strike_R","Defend_R"],"score":590,"play_id":"4ea8ae09-e74f-4b6c-9a73-f207a4a37ce0","local_time":"20210207200002","is_ascension_mode":true,"campfire_choices":[{"data":"Uppercut","floor":8,"key":"SMITH"},{"data":"Fire Breathing","floor":15,"key":"SMITH"},{"data":"Intimidate","floor":23,"key":"SMITH"},{"data":"Feel No Pain","floor":27,"key":"SMITH"},{"data":"Power Through","floor":29,"key":"SMITH"},{"data":"Battle Trance","floor":32,"key":"SMITH"}],"circlet_count":0,"master_deck":["AscendersBane","Strike_R","Strike_R","Strike_R","Strike_R","Defend_R","Defend_R","Defend_R","Bash","Uppercut+1","Cleave","Hemokinesis","Twin Strike","Headbutt","Battle Trance+1","Power Through+1","Fire Breathing+1","Brutality","Disarm","Shrug It Off","Intimidate+1","Warcry+1","Feel No Pain+1"],"relics":["Burning Blood","TungstenRod","Boot","Orichalcum","Vajra","Smiling Mask","Strawberry","Philosopher\u0027s Stone","Pen Nib","Lantern","Toy Ornithopter"],"acts_visited":["Exordium","TheCity"],"potions_floor_usage":[6,10,31,33],"damage_taken":[{"damage":0,"enemies":"Cultist","floor":1,"turns":3},{"damage":1,"enemies":"Jaw Worm","floor":3,"turns":4},{"damage":0,"enemies":"2 Louse","floor":5,"turns":3},{"damage":19,"enemies":"3 Sentries","floor":6,"turns":6},{"damage":7,"enemies":"2 Fungi Beasts","floor":10,"turns":3},{"damage":17,"enemies":"Lagavulin","floor":11,"turns":5},{"damage":3,"enemies":"Blue Slaver","floor":12,"turns":3},{"damage":4,"enemies":"Exordium Thugs","floor":13,"turns":3},{"damage":0,"enemies":"Lots of Slimes","floor":14,"turns":3},{"damage":31,"enemies":"Slime Boss","floor":16,"turns":7},{"damage":1,"enemies":"Chosen","floor":18,"turns":3},{"damage":17,"enemies":"Spheric Guardian","floor":21,"turns":4},{"damage":5,"enemies":"Snake Plant","floor":24,"turns":3},{"damage":12,"enemies":"Book of Stabbing","floor":25,"turns":6},{"damage":0,"enemies":"Slavers","floor":31,"turns":1},{"damage":82,"enemies":"Champ","floor":33,"turns":13}],"seed_played":"-8645420194541999880","potions_obtained":[{"floor":3,"key":"Strength Potion"},{"floor":5,"key":"Swift Potion"},{"floor":6,"key":"Regen Potion"},{"floor":14,"key":"Ancient Potion"},{"floor":18,"key":"SmokeBomb"}],"is_trial":false,"path_per_floor":["M","T","M","?","M","E","?","R","T","M","E","M","M","M","R","B",null,"M","?","?","M","$","R","M","E","T","R","?","R","$","E","R","B"],"character_chosen":"IRONCLAD","items_purchased":["Pen Nib"],"campfire_rested":0,"item_purchase_floors":[22],"current_hp_per_floor":[74,74,75,69,75,62,47,47,47,55,51,54,56,62,62,37,71,76,76,76,65,65,65,66,60,60,60,60,60,60,71,71,0,0],"gold":201,"neow_bonus":"ONE_RARE_RELIC","is_daily":false,"chose_seed":false,"campfire_upgraded":6,"win_rate":0.0,"timestamp":1612695602,"path_taken":["M","?","M","?","?","E","?","R","T","M","E","M","M","M","R","BOSS","M","?","?","M","$","R","M","E","T","R","?","R","$","E","R","BOSS"],"items_purchased_type":["Relic"],"build_version":"2020-12-22","purchased_purges":2,"victory":false,"max_hp_per_floor":[75,75,75,75,75,75,75,75,75,75,82,82,82,82,82,82,82,82,82,82,82,82,82,82,82,82,82,82,82,82,82,82,82,82],"card_choices":[{"not_picked":["Perfected Strike","Fire Breathing"],"picked":"Uppercut","floor":1},{"not_picked":["Pommel Strike","Perfected Strike"],"picked":"Cleave","floor":3},{"not_picked":["Evolve","Anger"],"picked":"Hemokinesis","floor":5},{"not_picked":["Wild Strike","Havoc"],"picked":"Twin Strike","floor":6},{"not_picked":["Disarm","Cleave","True Grit"],"picked":"SKIP","floor":10},{"not_picked":["Pummel","Infernal Blade"],"picked":"Headbutt","floor":11},{"not_picked":["Headbutt","Feel No Pain"],"picked":"Battle Trance","floor":12},{"not_picked":["Thunderclap","Reckless Charge"],"picked":"Power Through","floor":13},{"not_picked":["Flex","Metallicize"],"picked":"Fire Breathing","floor":14},{"not_picked":["Feed","Berserk"],"picked":"Brutality","floor":16},{"not_picked":["Armaments","Body Slam"],"picked":"Disarm","floor":18},{"not_picked":["Heavy Blade","Seeing Red"],"picked":"Intimidate","floor":21},{"not_picked":["Sword Boomerang+1","Clash"],"picked":"Warcry+1","floor":24},{"not_picked":["True Grit","Anger"],"picked":"Feel No Pain","floor":25}],"player_experience":1287643,"relics_obtained":[{"floor":2,"key":"Boot"},{"floor":6,"key":"Orichalcum"},{"floor":9,"key":"Smiling Mask"},{"floor":11,"key":"Strawberry"},{"floor":25,"key":"Lantern"},{"floor":26,"key":"Toy Ornithopter"}],"event_choices":[{"damage_healed":0,"gold_gain":50,"player_choice":"Touch","damage_taken":7,"max_hp_gain":0,"max_hp_loss":0,"event_name":"FaceTrader","floor":4,"gold_loss":0},{"damage_healed":0,"gold_gain":0,"player_choice":"Success","damage_taken":18,"relics_obtained":["Vajra"],"max_hp_gain":0,"max_hp_loss":0,"event_name":"Scrap Ooze","floor":7,"gold_loss":0},{"damage_healed":0,"gold_gain":0,"player_choice":"Ignored","damage_taken":0,"max_hp_gain":0,"max_hp_loss":0,"event_name":"The Mausoleum","floor":19,"gold_loss":0},{"damage_healed":0,"gold_gain":0,"player_choice":"Read","damage_taken":0,"max_hp_gain":0,"max_hp_loss":0,"event_name":"The Library","floor":20,"gold_loss":0,"cards_obtained":["Shrug It Off"]},{"damage_healed":0,"gold_gain":0,"player_choice":"Ignored","damage_taken":0,"max_hp_gain":0,"max_hp_loss":0,"event_name":"N\u0027loth","floor":28,"gold_loss":0}],"is_beta":false,"boss_relics":[{"not_picked":["Coffee Dripper","Black Star"],"picked":"Philosopher\u0027s Stone"}],"items_purged_floors":[22,30],"is_endless":false,"potions_floor_spawned":[3,5,6,14,16,18,31],"killed_by":"Champ","ascension_level":20}}