{"host":"s41rn2jhghpwfrvz","time":1612666482,"event":{"mods":["BaseMod","Minty Spire (QoL Compilation)","Quick Restart","Relic Stats","SuperFastMode"],"gold_per_floor":[117,167,181,181,196,225,235,260,333,361,373,373,373,408,408,485,485,495,525,536,552,570,604,604,630,655,686,699,715,741,394,394,466,466,481,499,317,317,342,374,374,402,402,432,446,456,488,507,507,507,507,507,507,258,285,285],"floor_reached":57,"language":"ENG","playtime":2150,"items_purged":["Sweeping Beam","Biased Cognition+1","Shrug It Off"],"score":3849,"play_id":"ad432541-96bf-4066-85f8-d2cff0eaec5c","local_time":"20210207045442","daily_mods":["SealedDeck","Diverse","DeadlyEvents"],"is_ascension_mode":true,"campfire_choices":[{"data":"Body Slam","floor":12.0,"key":"SMITH"},{"data":"Rage","floor":15.0,"key":"SMITH"},{"data":"Blade Dance","floor":32,"key":"SMITH"},{"floor":41,"key":"RECALL"},{"data":"Establishment","floor":49,"key":"SMITH"},{"data":"Footwork","floor":53,"key":"SMITH"}],"circlet_count":0,"master_deck":["AscendersBane","Uppercut","Footwork+1","Blade Dance+1","Rage+1","Undo","Backflip+1","Body Slam+1","Establishment+1","Crescendo+1","Body Slam+1","Dark Embrace+1","Backflip+1","Decay","Acrobatics","Footwork+1","Feel No Pain+1"],"relics":["Burning Blood","Magic Flower","Lizard Tail","Mummified Hand","Strawberry","Paper Frog","Astrolabe","Red Mask","Frozen Egg 2","White Beast Statue","Centennial Puzzle","Happy Flower","Anchor","Membership Card","Letter Opener","Coffee Dripper","Sundial","Omamori","Thread and Needle","Mercury Hourglass","Prayer Wheel","PreservedInsect","War Paint","DollysMirror","Art of War"],"acts_visited":["Exordium","TheCity","TheBeyond","TheEnding"],"potions_floor_usage":[25,29,56,56],"damage_taken":[{"damage":3.0,"enemies":"2 Louse","floor":1.0,"turns":2.0},{"damage":0.0,"enemies":"Cultist","floor":3.0,"turns":3.0},{"damage":0.0,"enemies":"Small Slimes","floor":5.0,"turns":2.0},{"damage":0.0,"enemies":"Gremlin Nob","floor":6.0,"turns":3.0},{"damage":1.0,"enemies":"Gremlin Gang","floor":7.0,"turns":5.0},{"damage":9.0,"enemies":"Lagavulin","floor":8.0,"turns":10.0},{"damage":12.0,"enemies":"3 Sentries","floor":10.0,"turns":10.0},{"damage":1.0,"enemies":"Large Slime","floor":11.0,"turns":5.0},{"damage":0.0,"enemies":"Gremlin Nob","floor":14.0,"turns":3.0},{"damage":0.0,"enemies":"The Guardian","floor":16.0,"turns":8.0},{"damage":0.0,"enemies":"Spheric Guardian","floor":18.0,"turns":2.0},{"damage":4.0,"enemies":"Masked Bandits","floor":19.0,"turns":4.0},{"damage":22.0,"enemies":"2 Thieves","floor":20.0,"turns":4.0},{"damage":8.0,"enemies":"Cultist and Chosen","floor":21.0,"turns":6.0},{"damage":0.0,"enemies":"3 Cultists","floor":22.0,"turns":4.0},{"damage":0.0,"enemies":"Gremlin Leader","floor":23.0,"turns":5.0},{"damage":57,"enemies":"Slavers","floor":25,"turns":5},{"damage":6,"enemies":"Gremlin Leader","floor":27,"turns":4},{"damage":0,"enemies":"Centurion and Healer","floor":28,"turns":3},{"damage":14,"enemies":"Shelled Parasite and Fungi","floor":29,"turns":3},{"damage":1,"enemies":"Slavers","floor":30,"turns":3},{"damage":0,"enemies":"Automaton","floor":33,"turns":4},{"damage":0,"enemies":"Orb Walker","floor":35,"turns":2},{"damage":0,"enemies":"3 Shapes","floor":36,"turns":3},{"damage":13,"enemies":"Nemesis","floor":39,"turns":3},{"damage":15,"enemies":"Reptomancer","floor":40,"turns":3},{"damage":0,"enemies":"Nemesis","floor":42,"turns":3},{"damage":0,"enemies":"Giant Head","floor":44,"turns":3},{"damage":0,"enemies":"Writhing Mass","floor":45,"turns":2},{"damage":0,"enemies":"3 Darklings","floor":46,"turns":2},{"damage":0,"enemies":"Reptomancer","floor":47,"turns":3},{"damage":0,"enemies":"Maw","floor":48,"turns":3},{"damage":0,"enemies":"Donu and Deca","floor":50,"turns":2},{"damage":6,"enemies":"Awakened One","floor":51,"turns":7},{"damage":11,"enemies":"Shield and Spear","floor":55,"turns":3},{"damage":19,"enemies":"The Heart","floor":56,"turns":6}],"seed_played":"1415332908768907885","potions_obtained":[{"floor":3.0,"key":"Dexterity Potion"},{"floor":5.0,"key":"AttackPotion"},{"floor":10.0,"key":"Swift Potion"},{"floor":14.0,"key":"Strength Potion"},{"floor":27,"key":"Block Potion"},{"floor":29,"key":"Strength Potion"},{"floor":30,"key":"PowerPotion"}],"is_trial":true,"path_per_floor":["M","?","M","$","M","E","M","E","T","E","M","R","?","E","R","B",null,"M","?","M","M","M","E","?","E","T","E","M","M","E","$","R","B",null,"M","M","$","?","E","E","R","E","T","E","M","M","E","M","R","B","B",null,"R","$","E","B",null],"character_chosen":"IRONCLAD","items_purchased":["Membership Card","Letter Opener","Backflip","Sundial","War Paint","Acrobatics","DollysMirror"],"campfire_rested":0,"item_purchase_floors":[31,31,31,37,54,54,54],"current_hp_per_floor":[71,71,75,75,75,75,75,75,75,79,82,82,82,82,82,82,82,82,82,69,70,79,82,82,34,34,37,46,41,49,49,49,58,76,82,82,82,82,78,72,72,81,81,82,82,82,82,82,82,82,82,82,82,82,80,70],"gold":285,"neow_bonus":"","is_daily":false,"chose_seed":false,"campfire_upgraded":5,"win_rate":0.0,"timestamp":1612666482,"path_taken":["M","?","M","?","M","E","M","E","T","E","?","R","?","?","R","BOSS","M","?","M","?","M","E","?","E","T","?","M","?","E","$","R","BOSS","M","M","$","?","?","E","R","E","T","E","M","M","E","M","R","BOSS","BOSS","R","$","E","BOSS"],"items_purchased_type":["Relic","Relic","Card","Relic","Relic","Card","Relic"],"build_version":"2020-12-22","purchased_purges":3,"victory":true,"max_hp_per_floor":[75,75,75,75,75,75,75,75,75,82,82,82,82,82,82,82,82,82,82,82,82,82,82,82,82,82,82,82,82,82,82,82,82,82,82,82,82,82,82,82,82,82,82,82,82,82,82,82,82,82,82,82,82,82,82,82],"relic_stats":{"Happy Flower":[19],"counters":[36,143],"Astrolabe":["Crescendo","Biased Cognition","Body Slam"],"Magic Flower":[48],"PreservedInsect":77,"Letter Opener":[412],"War Paint":["Backflip","Backflip"],"Burning Blood":179,"Mercury Hourglass":[144],"Lizard Tail":0,"Centennial Puzzle":[24],"Mummified Hand":[110],"Sundial":[48],"Prayer Wheel":3,"Art of War":[1],"obtain_stats":[{"Magic Flower":6,"Burning Blood":0,"Lizard Tail":8,"Centennial Puzzle":26,"Mummified Hand":9,"Sundial":37,"DollysMirror":54,"Strawberry":10,"Prayer Wheel":44,"Red Mask":19,"Paper Frog":14,"Happy Flower":27,"Astrolabe":17,"Thread and Needle":40,"PreservedInsect":47,"Omamori":39,"Letter Opener":31,"Frozen Egg 2":23,"War Paint":54,"White Beast Statue":25,"Mercury Hourglass":42,"Anchor":30,"Coffee Dripper":34,"Art of War":55,"Membership Card":31},{"Magic Flower":4,"Burning Blood":0,"Lizard Tail":6,"Centennial Puzzle":17,"Mummified Hand":6,"Sundial":24,"DollysMirror":34,"Strawberry":7,"Prayer Wheel":28,"Red Mask":12,"Paper Frog":9,"Happy Flower":18,"Astrolabe":10,"Thread and Needle":26,"PreservedInsect":31,"Omamori":25,"Letter Opener":21,"Frozen Egg 2":16,"War Paint":34,"White Beast Statue":17,"Mercury Hourglass":27,"Anchor":21,"Coffee Dripper":22,"Art of War":35,"Membership Card":21},{"Magic Flower":10,"Burning Blood":0,"Lizard Tail":25,"Centennial Puzzle":81,"Mummified Hand":25,"Sundial":103,"DollysMirror":134,"Strawberry":35,"Prayer Wheel":115,"Red Mask":57,"Paper Frog":43,"Happy Flower":85,"Astrolabe":51,"Thread and Needle":109,"PreservedInsect":122,"Omamori":106,"Letter Opener":94,"Frozen Egg 2":76,"War Paint":134,"White Beast Statue":81,"Mercury Hourglass":112,"Anchor":94,"Coffee Dripper":98,"Art of War":137,"Membership Card":94}]},"card_choices":[{"not_picked":["Armaments","Blade Dance","Fire Breathing"],"picked":"SKIP","floor":1.0},{"not_picked":["Deadly Poison","BattleHymn","Shockwave"],"picked":"SKIP","floor":3.0},{"not_picked":["Auto Shields","Beam Cell","Flying Knee"],"picked":"SKIP","floor":5.0},{"not_picked":["Immolate","Riddle With Holes","Combust"],"picked":"SKIP","floor":6.0},{"not_picked":["Shrug It Off","EmptyBody"],"picked":"Backflip","floor":7.0},{"not_picked":["Feed","Intimidate","Flechettes"],"picked":"SKIP","floor":8.0},{"not_picked":["All Out Attack","Flex","Leap"],"picked":"SKIP","floor":10.0},{"not_picked":["Rupture","FlyingSleeves"],"picked":"Body Slam","floor":11.0},{"not_picked":["Barrage","Rupture","Pommel Strike"],"picked":"SKIP","floor":14.0},{"not_picked":["Echo Form","Hyperbeam"],"picked":"Establishment","floor":16.0},{"not_picked":["Blade Dance","Warcry","Prepared"],"picked":"SKIP","floor":18.0},{"not_picked":["Conclude","Consume","Perfected Strike+1"],"picked":"SKIP","floor":20.0},{"not_picked":["All Out Attack","Headbutt","Storm"],"picked":"SKIP","floor":21.0},{"not_picked":["Iron Wave","Blade Dance","Fusion"],"picked":"SKIP","floor":22.0},{"not_picked":["SashWhip","Gash+1","Sanctity"],"picked":"SKIP","floor":23.0},{"not_picked":["Heel Hook","Machine Learning+1"],"picked":"Dark Embrace+1","floor":25},{"not_picked":["DeceiveReality","Cold Snap","Catalyst"],"picked":"SKIP","floor":27},{"not_picked":["Noxious Fumes+1","Uppercut","Havoc"],"picked":"SKIP","floor":28},{"not_picked":["FollowUp","Gash","Hemokinesis+1"],"picked":"SKIP","floor":29},{"not_picked":["EmptyMind+1","SignatureMove","FlyingSleeves"],"picked":"SKIP","floor":30},{"not_picked":["EmptyBody","Intimidate+1","Collect"],"picked":"SKIP","floor":35},{"not_picked":["Pray","Coolheaded","InnerPeace"],"picked":"SKIP","floor":36},{"not_picked":["Streamline","Heavy Blade","Glacier"],"picked":"SKIP","floor":39},{"not_picked":["Die Die Die","Seeing Red","Wild Strike"],"picked":"SKIP","floor":40},{"not_picked":["Sever Soul","Bane","Clash"],"picked":"SKIP","floor":42},{"not_picked":["Conserve Battery","FollowUp","Protect+1"],"picked":"SKIP","floor":44},{"not_picked":["FlyingSleeves","FTL+1","Gash"],"picked":"SKIP","floor":45},{"not_picked":["Double Tap","Streamline","Halt"],"picked":"SKIP","floor":45},{"not_picked":["Sword Boomerang","Scrape","BowlingBash"],"picked":"SKIP","floor":46},{"not_picked":["Perfected Strike","Cleave","Swivel"],"picked":"SKIP","floor":46},{"not_picked":["Doom and Gloom","Anger","BootSequence+1"],"picked":"SKIP","floor":47},{"not_picked":["Beam Cell+1","Chaos+1","Redo"],"picked":"SKIP","floor":48},{"not_picked":["Entrench+1","FlyingSleeves","Evaluate"],"picked":"SKIP","floor":48},{"not_picked":["Genetic Algorithm","Reflex"],"picked":"Feel No Pain+1","floor":55}],"player_experience":1875250,"relics_obtained":[{"floor":6.0,"key":"Magic Flower"},{"floor":8.0,"key":"Lizard Tail"},{"floor":9.0,"key":"Mummified Hand"},{"floor":10.0,"key":"Strawberry"},{"floor":14.0,"key":"Paper Frog"},{"floor":19.0,"key":"Red Mask"},{"floor":23.0,"key":"Frozen Egg 2"},{"floor":25,"key":"White Beast Statue"},{"floor":26,"key":"Centennial Puzzle"},{"floor":27,"key":"Happy Flower"},{"floor":30,"key":"Anchor"},{"floor":39,"key":"Omamori"},{"floor":40,"key":"Thread and Needle"},{"floor":42,"key":"Mercury Hourglass"},{"floor":44,"key":"Prayer Wheel"},{"floor":47,"key":"PreservedInsect"},{"floor":55,"key":"Art of War"}],"event_choices":[{"damage_healed":0.0,"max_hp_gain":0.0,"max_hp_loss":0.0,"gold_gain":50.0,"event_name":"Golden Shrine","player_choice":"Pray","floor":2.0,"gold_loss":0.0,"damage_taken":0.0},{"damage_healed":0.0,"max_hp_gain":0.0,"max_hp_loss":0.0,"gold_gain":0.0,"event_name":"Match and Keep!","player_choice":"0 cards matched","floor":13.0,"gold_loss":0.0,"damage_taken":0.0,"cards_obtained":[]},{"damage_healed":0.0,"max_hp_gain":0.0,"max_hp_loss":0.0,"gold_gain":0.0,"event_name":"Masked Bandits","player_choice":"Fought Bandits","floor":19.0,"gold_loss":0.0,"damage_taken":0.0},{"damage_healed":0.0,"max_hp_gain":0.0,"max_hp_loss":0.0,"gold_gain":0.0,"event_name":"Cursed Tome","player_choice":"Ignored","floor":24.0,"gold_loss":0.0,"damage_taken":0.0},{"damage_healed":0,"gold_gain":0,"player_choice":"Cursed","damage_taken":0,"max_hp_gain":0,"max_hp_loss":0,"event_name":"Wheel of Change","floor":38,"gold_loss":0,"cards_obtained":["Decay"]}],"is_beta":false,"boss_relics":[{"not_picked":["Calling Bell","Fusion Hammer"],"picked":"Astrolabe"},{"not_picked":["SlaversCollar","Philosopher\u0027s Stone"],"picked":"Coffee Dripper"}],"items_purged_floors":[31,37,54],"is_endless":false,"potions_floor_spawned":[3,5,10,11,14,19,22,27,28,29,30,33,35,36,39,40,42,44,45,46,47,48,55],"ascension_level":20}}