{"host":"ftf7rwqr5w72pdsx","time":1612669119,"event":{"mods":["BaseMod","Bestiary","Minty Spire (QoL Compilation)","Relic Stats","Slay the Relics Exporter"],"gold_per_floor":[99,99,99,99,99,99,99,99,99,99,99,99,99,99,99,99,99,24,24,24],"floor_reached":19,"language":"ENG","playtime":768,"items_purged":[],"score":277,"play_id":"76b83d8b-0fe1-4108-8b6b-404dacea7003","local_time":"20210206213839","is_ascension_mode":true,"campfire_choices":[{"floor":6.0,"key":"REST"},{"floor":8.0,"key":"REST"},{"data":"Genetic Algorithm","floor":12,"key":"SMITH"},{"floor":15,"key":"REST"}],"circlet_count":0,"master_deck":["AscendersBane","Strike_B","Strike_B","Defend_B","Defend_B","Defend_B","Defend_B","Zap","Dualcast","Cold Snap","Static Discharge","Genetic Algorithm+1","Auto Shields","Electrodynamics","Streamline","Loop","Leap","Doom and Gloom","Creative AI","Capacitor+1"],"relics":["Ectoplasm","Oddly Smooth Stone","Dream Catcher","Nunchaku","Empty Cage"],"acts_visited":["Exordium","TheCity"],"potions_floor_usage":[],"damage_taken":[{"damage":6.0,"enemies":"Jaw Worm","floor":1.0,"turns":4.0},{"damage":0.0,"enemies":"2 Louse","floor":2.0,"turns":3.0},{"damage":0.0,"enemies":"Small Slimes","floor":3.0,"turns":4.0},{"damage":57.0,"enemies":"Gremlin Gang","floor":5.0,"turns":4.0},{"damage":15.0,"enemies":"3 Sentries","floor":7.0,"turns":8.0},{"damage":11.0,"enemies":"Lagavulin","floor":10.0,"turns":6.0},{"damage":18,"enemies":"Blue Slaver","floor":13,"turns":5},{"damage":2,"enemies":"Red Slaver","floor":14,"turns":4},{"damage":12,"enemies":"Slime Boss","floor":16,"turns":8},{"damage":44,"enemies":"2 Thieves","floor":18,"turns":4},{"damage":25,"enemies":"Shell Parasite","floor":19,"turns":5}],"seed_played":"7543057024264214484","potions_obtained":[{"floor":1.0,"key":"Block Potion"},{"floor":5.0,"key":"FocusPotion"},{"floor":7.0,"key":"SteroidPotion"},{"floor":10.0,"key":"FocusPotion"}],"is_trial":false,"path_per_floor":["M","M","M","?","M","R","E","R","T","E","?","R","M","M","R","B",null,"M","M"],"character_chosen":"DEFECT","items_purchased":[],"campfire_rested":3,"item_purchase_floors":[],"current_hp_per_floor":[62,62,62,67,10,34,19,43,43,32,32,32,14,12,36,24,66,22,0,0],"gold":24,"neow_bonus":"BOSS_RELIC","is_daily":false,"chose_seed":false,"campfire_upgraded":1,"win_rate":0.0,"timestamp":1612669119,"path_taken":["M","M","M","?","M","R","E","R","T","E","?","R","M","M","R","BOSS","M","M"],"items_purchased_type":[],"build_version":"2020-12-22","purchased_purges":0,"victory":false,"max_hp_per_floor":[75,75,75,80,80,80,80,80,80,80,80,80,80,80,80,80,80,80,80,80],"relic_stats":{"Dream Catcher":1,"Nunchaku":[2],"counters":[11,55],"Ectoplasm":355,"obtain_stats":[{"Dream Catcher":9,"Nunchaku":10,"Oddly Smooth Stone":7,"Ectoplasm":0,"Cracked Core":0,"Empty Cage":17},{"Dream Catcher":5,"Nunchaku":6,"Oddly Smooth Stone":5,"Ectoplasm":0,"Cracked Core":0,"Empty Cage":9},{"Dream Catcher":23,"Nunchaku":29,"Oddly Smooth Stone":23,"Ectoplasm":0,"Cracked Core":0,"Empty Cage":46}]},"card_choices":[{"not_picked":["Coolheaded","Conserve Battery"],"picked":"Cold Snap","floor":1.0},{"not_picked":["Steam Power","Compile Driver"],"picked":"Static Discharge","floor":2.0},{"not_picked":["Compile Driver","Consume"],"picked":"Genetic Algorithm","floor":3.0},{"not_picked":["Sweeping Beam","Tempest"],"picked":"Auto Shields","floor":5.0},{"not_picked":["Glacier","Rebound"],"picked":"Electrodynamics","floor":7.0},{"not_picked":["Beam Cell","Turbo"],"picked":"Streamline","floor":10.0},{"not_picked":["Conserve Battery","Barrage"],"picked":"Loop","floor":13},{"not_picked":["Stack","Go for the Eyes"],"picked":"Leap","floor":14},{"not_picked":["Chaos","Sweeping Beam"],"picked":"Doom and Gloom","floor":15},{"not_picked":["Core Surge","Echo Form"],"picked":"Creative AI","floor":16},{"not_picked":["Steam","Conserve Battery+1"],"picked":"Capacitor+1","floor":18}],"player_experience":807359,"relics_obtained":[{"floor":7.0,"key":"Oddly Smooth Stone"},{"floor":9.0,"key":"Dream Catcher"},{"floor":10.0,"key":"Nunchaku"}],"event_choices":[{"damage_healed":0.0,"max_hp_gain":5.0,"max_hp_loss":0.0,"gold_gain":0.0,"event_name":"Big Fish","player_choice":"Donut","floor":4.0,"gold_loss":0.0,"damage_taken":0.0},{"damage_healed":0,"gold_gain":0,"player_choice":"Ignored","damage_taken":0,"max_hp_gain":0,"max_hp_loss":0,"event_name":"Liars Game","floor":11,"gold_loss":0}],"is_beta":false,"boss_relics":[{"not_picked":["Runic Dome","Fusion Hammer"],"picked":"Empty Cage"}],"items_purged_floors":[],"is_endless":false,"potions_floor_spawned":[1,5,7,10],"killed_by":"Shell Parasite","ascension_level":11}}