{"host":"vymnruocrvjmw2yt","time":1612729556,"event":{"mods":["AchievementEnabler","Aspiration","BaseMod","Block Reminder","Downfall","Googly Eyes","Halation","Hermit","Hubris","Infinite Spire","Minty Spire (QoL Compilation)","Relic Filter","Robot Space Explorer","StSLib","The Runesmith"],"gold_per_floor":[17,17,31,43,18,53,53,68,91,105,105,105],"floor_reached":11,"language":"ENG","playtime":465,"items_purged":[],"score":79,"play_id":"543fddaa-b683-4d83-b3a2-3c605634f3cf","local_time":"20210207152556","is_ascension_mode":true,"campfire_choices":[{"floor":7,"key":"REST"}],"circlet_count":0,"master_deck":["Runesmith:Strike_RS","Runesmith:Strike_RS","Runesmith:Strike_RS","Runesmith:Strike_RS","Runesmith:Defend_RS","Runesmith:Defend_RS","Runesmith:Defend_RS","Runesmith:CraftFirestone","Runesmith:Fortify","Runesmith:Repurpose","Runesmith:HeatExchange","Runesmith:CraftMagma","Runesmith:CraftMagma","Runesmith:Permafrost","Runesmith:RuneHurl"],"relics":["Runesmith:BrokenRuby","Peace Pipe","aspiration:ChemicalBlood","hubris:SlimyHat"],"acts_visited":["Exordium"],"potions_floor_usage":[],"damage_taken":[{"damage":7,"enemies":"2 Louse","floor":1,"turns":4},{"damage":3,"enemies":"Cultist","floor":3,"turns":4},{"damage":6,"enemies":"Jaw Worm","floor":4,"turns":3},{"damage":40,"enemies":"Gremlin Nob","floor":6,"turns":5},{"damage":11,"enemies":"Exordium Wildlife","floor":8,"turns":5},{"damage":5,"enemies":"Red Slaver","floor":10,"turns":4},{"damage":27,"enemies":"Lagavulin","floor":11,"turns":4}],"seed_played":"-7018159613433841248","potions_obtained":[{"floor":3,"key":"Energy Potion"},{"floor":10,"key":"champ:CounterPotion"}],"is_trial":false,"path_per_floor":["M","?","M","M","$","E","R","M","T","M","E"],"character_chosen":"RUNESMITH_CLASS","items_purchased":["Runesmith:CraftMagma"],"campfire_rested":1,"item_purchase_floors":[5],"current_hp_per_floor":[63,63,60,54,54,14,35,24,24,19,0,0],"gold":105,"neow_bonus":"ONE_RARE_RELIC","is_daily":false,"chose_seed":false,"campfire_upgraded":0,"win_rate":0.0,"timestamp":1612729556,"path_taken":["M","?","?","M","$","E","R","M","T","M","E"],"items_purchased_type":["Card"],"build_version":"2020-12-22","purchased_purges":0,"victory":false,"max_hp_per_floor":[70,70,70,70,70,70,70,70,70,70,70,70],"card_choices":[{"not_picked":["Runesmith:WhiteBalance","Runesmith:BackupBattery"],"picked":"Runesmith:Repurpose","floor":1},{"not_picked":["Runesmith:EnergizedChisel","Runesmith:ElementalConversion"],"picked":"Runesmith:HeatExchange","floor":3},{"not_picked":["Runesmith:CraftReservo","Runesmith:Firewall"],"picked":"Runesmith:CraftMagma","floor":4},{"not_picked":["Runesmith:Empowerment","Runesmith:Firewall"],"picked":"Runesmith:Permafrost","floor":6},{"not_picked":["Runesmith:Repurpose","Runesmith:HammerAndChisel","Runesmith:StaticCage"],"picked":"SKIP","floor":8},{"not_picked":["Runesmith:Firewall","Runesmith:Electrocute"],"picked":"Runesmith:RuneHurl","floor":10}],"player_experience":804266,"relics_obtained":[{"floor":6,"key":"aspiration:ChemicalBlood"},{"floor":9,"key":"hubris:SlimyHat"}],"event_choices":[{"cards_removed":["Runesmith:Defend_RS"],"damage_healed":0,"gold_gain":0,"player_choice":"Purged","damage_taken":0,"max_hp_gain":0,"max_hp_loss":0,"event_name":"Purifier","floor":2,"gold_loss":0}],"is_beta":false,"boss_relics":[],"items_purged_floors":[],"is_endless":false,"potions_floor_spawned":[3,10],"killed_by":"Lagavulin","ascension_level":1}}