{"host":"szp1d6dso4pv7ddl","time":1612666237,"event":{"mods":["AchievementEnabler","Alarm Clock","BaseMod","Bestiary","Block Reminder","Colored Map","Colored Powertips","Curses Come First","Dark Map","Displayed Cursed Tome","Highlight Path","Minty Spire (QoL Compilation)","Permanent Neow","Quick Restart","Relic Sorter","Relic Stats","StSLib","Synergy Search"],"gold_per_floor":[119,132,132,147,147,179,179,206,206,206,216,60,60,60,60,60,60],"floor_reached":16,"language":"ENG","playtime":483,"items_purged":["Strike_R"],"score":205,"play_id":"f2d227e6-e4a1-41a7-bdb9-d21fadf98752","local_time":"20210206185037","is_ascension_mode":true,"campfire_choices":[{"data":"Bash","floor":7,"key":"SMITH"},{"data":"Hemokinesis","floor":10,"key":"SMITH"},{"data":"Shockwave","floor":13,"key":"SMITH"},{"floor":15,"key":"REST"}],"circlet_count":0,"master_deck":["AscendersBane","Strike_R","Strike_R","Strike_R","Strike_R","Defend_R","Defend_R","Defend_R","Defend_R","Bash+1","Shockwave+1","Perfected Strike","Feed","Burning Pact","Hemokinesis+1","Sword Boomerang","Shrug It Off"],"relics":["Burning Blood","NeowsBlessing","PreservedInsect","Peace Pipe","Ornamental Fan"],"acts_visited":["Exordium"],"potions_floor_usage":[6,8,16],"damage_taken":[{"damage":0,"enemies":"Jaw Worm","floor":1,"turns":1},{"damage":0,"enemies":"Cultist","floor":2,"turns":1},{"damage":0,"enemies":"Small Slimes","floor":4,"turns":1},{"damage":12,"enemies":"Gremlin Nob","floor":6,"turns":4},{"damage":30,"enemies":"3 Sentries","floor":8,"turns":5},{"damage":27,"enemies":"Exordium Wildlife","floor":11,"turns":4},{"damage":58,"enemies":"The Guardian","floor":16,"turns":10}],"seed_played":"7899180802632174328","potions_obtained":[{"floor":1,"key":"CultistPotion"},{"floor":3,"key":"HeartOfIron"},{"floor":11,"key":"CultistPotion"}],"is_trial":false,"path_per_floor":["M","M","?","M","?","E","R","E","T","R","M","$","R","$","R","B"],"character_chosen":"IRONCLAD","items_purchased":["Sword Boomerang","Shrug It Off"],"campfire_rested":1,"item_purchase_floors":[12,12],"current_hp_per_floor":[74,75,75,75,75,72,72,51,51,51,33,33,33,33,58,0,0],"gold":60,"neow_bonus":"THREE_ENEMY_KILL","is_daily":false,"chose_seed":false,"campfire_upgraded":3,"win_rate":0.0,"timestamp":1612666237,"path_taken":["M","M","?","?","?","E","R","E","T","R","M","$","R","$","R","BOSS"],"items_purchased_type":["Card","Card"],"build_version":"2020-12-22","purchased_purges":1,"victory":false,"max_hp_per_floor":[75,75,75,75,75,78,78,81,81,81,84,84,84,84,84,84,84],"relic_stats":{"Peace Pipe":0,"counters":[7,26],"Ornamental Fan":[4],"PreservedInsect":35,"obtain_stats":[{"Peace Pipe":8,"NeowsBlessing":0,"Ornamental Fan":9,"PreservedInsect":6,"Burning Blood":0},{"Peace Pipe":5,"NeowsBlessing":0,"Ornamental Fan":5,"PreservedInsect":4,"Burning Blood":0},{"Peace Pipe":12,"NeowsBlessing":0,"Ornamental Fan":12,"PreservedInsect":7,"Burning Blood":0}],"Burning Blood":25},"card_choices":[{"not_picked":["Feel No Pain","Burning Pact"],"picked":"Shockwave","floor":1},{"not_picked":["Burning Pact","Flex"],"picked":"Perfected Strike","floor":2},{"not_picked":["Warcry","Body Slam"],"picked":"Feed","floor":4},{"not_picked":["Flex","True Grit"],"picked":"Burning Pact","floor":6},{"not_picked":["Burning Pact","Whirlwind"],"picked":"Hemokinesis","floor":8},{"not_picked":["Wild Strike","Intimidate","Havoc"],"picked":"SKIP","floor":11}],"player_experience":1383136,"relics_obtained":[{"floor":6,"key":"PreservedInsect"},{"floor":8,"key":"Peace Pipe"},{"floor":9,"key":"Ornamental Fan"}],"event_choices":[{"damage_healed":0,"gold_gain":0,"player_choice":"Got Potions","damage_taken":0,"max_hp_gain":0,"max_hp_loss":0,"event_name":"Lab","floor":3,"gold_loss":0},{"damage_healed":0,"gold_gain":0,"player_choice":"Ignored","damage_taken":0,"max_hp_gain":0,"max_hp_loss":0,"event_name":"Liars Game","floor":5,"gold_loss":0}],"is_beta":false,"boss_relics":[],"items_purged_floors":[12],"is_endless":false,"potions_floor_spawned":[1,11],"killed_by":"The Guardian","ascension_level":18}}