{"host":"0r2yuz9akuqaukjg","time":1612668872,"event":{"mods":["2.2 Compatiblity","AchievementEnabler","BaseMod","Downfall","Hermit","Infinite Spire","Jorbs\u0027s Wanderer Trilogy","Lobotomy","LobotomyExtend","Minty Spire (QoL Compilation)","Reliquary","Replay The Spire","Spicy Shops","StSLib","The Bug Knight","The Construct","The Cursed","The Disciple","The Hierophant","The Jungle","The Marked","The Mystic","The Runesmith","The Servant 0.9.4"],"gold_per_floor":[123,123,189,208,208,208,208,208,208,272,320,371,371,402,402,488,488,498,541,541,541,607,607,642,692,692,738,738,677,711,711,711,734,734,759,759,514,524,561,561,589,589,589,589,589,594,608,604,604,604],"floor_reached":51,"language":"ENG","playtime":4760,"items_purged":[],"score":758,"play_id":"0ae16ccc-cc96-4b1a-8cb2-e3e2c620582c","local_time":"20210206213432","daily_mods":["Draft"],"is_ascension_mode":false,"campfire_choices":[{"data":"hierophant:RustyCrate","floor":6,"key":"SMITH"},{"floor":15,"key":"REST"},{"floor":23,"key":"REST"},{"floor":28,"key":"REST"},{"floor":32,"key":"REST"},{"floor":40,"key":"REST"},{"floor":42,"key":"REST"},{"floor":49,"key":"REST"}],"circlet_count":0,"master_deck":["hierophant:OrnateBuckler","hierophant:Doubloon+1","hierophant:Remorse","hierophant:ThreeLashes+1","hierophant:HammerAndAnvil","hierophant:AuricBeam","hierophant:Doubloon+1","hierophant:Doubloon+1","hierophant:RustyCrate+1","hierophant:Doubloon+1","hierophant:Doubloon+1","hierophant:FieryStrike+1","hierophant:OrnateBuckler","hierophant:Doubloon+1","hierophant:Charity","hierophant:MorningPrayer","hierophant:Endure","hierophant:Encroach","hierophant:Doubloon+1","hierophant:Remorse","hierophant:Doubloon+1","hierophant:Remorse+1","hierophant:Batter","hierophant:Bribe","hierophant:Doubloon+1","hierophant:Remorse","hierophant:Bribe","hierophant:Martyrdom+1","ReplayTheSpireMod:Book of Names","hierophant:TollTheBells+1","hierophant:SealAway+1"],"relics":["Snecko Eye","Ring of Chaos","Replay:Bottled Eggs","infinitespire:FocusingShard","Whetstone","Busted Crown","construct:FoamFinger","Meat on the Bone","bronze:MakeshiftBattery","ReplayTheSpireMod:Ninjato"],"acts_visited":["Exordium","TheCity","TheBeyond"],"potions_floor_usage":[14,22,24,30,30,50,50,50,50],"damage_taken":[{"damage":2,"enemies":"Small Slimes","floor":1,"turns":3},{"damage":0,"enemies":"2 Louse","floor":3,"turns":3},{"damage":9,"enemies":"Cultist","floor":4,"turns":5},{"damage":0,"enemies":"Blue Slaver","floor":10,"turns":3},{"damage":7,"enemies":"Lagavulin","floor":11,"turns":5},{"damage":8,"enemies":"Large Slime","floor":12,"turns":3},{"damage":0,"enemies":"Gremlin Nob","floor":14,"turns":2},{"damage":19,"enemies":"The Guardian","floor":16,"turns":9},{"damage":12,"enemies":"Spheric Guardian","floor":18,"turns":4},{"damage":4,"enemies":"Chosen","floor":19,"turns":3},{"damage":0,"enemies":"Shelled Parasite and Fungi","floor":22,"turns":4},{"damage":17,"enemies":"Slavers","floor":24,"turns":4},{"damage":0,"enemies":"Snecko","floor":25,"turns":3},{"damage":13,"enemies":"Chosen and Byrds","floor":27,"turns":7},{"damage":22,"enemies":"3 Cultists","floor":29,"turns":5},{"damage":5,"enemies":"Shelled Parasite and Fungi","floor":30,"turns":4},{"damage":33,"enemies":"Automaton","floor":33,"turns":7},{"damage":0,"enemies":"Orb Walker","floor":35,"turns":2},{"damage":10,"enemies":"3 Darklings","floor":38,"turns":8},{"damage":32,"enemies":"Transient","floor":39,"turns":5},{"damage":12,"enemies":"4 Shapes","floor":41,"turns":5},{"damage":12,"enemies":"Writhing Mass","floor":46,"turns":3},{"damage":3,"enemies":"Jaw Worm Horde","floor":47,"turns":3},{"damage":10,"enemies":"3 Darklings","floor":48,"turns":4},{"damage":6,"enemies":"infinitespire:MassOfShapes","floor":50,"turns":6}],"seed_played":"-8817078733820888310","potions_obtained":[{"floor":3,"key":"Reflective Coating"},{"floor":4,"key":"DistilledChaos"},{"floor":11,"key":"hexamod:SoulburnPotion"},{"floor":19,"key":"Swift Potion"},{"floor":22,"key":"Languid Potion"},{"floor":24,"key":"infinitespire:BlackPotion"}],"is_trial":true,"path_per_floor":["M","$","M","M","?","R","?","?","T","M","E","M","?","E","R","B",null,"M","M","AVR","?","M","R","E","M","T","M","R","M","M","?","R","B",null,"M","?","$","M","M","R","M","R","T","?","?","M","M","M","R","B",null],"character_chosen":"HIEROPHANT","items_purchased":["PowerPotion","infinitespire:BlackPotion"],"campfire_rested":7,"item_purchase_floors":[37,37],"current_hp_per_floor":[73,73,73,64,64,64,69,69,69,69,62,54,54,54,78,59,80,68,64,64,64,64,80,63,63,63,50,74,52,47,47,71,50,80,80,80,80,70,50,74,62,80,80,80,80,68,65,55,79,73],"gold":604,"neow_bonus":"","is_daily":false,"chose_seed":false,"campfire_upgraded":1,"win_rate":0.0,"timestamp":1612668872,"path_taken":["M","$","M","M","?","R","?","?","T","?","E","M","?","E","R","BOSS","M","M","AVR","?","?","R","E","M","T","M","R","M","M","?","R","BOSS","M","?","$","M","M","R","M","R","T","?","?","M","M","M","R","BOSS"],"items_purchased_type":["Potion","Potion"],"build_version":"2020-12-22","purchased_purges":0,"victory":true,"max_hp_per_floor":[75,75,75,75,75,75,80,80,80,80,80,80,80,80,80,80,80,80,80,80,80,80,80,80,80,80,80,80,80,80,80,80,80,80,80,80,80,80,80,80,80,80,80,80,80,80,80,80,80,80],"card_choices":[{"not_picked":["hierophant:MorningPrayer","hierophant:Encroach"],"picked":"hierophant:OrnateBuckler","floor":0},{"not_picked":["hierophant:Martyrdom","hierophant:AuricBeam"],"picked":"hierophant:Remorse","floor":0},{"not_picked":["hierophant:MirrorShield","hierophant:TollTheBells"],"picked":"hierophant:ThreeLashes","floor":0},{"not_picked":["hierophant:Encroach","hierophant:Smite"],"picked":"hierophant:HammerAndAnvil","floor":0},{"not_picked":["hierophant:Smite","hierophant:FaithHealing"],"picked":"hierophant:AuricBeam","floor":0},{"not_picked":["hierophant:Rebuild","hierophant:AuricBeam"],"picked":"hierophant:Doubloon","floor":0},{"not_picked":["hierophant:Dazzle","hierophant:Remorse"],"picked":"hierophant:HolyVerse","floor":0},{"not_picked":["hierophant:Purify","hierophant:FlamingChariot"],"picked":"hierophant:Doubloon","floor":0},{"not_picked":["hierophant:DisplayOfPower","hierophant:SealAway"],"picked":"hierophant:RustyCrate","floor":0},{"not_picked":["hierophant:Zeal","hierophant:Flagellation"],"picked":"hierophant:FieryStrike","floor":0},{"not_picked":["hierophant:FlamingChariot","hierophant:Upheaval"],"picked":"hierophant:OrnateBuckler","floor":0},{"not_picked":["hierophant:ArchangelShield","hierophant:Flagellation"],"picked":"hierophant:Charity","floor":0},{"not_picked":["hierophant:Racketeering","hierophant:DisplayOfPower"],"picked":"hierophant:MorningPrayer","floor":0},{"not_picked":["hierophant:Bribe","hierophant:Shelter"],"picked":"hierophant:Endure","floor":0},{"not_picked":["hierophant:Zeal","hierophant:Community"],"picked":"hierophant:Encroach","floor":0},{"not_picked":["hierophant:AuricShield","hierophant:PassingBell"],"picked":"hierophant:Remorse","floor":1},{"not_picked":["hierophant:Zeal","hierophant:FlamingChariot","hierophant:Upheaval"],"picked":"SKIP","floor":3},{"not_picked":["hierophant:Embezzle","hierophant:SecretStash"],"picked":"hierophant:Remorse","floor":4},{"not_picked":["hierophant:Purify","hierophant:Smite"],"picked":"hierophant:Bribe","floor":10},{"not_picked":["hierophant:Purify","hierophant:FaithHealing","hierophant:SecretStash"],"picked":"SKIP","floor":11},{"not_picked":["hierophant:Zeal","hierophant:AuricBeam"],"picked":"hierophant:Remorse","floor":12},{"not_picked":["hierophant:FlamingChariot","hierophant:FaithHealing"],"picked":"hierophant:Bribe","floor":14},{"not_picked":[],"picked":"hierophant:Martyrdom+1","floor":18},{"not_picked":["hierophant:Smite"],"picked":"SKIP","floor":19},{"not_picked":["hierophant:Exaltation"],"picked":"SKIP","floor":22},{"not_picked":["hierophant:SealAway"],"picked":"SKIP","floor":24},{"not_picked":[],"picked":"hierophant:TollTheBells+1","floor":25},{"not_picked":["hierophant:OrnateBuckler"],"picked":"SKIP","floor":27},{"not_picked":["hierophant:HammerAndAnvil+1"],"picked":"SKIP","floor":29},{"not_picked":[],"picked":"hierophant:SealAway+1","floor":30},{"not_picked":["hierophant:Encroach"],"picked":"SKIP","floor":35},{"not_picked":["hierophant:PassingBell+1"],"picked":"SKIP","floor":38},{"not_picked":["hierophant:Zeal+1"],"picked":"SKIP","floor":39},{"not_picked":["hierophant:EyeForCoin+1"],"picked":"SKIP","floor":41},{"not_picked":["hierophant:ArchangelShield"],"picked":"SKIP","floor":46},{"not_picked":["hierophant:Prophecy"],"picked":"SKIP","floor":47},{"not_picked":["hierophant:FlamingChariot"],"picked":"SKIP","floor":48}],"player_experience":49258,"relics_obtained":[{"floor":9,"key":"Replay:Bottled Eggs"},{"floor":11,"key":"infinitespire:FocusingShard"},{"floor":14,"key":"Whetstone"},{"floor":24,"key":"construct:FoamFinger"},{"floor":26,"key":"Meat on the Bone"},{"floor":43,"key":"ReplayTheSpireMod:Ninjato"}],"event_choices":[{"damage_healed":0,"gold_gain":0,"player_choice":"Ignored","damage_taken":0,"max_hp_gain":0,"max_hp_loss":0,"event_name":"Golden Wing","floor":5,"gold_loss":0},{"damage_healed":0,"gold_gain":0,"player_choice":"Donut","damage_taken":0,"max_hp_gain":5,"max_hp_loss":0,"event_name":"Big Fish","floor":7,"gold_loss":0},{"damage_healed":0,"gold_gain":0,"cards_transformed":["hierophant:HolyVerse"],"player_choice":"Transformed","damage_taken":0,"max_hp_gain":0,"max_hp_loss":0,"event_name":"Transmorgrifier","floor":8,"gold_loss":0,"cards_obtained":["hierophant:Batter"]},{"damage_healed":0,"gold_gain":0,"player_choice":"Grow","damage_taken":0,"max_hp_gain":0,"max_hp_loss":0,"event_name":"Living Wall","floor":13,"gold_loss":0,"cards_upgraded":["hierophant:Remorse"]},{"damage_healed":0,"gold_gain":0,"player_choice":"Ignored","damage_taken":0,"max_hp_gain":0,"max_hp_loss":0,"event_name":"Transmorgrifier","floor":21,"gold_loss":0},{"damage_healed":0,"gold_gain":0,"player_choice":"Ignored","damage_taken":0,"max_hp_gain":0,"max_hp_loss":0,"event_name":"Tomb of Lord Red Mask","floor":36,"gold_loss":0}],"is_beta":false,"boss_relics":[{"not_picked":["construct:ClawGrip","SlaversCollar"],"picked":"Busted Crown"},{"not_picked":["reliquary:Ember","Cursed Key"],"picked":"bronze:MakeshiftBattery"}],"items_purged_floors":[],"is_endless":false,"potions_floor_spawned":[3,4,11,19,22,24,27,38,39,47,48],"ascension_level":0}}