{"host":"9tzam4717zt8ei1o","time":1612657840,"event":{"mods":["BaseMod","Colored Map","Keyboard Shortcuts","Minty Spire (QoL Compilation)","Quick Restart","StSLib","SuperFastMode"],"gold_per_floor":[119,61,61,72,72,72,103,116,141,141,154,174,186,17,17,17,17],"floor_reached":16,"language":"KOR","playtime":203,"items_purged":[],"score":229,"play_id":"726965ac-9a0b-4b05-adc3-a519b94e08e5","local_time":"20210207093040","is_ascension_mode":true,"campfire_choices":[{"data":"Underhanded Strike","floor":6,"key":"SMITH"},{"data":"Neutralize","floor":10,"key":"SMITH"},{"data":"A Thousand Cuts","floor":15,"key":"SMITH"}],"circlet_count":0,"master_deck":["AscendersBane","Strike_G+1","Strike_G+1","Strike_G","Strike_G","Defend_G","Defend_G","Defend_G","Defend_G","Defend_G","Survivor","Neutralize+1","Underhanded Strike+1","Grand Finale","Prepared","A Thousand Cuts+1"],"relics":["Ring of the Snake","NeowsBlessing","Strawberry","Whetstone"],"acts_visited":["Exordium"],"potions_floor_usage":[16],"damage_taken":[{"damage":0,"enemies":"Small Slimes","floor":1,"turns":1},{"damage":0,"enemies":"Cultist","floor":4,"turns":1},{"damage":0,"enemies":"Gremlin Nob","floor":7,"turns":1},{"damage":4,"enemies":"Jaw Worm","floor":8,"turns":4},{"damage":24,"enemies":"Large Slime","floor":11,"turns":7},{"damage":15,"enemies":"Exordium Wildlife","floor":12,"turns":6},{"damage":3,"enemies":"Looter","floor":13,"turns":3},{"damage":22,"enemies":"The Guardian","floor":16,"turns":2}],"seed_played":"9108370422360473181","potions_obtained":[{"floor":7,"key":"Strength Potion"},{"floor":13,"key":"SteroidPotion"}],"is_trial":false,"path_per_floor":["M","$","?","M","$","R","E","M","T","R","M","M","M","$","R","B"],"character_chosen":"THE_SILENT","items_purchased":["Underhanded Strike","A Thousand Cuts"],"campfire_rested":0,"item_purchase_floors":[2,14],"current_hp_per_floor":[59,59,59,59,59,59,66,62,62,62,38,23,20,20,20,0,0],"gold":17,"neow_bonus":"THREE_ENEMY_KILL","is_daily":false,"chose_seed":false,"campfire_upgraded":3,"win_rate":0.0,"timestamp":1612657840,"path_taken":["M","$","?","M","?","R","E","?","T","R","M","M","M","$","R","BOSS"],"items_purchased_type":["Card","Card"],"build_version":"2020-12-22","purchased_purges":0,"victory":false,"max_hp_per_floor":[66,66,66,66,66,66,73,73,73,73,73,73,73,73,73,73,73],"card_choices":[{"not_picked":["Bane","Deflect","Deadly Poison"],"picked":"SKIP","floor":1},{"not_picked":["Poisoned Stab","Sucker Punch","Flying Knee"],"picked":"SKIP","floor":4},{"not_picked":["Endless Agony","Sucker Punch"],"picked":"Grand Finale","floor":7},{"not_picked":["Sucker Punch","Slice","Dagger Spray"],"picked":"SKIP","floor":8},{"not_picked":["PiercingWail","Flying Knee","Deadly Poison"],"picked":"SKIP","floor":11},{"not_picked":["Poisoned Stab","Slice"],"picked":"Prepared","floor":12},{"not_picked":["Deflect","Outmaneuver","Deadly Poison"],"picked":"SKIP","floor":13}],"player_experience":122717,"relics_obtained":[{"floor":7,"key":"Strawberry"},{"floor":9,"key":"Whetstone"}],"event_choices":[{"cards_removed":["Strike_G"],"damage_healed":0,"gold_gain":0,"player_choice":"Offered Basic","damage_taken":0,"max_hp_gain":0,"max_hp_loss":0,"event_name":"Bonfire Elementals","floor":3,"gold_loss":0}],"is_beta":false,"boss_relics":[],"items_purged_floors":[],"is_endless":false,"potions_floor_spawned":[7,13],"killed_by":"The Guardian","ascension_level":16}}