{"host":"dcj2yvrgcvh5dl2s","time":1612690744,"event":{"mods":["BaseMod","Bestiary","Better Note","Block Reminder","Colored Powertips","Curses Come First","DeckTracker","Minty Spire (QoL Compilation)","Quick Restart","Rare Cards Sparkle","Relic Stats","StSLib"],"gold_per_floor":[119,119,119,140,140,179,179,222,222,235,256,256,277,308,308,308,308],"floor_reached":16,"language":"ENG","playtime":618,"items_purged":[],"score":270,"play_id":"5067c25f-f771-4468-bb44-28d72d880ad3","local_time":"20210207193904","is_ascension_mode":true,"campfire_choices":[{"data":"Seeing Red","floor":7,"key":"SMITH"},{"floor":12,"key":"REST"},{"floor":15,"key":"REST"}],"circlet_count":0,"master_deck":["AscendersBane","Strike_R","Strike_R","Strike_R","Strike_R","Defend_R","Defend_R","Defend_R","Defend_R","Bash","Seeing Red+1","Inflame","Battle Trance","Metallicize","Metallicize","Dropkick"],"relics":["Burning Blood","NeowsBlessing","Golden Idol","Gremlin Horn","Pen Nib","Centennial Puzzle","Odd Mushroom"],"acts_visited":["Exordium"],"potions_floor_usage":[8],"damage_taken":[{"damage":0,"enemies":"2 Louse","floor":1,"turns":1},{"damage":0,"enemies":"Jaw Worm","floor":4,"turns":1},{"damage":0,"enemies":"3 Sentries","floor":6,"turns":1},{"damage":32,"enemies":"Gremlin Nob","floor":8,"turns":4},{"damage":6,"enemies":"Cultist","floor":10,"turns":4},{"damage":13,"enemies":"Lots of Slimes","floor":11,"turns":5},{"damage":10,"enemies":"Blue Slaver","floor":13,"turns":4},{"damage":20,"enemies":"The Mushroom Lair","floor":14,"turns":5},{"damage":45,"enemies":"Slime Boss","floor":16,"turns":7}],"seed_played":"-2385791629688729168","potions_obtained":[{"floor":1,"key":"SpeedPotion"},{"floor":5,"key":"CultistPotion"},{"floor":6,"key":"FearPotion"},{"floor":14,"key":"FearPotion"}],"is_trial":false,"path_per_floor":["M","?","?","M","?","E","R","E","T","M","M","R","M","?","R","B"],"character_chosen":"IRONCLAD","items_purchased":[],"campfire_rested":2,"item_purchase_floors":[],"current_hp_per_floor":[74,48,41,47,47,53,53,27,27,27,20,42,38,24,46,1,1],"gold":308,"neow_bonus":"THREE_ENEMY_KILL","is_daily":false,"chose_seed":false,"campfire_upgraded":1,"win_rate":0.0,"timestamp":1612690744,"path_taken":["M","?","?","M","?","E","R","E","T","?","M","R","?","?","R","BOSS"],"items_purchased_type":[],"build_version":"2020-12-22","purchased_purges":0,"victory":false,"max_hp_per_floor":[75,75,75,75,75,75,75,75,75,75,75,75,75,75,75,75,75],"relic_stats":{"Centennial Puzzle":[15],"Gremlin Horn":[1,6],"counters":[9,32],"Golden Idol":38,"Pen Nib":[4],"obtain_stats":[{"Centennial Puzzle":9,"NeowsBlessing":0,"Gremlin Horn":6,"Golden Idol":2,"Pen Nib":8,"Odd Mushroom":14,"Burning Blood":0},{"Centennial Puzzle":4,"NeowsBlessing":0,"Gremlin Horn":3,"Golden Idol":1,"Pen Nib":4,"Odd Mushroom":8,"Burning Blood":0},{"Centennial Puzzle":7,"NeowsBlessing":0,"Gremlin Horn":3,"Golden Idol":1,"Pen Nib":7,"Odd Mushroom":25,"Burning Blood":0}],"Burning Blood":48},"card_choices":[{"not_picked":["Warcry","Entrench"],"picked":"Seeing Red","floor":1},{"not_picked":["Reckless Charge","Clothesline","Clash"],"picked":"SKIP","floor":4},{"not_picked":["True Grit","Body Slam"],"picked":"Inflame","floor":6},{"not_picked":["Headbutt","Flame Barrier"],"picked":"Battle Trance","floor":8},{"not_picked":["Bloodletting","Impervious"],"picked":"Metallicize","floor":10},{"not_picked":["Headbutt","Dark Embrace","Wild Strike"],"picked":"SKIP","floor":11},{"not_picked":["Blood for Blood","Clothesline"],"picked":"Metallicize","floor":13},{"not_picked":["Sentinel","Wild Strike"],"picked":"Dropkick","floor":14}],"player_experience":2332150,"relics_obtained":[{"floor":6,"key":"Gremlin Horn"},{"floor":8,"key":"Pen Nib"},{"floor":9,"key":"Centennial Puzzle"},{"floor":14,"key":"Odd Mushroom"}],"event_choices":[{"damage_healed":0,"gold_gain":0,"player_choice":"Take Damage","damage_taken":26,"relics_obtained":["Golden Idol"],"max_hp_gain":0,"max_hp_loss":0,"event_name":"Golden Idol","floor":2,"gold_loss":0},{"cards_removed":["Strike_R"],"damage_healed":0,"gold_gain":0,"player_choice":"Card Removal","damage_taken":7,"max_hp_gain":0,"max_hp_loss":0,"event_name":"Golden Wing","floor":3,"gold_loss":0},{"damage_healed":0,"gold_gain":0,"player_choice":"Got Potions","damage_taken":0,"max_hp_gain":0,"max_hp_loss":0,"event_name":"Lab","floor":5,"gold_loss":0},{"damage_healed":0,"gold_gain":0,"player_choice":"Fought Mushrooms","damage_taken":0,"max_hp_gain":0,"max_hp_loss":0,"event_name":"Mushrooms","floor":14,"gold_loss":0}],"is_beta":false,"boss_relics":[],"items_purged_floors":[],"is_endless":false,"potions_floor_spawned":[1,6,14],"killed_by":"Slime Boss","ascension_level":20}}