{"host":"flk9eme3n59cnu2c","time":1612658408,"event":{"mods":["A Penny For Your Troubles","AchievementEnabler","BaseMod","Better-Laid Plans","Block Reminder","Colored Map","Googly Eyes","Minty Spire (QoL Compilation)","RNG Fix","Rare Cards Sparkle","Relic Stats","Reorder Act Four","Slay-I","StSLib","Weighted Paths"],"gold_per_floor":[118,136,136,211,227,227,244,244,244,263,294,165,165,191,191,191,191],"floor_reached":16,"language":"ENG","playtime":752,"items_purged":["Amplify"],"score":295,"play_id":"d54bfb4a-3a0f-4290-acfb-06f3c288cd4d","local_time":"20210206184008","is_ascension_mode":true,"campfire_choices":[{"data":"Streamline","floor":6,"key":"SMITH"},{"data":"Zap","floor":15,"key":"SMITH"}],"circlet_count":0,"master_deck":["AscendersBane","Strike_B","Strike_B","Strike_B","Strike_B","Defend_B+1","Defend_B","Defend_B+1","Defend_B","Zap+1","Dualcast","Streamline+1","FTL","Conserve Battery","Cold Snap","Undo","Hologram","Ball Lightning"],"relics":["Cracked Core","Letter Opener","Mango","Blue Candle","Kunai"],"acts_visited":["Exordium"],"potions_floor_usage":[8,11,14],"damage_taken":[{"damage":4,"enemies":"Small Slimes","floor":1,"turns":4},{"damage":0,"enemies":"Cultist","floor":2,"turns":3},{"damage":0,"enemies":"2 Louse","floor":5,"turns":2},{"damage":20,"enemies":"Lots of Slimes","floor":7,"turns":6},{"damage":5,"enemies":"3 Louse","floor":10,"turns":3},{"damage":0,"enemies":"Lagavulin","floor":11,"turns":6},{"damage":14,"enemies":"3 Sentries","floor":14,"turns":6},{"damage":10,"enemies":"Hexaghost","floor":16,"turns":9}],"seed_played":"-7510480797370827158","potions_obtained":[{"floor":7,"key":"Dexterity Potion"},{"floor":8,"key":"Fruit Juice"},{"floor":8,"key":"FocusPotion"}],"is_trial":false,"path_per_floor":["M","M","?","?","M","R","M","?","T","M","E","$","T","E","R","B"],"character_chosen":"DEFECT","items_purchased":["Hologram"],"campfire_rested":0,"item_purchase_floors":[12],"current_hp_per_floor":[60,60,39,28,28,28,8,13,13,8,22,22,22,8,8,0,0],"gold":191,"neow_bonus":"ONE_RANDOM_RARE_CARD","is_daily":false,"chose_seed":false,"campfire_upgraded":2,"win_rate":0.0,"timestamp":1612658408,"path_taken":["M","M","?","?","M","R","M","?","T","?","E","$","?","E","R","BOSS"],"items_purchased_type":["Card"],"build_version":"2020-12-22","purchased_purges":1,"victory":false,"max_hp_per_floor":[71,71,71,71,71,71,71,76,76,76,90,90,90,90,90,90,90],"relic_stats":{"counters":[8,39],"Blue Candle":[0],"Letter Opener":[40],"Kunai":[1],"obtain_stats":[{"Blue Candle":13,"Mango":11,"Letter Opener":9,"Kunai":14,"Cracked Core":0},{"Blue Candle":6,"Mango":6,"Letter Opener":4,"Kunai":7,"Cracked Core":0},{"Blue Candle":24,"Mango":24,"Letter Opener":15,"Kunai":30,"Cracked Core":0}]},"card_choices":[{"not_picked":["Storm","Go for the Eyes"],"picked":"Streamline","floor":1},{"not_picked":["Aggregate","Lockon"],"picked":"FTL","floor":2},{"not_picked":["Go for the Eyes","Consume"],"picked":"Conserve Battery","floor":5},{"not_picked":["Sweeping Beam","Double Energy"],"picked":"Cold Snap","floor":7},{"not_picked":["Cold Snap","Blizzard"],"picked":"Undo","floor":10},{"not_picked":["Machine Learning","Blizzard","Conserve Battery"],"picked":"SKIP","floor":11},{"not_picked":["Conserve Battery","Core Surge"],"picked":"Ball Lightning","floor":14}],"player_experience":923652,"relics_obtained":[{"floor":9,"key":"Letter Opener"},{"floor":11,"key":"Mango"},{"floor":13,"key":"Blue Candle"},{"floor":14,"key":"Kunai"}],"event_choices":[{"damage_healed":0,"gold_gain":0,"player_choice":"Entered Light","damage_taken":21,"max_hp_gain":0,"max_hp_loss":0,"event_name":"Shining Light","floor":3,"gold_loss":0,"cards_upgraded":["Defend_B","Defend_B"]},{"damage_healed":0,"gold_gain":75,"player_choice":"Gather Gold","damage_taken":11,"max_hp_gain":0,"max_hp_loss":0,"event_name":"World of Goop","floor":4,"gold_loss":0},{"damage_healed":0,"gold_gain":0,"player_choice":"Got Potions","damage_taken":0,"max_hp_gain":0,"max_hp_loss":0,"event_name":"Lab","floor":8,"gold_loss":0}],"is_beta":false,"boss_relics":[],"items_purged_floors":[12],"is_endless":false,"potions_floor_spawned":[7],"killed_by":"Hexaghost","ascension_level":20}}