{"host":"oiw60b5ins9fyx34","time":1612693815,"event":{"mods":["BaseMod","Colored Map","Colored Powertips","Minty Spire (QoL Compilation)","Permanent Neow","Quick Restart","Rare Cards Sparkle","Relic Stats","StSLib","The Cursed"],"gold_per_floor":[111,134,149,149,166,166,200,200,248,262,292,309,309,309,309,411,411,431,431,164,174,99,99,99],"floor_reached":23,"language":"JPN","playtime":827,"items_purged":["Strike_R"],"score":249,"play_id":"d6bf2c85-f052-42de-b968-c91ad757d861","local_time":"20210207193015","is_ascension_mode":true,"campfire_choices":[{"data":"Fiend Fire","floor":6,"key":"SMITH"},{"data":"Demon Form","floor":8,"key":"SMITH"},{"data":"Bash","floor":15,"key":"SMITH"}],"circlet_count":0,"master_deck":["Strike_R","Strike_R","Defend_R","Defend_R","Defend_R","Defend_R+1","Bash+1","Evolve","Flex","Fiend Fire+1","Demon Form+1","Intimidate+1","Metallicize","Power Through","Rage","Limit Break","Flame Barrier","Shrug It Off","Impervious"],"relics":["Burning Blood","Thread and Needle","Pantograph","Pen Nib","War Paint","InkBottle","Black Star","Bag of Preparation"],"acts_visited":["Exordium","TheCity"],"potions_floor_usage":[16,21],"damage_taken":[{"damage":1,"enemies":"Cultist","floor":1,"turns":4},{"damage":3,"enemies":"Jaw Worm","floor":3,"turns":3},{"damage":9,"enemies":"2 Louse","floor":5,"turns":2},{"damage":32,"enemies":"3 Sentries","floor":7,"turns":6},{"damage":10,"enemies":"Blue Slaver","floor":10,"turns":4},{"damage":12,"enemies":"Gremlin Nob","floor":11,"turns":3},{"damage":0,"enemies":"Looter","floor":12,"turns":3},{"damage":25,"enemies":"The Guardian","floor":16,"turns":6},{"damage":31,"enemies":"3 Byrds","floor":18,"turns":12},{"damage":37,"enemies":"Spheric Guardian","floor":21,"turns":11},{"damage":21,"enemies":"Gremlin Leader","floor":23,"turns":3}],"seed_played":"8715267741649032660","potions_obtained":[{"floor":3,"key":"Strength Potion"},{"floor":5,"key":"Swift Potion"},{"floor":10,"key":"CultistPotion"},{"floor":21,"key":"BloodPotion"}],"is_trial":false,"path_per_floor":["M","T","M","?","M","R","E","R","T","M","E","M","?","?","R","B",null,"M","?","$","M","?","E"],"character_chosen":"IRONCLAD","items_purchased":["Bag of Preparation","Shrug It Off"],"campfire_rested":0,"item_purchase_floors":[20,20],"current_hp_per_floor":[72,72,72,72,69,69,43,43,43,39,33,39,36,36,36,42,65,40,40,40,23,23,2,2],"gold":99,"neow_bonus":"ONE_RARE_RELIC","is_daily":false,"chose_seed":false,"campfire_upgraded":3,"win_rate":0.0,"timestamp":1612693815,"path_taken":["M","?","M","?","M","R","E","R","T","?","E","?","?","?","R","BOSS","M","?","$","M","?","E"],"items_purchased_type":["Relic","Card"],"build_version":"2020-12-22","purchased_purges":1,"victory":false,"max_hp_per_floor":[72,72,72,72,72,72,72,72,72,72,72,72,72,72,72,72,72,72,72,72,72,72,72,72],"relic_stats":{"counters":[11,57],"Pantograph":25,"Pen Nib":[3],"Black Star":0,"Bag of Preparation":[4],"War Paint":["Intimidate","Defend_R"],"obtain_stats":[{"Pantograph":7,"Thread and Needle":0,"Pen Nib":9,"Black Star":17,"Bag of Preparation":20,"War Paint":11,"Burning Blood":0,"InkBottle":13},{"Pantograph":4,"Thread and Needle":0,"Pen Nib":4,"Black Star":8,"Bag of Preparation":9,"War Paint":6,"Burning Blood":0,"InkBottle":7},{"Pantograph":15,"Thread and Needle":0,"Pen Nib":15,"Black Star":31,"Bag of Preparation":43,"War Paint":22,"Burning Blood":0,"InkBottle":25}],"Burning Blood":52,"InkBottle":[9]},"card_choices":[{"not_picked":["Clash","Bloodletting"],"picked":"Evolve","floor":1},{"not_picked":["Havoc","Perfected Strike"],"picked":"Flex","floor":3},{"not_picked":["Perfected Strike","Cleave"],"picked":"Demon Form","floor":5},{"not_picked":["Perfected Strike","Anger"],"picked":"Intimidate","floor":7},{"not_picked":["Thunderclap","Evolve"],"picked":"Metallicize","floor":10},{"not_picked":["Shrug It Off","Rupture"],"picked":"Power Through","floor":11},{"not_picked":["Havoc","Flex"],"picked":"Rage","floor":12},{"not_picked":["Bludgeon","Double Tap"],"picked":"Limit Break","floor":16},{"not_picked":["Wild Strike","Clothesline"],"picked":"Flame Barrier","floor":18},{"not_picked":["Wild Strike","Rampage+1"],"picked":"Impervious","floor":21}],"player_experience":704704,"relics_obtained":[{"floor":7,"key":"Pantograph"},{"floor":9,"key":"Pen Nib"},{"floor":11,"key":"War Paint"}],"event_choices":[{"damage_healed":0,"gold_gain":0,"cards_transformed":["Strike_R"],"player_choice":"Transformed","damage_taken":0,"max_hp_gain":0,"max_hp_loss":0,"event_name":"Transmorgrifier","floor":4,"gold_loss":0,"cards_obtained":["Fiend Fire"]},{"damage_healed":0,"gold_gain":0,"player_choice":"Success","damage_taken":3,"relics_obtained":["InkBottle"],"max_hp_gain":0,"max_hp_loss":0,"event_name":"Scrap Ooze","floor":13,"gold_loss":0},{"damage_healed":0,"gold_gain":0,"player_choice":"Ignored","damage_taken":0,"max_hp_gain":0,"max_hp_loss":0,"event_name":"Liars Game","floor":14,"gold_loss":0},{"damage_healed":0,"gold_gain":0,"player_choice":"Ignored","damage_taken":0,"max_hp_gain":0,"max_hp_loss":0,"event_name":"Cursed Tome","floor":19,"gold_loss":0},{"cards_removed":["Strike_R"],"damage_healed":0,"gold_gain":0,"player_choice":"Gave Gold","damage_taken":0,"max_hp_gain":0,"max_hp_loss":0,"event_name":"Beggar","floor":22,"gold_loss":75}],"is_beta":false,"boss_relics":[{"not_picked":["Black Blood","Runic Pyramid"],"picked":"Black Star"}],"items_purged_floors":[20],"is_endless":false,"potions_floor_spawned":[3,5,10,21],"killed_by":"Gremlin Leader","ascension_level":5}}