{"host":"2tgyrzvaa7l04o2e","time":1612715340,"event":{"mods":["BaseMod","Highlight Path","Minty Spire (QoL Compilation)","Permanent Neow","Relic Stats"],"gold_per_floor":[111,130,130,180,190,218,218,249,249,249,259,259,273,305,305,388,388,401,384,334,334,334],"floor_reached":21,"language":"ENG","playtime":767,"items_purged":[],"score":358,"play_id":"2a79e9e1-d593-45ef-8db3-945769db1a25","local_time":"20210207172900","is_ascension_mode":true,"campfire_choices":[{"floor":7,"key":"REST"},{"floor":10,"key":"REST"},{"floor":15,"key":"DIG"}],"circlet_count":0,"master_deck":["AscendersBane","Strike_B","Strike_B","Strike_B","Defend_B","Defend_B","Defend_B","Defend_B","Zap","Dualcast","Loop","Cold Snap","Hello World","Defragment","Self Repair","Capacitor","Compile Driver","Creative AI","Conserve Battery"],"relics":["Velvet Choker","Shovel","Matryoshka","Mango","Regal Pillow","Emotion Chip","Oddly Smooth Stone","CeramicFish","Black Star"],"acts_visited":["Exordium","TheCity"],"potions_floor_usage":[16,18],"damage_taken":[{"damage":2,"enemies":"Jaw Worm","floor":1,"turns":4},{"damage":5,"enemies":"Small Slimes","floor":2,"turns":3},{"damage":0,"enemies":"Cultist","floor":5,"turns":5},{"damage":32,"enemies":"Gremlin Nob","floor":6,"turns":5},{"damage":21,"enemies":"3 Sentries","floor":8,"turns":7},{"damage":13,"enemies":"Looter","floor":11,"turns":4},{"damage":25,"enemies":"3 Louse","floor":13,"turns":4},{"damage":3,"enemies":"Lagavulin","floor":14,"turns":8},{"damage":2,"enemies":"The Guardian","floor":16,"turns":11},{"damage":20,"enemies":"Chosen","floor":18,"turns":6},{"damage":58,"enemies":"2 Thieves","floor":19,"turns":5},{"damage":10,"enemies":"Sentry and Sphere","floor":21,"turns":2}],"seed_played":"-5791308525430300081","potions_obtained":[{"floor":1,"key":"GamblersBrew"},{"floor":13,"key":"Block Potion"},{"floor":14,"key":"Fire Potion"},{"floor":16,"key":"Dexterity Potion"}],"is_trial":false,"path_per_floor":["M","M","?","?","M","E","R","E","T","R","M","?","M","E","R","B",null,"M","M","?","M"],"character_chosen":"DEFECT","items_purchased":[],"campfire_rested":2,"item_purchase_floors":[],"current_hp_per_floor":[62,57,39,39,39,7,28,21,21,61,55,48,30,34,34,39,74,61,10,10,0,0],"gold":334,"neow_bonus":"BOSS_RELIC","is_daily":false,"chose_seed":false,"campfire_upgraded":0,"win_rate":0.0,"timestamp":1612715340,"path_taken":["M","M","?","?","M","E","R","E","T","R","?","?","M","E","R","BOSS","M","M","?","M"],"items_purchased_type":[],"build_version":"2020-12-22","purchased_purges":0,"victory":false,"max_hp_per_floor":[71,71,71,71,71,71,71,85,85,85,85,85,85,85,85,85,85,85,85,85,85,85],"relic_stats":{"Regal Pillow":15,"Emotion Chip":[19,10,9,0,0],"Shovel":1,"counters":[12,64],"CeramicFish":18,"Black Star":0,"obtain_stats":[{"Regal Pillow":9,"Emotion Chip":9,"Shovel":3,"Matryoshka":6,"CeramicFish":15,"Velvet Choker":0,"Oddly Smooth Stone":14,"Mango":8,"Black Star":17,"Cracked Core":0},{"Regal Pillow":5,"Emotion Chip":5,"Shovel":2,"Matryoshka":4,"CeramicFish":8,"Velvet Choker":0,"Oddly Smooth Stone":8,"Mango":5,"Black Star":9,"Cracked Core":0},{"Regal Pillow":24,"Emotion Chip":24,"Shovel":7,"Matryoshka":17,"CeramicFish":40,"Velvet Choker":0,"Oddly Smooth Stone":40,"Mango":24,"Black Star":51,"Cracked Core":0}]},"card_choices":[{"not_picked":["Undo","Gash"],"picked":"Loop","floor":1},{"not_picked":["Stack","Doom and Gloom"],"picked":"Cold Snap","floor":2},{"not_picked":["Darkness","Hologram"],"picked":"Hello World","floor":5},{"not_picked":["Turbo","Beam Cell"],"picked":"Defragment","floor":6},{"not_picked":["Barrage","Doom and Gloom"],"picked":"Self Repair","floor":8},{"not_picked":["Auto Shields","Turbo","BootSequence"],"picked":"SKIP","floor":11},{"not_picked":["Loop","Stack"],"picked":"Capacitor","floor":13},{"not_picked":["Hello World","Steam"],"picked":"Compile Driver","floor":14},{"not_picked":["Amplify","Machine Learning"],"picked":"Creative AI","floor":16},{"not_picked":["Double Energy","Redo","Turbo"],"picked":"SKIP","floor":18},{"not_picked":["Go for the Eyes","Coolheaded"],"picked":"Conserve Battery","floor":19}],"player_experience":701988,"relics_obtained":[{"floor":6,"key":"Matryoshka"},{"floor":8,"key":"Mango"},{"floor":9,"key":"Regal Pillow"},{"floor":9,"key":"Emotion Chip"},{"floor":14,"key":"Oddly Smooth Stone"},{"floor":15,"key":"CeramicFish"}],"event_choices":[{"damage_healed":0,"gold_gain":0,"player_choice":"Success","damage_taken":18,"relics_obtained":["Shovel"],"max_hp_gain":0,"max_hp_loss":0,"event_name":"Scrap Ooze","floor":3,"gold_loss":0},{"damage_healed":0,"gold_gain":50,"player_choice":"Pray","damage_taken":0,"max_hp_gain":0,"max_hp_loss":0,"event_name":"Golden Shrine","floor":4,"gold_loss":0},{"cards_removed":["Strike_B"],"damage_healed":0,"gold_gain":0,"player_choice":"Card Removal","damage_taken":7,"max_hp_gain":0,"max_hp_loss":0,"event_name":"Golden Wing","floor":12,"gold_loss":0},{"damage_healed":0,"gold_gain":0,"player_choice":"Bet on Owner","damage_taken":0,"max_hp_gain":0,"max_hp_loss":0,"event_name":"The Joust","floor":20,"gold_loss":50}],"is_beta":false,"boss_relics":[{"not_picked":["Snecko Eye","Nuclear Battery"],"picked":"Black Star"}],"items_purged_floors":[],"is_endless":false,"potions_floor_spawned":[1,13,14,16],"killed_by":"Sentry and Sphere","ascension_level":16}}