{"host":"ydg0vn0pu4pubmdt","time":1612730442,"event":{"mods":["AchievementEnabler","BaseMod","Colored Map","Gold Saver","Minty Spire (QoL Compilation)","Quick Restart","SuperFastMode"],"gold_per_floor":[109,34,184,232,243,277,277,296,321,351,351,371,371,385,385,458,458,470,196,196,196],"floor_reached":20,"language":"KOR","playtime":389,"items_purged":["Strike_P","Defend_P"],"score":414,"play_id":"a6a6e2ff-2e6e-49a0-88b5-b250245177e5","local_time":"20210208054042","is_ascension_mode":true,"campfire_choices":[{"data":"Eruption","floor":7.0,"key":"SMITH"},{"data":"TalkToTheHand","floor":11,"key":"SMITH"},{"data":"Omniscience","floor":15,"key":"SMITH"}],"circlet_count":0,"master_deck":["AscendersBane","Strike_P","Strike_P","Strike_P","Defend_P","Defend_P","Defend_P","Eruption+1","Vigilance","FlurryOfBlows","BowlingBash","CarveReality","TalkToTheHand+1","InnerPeace","Omniscience+1","DevaForm","FollowUp","LessonLearned"],"relics":["PureWater","NeowsBlessing","Orichalcum","Meat on the Bone","Art of War","Blood Vial","Black Star"],"acts_visited":["Exordium","TheCity"],"potions_floor_usage":[10,10,16],"damage_taken":[{"damage":0.0,"enemies":"2 Louse","floor":1.0,"turns":1.0},{"damage":0.0,"enemies":"Jaw Worm","floor":5.0,"turns":1.0},{"damage":0.0,"enemies":"Gremlin Nob","floor":6.0,"turns":1.0},{"damage":4.0,"enemies":"Small Slimes","floor":8.0,"turns":4.0},{"damage":22,"enemies":"Lagavulin","floor":10,"turns":5},{"damage":11,"enemies":"Blue Slaver","floor":12,"turns":4},{"damage":0,"enemies":"Large Slime","floor":14,"turns":3},{"damage":14,"enemies":"Slime Boss","floor":16,"turns":7},{"damage":31,"enemies":"Shell Parasite","floor":18,"turns":5},{"damage":0,"enemies":"3 Byrds","floor":20,"turns":1}],"seed_played":"7355251287662329565","potions_obtained":[{"floor":5.0,"key":"AttackPotion"},{"floor":6.0,"key":"SkillPotion"},{"floor":10,"key":"BottledMiracle"},{"floor":14,"key":"SkillPotion"},{"floor":16,"key":"Weak Potion"}],"is_trial":false,"path_per_floor":["M","$","?","T","M","E","R","M","T","E","R","M","?","M","R","B",null,"M","$","M"],"character_chosen":"WATCHER","items_purchased":["LessonLearned"],"campfire_rested":0,"item_purchase_floors":[19],"current_hp_per_floor":[61,61,61,61,61,61,61,57,57,35,35,38,38,40,40,40,61,44,44,46,46],"gold":196,"neow_bonus":"THREE_ENEMY_KILL","is_daily":false,"chose_seed":false,"campfire_upgraded":3,"win_rate":0.0,"timestamp":1612730442,"path_taken":["M","$","?","?","?","E","R","M","T","E","R","M","?","M","R","BOSS","M","$","M"],"items_purchased_type":["Card"],"build_version":"2020-12-22","purchased_purges":2,"victory":false,"max_hp_per_floor":[68,68,68,68,68,68,68,68,68,68,68,68,68,68,68,68,68,68,68,68,68],"card_choices":[{"not_picked":["Vengeance","FlyingSleeves"],"picked":"FlurryOfBlows","floor":1.0},{"not_picked":["Worship","Consecrate","Prostrate"],"picked":"SKIP","floor":5.0},{"not_picked":["Collect","FlyingSleeves"],"picked":"BowlingBash","floor":6.0},{"not_picked":["Vengeance","Swivel"],"picked":"CarveReality","floor":8.0},{"not_picked":["EmptyMind","Sanctity"],"picked":"TalkToTheHand","floor":10},{"not_picked":["Crescendo","TalkToTheHand"],"picked":"InnerPeace","floor":12},{"not_picked":["Evaluate","BowlingBash"],"picked":"Omniscience","floor":14},{"not_picked":["Judgement","MasterReality"],"picked":"DevaForm","floor":16},{"not_picked":["ThirdEye","Protect"],"picked":"FollowUp","floor":18}],"player_experience":658010,"relics_obtained":[{"floor":4.0,"key":"Orichalcum"},{"floor":6.0,"key":"Meat on the Bone"},{"floor":9.0,"key":"Art of War"},{"floor":10,"key":"Blood Vial"}],"event_choices":[{"damage_healed":0.0,"max_hp_gain":0.0,"max_hp_loss":0.0,"gold_gain":150.0,"event_name":"Liars Game","player_choice":"AGREE","floor":3.0,"gold_loss":0.0,"damage_taken":0.0,"cards_obtained":["Doubt"]},{"cards_removed":["Doubt"],"damage_healed":0,"gold_gain":0,"player_choice":"Forget","damage_taken":0,"max_hp_gain":0,"max_hp_loss":0,"event_name":"Living Wall","floor":13,"gold_loss":0}],"is_beta":false,"boss_relics":[{"not_picked":["Runic Pyramid","Sozu"],"picked":"Black Star"}],"items_purged_floors":[2,19],"is_endless":false,"potions_floor_spawned":[5,6,10,14,16],"killed_by":"3 Byrds","ascension_level":20}}