{"host":"zksvs3x2ysy9npnz","time":1612669003,"event":{"mods":["Aspiration","BaseMod","Beaked The Cultist","BetterRewards","Clockwork Mod","Colored Map","Conspire","Downfall","Duelist Mod","Halation","Highlight Path","Hubris","Infinite Spire","Jedi Mod","Magitek Elite","Minty Spire (QoL Compilation)","Permanent Neow","Quick Restart","Relic Stats","Shop Mod","StSLib","The Runesmith","The Witch"],"gold_per_floor":[117,117,292,292,15,15,29,29,29,29,41,41,73,93,93,170,170,156,156,156,156,168,168,194,194,218,218,218,238,238,256,256,334,334,348,363,363,363,363,394,407,425,476,522,522,548,548,568,568,568],"floor_reached":51,"language":"FRA","playtime":3313,"items_purged":["Strike_Witch","Strike_Witch","LivingBomb"],"score":1298,"play_id":"56dd7b5d-dd24-4d70-a27f-b5b30e244535","local_time":"20210207043643","is_ascension_mode":true,"campfire_choices":[{"data":"RoilingBarrier","floor":6,"key":"SMITH"},{"data":"Hexguard","floor":10,"key":"SMITH"},{"data":"MagicFang","floor":12,"key":"SMITH"},{"floor":15,"key":"REST"},{"floor":23,"key":"REST"},{"data":"SummonRavenFamiliar","floor":25,"key":"SMITH"},{"data":"Bewitch","floor":27,"key":"SMITH"},{"data":"infinitespire:Execution","floor":30,"key":"SMITH"},{"floor":32,"key":"REST"},{"floor":47,"key":"REST"},{"data":"beaked:Ceremony","floor":49,"key":"SMITH"}],"circlet_count":0,"master_deck":["AscendersBane","Strike_Witch","Defend_Witch","Defend_Witch","Defend_Witch","Hexguard+1","ZombieSpit","PlagueSpreader+1","Doubt","RoilingBarrier+1","SaltCircle","MagicFang+1","SummonRavenFamiliar+1","Bewitch+1","CorruptBlood","Decrepify","infinitespire:Execution+1","Schadenfreude","Dark Shackles","beaked:Ceremony+1","Shrooms+1"],"relics":["BlackCat","ClockworkSouvenir","Dream Catcher","halation:BlackBeret","Akabeko","aspiration:MobileForge","hubris:FunFungus","Centennial Puzzle","hubris:ToyBattleship","hubris:VirtuousBlindfold","halation:PromiseList","hubris:Icosahedron","jedi:angrymask","PreservedInsect","halation:EternalFortune","ToyHorse"],"acts_visited":["Exordium","TheCity","TheBeyond"],"potions_floor_usage":[41,46,46],"damage_taken":[{"damage":4,"enemies":"Small Slimes","floor":1,"turns":5},{"damage":9,"enemies":"2 Louse","floor":7,"turns":4},{"damage":1,"enemies":"Cultist","floor":11,"turns":5},{"damage":20,"enemies":"Lagavulin","floor":13,"turns":9},{"damage":5,"enemies":"Large Slime","floor":14,"turns":9},{"damage":8,"enemies":"The Guardian","floor":16,"turns":13},{"damage":23,"enemies":"2 Thieves","floor":18,"turns":4},{"damage":0,"enemies":"Chosen","floor":22,"turns":6},{"damage":6,"enemies":"Nightmare","floor":24,"turns":9},{"damage":0,"enemies":"3 Cultists","floor":29,"turns":5},{"damage":0,"enemies":"Centurion and Healer","floor":31,"turns":7},{"damage":28,"enemies":"conspire:MysteriousRune","floor":33,"turns":9},{"damage":21,"enemies":"3 Shapes","floor":35,"turns":6},{"damage":12,"enemies":"Orb Walker","floor":36,"turns":6},{"damage":9,"enemies":"Nightmare","floor":40,"turns":7},{"damage":9,"enemies":"Writhing Mass","floor":41,"turns":6},{"damage":28,"enemies":"Jaw Worm Horde","floor":42,"turns":9},{"damage":14,"enemies":"Reptomancer","floor":46,"turns":8},{"damage":35,"enemies":"4 Shapes","floor":48,"turns":10},{"damage":5,"enemies":"Awakened One","floor":50,"turns":13}],"seed_played":"5608937960174106791","potions_obtained":[{"floor":1,"key":"Guardian:BlockOnCardUsePotion"},{"floor":7,"key":"Fire Potion"},{"floor":14,"key":"Dexterity Potion"},{"floor":42,"key":"AttackPotion"},{"floor":46,"key":"LiquidBronze"}],"is_trial":false,"path_per_floor":["M","?","?","?","$","R","M","?","T","R","M","R","E","M","R","B",null,"M","?","AVR","?","M","R","NM","R","T","R","?","M","R","M","R","B",null,"M","M","?","AVR","?","NM","M","M","T","T","?","E","R","M","R","B",null],"character_chosen":"WITCH","items_purchased":["ClockworkSouvenir","RoilingBarrier"],"campfire_rested":4,"item_purchase_floors":[5,5],"current_hp_per_floor":[56,56,56,56,56,56,47,47,47,47,46,46,26,21,41,33,59,36,36,36,36,40,60,58,58,58,58,42,43,43,44,64,40,60,50,45,45,45,45,40,42,42,42,42,45,45,66,52,52,70],"gold":568,"neow_bonus":"REMOVE_CARD","is_daily":false,"chose_seed":false,"campfire_upgraded":7,"win_rate":0.0,"timestamp":1612669003,"path_taken":["M","?","?","?","$","R","?","?","T","R","M","R","E","?","R","BOSS","M","?","AVR","?","M","R","NM","R","T","R","?","M","R","?","R","BOSS","M","M","?","AVR","?","NM","?","?","T","?","?","E","R","M","R","BOSS"],"items_purchased_type":["Relic","Card"],"build_version":"2020-12-22","purchased_purges":3,"victory":true,"max_hp_per_floor":[67,67,67,67,67,67,67,67,67,67,67,67,67,67,67,67,67,67,67,67,67,67,67,67,67,67,67,67,67,67,67,67,67,67,67,67,67,67,67,67,67,67,67,67,70,70,70,70,70,70],"relic_stats":{"Dream Catcher":4,"Centennial Puzzle":[27],"counters":[20,150],"PreservedInsect":61,"obtain_stats":[{"halation:BlackBeret":9,"jedi:angrymask":40,"ToyHorse":46,"hubris:VirtuousBlindfold":34,"PreservedInsect":44,"BlackCat":0,"Akabeko":13,"ClockworkSouvenir":5,"Dream Catcher":8,"Centennial Puzzle":24,"hubris:Icosahedron":39,"aspiration:MobileForge":17,"halation:EternalFortune":45,"hubris:FunFungus":20,"hubris:ToyBattleship":26,"halation:PromiseList":38},{"halation:BlackBeret":2,"jedi:angrymask":15,"ToyHorse":18,"hubris:VirtuousBlindfold":12,"PreservedInsect":17,"BlackCat":0,"Akabeko":4,"ClockworkSouvenir":1,"Dream Catcher":2,"Centennial Puzzle":9,"hubris:Icosahedron":14,"aspiration:MobileForge":6,"halation:EternalFortune":17,"hubris:FunFungus":7,"hubris:ToyBattleship":9,"halation:PromiseList":14},{"halation:BlackBeret":9,"jedi:angrymask":104,"ToyHorse":127,"hubris:VirtuousBlindfold":85,"PreservedInsect":119,"BlackCat":0,"Akabeko":23,"ClockworkSouvenir":5,"Dream Catcher":9,"Centennial Puzzle":64,"hubris:Icosahedron":97,"aspiration:MobileForge":45,"halation:EternalFortune":119,"hubris:FunFungus":49,"hubris:ToyBattleship":64,"halation:PromiseList":97}]},"card_choices":[{"not_picked":["Bewitch","SaltCircle"],"picked":"PlagueSpreader","floor":1},{"not_picked":["BlackBolt","WretchedNails"],"picked":"SaltCircle","floor":7},{"not_picked":["GrimVengeance","CursedBlade"],"picked":"MagicFang","floor":11},{"not_picked":["KarmaDrain","GrimVengeance"],"picked":"SummonRatFamiliar","floor":13},{"not_picked":["Thundercloud","Decrepify"],"picked":"SummonRavenFamiliar","floor":14},{"not_picked":["SoulBarrier","RiteOfAutumn"],"picked":"Bewitch","floor":15},{"not_picked":["Atonement","MercuryWand"],"picked":"CorruptBlood","floor":18},{"not_picked":["SummonBatFamiliar","SoulBarrier","Bewitch"],"picked":"SKIP","floor":22},{"not_picked":["WretchedNails","CursedBlade","BoneCarving"],"picked":"SKIP","floor":24},{"not_picked":["infinitespire:Punishment","infinitespire:FutureSight"],"picked":"infinitespire:Execution","floor":28},{"not_picked":["WretchedNails","BleedOut","RiteOfSummer"],"picked":"SKIP","floor":29},{"not_picked":["Atonement","BleedOut+1","PlagueSpreader"],"picked":"SKIP","floor":31},{"not_picked":["Shrooms+1","BlackShield"],"picked":"Schadenfreude","floor":32},{"not_picked":["CursedBlade+1","PlagueSpreader","Athame"],"picked":"SKIP","floor":35},{"not_picked":["RoilingBarrier","NighInvulnerability","Puncture"],"picked":"SKIP","floor":36},{"not_picked":["HandOfGreed","theDuelist:OrbMetronome"],"picked":"Dark Shackles","floor":37},{"not_picked":["RoilingBarrier","Demonfyre","Atonement+1"],"picked":"SKIP","floor":40},{"not_picked":["SoulBarrier","SkullFlask+1","Bewitch"],"picked":"SKIP","floor":41},{"not_picked":["SkullFlask","Atonement","NighInvulnerability"],"picked":"SKIP","floor":42},{"not_picked":["SummonCatFamiliar","SummonRatFamiliar","Broomstick"],"picked":"SKIP","floor":46},{"not_picked":["SummonOwlFamiliar+1","MercuryWand"],"picked":"Shrooms+1","floor":48}],"player_experience":2146267,"relics_obtained":[{"floor":9,"key":"halation:BlackBeret"},{"floor":13,"key":"Akabeko"},{"floor":24,"key":"Centennial Puzzle"},{"floor":26,"key":"hubris:ToyBattleship"},{"floor":40,"key":"jedi:angrymask"},{"floor":44,"key":"PreservedInsect"},{"floor":46,"key":"ToyHorse"}],"event_choices":[{"damage_healed":0,"gold_gain":175,"player_choice":"AGREE","damage_taken":0,"max_hp_gain":0,"max_hp_loss":0,"event_name":"Liars Game","floor":3,"gold_loss":0,"cards_obtained":["Doubt"]},{"damage_healed":0,"gold_gain":0,"player_choice":"0 cards matched","damage_taken":0,"max_hp_gain":0,"max_hp_loss":0,"event_name":"Match and Keep!","floor":4,"gold_loss":0,"cards_obtained":[]},{"damage_healed":0,"gold_gain":0,"player_choice":"Gave Potion","damage_taken":0,"relics_obtained":["Dream Catcher"],"max_hp_gain":0,"max_hp_loss":0,"event_name":"WeMeetAgain","floor":8,"gold_loss":0},{"damage_healed":0,"gold_gain":0,"cards_transformed":["SummonRatFamiliar","Strike_Witch"],"player_choice":"Became Test Subject","damage_taken":0,"max_hp_gain":0,"max_hp_loss":0,"event_name":"Drug Dealer","floor":19,"gold_loss":0,"cards_obtained":["Decrepify","LivingBomb"]},{"damage_healed":0,"gold_gain":0,"player_choice":"Leave","damage_taken":0,"max_hp_gain":0,"max_hp_loss":0,"event_name":"conspire:Investor","floor":21,"gold_loss":0},{"damage_healed":0,"gold_gain":0,"player_choice":"Memory 1","damage_taken":0,"max_hp_gain":0,"max_hp_loss":0,"event_name":"SensoryStone","floor":37,"gold_loss":0}],"is_beta":false,"boss_relics":[{"not_picked":["Sozu","bronze:MakeshiftBattery"],"picked":"aspiration:MobileForge"},{"not_picked":["hubris:BlackHole","Philosopher\u0027s Stone"],"picked":"hubris:VirtuousBlindfold"}],"items_purged_floors":[5,20,38],"is_endless":false,"potions_floor_spawned":[1,7,14,16,29,33,36,40,42,46],"ascension_level":13}}