{"host":"c0rqchpxu0yjpthq","time":1612701965,"event":{"mods":["Arknights","BaseMod","Challenge The Spire","HololiveMod","Minty Spire (QoL Compilation)","Relic Stats","Spicy Shops","StSLib"],"gold_per_floor":[117,117,117,132,132,166,177,206,206,206,206,28,28,40,40,137,137,153,167,185,185,15,15,49,68,121,121,121,133,162,173,173,271,271,288,93,93,143,143,143,177,177,177,190,210,236,3,23,23,23],"floor_reached":51,"language":"ZHS","playtime":2938,"items_purged":[],"score":828,"play_id":"b3fc4d4d-37c4-40b9-a8f6-3aa3e07081f2","local_time":"20210207204605","is_ascension_mode":false,"campfire_choices":[{"floor":10.0,"key":"REST"},{"data":"Defragment","floor":13.0,"key":"SMITH"},{"data":"Zap","floor":15.0,"key":"SMITH"},{"floor":23,"key":"REST"},{"floor":28,"key":"REST"},{"floor":32,"key":"REST"},{"data":"Defragment","floor":40,"key":"SMITH"},{"data":"Capacitor","floor":42,"key":"SMITH"},{"data":"Storm","floor":49,"key":"SMITH"}],"circlet_count":0,"master_deck":["Strike_B+1","Strike_B+1","Strike_B+1","Strike_B+1","Defend_B+1","Defend_B+1","Defend_B+1","Defend_B+1","Zap+1","Dualcast+1","Capacitor+1","Lockon","Defragment+1","Rainbow+1","Fusion+1","Turbo+1","Aggregate+1","Multi-Cast+1","White Noise+1","Loop","Storm+1","Electrodynamics","Defragment+1","Reboot+1","Redo+1","White Noise+1","Melter+1","Force Field+1","White Noise+1","Panache","Redo+1"],"relics":["Runic Pyramid","Pear","Bird Faced Urn","Calipers","Lizard Tail","Toxic Egg 2","Lee\u0027s Waffle","Black Star","Membership Card","Ancient Tea Set","Vajra","Bag of Preparation","Pen Nib","Nunchaku","War Paint","SlaversCollar","TungstenRod","Unceasing Top","Eternal Feather","Regal Pillow","Torii","Juzu Bracelet","Lantern","Ginger","Medical Kit"],"acts_visited":["Exordium","TheCity","TheBeyond"],"potions_floor_usage":[24,24,24,33,50,50,50],"damage_taken":[{"damage":2.0,"enemies":"2 Louse","floor":1.0,"turns":3.0},{"damage":14.0,"enemies":"Cultist","floor":4.0,"turns":4.0},{"damage":28.0,"enemies":"3 Sentries","floor":6.0,"turns":10.0},{"damage":15.0,"enemies":"Small Slimes","floor":7.0,"turns":5.0},{"damage":25.0,"enemies":"Lagavulin","floor":8.0,"turns":8.0},{"damage":12.0,"enemies":"3 Louse","floor":14.0,"turns":3.0},{"damage":64.0,"enemies":"Hexaghost","floor":16.0,"turns":10.0},{"damage":48,"enemies":"2 Thieves","floor":18,"turns":5},{"damage":11,"enemies":"Chosen","floor":19,"turns":5},{"damage":21,"enemies":"Snecko","floor":20,"turns":5},{"damage":43,"enemies":"Slavers","floor":24,"turns":5},{"damage":33,"enemies":"3 Cultists","floor":25,"turns":5},{"damage":18,"enemies":"Snake Plant","floor":29,"turns":3},{"damage":34,"enemies":"Gremlin Leader","floor":30,"turns":8},{"damage":0,"enemies":"Sentry and Sphere","floor":31,"turns":3},{"damage":33,"enemies":"Collector","floor":33,"turns":9},{"damage":16,"enemies":"3 Shapes","floor":35,"turns":2},{"damage":0,"enemies":"Mind Bloom Boss Battle","floor":38,"turns":5},{"damage":0,"enemies":"Giant Head","floor":41,"turns":6},{"damage":15,"enemies":"3 Darklings","floor":44,"turns":3},{"damage":26,"enemies":"Jaw Worm Horde","floor":45,"turns":2},{"damage":0,"enemies":"Reptomancer","floor":46,"turns":2},{"damage":14,"enemies":"Writhing Mass","floor":48,"turns":3},{"damage":36,"enemies":"Awakened One","floor":50,"turns":6}],"seed_played":"6053883058389660029","potions_obtained":[{"floor":1.0,"key":"Swift Potion"},{"floor":14.0,"key":"Swift Potion"},{"floor":18,"key":"EssenceOfSteel"},{"floor":19,"key":"EssenceOfDarkness"},{"floor":30,"key":"Swift Potion"},{"floor":31,"key":"SteroidPotion"},{"floor":38,"key":"Block Potion"},{"floor":44,"key":"Fire Potion"},{"floor":45,"key":"LiquidBronze"}],"is_trial":false,"path_per_floor":["M","?","?","M","?","E","M","E","T","R","?","$","R","M","R","B",null,"M","M","M","?","$","R","E","M","T","T","R","M","E","M","R","B",null,"M","$","?","?","?","R","E","R","T","M","M","E","$","M","R","B",null],"character_chosen":"DEFECT","items_purchased":["Lee\u0027s Waffle","Defragment","Membership Card","ColorlessPotion","TungstenRod","Defragment","Reboot+1","Ginger","Medical Kit","Panache"],"campfire_rested":4,"item_purchase_floors":[12,12,22,22,36,36,36,47,47,47],"current_hp_per_floor":[73,83,85,71,71,43,30,7,7,32,32,92,92,80,80,20,92,44,37,20,20,20,47,8,26,26,26,53,39,11,19,46,23,92,80,80,80,92,89,89,89,89,89,80,60,74,74,76,89,73],"gold":23,"neow_bonus":"BOSS_RELIC","is_daily":false,"chose_seed":false,"campfire_upgraded":5,"win_rate":0.0,"timestamp":1612701965,"path_taken":["M","?","?","?","?","E","M","E","T","R","?","$","R","M","R","BOSS","M","M","?","?","$","R","E","M","T","?","R","M","E","M","R","BOSS","M","$","?","?","?","R","E","R","T","M","M","E","$","M","R","BOSS"],"items_purchased_type":["Relic","Card","Relic","Potion","Relic","Card","Card","Relic","Relic","Card"],"build_version":"2020-12-22","purchased_purges":0,"victory":true,"max_hp_per_floor":[75,85,85,85,85,85,85,85,85,85,85,92,92,92,92,92,92,92,92,92,92,92,92,92,92,92,92,92,92,92,92,92,92,92,92,92,92,92,89,89,89,89,89,89,89,89,89,89,89,89],"relic_stats":{"Lee\u0027s Waffle":60,"Regal Pillow":0,"Torii":1,"counters":[24,120],"Eternal Feather":13,"Pen Nib":[7],"Bag of Preparation":[24],"Juzu Bracelet":0,"Ginger":[0],"War Paint":["Dualcast"],"Medical Kit":[0],"Lizard Tail":46,"Nunchaku":[6],"Bird Faced Urn":[130],"Black Star":4,"obtain_stats":[{"Regal Pillow":41,"Lantern":46,"Calipers":8,"Torii":43,"Vajra":24,"Bag of Preparation":26,"Juzu Bracelet":46,"Ginger":47,"Ancient Tea Set":24,"Lizard Tail":9,"Nunchaku":30,"Toxic Egg 2":11,"Cracked Core":0,"Runic Pyramid":0,"Lee\u0027s Waffle":12,"Pear":2,"Eternal Feather":41,"Pen Nib":27,"War Paint":30,"Medical Kit":47,"SlaversCollar":34,"Bird Faced Urn":6,"Black Star":17,"Membership Card":22,"TungstenRod":36,"Unceasing Top":38},{"Regal Pillow":19,"Lantern":22,"Calipers":5,"Torii":19,"Vajra":11,"Bag of Preparation":12,"Juzu Bracelet":22,"Ginger":22,"Ancient Tea Set":11,"Lizard Tail":5,"Nunchaku":14,"Toxic Egg 2":5,"Cracked Core":0,"Runic Pyramid":0,"Lee\u0027s Waffle":5,"Pear":1,"Eternal Feather":19,"Pen Nib":12,"War Paint":14,"Medical Kit":22,"SlaversCollar":16,"Bird Faced Urn":3,"Black Star":7,"Membership Card":10,"TungstenRod":17,"Unceasing Top":18},{"Regal Pillow":104,"Lantern":111,"Calipers":30,"Torii":104,"Vajra":63,"Bag of Preparation":68,"Juzu Bracelet":111,"Ginger":111,"Ancient Tea Set":63,"Lizard Tail":30,"Nunchaku":79,"Toxic Egg 2":30,"Cracked Core":0,"Runic Pyramid":0,"Lee\u0027s Waffle":30,"Pear":3,"Eternal Feather":104,"Pen Nib":68,"War Paint":79,"Medical Kit":111,"SlaversCollar":91,"Bird Faced Urn":17,"Black Star":43,"Membership Card":58,"TungstenRod":93,"Unceasing Top":98}],"TungstenRod":8,"Unceasing Top":[31]},"card_choices":[{"not_picked":["Hologram","Rebound"],"picked":"Capacitor","floor":1.0},{"not_picked":["Glacier","Reprogram","Hologram"],"picked":"SKIP","floor":4.0},{"not_picked":["Steam","Redo","Hello World"],"picked":"SKIP","floor":6.0},{"not_picked":["Hello World","Beam Cell"],"picked":"Lockon","floor":7.0},{"not_picked":["Stack","Steam Power"],"picked":"Rip and Tear","floor":8.0},{"not_picked":["Hologram+1","BootSequence+1","Cold Snap"],"picked":"SKIP","floor":14.0},{"not_picked":["Meteor Strike","Amplify+1"],"picked":"Rainbow+1","floor":16.0},{"not_picked":["Consume+1","Sunder"],"picked":"Fusion+1","floor":18},{"not_picked":["Stack+1","Streamline+1"],"picked":"Turbo+1","floor":19},{"not_picked":["Turbo+1","Redo+1"],"picked":"Aggregate+1","floor":20},{"not_picked":["Conserve Battery+1","Rip and Tear+1"],"picked":"Multi-Cast+1","floor":24},{"not_picked":["Beam Cell","Compile Driver","Streamline"],"picked":"SKIP","floor":25},{"not_picked":["Beam Cell","Reprogram+1"],"picked":"White Noise+1","floor":29},{"not_picked":["Undo+1","Hologram+1"],"picked":"Loop","floor":30},{"not_picked":["Barrage","Leap+1"],"picked":"Storm","floor":31},{"not_picked":["Amplify+1","All For One"],"picked":"Electrodynamics","floor":33},{"not_picked":["Cold Snap","Conserve Battery+1","Leap+1"],"picked":"SKIP","floor":35},{"not_picked":["BootSequence+1","Sweeping Beam+1"],"picked":"Redo+1","floor":38},{"not_picked":["Lockon+1","Self Repair"],"picked":"White Noise+1","floor":41},{"not_picked":["Auto Shields+1","Stack+1"],"picked":"Melter+1","floor":44},{"not_picked":["Ball Lightning","Leap+1"],"picked":"Force Field+1","floor":45},{"not_picked":["Meteor Strike","Doom and Gloom+1"],"picked":"White Noise+1","floor":46},{"not_picked":["Beam Cell+1","Leap+1"],"picked":"Redo+1","floor":48}],"player_experience":37828,"relics_obtained":[{"floor":6.0,"key":"Bird Faced Urn"},{"floor":8.0,"key":"Calipers"},{"floor":9.0,"key":"Lizard Tail"},{"floor":24,"key":"Ancient Tea Set"},{"floor":24,"key":"Vajra"},{"floor":26,"key":"Bag of Preparation"},{"floor":27,"key":"Pen Nib"},{"floor":30,"key":"Nunchaku"},{"floor":30,"key":"War Paint"},{"floor":38,"key":"Unceasing Top"},{"floor":41,"key":"Eternal Feather"},{"floor":41,"key":"Regal Pillow"},{"floor":43,"key":"Torii"},{"floor":46,"key":"Juzu Bracelet"},{"floor":46,"key":"Lantern"}],"event_choices":[{"damage_healed":0.0,"max_hp_gain":0.0,"max_hp_loss":0.0,"gold_gain":0.0,"event_name":"Big Fish","player_choice":"Box","floor":2.0,"gold_loss":0.0,"damage_taken":0.0,"relics_obtained":["Pear"],"cards_obtained":["Regret"]},{"damage_healed":2.0,"max_hp_gain":0.0,"max_hp_loss":0.0,"gold_gain":0.0,"event_name":"Wheel of Change","player_choice":"Full Heal","floor":3.0,"gold_loss":0.0,"damage_taken":0.0},{"cards_removed":["Regret"],"damage_healed":0.0,"max_hp_gain":0.0,"max_hp_loss":0.0,"gold_gain":0.0,"event_name":"Living Wall","player_choice":"Forget","floor":5.0,"gold_loss":0.0,"damage_taken":0.0},{"damage_healed":0.0,"max_hp_gain":0.0,"max_hp_loss":0.0,"gold_gain":0.0,"event_name":"WeMeetAgain","player_choice":"Gave Potion","floor":11.0,"gold_loss":0.0,"damage_taken":0.0,"relics_obtained":["Toxic Egg 2"]},{"damage_healed":0,"gold_gain":0,"player_choice":"Simplicity","damage_taken":0,"max_hp_gain":0,"max_hp_loss":0,"event_name":"Back to Basics","floor":21,"gold_loss":0,"cards_upgraded":["Strike_B","Strike_B","Strike_B","Strike_B","Defend_B","Defend_B","Defend_B","Defend_B"]},{"cards_removed":["Rip and Tear"],"damage_healed":0,"gold_gain":0,"player_choice":"Removed Attack","damage_taken":0,"max_hp_gain":0,"max_hp_loss":0,"event_name":"Falling","floor":37,"gold_loss":0},{"damage_healed":0,"gold_gain":0,"player_choice":"Fight","damage_taken":0,"max_hp_gain":0,"max_hp_loss":0,"event_name":"MindBloom","floor":38,"gold_loss":0},{"cards_removed":["Parasite"],"damage_healed":0,"gold_gain":0,"player_choice":"Removed Curses","damage_taken":0,"max_hp_gain":0,"max_hp_loss":0,"event_name":"Fountain of Cleansing","floor":39,"gold_loss":0}],"is_beta":false,"boss_relics":[{"not_picked":["Philosopher\u0027s Stone","SacredBark"],"picked":"Black Star"},{"not_picked":["Empty Cage","Hololive_TopUpMoneyS"],"picked":"SlaversCollar"}],"items_purged_floors":[],"is_endless":false,"potions_floor_spawned":[1,14,18,19,30,31,38,44,45],"ascension_level":0}}