{"host":"i2ntsfwoh5q5m216","time":1612670736,"event":{"mods":["BaseMod","Colored Map","Downfall","Minty Spire (QoL Compilation)","StSLib"],"gold_per_floor":[111,128,142,142,156,187,287,298,298,327,125,125,154,172,172,172,172],"floor_reached":16,"language":"ENG","playtime":399,"items_purged":[],"score":128,"play_id":"5f27c176-8944-46b2-b705-b239c20dcfba","local_time":"20210206220536","is_ascension_mode":true,"campfire_choices":[{"data":"Body Slam","floor":12,"key":"SMITH"},{"floor":15,"key":"REST"}],"circlet_count":0,"master_deck":["Strike_R","Strike_R","Strike_R","Strike_R","Strike_R","Defend_R","Defend_R","Defend_R","Defend_R","Bash","Flex","Iron Wave","Pummel","Body Slam+1","Clash","Spot Weakness","Flex","Flame Barrier"],"relics":["Burning Blood","NeowsBlessing","Omamori","Question Card","Bag of Preparation","Vajra","Ginger"],"acts_visited":["Exordium"],"potions_floor_usage":[14,16],"damage_taken":[{"damage":0,"enemies":"Cultist","floor":1,"turns":1},{"damage":0,"enemies":"Small Slimes","floor":2,"turns":1},{"damage":0,"enemies":"Jaw Worm","floor":3,"turns":1},{"damage":11,"enemies":"2 Fungi Beasts","floor":5,"turns":5},{"damage":28,"enemies":"3 Sentries","floor":6,"turns":12},{"damage":23,"enemies":"3 Louse","floor":8,"turns":4},{"damage":8,"enemies":"Gremlin Nob","floor":10,"turns":4},{"damage":31,"enemies":"Lagavulin","floor":13,"turns":4},{"damage":8,"enemies":"Exordium Wildlife","floor":14,"turns":3},{"damage":33,"enemies":"Slime Boss","floor":16,"turns":11}],"seed_played":"2877487195559470148","potions_obtained":[{"floor":6,"key":"Swift Potion"},{"floor":13,"key":"BlessingOfTheForge"},{"floor":14,"key":"Dexterity Potion"}],"is_trial":false,"path_per_floor":["M","M","M","?","M","E","?","M","T","E","$","R","E","M","R","B"],"character_chosen":"IRONCLAD","items_purchased":["Flex","Vajra"],"campfire_rested":1,"item_purchase_floors":[11,11],"current_hp_per_floor":[80,80,80,80,75,53,53,36,36,34,34,34,9,7,31,0,0],"gold":172,"neow_bonus":"THREE_ENEMY_KILL","is_daily":false,"chose_seed":false,"campfire_upgraded":1,"win_rate":0.0,"timestamp":1612670736,"path_taken":["M","M","?","?","?","E","?","M","T","E","$","R","E","M","R","BOSS"],"items_purchased_type":["Card","Relic"],"build_version":"2020-12-22","purchased_purges":0,"victory":false,"max_hp_per_floor":[80,80,80,80,80,80,80,80,80,80,80,80,80,80,80,80,80],"card_choices":[{"not_picked":["Sword Boomerang","Uppercut"],"picked":"Flex","floor":1},{"not_picked":["Reaper","Sword Boomerang"],"picked":"Havoc","floor":2},{"not_picked":["Heavy Blade","Cleave"],"picked":"Iron Wave","floor":3},{"not_picked":["Heavy Blade","Clash"],"picked":"Pummel","floor":5},{"not_picked":["Anger","Intimidate"],"picked":"Body Slam","floor":6},{"not_picked":["Flex","Inflame"],"picked":"Clash","floor":8},{"not_picked":["Second Wind","Clothesline","Sword Boomerang"],"picked":"Spot Weakness","floor":10},{"not_picked":["Headbutt","Whirlwind","Clothesline","Thunderclap"],"picked":"SKIP","floor":13},{"not_picked":["Pommel Strike","Clothesline","Thunderclap"],"picked":"Flame Barrier","floor":14}],"player_experience":43847,"relics_obtained":[{"floor":6,"key":"Omamori"},{"floor":9,"key":"Question Card"},{"floor":10,"key":"Bag of Preparation"},{"floor":13,"key":"Ginger"}],"event_choices":[{"cards_removed":["Havoc"],"damage_healed":5,"gold_gain":0,"player_choice":"Offered Common","damage_taken":0,"max_hp_gain":0,"max_hp_loss":0,"event_name":"Bonfire Elementals","floor":4,"gold_loss":0},{"cards_removed":["Havoc"],"damage_healed":5,"gold_gain":0,"player_choice":"Offered Special","damage_taken":0,"max_hp_gain":0,"max_hp_loss":0,"event_name":"Bonfire Elementals","floor":4,"gold_loss":0},{"damage_healed":0,"gold_gain":100,"player_choice":"Pray","damage_taken":0,"max_hp_gain":0,"max_hp_loss":0,"event_name":"Golden Shrine","floor":7,"gold_loss":0}],"is_beta":false,"boss_relics":[],"items_purged_floors":[],"is_endless":false,"potions_floor_spawned":[6,13,14],"killed_by":"Slime Boss","ascension_level":1}}