{"host":"soyfmymeou4emntr","time":1612673811,"event":{"mods":["BaseMod","Minty Spire (QoL Compilation)","Permanent Neow","Relic Sorter","Relic Stats","StSLib"],"gold_per_floor":[114,114,126,288,300,312,324,324],"floor_reached":7,"language":"ENG","playtime":236,"items_purged":[],"score":74,"play_id":"8ccd9391-e128-440a-a725-97e294773a24","local_time":"20210206215651","is_ascension_mode":true,"campfire_choices":[{"data":"Bash","floor":6,"key":"SMITH"}],"circlet_count":0,"master_deck":["AscendersBane","Strike_R","Strike_R","Strike_R","Strike_R","Strike_R","Defend_R","Defend_R","Defend_R","Defend_R","Bash+1","Body Slam","Doubt"],"relics":["Mark of Pain","MawBank","Golden Idol"],"acts_visited":["Exordium"],"potions_floor_usage":[],"damage_taken":[{"damage":6,"enemies":"Cultist","floor":1,"turns":4},{"damage":50,"enemies":"3 Sentries","floor":7,"turns":5}],"seed_played":"-3837336575046991697","potions_obtained":[],"is_trial":false,"path_per_floor":["M","?","$","?","?","R","E"],"character_chosen":"IRONCLAD","items_purchased":[],"campfire_rested":0,"item_purchase_floors":[],"current_hp_per_floor":[62,44,44,44,44,44,0,0],"gold":324,"neow_bonus":"BOSS_RELIC","is_daily":false,"chose_seed":false,"campfire_upgraded":1,"win_rate":0.0,"timestamp":1612673811,"path_taken":["M","?","$","?","?","R","E"],"items_purchased_type":[],"build_version":"2020-12-22","purchased_purges":0,"victory":false,"max_hp_per_floor":[75,75,75,75,68,68,68,68],"relic_stats":{"counters":[2,9],"Golden Idol":0,"MawBank":60,"obtain_stats":[{"Golden Idol":5,"Mark of Pain":0,"MawBank":2,"Burning Blood":0},{"Golden Idol":1,"Mark of Pain":0,"MawBank":1,"Burning Blood":0},{"Golden Idol":4,"Mark of Pain":0,"MawBank":4,"Burning Blood":0}]},"card_choices":[{"not_picked":["Flex","Blood for Blood"],"picked":"Body Slam","floor":1}],"player_experience":3092929,"relics_obtained":[],"event_choices":[{"damage_healed":0,"gold_gain":0,"player_choice":"Success","damage_taken":18,"relics_obtained":["MawBank"],"max_hp_gain":0,"max_hp_loss":0,"event_name":"Scrap Ooze","floor":2,"gold_loss":0},{"damage_healed":0,"gold_gain":150,"player_choice":"AGREE","damage_taken":0,"max_hp_gain":0,"max_hp_loss":0,"event_name":"Liars Game","floor":4,"gold_loss":0,"cards_obtained":["Doubt"]},{"damage_healed":0,"gold_gain":0,"player_choice":"Lose Max HP","damage_taken":0,"relics_obtained":["Golden Idol"],"max_hp_gain":0,"max_hp_loss":7,"event_name":"Golden Idol","floor":5,"gold_loss":0}],"is_beta":false,"boss_relics":[],"items_purged_floors":[],"is_endless":false,"potions_floor_spawned":[],"killed_by":"3 Sentries","ascension_level":20}}