{"host":"nnmmiiw4bez2c8ei","time":1612670526,"event":{"mods":["AchievementEnabler","BaseMod","Colored Map","Colored Powertips","Minty Spire (QoL Compilation)","Rare Cards Sparkle","StSLib"],"gold_per_floor":[153,186,225,120,174,249,8,83,83,164,164,78,104,143,143,437,437,785,710,758,208,238,238,319,355,355,454,91,100,178,280,280,595,595,628,628,628],"floor_reached":36,"language":"KOR","playtime":1488,"items_purged":[],"score":835,"play_id":"ce37cf0d-48fe-4efa-af83-350ed97a13fb","local_time":"20210207130206","daily_mods":["Draft","Vintage","Allstar","Heirloom","DeadlyEvents","Cursed Run","Elite Swarm","Midas","Binary"],"is_ascension_mode":false,"campfire_choices":[{"floor":11.0,"key":"REST"},{"floor":15.0,"key":"REST"},{"floor":23.0,"key":"REST"},{"floor":32.0,"key":"REST"}],"circlet_count":0,"master_deck":["Demon Form","Wraith Form v2","Echo Form","DevaForm","Shockwave","Feel No Pain","Thunderclap","Pommel Strike","Entrench","Disarm","Dark Embrace","Evolve","Metallicize","Rampage+1","Rampage","Pummel+1","Thunderclap","Pommel Strike","Second Wind","Wild Strike","Clumsy","Panacea","Injury","Flame Barrier","Fire Breathing","Decay","Dual Wield","Normality","Decay"],"relics":["Cursed Key","Darkstone Periapt","Du-Vu Doll","Busted Crown","WingedGreaves","Magic Flower","Happy Flower","Incense Burner","Mango","Red Skull","Gremlin Horn","Strawberry","Matryoshka","Nunchaku","Meat on the Bone","Akabeko","Omamori","Calling Bell","Bronze Scales","Paper Frog","Gambling Chip","Old Coin","Tiny Chest","Boot","Potion Belt","Centennial Puzzle","StoneCalendar","Pear","CeramicFish","Champion Belt","HornCleat","Whetstone","ClockworkSouvenir","Blood Vial","The Courier","Mercury Hourglass","SacredBark","Pen Nib"],"acts_visited":["Exordium","TheCity","TheBeyond"],"potions_floor_usage":[],"damage_taken":[{"damage":4.0,"enemies":"Cultist","floor":1.0,"turns":3.0},{"damage":18.0,"enemies":"Jaw Worm","floor":2.0,"turns":3.0},{"damage":0.0,"enemies":"Small Slimes","floor":3.0,"turns":3.0},{"damage":19.0,"enemies":"Exordium Wildlife","floor":5.0,"turns":3.0},{"damage":5.0,"enemies":"3 Sentries","floor":6.0,"turns":6.0},{"damage":1.0,"enemies":"Gremlin Nob","floor":8.0,"turns":5.0},{"damage":12.0,"enemies":"3 Sentries","floor":10.0,"turns":4.0},{"damage":14.0,"enemies":"Blue Slaver","floor":14.0,"turns":3.0},{"damage":54.0,"enemies":"Hexaghost","floor":16.0,"turns":6.0},{"damage":17.0,"enemies":"3 Byrds","floor":18.0,"turns":3.0},{"damage":14.0,"enemies":"Spheric Guardian","floor":20.0,"turns":5.0},{"damage":5.0,"enemies":"Snake Plant","floor":22.0,"turns":3.0},{"damage":19.0,"enemies":"Slavers","floor":24.0,"turns":4.0},{"damage":18.0,"enemies":"Snecko","floor":25.0,"turns":4.0},{"damage":9.0,"enemies":"Gremlin Leader","floor":27.0,"turns":3.0},{"damage":23.0,"enemies":"Slavers","floor":30.0,"turns":2.0},{"damage":8.0,"enemies":"Book of Stabbing","floor":31.0,"turns":3.0},{"damage":14.0,"enemies":"Collector","floor":33.0,"turns":6.0},{"damage":0.0,"enemies":"3 Shapes","floor":35.0,"turns":2.0},{"damage":0,"enemies":"3 Darklings","floor":36,"turns":2}],"seed_played":"-4612331521218165772","potions_obtained":[{"floor":1.0,"key":"GamblersBrew"},{"floor":2.0,"key":"LiquidMemories"},{"floor":3.0,"key":"Block Potion"},{"floor":8.0,"key":"EssenceOfSteel"},{"floor":10.0,"key":"SteroidPotion"},{"floor":18.0,"key":"Weak Potion"},{"floor":22.0,"key":"Dexterity Potion"},{"floor":27.0,"key":"BlessingOfTheForge"},{"floor":30.0,"key":"FearPotion"},{"floor":35,"key":"SkillPotion"}],"is_trial":true,"path_per_floor":["M","M","M","$","M","E","$","E","T","E","R","$","T","M","R","B",null,"M","?","M","$","M","R","E","M","T","E","$","T","E","E","R","B",null,"M","M"],"character_chosen":"IRONCLAD","items_purchased":["Second Wind","Wild Strike","Gremlin Horn","Panacea","Flame Barrier","Boot","Potion Belt","Fire Breathing","AttackPotion","SkillPotion","Whetstone","ClockworkSouvenir","Dual Wield"],"campfire_rested":4,"item_purchase_floors":[4,4,7,12,21,21,21,21,21,21,28,28,28],"current_hp_per_floor":[76,58,58,58,53,48,48,54,60,48,80,80,86,72,105,69,113,96,96,82,82,77,110,91,83,89,80,80,86,84,79,119,114,141,141,141,141],"gold":628,"neow_bonus":"","is_daily":false,"chose_seed":false,"campfire_upgraded":0,"win_rate":0.0,"timestamp":1612670526,"path_taken":["M","M","M","$","M","E","?","E","T","E","R","$","?","M","R","BOSS","M","?","M","$","?","R","E","?","T","?","$","?","E","?","R","BOSS","M","M"],"items_purchased_type":["Card","Card","Relic","Card","Card","Relic","Relic","Card","Potion","Potion","Relic","Relic","Card"],"build_version":"2020-12-22","purchased_purges":0,"victory":false,"max_hp_per_floor":[80,80,80,80,94,94,94,101,107,107,107,107,113,113,113,113,113,113,113,113,113,113,113,113,123,129,129,129,135,135,135,135,141,141,141,141,141],"card_choices":[{"not_picked":["Sever Soul","Disarm"],"picked":"Shockwave","floor":0.0},{"not_picked":["Armaments","Iron Wave"],"picked":"Feel No Pain","floor":0.0},{"not_picked":["Bloodletting","Armaments"],"picked":"Thunderclap","floor":0.0},{"not_picked":["Twin Strike","Clash"],"picked":"Pommel Strike","floor":0.0},{"not_picked":["Perfected Strike","Body Slam"],"picked":"Entrench","floor":0.0},{"not_picked":["Wild Strike","True Grit"],"picked":"Disarm","floor":0.0},{"not_picked":["Sword Boomerang","Pommel Strike"],"picked":"Dark Embrace","floor":0.0},{"not_picked":["Iron Wave","Uppercut"],"picked":"Evolve","floor":0.0},{"not_picked":["Flex","Thunderclap"],"picked":"Metallicize","floor":0.0},{"not_picked":["Anger","Cleave"],"picked":"Rampage","floor":0.0},{"not_picked":["Perfected Strike","Headbutt"],"picked":"True Grit","floor":0.0},{"not_picked":["Sever Soul","Body Slam"],"picked":"Rampage","floor":0.0},{"not_picked":["Headbutt","True Grit"],"picked":"Pummel","floor":0.0},{"not_picked":["Twin Strike","Cleave"],"picked":"Thunderclap","floor":0.0},{"not_picked":["Dark Embrace","Twin Strike"],"picked":"Pommel Strike","floor":0.0}],"player_experience":514640,"relics_obtained":[{"floor":1.0,"key":"Magic Flower"},{"floor":2.0,"key":"Happy Flower"},{"floor":3.0,"key":"Incense Burner"},{"floor":5.0,"key":"Mango"},{"floor":6.0,"key":"Red Skull"},{"floor":8.0,"key":"Strawberry"},{"floor":9.0,"key":"Matryoshka"},{"floor":10.0,"key":"Nunchaku"},{"floor":13.0,"key":"Meat on the Bone"},{"floor":13.0,"key":"Akabeko"},{"floor":14.0,"key":"Omamori"},{"floor":17.0,"key":"Bronze Scales"},{"floor":17.0,"key":"Paper Frog"},{"floor":17.0,"key":"Gambling Chip"},{"floor":18.0,"key":"Old Coin"},{"floor":20.0,"key":"Tiny Chest"},{"floor":22.0,"key":"Centennial Puzzle"},{"floor":24.0,"key":"StoneCalendar"},{"floor":25.0,"key":"Pear"},{"floor":26.0,"key":"CeramicFish"},{"floor":26.0,"key":"Champion Belt"},{"floor":27.0,"key":"HornCleat"},{"floor":29.0,"key":"Blood Vial"},{"floor":30.0,"key":"The Courier"},{"floor":31.0,"key":"Mercury Hourglass"},{"floor":35,"key":"Pen Nib"}],"event_choices":[{"cards_removed":["True Grit"],"damage_healed":0.0,"max_hp_gain":0.0,"max_hp_loss":0.0,"gold_gain":0.0,"event_name":"Beggar","player_choice":"Gave Gold","floor":19.0,"gold_loss":75.0,"damage_taken":0.0}],"is_beta":false,"boss_relics":[{"not_picked":["Sozu","Coffee Dripper"],"picked":"Calling Bell"},{"not_picked":["Fusion Hammer","SlaversCollar"],"picked":"SacredBark"}],"items_purged_floors":[],"is_endless":true,"potions_floor_spawned":[1,2,3,8,10,18,22,27,30,35],"killed_by":"3 Darklings","ascension_level":0}}