{"host":"dztixnx9b0gu6w9i","time":1612720478,"event":{"mods":["BaseMod","Bestiary","Minty Spire (QoL Compilation)","Relic Stats","Slay the Relics Exporter","SpireBot","ojb\u0027s Better Paths Mod","ojb\u0027s Info Mod"],"gold_per_floor":[109,124,124,139,152,186,29,29,100,0,0,35,35,63,63,139,139,158,173,44,44,44,70,80,111,135,153,186,202,202,202,202,278,278,298,298,314,329,343,378,123,148,173,190,217,217,248,267,267,267,267,267,267,33,64,64],"floor_reached":57,"language":"ENG","playtime":8085,"items_purged":["Strike_B","Strike_B"],"score":3325,"play_id":"1afbfa9c-4fa3-4293-963e-2446c22a99f2","local_time":"20210207125438","is_ascension_mode":true,"campfire_choices":[{"data":"Defragment","floor":8,"key":"SMITH"},{"floor":11,"key":"REST"},{"data":"Buffer","floor":15,"key":"SMITH"},{"data":"Defragment","floor":30,"key":"SMITH"},{"data":"Capacitor","floor":32,"key":"SMITH"},{"data":"Hologram","floor":46,"key":"SMITH"},{"floor":49,"key":"RECALL"},{"data":"Defragment","floor":53,"key":"SMITH"}],"circlet_count":0,"master_deck":["AscendersBane","Strike_B","Strike_B","Defend_B","Defend_B","Defend_B","Defend_B","Zap","Dualcast","Compile Driver","Defragment+1","FTL","Sweeping Beam","Auto Shields","Defragment+1","Core Surge","Buffer+1","Echo Form","Compile Driver","Hologram","Capacitor+1","Reinforced Body","Rainbow","Multi-Cast","Ball Lightning","Coolheaded","Hologram+1","Echo Form","All For One","Skim","Genetic Algorithm","Coolheaded+1","Glacier","Defragment+1","Undo+1","Fusion","Thunder Strike","Panache","Conserve Battery+1"],"relics":["Cracked Core","Pocketwatch","PreservedInsect","Kunai","Oddly Smooth Stone","Cables","Snecko Eye","Mummified Hand","Toy Ornithopter","Pen Nib","Orichalcum","Lantern","Sozu","Juzu Bracelet","Lee\u0027s Waffle","Eternal Feather","The Courier","Centennial Puzzle","Bird Faced Urn"],"acts_visited":["Exordium","TheCity","TheBeyond","TheEnding"],"potions_floor_usage":[6,12,23,25,39,56],"damage_taken":[{"damage":14,"enemies":"Jaw Worm","floor":1,"turns":4},{"damage":8,"enemies":"Cultist","floor":2,"turns":5},{"damage":7,"enemies":"2 Louse","floor":4,"turns":2},{"damage":7,"enemies":"Lots of Slimes","floor":5,"turns":5},{"damage":25,"enemies":"Gremlin Nob","floor":6,"turns":4},{"damage":5,"enemies":"3 Sentries","floor":12,"turns":5},{"damage":7,"enemies":"Lagavulin","floor":14,"turns":5},{"damage":0,"enemies":"The Guardian","floor":16,"turns":10},{"damage":0,"enemies":"3 Byrds","floor":18,"turns":4},{"damage":4,"enemies":"2 Thieves","floor":19,"turns":4},{"damage":36,"enemies":"Book of Stabbing","floor":23,"turns":5},{"damage":0,"enemies":"Cultist and Chosen","floor":24,"turns":5},{"damage":9,"enemies":"Slavers","floor":25,"turns":3},{"damage":0,"enemies":"Shelled Parasite and Fungi","floor":27,"turns":8},{"damage":0,"enemies":"Gremlin Leader","floor":28,"turns":5},{"damage":0,"enemies":"3 Cultists","floor":29,"turns":5},{"damage":0,"enemies":"Automaton","floor":33,"turns":9},{"damage":13,"enemies":"3 Darklings","floor":35,"turns":5},{"damage":12,"enemies":"3 Shapes","floor":37,"turns":4},{"damage":3,"enemies":"Transient","floor":38,"turns":6},{"damage":0,"enemies":"Jaw Worm Horde","floor":39,"turns":6},{"damage":5,"enemies":"Nemesis","floor":40,"turns":9},{"damage":0,"enemies":"Giant Head","floor":42,"turns":12},{"damage":0,"enemies":"Maw","floor":44,"turns":6},{"damage":0,"enemies":"Reptomancer","floor":45,"turns":6},{"damage":0,"enemies":"Nemesis","floor":47,"turns":7},{"damage":0,"enemies":"Sphere and 2 Shapes","floor":48,"turns":4},{"damage":10,"enemies":"Awakened One","floor":50,"turns":24},{"damage":50,"enemies":"Time Eater","floor":51,"turns":35},{"damage":13,"enemies":"Shield and Spear","floor":55,"turns":7},{"damage":78,"enemies":"The Heart","floor":56,"turns":9}],"seed_played":"8939465806297294725","potions_obtained":[{"floor":5,"key":"Weak Potion"},{"floor":14,"key":"Regen Potion"},{"floor":16,"key":"Ancient Potion"},{"floor":24,"key":"SteroidPotion"},{"floor":28,"key":"Block Potion"},{"floor":33,"key":"Fire Potion"}],"is_trial":false,"path_per_floor":["M","M","?","M","M","E","$","R","T","$","R","E","?","E","R","B",null,"M","M","$","T","?","E","M","E","T","M","E","M","R","?","R","B",null,"M","?","M","M","M","E","$","E","T","M","E","R","E","M","R","B","B",null,"R","$","E","B",null],"character_chosen":"DEFECT","items_purchased":["PreservedInsect","Defragment","Explosive Potion","Hologram","Lee\u0027s Waffle","Defragment","Panache"],"campfire_rested":1,"item_purchase_floors":[7,10,10,20,41,41,54],"current_hp_per_floor":[50,42,42,35,28,3,3,3,3,3,22,17,74,67,67,67,72,72,68,68,68,68,46,46,42,42,42,42,42,42,42,42,42,66,53,53,41,38,43,38,81,81,81,81,81,81,81,81,81,71,21,66,81,81,68,19],"gold":64,"neow_bonus":"RANDOM_COLORLESS_2","is_daily":false,"chose_seed":false,"campfire_upgraded":6,"win_rate":0.0,"timestamp":1612720478,"path_taken":["M","M","?","?","M","E","$","R","T","?","R","E","?","E","R","BOSS","M","M","$","?","?","E","M","E","T","M","E","M","R","?","R","BOSS","M","?","M","?","?","E","$","E","T","M","E","R","E","M","R","BOSS","BOSS","R","$","E","BOSS"],"items_purchased_type":["Relic","Card","Potion","Card","Relic","Card","Card"],"build_version":"2020-12-22","purchased_purges":2,"victory":true,"max_hp_per_floor":[64,64,64,64,64,64,64,64,64,64,64,64,74,74,74,74,74,74,74,74,74,74,74,74,74,74,74,74,74,74,74,74,74,74,74,74,74,74,74,74,81,81,81,81,81,81,81,81,81,81,81,81,81,81,81,81],"relic_stats":{"Lee\u0027s Waffle":43,"counters":[31,228],"Eternal Feather":15,"PreservedInsect":567,"Pen Nib":[25],"Juzu Bracelet":0,"Orichalcum":[372],"Cables":[182,83,86,9,4],"Sozu":7,"Centennial Puzzle":[10],"Mummified Hand":[351],"Bird Faced Urn":[24],"Snecko Eye":[358,394,388,392],"Kunai":[69],"obtain_stats":[{"Lantern":28,"Lee\u0027s Waffle":41,"Oddly Smooth Stone":12,"Eternal Feather":42,"PreservedInsect":7,"Pen Nib":25,"The Courier":45,"Juzu Bracelet":40,"Orichalcum":26,"Cables":14,"Sozu":34,"Centennial Puzzle":47,"Mummified Hand":21,"Bird Faced Urn":55,"Snecko Eye":17,"Kunai":9,"Cracked Core":0,"Toy Ornithopter":23,"Pocketwatch":6},{"Lantern":15,"Lee\u0027s Waffle":22,"Oddly Smooth Stone":6,"Eternal Feather":23,"PreservedInsect":5,"Pen Nib":13,"The Courier":25,"Juzu Bracelet":22,"Orichalcum":13,"Cables":7,"Sozu":17,"Centennial Puzzle":26,"Mummified Hand":10,"Bird Faced Urn":30,"Snecko Eye":8,"Kunai":5,"Cracked Core":0,"Toy Ornithopter":11,"Pocketwatch":5},{"Lantern":74,"Lee\u0027s Waffle":118,"Oddly Smooth Stone":25,"Eternal Feather":130,"PreservedInsect":20,"Pen Nib":61,"The Courier":142,"Juzu Bracelet":118,"Orichalcum":61,"Cables":30,"Sozu":88,"Centennial Puzzle":149,"Mummified Hand":48,"Bird Faced Urn":219,"Snecko Eye":40,"Kunai":20,"Cracked Core":0,"Toy Ornithopter":53,"Pocketwatch":20}],"Toy Ornithopter":15,"Pocketwatch":[264]},"card_choices":[{"not_picked":["Sadistic Nature","Secret Weapon"],"picked":"Magnetism","floor":0},{"not_picked":["Capacitor","Hologram"],"picked":"Compile Driver","floor":1},{"not_picked":["Turbo","Recycle"],"picked":"Defragment","floor":2},{"not_picked":["Scrape","Redo"],"picked":"FTL","floor":4},{"not_picked":["Blizzard","Auto Shields"],"picked":"Sweeping Beam","floor":5},{"not_picked":["Static Discharge","Compile Driver"],"picked":"Auto Shields","floor":6},{"not_picked":["Rebound","Stack"],"picked":"Core Surge","floor":12},{"not_picked":["Conserve Battery","Rip and Tear"],"picked":"Buffer","floor":14},{"not_picked":["Seek","Meteor Strike"],"picked":"Echo Form","floor":16},{"not_picked":["BootSequence","Barrage"],"picked":"Compile Driver","floor":18},{"not_picked":["Barrage","Turbo","Rebound"],"picked":"SKIP","floor":19},{"not_picked":["Skim","Sweeping Beam"],"picked":"Reinforced Body","floor":23},{"not_picked":["Steam","Barrage"],"picked":"Rainbow","floor":24},{"not_picked":["Streamline+1","Stack"],"picked":"Multi-Cast","floor":25},{"not_picked":["Barrage","Gash"],"picked":"Ball Lightning","floor":27},{"not_picked":["Blizzard","Amplify"],"picked":"Coolheaded","floor":28},{"not_picked":["Leap","Reprogram"],"picked":"Hologram","floor":29},{"not_picked":["Hyperbeam","Reboot"],"picked":"All For One","floor":33},{"not_picked":["Turbo","Sweeping Beam+1"],"picked":"Skim","floor":35},{"not_picked":["Conserve Battery","Rebound"],"picked":"Genetic Algorithm","floor":37},{"not_picked":["Gash","Tempest"],"picked":"Coolheaded+1","floor":38},{"not_picked":["Fusion","Biased Cognition"],"picked":"Glacier","floor":39},{"not_picked":["Gash","Blizzard+1","Reboot"],"picked":"SKIP","floor":40},{"not_picked":["Chaos+1","Scrape"],"picked":"Undo+1","floor":42},{"not_picked":["Turbo+1","Leap","Ball Lightning+1"],"picked":"SKIP","floor":44},{"not_picked":["Redo","Steam"],"picked":"Fusion","floor":45},{"not_picked":["Hello World","Ball Lightning","Sweeping Beam"],"picked":"SKIP","floor":47},{"not_picked":["Streamline","FTL"],"picked":"Thunder Strike","floor":48},{"not_picked":["Lockon","Ball Lightning"],"picked":"Conserve Battery+1","floor":55}],"player_experience":8508584,"relics_obtained":[{"floor":6,"key":"Pocketwatch"},{"floor":9,"key":"Kunai"},{"floor":12,"key":"Oddly Smooth Stone"},{"floor":14,"key":"Cables"},{"floor":21,"key":"Mummified Hand"},{"floor":23,"key":"Toy Ornithopter"},{"floor":25,"key":"Pen Nib"},{"floor":26,"key":"Orichalcum"},{"floor":28,"key":"Lantern"},{"floor":40,"key":"Juzu Bracelet"},{"floor":42,"key":"Eternal Feather"},{"floor":45,"key":"The Courier"},{"floor":47,"key":"Centennial Puzzle"},{"floor":55,"key":"Bird Faced Urn"}],"event_choices":[{"damage_healed":0,"gold_gain":0,"player_choice":"Upgraded","damage_taken":0,"max_hp_gain":0,"max_hp_loss":0,"event_name":"Upgrade Shrine","floor":3,"gold_loss":0,"cards_upgraded":["Magnetism"]},{"cards_removed":["Magnetism"],"damage_healed":47,"gold_gain":0,"player_choice":"Offered Rare","damage_taken":0,"max_hp_gain":10,"max_hp_loss":0,"event_name":"Bonfire Elementals","floor":13,"gold_loss":0},{"damage_healed":0,"gold_gain":0,"player_choice":"Read","damage_taken":0,"max_hp_gain":0,"max_hp_loss":0,"event_name":"The Library","floor":22,"gold_loss":0,"cards_obtained":["Capacitor"]},{"damage_healed":0,"gold_gain":0,"player_choice":"Copied","damage_taken":0,"max_hp_gain":0,"max_hp_loss":0,"event_name":"Duplicator","floor":31,"gold_loss":0,"cards_obtained":["Echo Form"]},{"damage_healed":0,"gold_gain":0,"player_choice":"Got Potions","damage_taken":0,"max_hp_gain":0,"max_hp_loss":0,"event_name":"Lab","floor":36,"gold_loss":0}],"is_beta":false,"boss_relics":[{"not_picked":["Calling Bell","SacredBark"],"picked":"Snecko Eye"},{"not_picked":["Empty Cage","Runic Pyramid"],"picked":"Sozu"}],"items_purged_floors":[20,54],"is_endless":false,"potions_floor_spawned":[5,14,16,24,28,33,35,38,44,45,48],"ascension_level":20}}