{"host":"0kk91h4bq4kgfj0u","time":1612662229,"event":{"mods":["BaseMod","Block Reminder","Colored Map","Highlight Path","Minty Spire (QoL Compilation)","Shade Mod","StSLib","The Bug Knight"],"gold_per_floor":[114,114,114,124,78,78,113,113,113,176,252,272,272,286,286,391,391,408,6,56,76,91,91,419,439,439,453,453,503,570,585,585,585,585],"floor_reached":33,"language":"ENG","playtime":1198,"items_purged":[],"score":415,"play_id":"ced2e466-42c6-404d-bc92-f38e3d29e494","local_time":"20210206204349","is_ascension_mode":true,"campfire_choices":[{"floor":6.0,"key":"REST"},{"floor":13.0,"key":"REST"},{"data":"Accuracy","floor":15.0,"key":"SMITH"},{"floor":23.0,"key":"REST"},{"floor":28.0,"key":"REST"},{"floor":32.0,"key":"REST"}],"circlet_count":0,"master_deck":["Strike_G","Strike_G+1","Strike_G","Strike_G","Strike_G","Defend_G","Defend_G","Defend_G","Defend_G","Defend_G","Survivor","Neutralize","Accuracy+1","Predator+1","Blade Dance","Prepared","Bane","Dagger Spray","Envenom","Dodge and Roll+1","Footwork","Leg Sweep","Cloak And Dagger+1","Footwork","Blade Dance+1","Dash","Underhanded Strike","Outmaneuver+1","Accuracy+1","Caltrops+1","Finisher+1"],"relics":["Ring of the Snake","Regal Pillow","Bottled Tornado","SsserpentHead","Oddly Smooth Stone","Whetstone","Black Star","Meat on the Bone","Tiny Chest","Blood Vial","Old Coin","Dream Catcher"],"acts_visited":["Exordium","TheCity"],"potions_floor_usage":[33,33,33],"damage_taken":[{"damage":4.0,"enemies":"Jaw Worm","floor":1.0,"turns":7.0},{"damage":1.0,"enemies":"Small Slimes","floor":4.0,"turns":4.0},{"damage":17.0,"enemies":"Lagavulin","floor":7.0,"turns":5.0},{"damage":0.0,"enemies":"2 Louse","floor":10.0,"turns":2.0},{"damage":18.0,"enemies":"Lots of Slimes","floor":12.0,"turns":5.0},{"damage":11.0,"enemies":"Exordium Wildlife","floor":14.0,"turns":4.0},{"damage":0.0,"enemies":"Slime Boss","floor":16.0,"turns":6.0},{"damage":3.0,"enemies":"Chosen","floor":18.0,"turns":3.0},{"damage":15.0,"enemies":"Shell Parasite","floor":21.0,"turns":6.0},{"damage":23.0,"enemies":"Shelled Parasite and Fungi","floor":22.0,"turns":7.0},{"damage":41.0,"enemies":"Book of Stabbing","floor":24.0,"turns":7.0},{"damage":25.0,"enemies":"Centurion and Healer","floor":25.0,"turns":8.0},{"damage":23.0,"enemies":"Chosen and Byrds","floor":27.0,"turns":6.0},{"damage":30.0,"enemies":"Cultist and Chosen","floor":30.0,"turns":8.0},{"damage":27.0,"enemies":"Snake Plant","floor":31.0,"turns":6.0},{"damage":82,"enemies":"Collector","floor":33,"turns":5}],"seed_played":"-3665552814793874937","potions_obtained":[{"floor":1.0,"key":"DistilledChaos"},{"floor":4.0,"key":"Dexterity Potion"},{"floor":10.0,"key":"Energy Potion"},{"floor":14.0,"key":"Strength Potion"},{"floor":30.0,"key":"PowerPotion"}],"is_trial":false,"path_per_floor":["M","?","?","M","$","R","E","?","T","M","T","M","R","M","R","B",null,"M","$","?","M","M","R","E","M","T","M","R","?","M","M","R","B"],"character_chosen":"THE_SILENT","items_purchased":["Blade Dance","Meat on the Bone","Footwork","Leg Sweep"],"campfire_rested":5,"item_purchase_floors":[5,19,19,19],"current_hp_per_floor":[59,59,59,58,58,70,53,53,53,53,53,35,70,59,59,59,67,64,64,64,49,38,70,41,30,30,21,57,62,46,33,69,0,0],"gold":585,"neow_bonus":"RANDOM_COMMON_RELIC","is_daily":false,"chose_seed":false,"campfire_upgraded":1,"win_rate":0.0,"timestamp":1612662229,"path_taken":["M","?","?","M","$","R","E","?","T","?","?","M","R","M","R","BOSS","M","$","?","M","M","R","E","M","T","M","R","?","?","M","R","BOSS"],"items_purchased_type":["Card","Relic","Card","Card"],"build_version":"2020-12-22","purchased_purges":0,"victory":false,"max_hp_per_floor":[70,70,70,70,70,70,70,70,70,70,70,70,70,70,70,70,70,70,70,70,70,70,70,70,70,70,70,70,70,70,70,70,70,70],"card_choices":[{"not_picked":["Noxious Fumes","Outmaneuver"],"picked":"Accuracy","floor":1.0},{"not_picked":["PiercingWail","Masterful Stab"],"picked":"Predator","floor":4.0},{"not_picked":["Endless Agony","All Out Attack"],"picked":"Prepared","floor":7.0},{"not_picked":["Expertise","Doppelganger"],"picked":"Bane","floor":10.0},{"not_picked":["Outmaneuver","Catalyst"],"picked":"Dagger Spray","floor":12.0},{"not_picked":["Deflect","Backstab"],"picked":"Blade Dance","floor":14.0},{"not_picked":["Venomology","Malaise"],"picked":"Envenom","floor":16.0},{"not_picked":["Prepared","Dagger Spray+1"],"picked":"Dodge and Roll+1","floor":18.0},{"not_picked":["Outmaneuver","Unload"],"picked":"Cloak And Dagger+1","floor":21.0},{"not_picked":["Bane+1","Well Laid Plans"],"picked":"Footwork","floor":22.0},{"not_picked":["Setup","Expertise+1"],"picked":"Blade Dance+1","floor":24.0},{"not_picked":["Caltrops","Slice"],"picked":"Dash","floor":25.0},{"not_picked":["Blade Dance+1","Predator"],"picked":"Underhanded Strike","floor":27.0},{"not_picked":["Dodge and Roll","Finisher+1"],"picked":"Outmaneuver+1","floor":28.0},{"not_picked":["Outmaneuver+1","Expertise"],"picked":"Accuracy+1","floor":30.0},{"not_picked":["Flying Knee+1","Prepared"],"picked":"Caltrops+1","floor":31.0},{"not_picked":["Bouncing Flask","PiercingWail"],"picked":"Finisher+1","floor":32.0}],"player_experience":855958,"relics_obtained":[{"floor":7.0,"key":"Bottled Tornado"},{"floor":9.0,"key":"Oddly Smooth Stone"},{"floor":11.0,"key":"Whetstone"},{"floor":24.0,"key":"Blood Vial"},{"floor":24.0,"key":"Old Coin"},{"floor":26.0,"key":"Dream Catcher"}],"event_choices":[{"damage_healed":0.0,"max_hp_gain":0.0,"max_hp_loss":0.0,"gold_gain":0.0,"event_name":"The Cleric","player_choice":"Leave","floor":2.0,"gold_loss":0.0,"damage_taken":0.0},{"damage_healed":0.0,"max_hp_gain":0.0,"max_hp_loss":0.0,"gold_gain":0.0,"event_name":"Golden Wing","player_choice":"Ignored","floor":3.0,"gold_loss":0.0,"damage_taken":0.0},{"damage_healed":0.0,"max_hp_gain":0.0,"max_hp_loss":0.0,"gold_gain":0.0,"event_name":"FaceTrader","player_choice":"Trade","floor":8.0,"gold_loss":0.0,"damage_taken":0.0,"relics_obtained":["SsserpentHead"]},{"damage_healed":0.0,"max_hp_gain":0.0,"max_hp_loss":0.0,"gold_gain":0.0,"event_name":"The Mausoleum","player_choice":"Opened","floor":20.0,"gold_loss":0.0,"damage_taken":0.0,"relics_obtained":["Tiny Chest"]},{"cards_removed":["Blade Dance"],"damage_healed":5.0,"max_hp_gain":0.0,"max_hp_loss":0.0,"gold_gain":0.0,"event_name":"Bonfire Elementals","player_choice":"Offered Common","floor":29.0,"gold_loss":0.0,"damage_taken":0.0},{"cards_removed":["Blade Dance"],"damage_healed":5.0,"max_hp_gain":0.0,"max_hp_loss":0.0,"gold_gain":0.0,"event_name":"Bonfire Elementals","player_choice":"Offered Special","floor":29.0,"gold_loss":0.0,"damage_taken":0.0}],"is_beta":false,"boss_relics":[{"not_picked":["Tiny House","Astrolabe"],"picked":"Black Star"}],"items_purged_floors":[],"is_endless":false,"potions_floor_spawned":[1,4,10,14,16,18,21,30],"killed_by":"Collector","ascension_level":6}}