{"host":"9cuogotyflqk0ryw","time":1612706491,"event":{"mods":["BaseMod","Colored Map","Colored Powertips","Downfall","Googly Eyes","Infinite Spire","Marisa????????","Minty Spire (QoL Compilation)","Remilia??????","Robot Space Explorer","Spire Arcade","StSLib","The Animator","The Bug Knight","The Cursed","The Dragon Tamer","The Jungle","The Servant 0.9.4"],"gold_per_floor":[115,95,105,122,122,122,148,223,249,269,282,457,3,80,80,180,180,193,193,193,193,207,207,207],"floor_reached":23,"language":"ENG","playtime":2396,"items_purged":["Doubt"],"score":239,"play_id":"0bbc48a9-a394-4b8d-8e28-9bbe235526a7","local_time":"20210207150131","is_ascension_mode":false,"campfire_choices":[{"data":"Snipe","floor":6.0,"key":"SMITH"},{"data":"Discovery","floor":15.0,"key":"SMITH"}],"circlet_count":0,"master_deck":["Strike_S","Strike_S","Strike_S","Strike_S","Defend_S","Defend_S","Defend_S","Defend_S","KidneyShot","Exchange","Snipe+1","Moonlight","Defy","ShiftingGears","ReturningBlade","Solidify","Discovery+1","Desolation","TimeWarp","GearUp","Rearm","MoonPhase","ForgedInTime","Replace","infinitespire:Execution","infinitespire:SealOfDarkness+","Writhe","SilverBlades"],"relics":["Uniform","NeowsBlessing","Oddly Smooth Stone","WingedGreaves","Happy Flower","StoneMask","Shovel"],"acts_visited":["Exordium","Exordium"],"potions_floor_usage":[16],"damage_taken":[{"damage":0.0,"enemies":"Cultist","floor":1.0,"turns":1.0},{"damage":0.0,"enemies":"Jaw Worm","floor":3.0,"turns":1.0},{"damage":0.0,"enemies":"2 Louse","floor":4.0,"turns":1.0},{"damage":17.0,"enemies":"Lagavulin","floor":7.0,"turns":9.0},{"damage":0.0,"enemies":"Looter","floor":10.0,"turns":4.0},{"damage":6.0,"enemies":"Large Slime","floor":11.0,"turns":9.0},{"damage":0,"enemies":"Hexaghost","floor":16,"turns":15},{"damage":0,"enemies":"theJungle:MUSHROOMGANG","floor":18,"turns":5},{"damage":10,"enemies":"Shell Parasite","floor":22,"turns":4},{"damage":63,"enemies":"Nightmare","floor":23,"turns":8}],"seed_played":"-2187314421091770227","potions_obtained":[{"floor":2.0,"key":"Swift Potion"},{"floor":4.0,"key":"SkillPotion"},{"floor":11.0,"key":"Guardian:BlockOnCardUsePotion"},{"floor":16,"key":"SmokeBomb"}],"is_trial":false,"path_per_floor":["M","?","M","M","?","R","E","?","T","M","M","?","$","?","R","B",null,"M","?","AVR","?","M","NM"],"character_chosen":"THE_SERVANT","items_purchased":["Discovery","Desolation","TimeWarp","GearUp","Rearm","MoonPhase"],"campfire_rested":0,"item_purchase_floors":[13,13,13,13,13,13],"current_hp_per_floor":[65,65,65,65,58,58,41,30,30,30,24,24,24,24,24,24,65,68,68,68,68,61,0,0],"gold":207,"neow_bonus":"THREE_ENEMY_KILL","is_daily":false,"chose_seed":false,"campfire_upgraded":2,"win_rate":0.0,"timestamp":1612706491,"path_taken":["M","?","?","M","?","R","E","?","T","M","M","?","?","?","R","BOSS","M","?","AVR","?","M","NM"],"items_purchased_type":["Card","Card","Card","Card","Card","Card"],"build_version":"2020-12-22","purchased_purges":1,"victory":false,"max_hp_per_floor":[65,65,65,65,65,65,65,65,65,65,65,65,65,65,65,65,65,68,68,68,68,69,69,69],"card_choices":[{"not_picked":["Sabotage","Unruled"],"picked":"Snipe","floor":1.0},{"not_picked":["SpecialFormula","Hightail"],"picked":"Moonlight","floor":3.0},{"not_picked":["FastForward","Potential"],"picked":"Defy","floor":4.0},{"not_picked":["DoubleEdge","Spin"],"picked":"ShiftingGears","floor":7.0},{"not_picked":["ShatteredReality","Revamp"],"picked":"ReturningBlade","floor":10.0},{"not_picked":["FanOfKnives","Replace"],"picked":"Solidify","floor":11.0},{"not_picked":["Initiator","PendulumOfEternity"],"picked":"ForgedInTime","floor":16},{"not_picked":["Starlight","Alleviate"],"picked":"Replace","floor":18},{"not_picked":["Starlight","Rearm"],"picked":"SilverBlades","floor":22}],"player_experience":155460,"relics_obtained":[{"floor":7.0,"key":"WingedGreaves"},{"floor":9.0,"key":"Happy Flower"}],"event_choices":[{"damage_healed":0.0,"max_hp_gain":0.0,"max_hp_loss":0.0,"gold_gain":0.0,"event_name":"The Woman in Blue","player_choice":"Bought 1 Potion","floor":2.0,"gold_loss":0.0,"damage_taken":0.0},{"damage_healed":0.0,"max_hp_gain":0.0,"max_hp_loss":0.0,"gold_gain":0.0,"event_name":"Scrap Ooze","player_choice":"Success","floor":5.0,"gold_loss":0.0,"damage_taken":7.0,"relics_obtained":["Oddly Smooth Stone"]},{"damage_healed":0.0,"max_hp_gain":0.0,"max_hp_loss":0.0,"gold_gain":75.0,"event_name":"World of Goop","player_choice":"Gather Gold","floor":8.0,"gold_loss":0.0,"damage_taken":11.0},{"damage_healed":0.0,"max_hp_gain":0.0,"max_hp_loss":0.0,"gold_gain":175.0,"event_name":"Liars Game","player_choice":"AGREE","floor":12.0,"gold_loss":0.0,"damage_taken":0.0,"cards_obtained":["Doubt"]},{"damage_healed":0.0,"max_hp_gain":0.0,"max_hp_loss":0.0,"gold_gain":77.0,"event_name":"Golden Wing","player_choice":"Gained Gold","floor":14.0,"gold_loss":0.0,"damage_taken":0.0}],"is_beta":false,"boss_relics":[{"not_picked":["Tiny House","Empty Cage"],"picked":"StoneMask"}],"items_purged_floors":[13],"is_endless":false,"potions_floor_spawned":[4,11,16,22],"killed_by":"Nightmare","ascension_level":0}}