{"host":"njruw0b0uprlitpx","time":1612706369,"event":{"mods":["2.2 Compatiblity","Act Like it!","Aspiration","Bartender","BaseMod","Better Altar","Better Match","Better Note","Better Sensory Stone","Better Skull","Better Third Choice","BetterRewards","Block Reminder","Colored Map","Colored Powertips","Curses Come First","Energized Spire","Hallownest","Jedi Mod","Keyboard Shortcuts","Magitek Elite","Minty Spire (QoL Compilation)","Quick Restart","Rare Cards Sparkle","Relic Stats","Replay The Spire","SacredBarkPlus","Spicy Shops","StSLib","SuperFastMode","The Blackbeard","The Bug Knight"],"gold_per_floor":[117,117,117,42,53,85,85,85,85,85,85,9,9,23,23,127,127,139,139,139,158,210,210,237,237,237,237,237,264,276,276,276,7,7,105,105,120,120,312,322,17,43,43,43,95,95,108,126,26,45,45,45],"floor_reached":53,"language":"ENG","playtime":3012,"items_purged":["HollowMod:NailStrikeStart","Injury"],"score":994,"play_id":"3d084eb7-a280-4ecb-9b63-c62ebd4160ef","local_time":"20210207075929","is_ascension_mode":false,"campfire_choices":[{"floor":8,"key":"REST"},{"data":"HollowMod:LifebloodCore","floor":10,"key":"SMITH"},{"data":"HollowMod:WraithStrike","floor":13,"key":"SMITH"},{"data":"HollowMod:FocusHealStart","floor":15,"key":"SMITH"},{"data":"HollowMod:WraithStrike","floor":23,"key":"SMITH"},{"data":"HollowMod:HerrahsAnger","floor":31,"key":"SMITH"},{"data":"HollowMod:BlackTendrils","floor":34,"key":"SMITH"},{"data":"HollowMod:VoidDash","floor":46,"key":"SMITH"},{"floor":51,"key":"REST"}],"circlet_count":0,"master_deck":["HollowMod:QuickDashStart","HollowMod:FocusHealStart+1","HollowMod:PogoStrike","HollowMod:DescendingDark","HollowMod:WraithStrike+1","HollowMod:HuntersJournal","HollowMod:SharpenedShadows","HollowMod:DashSlash","HollowMod:LifebloodCore+1","HollowMod:CloakDash","HollowMod:AbyssShriek","HollowMod:PerfectDash","HollowMod:WhiteLadysBlessing","HollowMod:GrimmsGift+1","HollowMod:ChannelNail","HollowMod:WraithStrike+1","HollowMod:HerrahsAnger+1","HollowMod:BlackTendrils+1","HollowMod:VoidDash+1","HollowMod:FastStrike+1","Mayhem+1","HollowMod:MonomonsArchive+1","HollowMod:SoulSplash+1","HollowMod:CornifersMapStart","HollowMod:ChannelNail+1","HollowMod:SoulSplash","HollowMod:CloakDash","HollowMod:ShadowDash","Hallownest:curseDreamersLament","HollowMod:DreamGate+1","HollowMod:VengefulSpirit","HollowMod:PerfectDash+1"],"relics":["HollowMod:VoidIdolRelic","ReplayTheSpireMod:TigerMarble","jedi:firstaidkit","Genji_Glove","Pondfish Scales","White_Cape","MealTicket","energizedSpire:NeverEndingSparkler","Juzu Bracelet","Replay:WaspNest","Meat on the Bone","Onion Ring","Strange Spoon","Replay:Baseball","Orrery","Smiling Mask","Hallownest:BeastSealRelic","Replay:Mystery Machine"],"acts_visited":["Hallownest:Greenpath","Hallownest:CityofTears","Hallownest:KingdomsEdge"],"potions_floor_usage":[6,16,16,16,22,37,40,50,50],"damage_taken":[{"damage":3,"enemies":"Hallownest:2_Tiktiks_and_1_Crawlid","floor":1,"turns":1},{"damage":5,"enemies":"Hallownest:monsterMarmu","floor":2,"turns":3},{"damage":7,"enemies":"Hallownest:monsterHuskWarrior","floor":5,"turns":3},{"damage":26,"enemies":"Hallownest:eliteCrystalGuardian","floor":6,"turns":4},{"damage":1,"enemies":"Hallownest:2_Baldur","floor":14,"turns":2},{"damage":13,"enemies":"Hallownest:BossHornet","floor":16,"turns":2},{"damage":0,"enemies":"Hallownest:Flukemon_and_Top","floor":18,"turns":3},{"damage":4,"enemies":"Hallownest:2_Mistakes","floor":21,"turns":4},{"damage":1,"enemies":"Hallownest:Glutton_and_Coward","floor":22,"turns":3},{"damage":0,"enemies":"Hallownest:Nosk","floor":24,"turns":4},{"damage":0,"enemies":"Hallownest:eliteSoulWarrior","floor":29,"turns":5},{"damage":7,"enemies":"Hallownest:monsterShrumalOgre","floor":30,"turns":3},{"damage":30,"enemies":"Hallownest:BossGrimm","floor":35,"turns":4},{"damage":0,"enemies":"Hallownest:Shield_Heavy","floor":37,"turns":3},{"damage":30,"enemies":"Hallownest:2_Littles","floor":40,"turns":4},{"damage":0,"enemies":"Hallownest:eliteHiveKnight","floor":42,"turns":4},{"damage":33,"enemies":"Hallownest:Slobbering_and_Violent","floor":47,"turns":5},{"damage":0,"enemies":"Hallownest:monsterPrimalAspid","floor":48,"turns":2},{"damage":42,"enemies":"Hallownest:Xero_Hu_Marmu","floor":50,"turns":4},{"damage":16,"enemies":"Hallownest:BossGreyPrinceZote","floor":52,"turns":7}],"seed_played":"933995122772079988","potions_obtained":[{"floor":6,"key":"jedi:StrikingPotion"},{"floor":16,"key":"SkillPotion"},{"floor":21,"key":"SpeedPotion"},{"floor":35,"key":"Regen Potion"},{"floor":47,"key":"Swift Potion"},{"floor":48,"key":"SkillPotion"}],"is_trial":false,"path_per_floor":["M","?","?","$","M","E","?","R","T","R","?","$","R","M","R","B",null,"M","?","?","M","M","R","E","?","T","PTL","PTL","E","M","R","?","$","R","B",null,"M","?","?","M","$","E","?","?","T","R","M","M","$","M","R","B",null],"character_chosen":"THE_BUGKNIGHT","items_purchased":["HollowMod:DescendingDark","ReplayTheSpireMod:TigerMarble","HollowMod:WraithStrike","Genji_Glove","HollowMod:HuntersJournal","CultistPotion","jedi:StrikingPotion","HollowMod:SharpenedShadows","HollowMod:AbyssShriek","HollowMod:BlackTendrils","Strange Spoon","Block Potion","Replay:Baseball","Orrery","SmokeBomb"],"campfire_rested":2,"item_purchase_floors":[0,0,0,0,0,0,0,4,12,33,33,33,41,41,49],"current_hp_per_floor":[75,70,70,70,65,41,41,63,63,63,63,75,75,74,74,61,75,75,75,75,75,75,75,75,71,71,71,71,71,74,74,74,75,75,55,75,75,75,45,44,59,75,75,75,75,75,75,75,75,56,75,75],"gold":45,"neow_bonus":"","is_daily":false,"chose_seed":false,"campfire_upgraded":7,"win_rate":0.0,"timestamp":1612706369,"path_taken":["M","?","?","$","M","E","?","R","T","R","?","$","R","?","R","BOSS","M","?","?","M","M","R","E","?","T","PTL","PTL","E","M","R","?","$","R","BOSS","M","?","?","M","$","E","?","?","T","R","M","M","?","M","R","BOSS"],"items_purchased_type":["Card","Relic","Card","Relic","Card","Potion","Potion","Card","Card","Card","Relic","Potion","Relic","Relic","Potion"],"build_version":"2020-12-22","purchased_purges":2,"victory":true,"max_hp_per_floor":[75,75,75,75,75,75,75,75,75,75,75,75,75,75,75,75,75,75,75,75,75,75,75,75,75,75,75,75,75,75,75,75,75,75,75,75,75,75,75,75,75,75,75,75,75,75,75,75,75,75,75,75],"relic_stats":{"Strange Spoon":[43],"counters":[135,524],"MealTicket":28,"Juzu Bracelet":3,"Smiling Mask":0,"obtain_stats":[{"Golden Egg":9,"Vajra":43,"HollowMod:VesselMask":0,"jedi:bottledfury":45,"Bottled Tornado":40,"HollowMod:VoidIdolRelic":34,"Boot":11,"Sozu":36,"Replay:Ringing Soul":50,"Lizard Tail":49,"jedi:firstaidkit":0,"DollysMirror":37,"MealTicket":9,"Replay:Wax Seal":0,"HollowMod:QueensCombRelic":0,"Girya":0,"Pear":39,"Happy Flower":23,"ReplayTheSpireMod:CursedCoin":20,"Dead Branch":6,"Astrolabe":17,"HollowMod:JonisBlessing":0,"Oddly Smooth Stone":3,"Pen Nib":24,"HollowMod:IsmasTear":29,"Replay:Kaleidoscope":0,"jedi:HeartOfTheCards":44,"Runic Dome":17,"SlaversCollar":17,"Replay:Baseball":23,"Brimstone":28,"energizedSpire:NeverEndingSparkler":17,"Bird Faced Urn":11,"Tintinnabulum":7,"Onion Ring":9,"Molten Egg 2":28,"ReplayTheSpireMod:TigerMarble":0,"StrikeDummy":0,"Abe\u0027s Treasure":34,"Unceasing Top":0,"Meat on the Bone":26,"ReplayFunnel":9,"Regal Pillow":12,"Lantern":13,"Snecko Heart":17,"Torii":4,"Angel_Ring":12,"Enchiridion":30,"Mango":20,"Bag of Preparation":0,"Juzu Bracelet":20,"jedi:Pinwheel":8,"Replay:Mystery Machine":45,"Ancient Tea Set":10,"Cursed Key":34,"White_Cape":6,"Smiling Mask":42,"Replay:Rubber Ducky":9,"SsserpentHead":19,"Nunchaku":47,"Replay:Bandana":0,"Mummified Hand":0,"jedi:matchstick":43,"Genji_Glove":8,"Tiny Chest":30,"Red Mask":22,"Chemical X":28,"Hallownest:BeastSealRelic":43,"BargainBundle":0,"Replay:Towering Pillar of Hats":0,"Guide Book":0,"Thread and Needle":9,"HollowMod:GreatKnightMask":31,"Replay:WaspNest":24,"jedi:crownofsimplicity":7,"Odd Mushroom":10,"Replay:Arrowhead":0,"Mercury Hourglass":20,"Strange Spoon":33,"CaptainsWheel":24,"Anchor":24,"Pondfish Scales":0,"Busted Crown":17,"jedi:ominousloannote":12,"Ornamental Fan":12,"Orrery":36,"Snack Pack":25,"Coffee Dripper":0,"Bag of Marbles":48,"Membership Card":12,"jedi:command_shop":28,"theForsaken:JudgementScales":0,"Toy Ornithopter":26,"TungstenRod":26,"ReplayTheSpireMod:ShopPack":0},{"Golden Egg":5,"Vajra":43,"HollowMod:VesselMask":0,"jedi:bottledfury":110,"Bottled Tornado":19,"HollowMod:VoidIdolRelic":88,"Boot":95,"Sozu":106,"Replay:Ringing Soul":114,"Lizard Tail":22,"jedi:firstaidkit":0,"DollysMirror":17,"MealTicket":119,"Replay:Wax Seal":0,"HollowMod:QueensCombRelic":0,"Girya":91,"Pear":108,"Happy Flower":102,"ReplayTheSpireMod:CursedCoin":10,"Dead Branch":4,"Astrolabe":31,"HollowMod:JonisBlessing":24,"Oddly Smooth Stone":49,"Pen Nib":36,"HollowMod:IsmasTear":39,"Replay:Kaleidoscope":24,"jedi:HeartOfTheCards":110,"Runic Dome":9,"SlaversCollar":54,"Replay:Baseball":12,"Brimstone":14,"energizedSpire:NeverEndingSparkler":121,"Bird Faced Urn":7,"Tintinnabulum":61,"Onion Ring":28,"Molten Egg 2":103,"ReplayTheSpireMod:TigerMarble":115,"StrikeDummy":24,"Abe\u0027s Treasure":16,"Unceasing Top":47,"Meat on the Bone":125,"ReplayFunnel":52,"Regal Pillow":29,"Lantern":81,"Snecko Heart":82,"Torii":93,"Angel_Ring":64,"Enchiridion":14,"Mango":10,"Bag of Preparation":24,"Juzu Bracelet":122,"jedi:Pinwheel":5,"Replay:Mystery Machine":131,"Ancient Tea Set":28,"Cursed Key":40,"White_Cape":119,"Smiling Mask":131,"Replay:Rubber Ducky":61,"SsserpentHead":10,"Nunchaku":21,"Replay:Bandana":47,"Mummified Hand":91,"jedi:matchstick":20,"Genji_Glove":61,"Tiny Chest":72,"Red Mask":35,"Chemical X":71,"Hallownest:BeastSealRelic":131,"BargainBundle":24,"Replay:Towering Pillar of Hats":58,"Guide Book":0,"Thread and Needle":79,"HollowMod:GreatKnightMask":87,"Replay:WaspNest":125,"jedi:crownofsimplicity":94,"Odd Mushroom":53,"Replay:Arrowhead":24,"Mercury Hourglass":67,"Strange Spoon":127,"CaptainsWheel":70,"Anchor":85,"Pondfish Scales":115,"Busted Crown":98,"jedi:ominousloannote":95,"Ornamental Fan":95,"Orrery":41,"Snack Pack":13,"Coffee Dripper":74,"Bag of Marbles":113,"Membership Card":7,"jedi:command_shop":14,"theForsaken:JudgementScales":0,"Toy Ornithopter":13,"TungstenRod":37,"ReplayTheSpireMod:ShopPack":0},{"Golden Egg":12,"Vajra":129,"HollowMod:VesselMask":0,"jedi:bottledfury":430,"Bottled Tornado":54,"HollowMod:VoidIdolRelic":349,"Boot":379,"Sozu":417,"Replay:Ringing Soul":447,"Lizard Tail":65,"jedi:firstaidkit":0,"DollysMirror":49,"MealTicket":465,"Replay:Wax Seal":0,"HollowMod:QueensCombRelic":0,"Girya":366,"Pear":423,"Happy Flower":403,"ReplayTheSpireMod:CursedCoin":26,"Dead Branch":9,"Astrolabe":91,"HollowMod:JonisBlessing":73,"Oddly Smooth Stone":153,"Pen Nib":107,"HollowMod:IsmasTear":116,"Replay:Kaleidoscope":73,"jedi:HeartOfTheCards":430,"Runic Dome":23,"SlaversCollar":177,"Replay:Baseball":33,"Brimstone":39,"energizedSpire:NeverEndingSparkler":469,"Bird Faced Urn":16,"Tintinnabulum":219,"Onion Ring":81,"Molten Egg 2":406,"ReplayTheSpireMod:TigerMarble":454,"StrikeDummy":73,"Abe\u0027s Treasure":47,"Unceasing Top":144,"Meat on the Bone":483,"ReplayFunnel":164,"Regal Pillow":84,"Lantern":309,"Snecko Heart":320,"Torii":369,"Angel_Ring":233,"Enchiridion":39,"Mango":26,"Bag of Preparation":73,"Juzu Bracelet":472,"jedi:Pinwheel":12,"Replay:Mystery Machine":506,"Ancient Tea Set":81,"Cursed Key":122,"White_Cape":465,"Smiling Mask":506,"Replay:Rubber Ducky":219,"SsserpentHead":26,"Nunchaku":63,"Replay:Bandana":144,"Mummified Hand":366,"jedi:matchstick":59,"Genji_Glove":219,"Tiny Chest":273,"Red Mask":104,"Chemical X":270,"Hallownest:BeastSealRelic":506,"BargainBundle":73,"Replay:Towering Pillar of Hats":203,"Guide Book":0,"Thread and Needle":304,"HollowMod:GreatKnightMask":340,"Replay:WaspNest":483,"jedi:crownofsimplicity":375,"Odd Mushroom":168,"Replay:Arrowhead":73,"Mercury Hourglass":252,"Strange Spoon":491,"CaptainsWheel":264,"Anchor":333,"Pondfish Scales":454,"Busted Crown":391,"jedi:ominousloannote":379,"Ornamental Fan":379,"Orrery":124,"Snack Pack":36,"Coffee Dripper":283,"Bag of Marbles":444,"Membership Card":16,"jedi:command_shop":39,"theForsaken:JudgementScales":0,"Toy Ornithopter":36,"TungstenRod":110,"ReplayTheSpireMod:ShopPack":0}],"Meat on the Bone":0},"card_choices":[{"not_picked":["HollowMod:NewLittleFool","HollowMod:DoubleDash","HollowMod:SharpenedNail"],"picked":"SKIP","floor":1},{"not_picked":["HollowMod:MothsMistake","HollowMod:CycloneSlash"],"picked":"HollowMod:DashSlash","floor":5},{"not_picked":["HollowMod:ShapeofUnn","HollowMod:NewGlowingWomb"],"picked":"HollowMod:LifebloodCore","floor":6},{"not_picked":["HollowMod:QuirrelsAssistance","HollowMod:WraithStrike"],"picked":"HollowMod:PerfectDash","floor":14},{"not_picked":["HollowMod:PaleKingsBlessing","HollowMod:NewInfectedGuardian"],"picked":"HollowMod:WhiteLadysBlessing","floor":16},{"not_picked":["HollowMod:SoulShaman","HollowMod:NewJinnsSoul"],"picked":"HollowMod:GrimmsGift","floor":18},{"not_picked":["HollowMod:CycloneSlash","HollowMod:SoulStrike"],"picked":"HollowMod:ChannelNail","floor":21},{"not_picked":["HollowMod:InfectedCysts","HollowMod:HeavyBlow"],"picked":"HollowMod:WraithStrike","floor":22},{"not_picked":["HollowMod:DashSlash+1","HollowMod:SoulSplash"],"picked":"HollowMod:HerrahsAnger","floor":24},{"not_picked":["HollowMod:SiblingsSouls","HollowMod:InfectedCysts","HollowMod:NewLittleFool"],"picked":"SKIP","floor":29},{"not_picked":["HollowMod:LifebloodCocoon+1","HollowMod:CycloneSlash","HollowMod:MonarchWings+1"],"picked":"SKIP","floor":30},{"not_picked":["HollowMod:RadiancesLament","HollowMod:PaleKingsBlessing"],"picked":"HollowMod:VoidDash","floor":35},{"not_picked":["HollowMod:CycloneSlash","HollowMod:NewJinnsSoul+1"],"picked":"HollowMod:FastStrike+1","floor":37},{"not_picked":["Violence+1","Crow Ritual+1"],"picked":"Mayhem+1","floor":38},{"not_picked":["HollowMod:Grubsong+1","HollowMod:FallenFury+1"],"picked":"HollowMod:MonomonsArchive+1","floor":38},{"not_picked":["HollowMod:AbyssShriek","HollowMod:SoulEater"],"picked":"HollowMod:SoulSplash+1","floor":39},{"not_picked":["HollowMod:NewInfectedGuardian","HollowMod:HowlingWraiths+1"],"picked":"HollowMod:CornifersMapStart","floor":40},{"not_picked":["HollowMod:NewJinnsSoul","HollowMod:NewGlowingWomb+1"],"picked":"HollowMod:ChannelNail+1","floor":41},{"not_picked":["HollowMod:NewLittleFool","HollowMod:NewJinnsSoul"],"picked":"HollowMod:SoulSplash","floor":41},{"not_picked":["HollowMod:HeavyBlow+1","HollowMod:DungDefenderAura"],"picked":"HollowMod:CloakDash","floor":41},{"not_picked":["HollowMod:CycloneSlash","HollowMod:RadiancesLament"],"picked":"HollowMod:ShadowDash","floor":42},{"not_picked":["HollowMod:SoulSplash+1","HollowMod:InfectionAssault+1"],"picked":"HollowMod:DreamGate+1","floor":47},{"not_picked":["HollowMod:SharpenedNail","HollowMod:InfectedCysts+1"],"picked":"HollowMod:VengefulSpirit","floor":48},{"not_picked":["HollowMod:SoulStrike+1","HollowMod:HeavyBlow"],"picked":"HollowMod:PerfectDash+1","floor":50}],"player_experience":1386425,"relics_obtained":[{"floor":6,"key":"White_Cape"},{"floor":9,"key":"MealTicket"},{"floor":24,"key":"Replay:WaspNest"},{"floor":26,"key":"Meat on the Bone"},{"floor":29,"key":"Onion Ring"},{"floor":42,"key":"Smiling Mask"},{"floor":45,"key":"Replay:Mystery Machine"}],"event_choices":[{"damage_healed":0,"gold_gain":0,"player_choice":"2","damage_taken":0,"max_hp_gain":0,"max_hp_loss":0,"event_name":"betterMatch:BetterMatch","floor":38,"gold_loss":0,"cards_obtained":["betterMatch:ColorlessRareCard","betterMatch:UncommonCard"]}],"is_beta":false,"boss_relics":[{"not_picked":["Runic Dome","Velvet Choker"],"picked":"energizedSpire:NeverEndingSparkler"},{"not_picked":["aspiration:PoetsPen_weak","Replay:Ancient Bell"],"picked":"HollowMod:VoidIdolRelic"}],"items_purged_floors":[0,41],"is_endless":false,"potions_floor_spawned":[6,16,21,35,47,48],"ascension_level":0}}