{"host":"FirstDane","time":1612664257,"event":{"mods":["BaseMod","Bestiary","Highlight Path","Minty Spire (QoL Compilation)","Relic Stats","Slay the Relics Exporter","StSLib"],"gold_per_floor":[117,137,147,163,163,163,188,188,188,188,20,49,49,63,63,135,135,148,73,93,112,126,126,126,153,153,187,206,236,236,266,266,342,342,357,373,37,51,51,51,84,84,84,84,94,110,127,156,156,156,156,156,156,31,60,60],"floor_reached":57,"language":"ENG","playtime":7265,"items_purged":["Strike_G","Strike_G","Strike_G"],"score":3079,"play_id":"0818ac27-3c85-495a-9693-0d3c9a49d115","local_time":"20210206201737","is_ascension_mode":true,"campfire_choices":[{"data":"Poisoned Stab","floor":6,"key":"SMITH"},{"data":"Glass Knife","floor":8,"key":"SMITH"},{"floor":10,"key":"REST"},{"data":"Well Laid Plans","floor":15,"key":"SMITH"},{"data":"Burst","floor":23,"key":"SMITH"},{"data":"Wraith Form v2","floor":30,"key":"SMITH"},{"data":"Noxious Fumes","floor":32,"key":"SMITH"},{"data":"Catalyst","floor":40,"key":"SMITH"},{"floor":42,"key":"RECALL"},{"data":"Bouncing Flask","floor":44,"key":"SMITH"},{"data":"Catalyst","floor":49,"key":"SMITH"},{"data":"Malaise","floor":53,"key":"SMITH"}],"circlet_count":0,"master_deck":["AscendersBane","Strike_G","Strike_G","Defend_G","Defend_G","Defend_G","Defend_G","Defend_G","Survivor","Neutralize","Poisoned Stab+1","Well Laid Plans+1","Flying Knee","Glass Knife+1","Glass Knife+1","Burst+1","Dagger Spray+1","Adrenaline","Backstab+1","Acrobatics","Prepared+1","Bouncing Flask+1","Noxious Fumes+1","Blade Dance","Wraith Form v2+1","Adrenaline","Catalyst+1","Malaise+1","Leg Sweep","Dodge and Roll+1","Noxious Fumes+1","Catalyst+1","PiercingWail","Acrobatics+1","Backflip+1"],"relics":["Ring of the Snake","StoneCalendar","Kunai","Molten Egg 2","DollysMirror","Ornamental Fan","Coffee Dripper","HornCleat","Bottled Lightning","Mummified Hand","CaptainsWheel","Orichalcum","Philosopher\u0027s Stone","Bag of Preparation","Strawberry","Happy Flower","White Beast Statue"],"acts_visited":["Exordium","TheCity","TheBeyond","TheEnding"],"potions_floor_usage":[7,21,25,27,41,55],"damage_taken":[{"damage":1,"enemies":"Cultist","floor":1,"turns":5},{"damage":2,"enemies":"Small Slimes","floor":2,"turns":4},{"damage":9,"enemies":"Jaw Worm","floor":3,"turns":6},{"damage":3,"enemies":"Looter","floor":4,"turns":3},{"damage":16,"enemies":"3 Sentries","floor":7,"turns":7},{"damage":28,"enemies":"Gremlin Nob","floor":12,"turns":4},{"damage":0,"enemies":"Blue Slaver","floor":14,"turns":2},{"damage":6,"enemies":"Hexaghost","floor":16,"turns":9},{"damage":0,"enemies":"3 Byrds","floor":18,"turns":4},{"damage":0,"enemies":"Spheric Guardian","floor":20,"turns":3},{"damage":31,"enemies":"Snecko","floor":21,"turns":7},{"damage":0,"enemies":"3 Cultists","floor":22,"turns":4},{"damage":6,"enemies":"Slavers","floor":25,"turns":4},{"damage":0,"enemies":"Gremlin Leader","floor":27,"turns":7},{"damage":0,"enemies":"Snake Plant","floor":28,"turns":3},{"damage":0,"enemies":"Slavers","floor":29,"turns":4},{"damage":2,"enemies":"Book of Stabbing","floor":31,"turns":4},{"damage":11,"enemies":"Automaton","floor":33,"turns":10},{"damage":0,"enemies":"3 Darklings","floor":35,"turns":3},{"damage":0,"enemies":"3 Shapes","floor":36,"turns":6},{"damage":0,"enemies":"Writhing Mass","floor":38,"turns":7},{"damage":0,"enemies":"Giant Head","floor":41,"turns":3},{"damage":0,"enemies":"3 Darklings","floor":45,"turns":3},{"damage":0,"enemies":"Transient","floor":46,"turns":6},{"damage":1,"enemies":"Writhing Mass","floor":47,"turns":3},{"damage":0,"enemies":"Reptomancer","floor":48,"turns":3},{"damage":0,"enemies":"Time Eater","floor":50,"turns":7},{"damage":11,"enemies":"Donu and Deca","floor":51,"turns":7},{"damage":8,"enemies":"Shield and Spear","floor":55,"turns":4},{"damage":62,"enemies":"The Heart","floor":56,"turns":7}],"seed_played":"9017030742707989142","potions_obtained":[{"floor":3,"key":"Dexterity Potion"},{"floor":14,"key":"LiquidBronze"},{"floor":18,"key":"Dexterity Potion"},{"floor":22,"key":"Fire Potion"},{"floor":25,"key":"Regen Potion"},{"floor":33,"key":"LiquidMemories"},{"floor":38,"key":"CunningPotion"},{"floor":45,"key":"FairyPotion"},{"floor":48,"key":"LiquidMemories"}],"is_trial":false,"path_per_floor":["M","M","M","M","?","R","E","R","T","R","$","E","?","M","R","B",null,"M","$","M","M","M","R","?","E","T","E","M","E","R","E","R","B",null,"M","M","$","M","?","R","E","R","T","R","M","M","M","E","R","B","B",null,"R","$","E","B",null],"character_chosen":"THE_SILENT","items_purchased":["DollysMirror","Malaise","Bag of Preparation"],"campfire_rested":1,"item_purchase_floors":[11,37,37],"current_hp_per_floor":[64,62,53,50,45,45,29,29,29,50,50,22,46,46,46,40,64,64,64,64,33,33,33,33,27,27,42,42,42,42,40,40,29,61,61,61,61,61,61,61,68,68,68,68,68,68,67,67,67,67,56,70,70,70,62,22],"gold":60,"neow_bonus":"TEN_PERCENT_HP_BONUS","is_daily":false,"chose_seed":false,"campfire_upgraded":10,"win_rate":0.0,"timestamp":1612664257,"path_taken":["M","M","M","M","?","R","E","R","T","R","$","E","?","M","R","BOSS","M","$","M","M","M","R","?","E","T","E","M","E","R","E","R","BOSS","M","M","$","M","?","R","E","R","T","R","M","M","M","E","R","BOSS","BOSS","R","$","E","BOSS"],"items_purchased_type":["Relic","Card","Relic"],"build_version":"2020-12-18","purchased_purges":3,"victory":true,"max_hp_per_floor":[72,72,72,72,72,72,72,72,72,72,72,72,72,72,72,72,72,72,72,72,72,72,72,72,72,72,72,72,72,72,72,72,72,72,72,72,72,72,68,68,75,75,75,75,75,75,75,75,75,75,75,75,75,75,75,75],"relic_stats":{"Happy Flower":[8],"counters":[30,149],"Ornamental Fan":[256],"Mummified Hand":[52],"StoneCalendar":[344],"Bag of Preparation":[20],"Kunai":[66],"Orichalcum":[96],"obtain_stats":[{"Happy Flower":48,"StoneCalendar":5,"Bag of Preparation":37,"Orichalcum":31,"White Beast Statue":55,"CaptainsWheel":29,"HornCleat":25,"DollysMirror":11,"Ornamental Fan":12,"Mummified Hand":27,"Strawberry":41,"Molten Egg 2":9,"Philosopher\u0027s Stone":34,"Coffee Dripper":17,"Kunai":7,"Bottled Lightning":26,"Ring of the Snake":0},{"Happy Flower":26,"StoneCalendar":4,"Bag of Preparation":20,"Orichalcum":17,"White Beast Statue":29,"CaptainsWheel":16,"HornCleat":13,"DollysMirror":5,"Ornamental Fan":6,"Mummified Hand":14,"Strawberry":22,"Molten Egg 2":5,"Philosopher\u0027s Stone":18,"Coffee Dripper":8,"Kunai":5,"Bottled Lightning":13,"Ring of the Snake":0},{"Happy Flower":124,"StoneCalendar":18,"Bag of Preparation":99,"Orichalcum":80,"White Beast Statue":142,"CaptainsWheel":76,"HornCleat":62,"DollysMirror":25,"Ornamental Fan":29,"Mummified Hand":69,"Strawberry":109,"Molten Egg 2":25,"Philosopher\u0027s Stone":90,"Coffee Dripper":40,"Kunai":25,"Bottled Lightning":62,"Ring of the Snake":0}],"Ring of the Snake":[60]},"card_choices":[{"not_picked":["Bane","Outmaneuver"],"picked":"Poisoned Stab","floor":1},{"not_picked":["Underhanded Strike","Expertise"],"picked":"Well Laid Plans","floor":2},{"not_picked":["Dodge and Roll","Setup"],"picked":"Flying Knee","floor":3},{"not_picked":["Blur","Well Laid Plans","Acrobatics"],"picked":"SKIP","floor":4},{"not_picked":["Expertise","Well Laid Plans"],"picked":"Glass Knife","floor":7},{"not_picked":["Blur","Dagger Throw+1"],"picked":"Burst","floor":12},{"not_picked":["Underhanded Strike+1","Bane+1"],"picked":"Dagger Spray+1","floor":14},{"not_picked":["Malaise","Unload+1"],"picked":"Adrenaline","floor":16},{"not_picked":["Prepared","Dagger Spray+1"],"picked":"Backstab+1","floor":18},{"not_picked":["Noxious Fumes","Riddle With Holes+1"],"picked":"Acrobatics","floor":20},{"not_picked":["Riddle With Holes+1","Bane+1"],"picked":"Prepared+1","floor":21},{"not_picked":["Riddle With Holes+1","Calculated Gamble","Dagger Throw+1"],"picked":"SKIP","floor":22},{"not_picked":["Riddle With Holes+1","Calculated Gamble","Dagger Throw+1"],"picked":"SKIP","floor":22},{"not_picked":["Acrobatics","Storm of Steel"],"picked":"Bouncing Flask","floor":25},{"not_picked":["Calculated Gamble","Leg Sweep"],"picked":"Noxious Fumes","floor":27},{"not_picked":["Slice+1","Deflect"],"picked":"Blade Dance","floor":28},{"not_picked":["Sucker Punch+1","Predator+1"],"picked":"Wraith Form v2","floor":29},{"not_picked":["Dagger Spray+1","Escape Plan","Distraction+1"],"picked":"SKIP","floor":31},{"not_picked":["Dagger Spray+1","Escape Plan","Distraction+1"],"picked":"SKIP","floor":31},{"not_picked":["Wraith Form v2","Tools of the Trade"],"picked":"Adrenaline","floor":33},{"not_picked":["Tactician+1","Backflip"],"picked":"Catalyst","floor":35},{"not_picked":["Tactician","Distraction+1","Cloak And Dagger"],"picked":"SKIP","floor":36},{"not_picked":["Finisher+1","Deadly Poison"],"picked":"Leg Sweep","floor":38},{"not_picked":["Underhanded Strike+1","Noxious Fumes"],"picked":"Dodge and Roll+1","floor":41},{"not_picked":["Burst","Dodge and Roll"],"picked":"Noxious Fumes+1","floor":45},{"not_picked":["Setup+1","Backflip"],"picked":"Catalyst","floor":46},{"not_picked":["Flying Knee+1","Dagger Throw+1"],"picked":"PiercingWail","floor":47},{"not_picked":["Slice+1","Noxious Fumes"],"picked":"Acrobatics+1","floor":48},{"not_picked":["Acrobatics+1","Setup"],"picked":"Backflip+1","floor":55}],"player_experience":4049498,"relics_obtained":[{"floor":7,"key":"Kunai"},{"floor":9,"key":"Molten Egg 2"},{"floor":12,"key":"Ornamental Fan"},{"floor":25,"key":"HornCleat"},{"floor":26,"key":"Bottled Lightning"},{"floor":27,"key":"Mummified Hand"},{"floor":29,"key":"CaptainsWheel"},{"floor":31,"key":"Orichalcum"},{"floor":41,"key":"Strawberry"},{"floor":48,"key":"Happy Flower"},{"floor":55,"key":"White Beast Statue"}],"event_choices":[{"damage_healed":0,"gold_gain":0,"player_choice":"Success","damage_taken":5,"relics_obtained":["StoneCalendar"],"max_hp_gain":0,"max_hp_loss":0,"event_name":"Scrap Ooze","floor":5,"gold_loss":0},{"damage_healed":24,"gold_gain":0,"player_choice":"Banana","damage_taken":0,"max_hp_gain":0,"max_hp_loss":0,"event_name":"Big Fish","floor":13,"gold_loss":0},{"damage_healed":0,"gold_gain":0,"player_choice":"Ignored","damage_taken":0,"max_hp_gain":0,"max_hp_loss":0,"event_name":"The Mausoleum","floor":24,"gold_loss":0},{"damage_healed":0,"gold_gain":0,"player_choice":"Max HP","damage_taken":0,"max_hp_gain":0,"max_hp_loss":4,"event_name":"Winding Halls","floor":39,"gold_loss":0}],"is_beta":true,"boss_relics":[{"not_picked":["SacredBark","Calling Bell"],"picked":"Coffee Dripper"},{"not_picked":["Black Star","Velvet Choker"],"picked":"Philosopher\u0027s Stone"}],"items_purged_floors":[19,37,54],"is_endless":false,"potions_floor_spawned":[3,14,18,20,22,25,33,36,38,45,48],"ascension_level":20}}