{"host":"c6xy0a74zz7y4nf6","time":1612670638,"event":{"mods":["BaseMod","Colored Map","Hermit","Minty Spire (QoL Compilation)","Replay The Spire","Robot Space Explorer","StSLib","The Cursed","The Death Knight","The Exalted","The Servant 0.9.4","The Wild Card"],"gold_per_floor":[112,127,142,157,175,190,215,215,215,215,231,231,248,282,282,377,377,393,404,319,338,27,27,58,58,58,58,58,72,72,171,171,171,171,274,274,292,312,312,329,2,16,16,16,16,16,16,16],"floor_reached":49,"language":"ENG","playtime":2511,"items_purged":["RobotSpaceExplorer:GlueSpray"],"score":517,"play_id":"83cbc6ee-0f11-436b-8228-3d9c5162b23c","local_time":"20210206220358","is_ascension_mode":false,"campfire_choices":[{"floor":12,"key":"REST"},{"data":"RobotSpaceExplorer:StarDust","floor":15,"key":"SMITH"},{"data":"RobotSpaceExplorer:StarDust","floor":23,"key":"SMITH"},{"data":"RobotSpaceExplorer:Comet","floor":28,"key":"SMITH"},{"floor":34,"key":"REST"}],"circlet_count":0,"master_deck":["RobotSpaceExplorer:Strike+1","RobotSpaceExplorer:Strike","RobotSpaceExplorer:Strike","RobotSpaceExplorer:Defend","RobotSpaceExplorer:Defend","RobotSpaceExplorer:Defend","RobotSpaceExplorer:Defend","RobotSpaceExplorer:MiniLasers","RobotSpaceExplorer:ScrapToss","RobotSpaceExplorer:MiniDrones","RobotSpaceExplorer:MetalStrike","RobotSpaceExplorer:Discharger","RobotSpaceExplorer:MiniBoosters","RobotSpaceExplorer:Fix","RobotSpaceExplorer:ScrapMissile+1","RobotSpaceExplorer:Pulsar","RobotSpaceExplorer:StarDust+1","RobotSpaceExplorer:StarDust+1","RobotSpaceExplorer:Comet+1","CurseOfTheBell","ReplayTheSpireMod:Faulty Equipment","RobotSpaceExplorer:DroneSwarm","RobotSpaceExplorer:TurboDodge+1","RobotSpaceExplorer:Electroshield","RobotSpaceExplorer:Pulsar","RobotSpaceExplorer:Pulsar+1","RobotSpaceExplorer:TurboDodge+1","RobotSpaceExplorer:FranticSearch+1","RobotSpaceExplorer:IronShell","RobotSpaceExplorer:GlueShot+1","Impatience"],"relics":["RobotSpaceExplorer:RoboCore","Dream Catcher","Chameleon Ring","Calipers","Replay:Ancient Bell","Replay:Wax Seal","Mercury Hourglass","Torii","Orichalcum","Lizard Tail","Ice Cream","Bromod:ArcaneUltimatum","Nilry\u0027s Codex","Coffee Dripper","Whetstone","ReplayTheSpireMod:Ring of Collecting","Ring of Hypnosis","Iron Hammer"],"acts_visited":["Exordium","TheCity","TheBeyond"],"potions_floor_usage":[7,7,7,7,11,11,14,16,24,35,40,48,48,48,48,48],"damage_taken":[{"damage":0,"enemies":"Small Slimes","floor":1,"turns":3},{"damage":6,"enemies":"Cultist","floor":2,"turns":4},{"damage":0,"enemies":"2 Louse","floor":3,"turns":2},{"damage":4,"enemies":"Looter","floor":4,"turns":2},{"damage":1,"enemies":"Red Slaver","floor":5,"turns":5},{"damage":13,"enemies":"3 Louse","floor":6,"turns":4},{"damage":18,"enemies":"Lagavulin","floor":7,"turns":5},{"damage":4,"enemies":"2 Fungi Beasts","floor":11,"turns":3},{"damage":1,"enemies":"Looter","floor":13,"turns":4},{"damage":20,"enemies":"Gremlin Nob","floor":14,"turns":5},{"damage":47,"enemies":"The Guardian","floor":16,"turns":9},{"damage":0,"enemies":"3 Byrds","floor":18,"turns":5},{"damage":0,"enemies":"Chosen","floor":19,"turns":4},{"damage":12,"enemies":"Shelled Parasite and Fungi","floor":21,"turns":6},{"damage":17,"enemies":"Book of Stabbing","floor":24,"turns":6},{"damage":22,"enemies":"Snake Plant","floor":29,"turns":6},{"damage":37,"enemies":"Pondfish","floor":35,"turns":8},{"damage":24,"enemies":"3 Shapes","floor":37,"turns":5},{"damage":31,"enemies":"3 Darklings","floor":38,"turns":4},{"damage":20,"enemies":"Maw","floor":40,"turns":7},{"damage":1,"enemies":"Writhing Mass","floor":42,"turns":6},{"damage":25,"enemies":"Replay:Hell Engine","floor":48,"turns":12}],"seed_played":"-4984817159301828372","potions_obtained":[{"floor":1,"key":"ColorlessPotion"},{"floor":2,"key":"RobotSpaceExplorer:PlasmaFlask"},{"floor":5,"key":"EntropicBrew"},{"floor":10,"key":"PowerPotion"},{"floor":10,"key":"LiquidBronze"},{"floor":11,"key":"Elixir"},{"floor":13,"key":"Toxic Potion"},{"floor":14,"key":"Fire Potion"},{"floor":18,"key":"Milkshake"},{"floor":19,"key":"Adrenaline Potion"},{"floor":35,"key":"SteroidPotion"},{"floor":40,"key":"BlessingOfTheForge"},{"floor":44,"key":"LifebloodPotion"},{"floor":44,"key":"Flashbang"}],"is_trial":false,"path_per_floor":["M","M","M","M","M","M","E","?","T","R","M","R","M","E","R","B",null,"M","M","?","M","$","R","E","$","T","?","R","M","?","?","R_BF","PTL","R","B",null,"M","M","?","M","$","M","?","R","T","?","?","B",null],"character_chosen":"RobotSpaceExplorer","items_purchased":["Lizard Tail","EntropicBrew","Whetstone"],"campfire_rested":2,"item_purchase_floors":[22,41,41],"current_hp_per_floor":[82,76,76,72,71,58,53,53,53,53,53,77,80,64,64,21,82,82,82,82,74,74,74,57,57,57,57,57,39,23,23,23,23,47,14,82,58,31,31,15,15,14,14,14,14,14,14,41],"gold":16,"neow_bonus":"TEN_PERCENT_HP_BONUS","is_daily":false,"chose_seed":false,"campfire_upgraded":3,"win_rate":0.0,"timestamp":1612670638,"path_taken":["M","M","M","M","M","M","E","?","T","R","?","R","M","E","R","BOSS","M","M","?","M","$","R","E","$","T","?","R","?","?","?","R_BF","PTL","R","BOSS","M","M","?","M","$","M","?","R","T","?","?","BOSS"],"items_purchased_type":["Relic","Potion","Relic"],"build_version":"2020-12-22","purchased_purges":1,"victory":true,"max_hp_per_floor":[82,82,82,82,82,82,82,82,82,82,82,82,82,82,82,82,82,82,82,82,82,82,82,82,82,82,82,82,82,82,82,82,82,82,82,82,82,82,82,82,82,82,82,82,82,82,82,82],"card_choices":[{"not_picked":["RobotSpaceExplorer:ScrapMissile","RobotSpaceExplorer:FreezingShield"],"picked":"RobotSpaceExplorer:ScrapToss","floor":1},{"not_picked":["RobotSpaceExplorer:DoubleBlock","RobotSpaceExplorer:MakeshiftVolley"],"picked":"RobotSpaceExplorer:MiniDrones","floor":2},{"not_picked":["RobotSpaceExplorer:ShovelStrike","RobotSpaceExplorer:FreezeRay"],"picked":"RobotSpaceExplorer:MetalStrike","floor":3},{"not_picked":["RobotSpaceExplorer:BigMissile","RobotSpaceExplorer:MiniDrones"],"picked":"RobotSpaceExplorer:Discharger","floor":4},{"not_picked":["RobotSpaceExplorer:GearShield","RobotSpaceExplorer:Reload"],"picked":"RobotSpaceExplorer:MiniBoosters","floor":5},{"not_picked":["RobotSpaceExplorer:StunGrenade","RobotSpaceExplorer:SurgingShield"],"picked":"RobotSpaceExplorer:Fix","floor":6},{"not_picked":["RobotSpaceExplorer:Counterblock","RobotSpaceExplorer:FranticSearch","RobotSpaceExplorer:Reload"],"picked":"SKIP","floor":7},{"not_picked":["RobotSpaceExplorer:MiniDrones","RobotSpaceExplorer:BlastShield"],"picked":"RobotSpaceExplorer:ScrapMissile","floor":11},{"not_picked":["RobotSpaceExplorer:ShovelStrike","RobotSpaceExplorer:Electroshield"],"picked":"RobotSpaceExplorer:Pulsar","floor":12},{"not_picked":["RobotSpaceExplorer:SurgingStrike","RobotSpaceExplorer:ShovelStrike"],"picked":"RobotSpaceExplorer:StarDust","floor":13},{"not_picked":["RobotSpaceExplorer:ImprovisedAttack","RobotSpaceExplorer:Probe"],"picked":"RobotSpaceExplorer:StarDust","floor":14},{"not_picked":["RobotSpaceExplorer:BlastShield","RobotSpaceExplorer:Autoloader"],"picked":"RobotSpaceExplorer:Comet","floor":16},{"not_picked":["ReplayTheSpireMod:Restless Dread","hermit:ImpendingDoom"],"picked":"CurseOfTheBell","floor":17},{"not_picked":["ReplayTheSpireMod:IOU","Replay:Hysterical Blindness"],"picked":"ReplayTheSpireMod:Faulty Equipment","floor":17},{"not_picked":["ReplayTheSpireMod:IOU","Delirium"],"picked":"ReplayTheSpireMod:Faulty Equipment","floor":17},{"not_picked":["RobotSpaceExplorer:ShovelStrike","RobotSpaceExplorer:GearShield+1"],"picked":"RobotSpaceExplorer:DroneSwarm","floor":18},{"not_picked":["RobotSpaceExplorer:BigMissile","RobotSpaceExplorer:GlueShot"],"picked":"RobotSpaceExplorer:TurboDodge+1","floor":19},{"not_picked":["RobotSpaceExplorer:GlueShot","RobotSpaceExplorer:Ammunition+1"],"picked":"RobotSpaceExplorer:Electroshield","floor":21},{"not_picked":["RobotSpaceExplorer:MiniBoosters+1","RobotSpaceExplorer:ExhaustFan"],"picked":"RobotSpaceExplorer:Pulsar","floor":24},{"not_picked":["RobotSpaceExplorer:GlueSpray","RobotSpaceExplorer:StunGrenade"],"picked":"RobotSpaceExplorer:Pulsar+1","floor":29},{"not_picked":["RobotSpaceExplorer:HighVoltage","RobotSpaceExplorer:JunkDive"],"picked":"RobotSpaceExplorer:TurboDodge+1","floor":34},{"not_picked":["RobotSpaceExplorer:DroneSwarm","RobotSpaceExplorer:Comet"],"picked":"RobotSpaceExplorer:Wormhole","floor":35},{"not_picked":["RobotSpaceExplorer:LuckyStrike+1","RobotSpaceExplorer:GlueShot+1"],"picked":"RobotSpaceExplorer:FranticSearch+1","floor":37},{"not_picked":["RobotSpaceExplorer:ToxicBomb","RobotSpaceExplorer:ShovelStrike+1","RobotSpaceExplorer:ScrapMissile+1"],"picked":"SKIP","floor":38},{"not_picked":["RobotSpaceExplorer:MiniDrones+1","RobotSpaceExplorer:FreezingShield+1"],"picked":"RobotSpaceExplorer:IronShell","floor":40},{"not_picked":["RobotSpaceExplorer:SlimeMissile","RobotSpaceExplorer:IronShell"],"picked":"RobotSpaceExplorer:GlueShot+1","floor":42},{"not_picked":["Dark Shackles","Madness"],"picked":"Impatience","floor":46}],"player_experience":102560,"relics_obtained":[{"floor":7,"key":"Dream Catcher"},{"floor":9,"key":"Chameleon Ring"},{"floor":14,"key":"Calipers"},{"floor":24,"key":"Ice Cream"},{"floor":26,"key":"Bromod:ArcaneUltimatum"},{"floor":30,"key":"Nilry\u0027s Codex"},{"floor":43,"key":"ReplayTheSpireMod:Ring of Collecting"},{"floor":45,"key":"Ring of Hypnosis"},{"floor":45,"key":"Iron Hammer"}],"event_choices":[{"damage_healed":0,"gold_gain":0,"cards_transformed":["RobotSpaceExplorer:Strike"],"player_choice":"Transformed","damage_taken":0,"max_hp_gain":0,"max_hp_loss":0,"event_name":"Transmorgrifier","floor":8,"gold_loss":0,"cards_obtained":["RobotSpaceExplorer:GlueSpray"]},{"damage_healed":0,"gold_gain":0,"player_choice":"Obtained Relic","damage_taken":0,"relics_obtained":["Orichalcum"],"max_hp_gain":0,"max_hp_loss":0,"event_name":"Addict","floor":20,"gold_loss":85},{"damage_healed":0,"gold_gain":0,"player_choice":"Ignored","damage_taken":0,"max_hp_gain":0,"max_hp_loss":0,"event_name":"NoteForYourself","floor":27,"gold_loss":0},{"damage_healed":0,"gold_gain":0,"player_choice":"Obtained Book","damage_taken":16,"max_hp_gain":0,"max_hp_loss":0,"event_name":"Cursed Tome","floor":30,"gold_loss":0},{"damage_healed":0,"gold_gain":99,"player_choice":"Stole From Cult","damage_taken":0,"max_hp_gain":0,"max_hp_loss":0,"event_name":"Nest","floor":31,"gold_loss":0},{"cards_removed":["RobotSpaceExplorer:Scan"],"damage_healed":0,"gold_gain":0,"player_choice":"Removed Skill","damage_taken":0,"max_hp_gain":0,"max_hp_loss":0,"event_name":"Falling","floor":39,"gold_loss":0},{"damage_healed":0,"gold_gain":0,"player_choice":"Memory 1","damage_taken":0,"max_hp_gain":0,"max_hp_loss":0,"event_name":"SensoryStone","floor":46,"gold_loss":0},{"damage_healed":0,"gold_gain":0,"player_choice":"Took Portal","damage_taken":0,"max_hp_gain":0,"max_hp_loss":0,"event_name":"SecretPortal","floor":47,"gold_loss":0}],"is_beta":false,"boss_relics":[{"not_picked":["RobotSpaceExplorer:SearchSpecs","SlaversCollar"],"picked":"Replay:Ancient Bell"},{"not_picked":["Lantern","Pet Ghost"],"picked":"Replay:Wax Seal"},{"not_picked":["Replay:Bottled Eggs","Gremlin Horn"],"picked":"Mercury Hourglass"},{"not_picked":["RobotSpaceExplorer:RingOfTheNewt","WingedGreaves"],"picked":"Torii"},{"not_picked":["SacredBark","Black Star"],"picked":"Coffee Dripper"}],"items_purged_floors":[41],"is_endless":false,"potions_floor_spawned":[1,2,5,11,13,14,18,19,35,40],"ascension_level":0}}