{"host":"gc8h028r85mpey4t","time":1612675648,"event":{"mods":["BaseMod","BetterRewards","Colored Powertips","Minty Spire (QoL Compilation)","StSLib","The Senshi"],"gold_per_floor":[119,119,137,149,159,159,176,176,202,202,202,17,29,45,45,146,146,165,177,177,187,187,18,18,29,56,56,56,56,56,56],"floor_reached":30,"language":"ENG","playtime":1315,"items_purged":[],"score":222,"play_id":"a948acfd-16bb-4f67-8277-89f568724319","local_time":"20210206212728","is_ascension_mode":false,"campfire_choices":[{"data":"Strike_B","floor":6,"key":"SMITH"},{"data":"Dualcast","floor":10,"key":"SMITH"},{"data":"Streamline","floor":15,"key":"SMITH"},{"data":"Self Repair","floor":24,"key":"SMITH"},{"floor":27,"key":"REST"},{"data":"Self Repair","floor":29,"key":"SMITH"}],"circlet_count":0,"master_deck":["Strike_B+1","Strike_B+1","Strike_B+1","Defend_B","Defend_B","Defend_B","Defend_B","Zap","Dualcast+1","Cold Snap","Streamline+1","Auto Shields+1","Gash+1","Dramatic Entrance","Self Repair+1","Coolheaded","Gash","Buffer","Streamline","Recycle+1","Static Discharge","Beam Cell","Rip and Tear","Self Repair+1","Gash+1"],"relics":["Cracked Core","NeowsBlessing","Lantern","SlaversCollar","Whetstone"],"acts_visited":["Exordium","TheCity"],"potions_floor_usage":[16,16],"damage_taken":[{"damage":0,"enemies":"Small Slimes","floor":1,"turns":1},{"damage":0,"enemies":"Cultist","floor":3,"turns":1},{"damage":0,"enemies":"2 Louse","floor":4,"turns":1},{"damage":5,"enemies":"Blue Slaver","floor":5,"turns":4},{"damage":6,"enemies":"3 Louse","floor":7,"turns":3},{"damage":0,"enemies":"Lots of Slimes","floor":13,"turns":2},{"damage":3,"enemies":"Large Slime","floor":14,"turns":5},{"damage":41,"enemies":"The Guardian","floor":16,"turns":10},{"damage":30,"enemies":"3 Byrds","floor":18,"turns":5},{"damage":5,"enemies":"Shell Parasite","floor":19,"turns":6},{"damage":26,"enemies":"Centurion and Healer","floor":21,"turns":9},{"damage":19,"enemies":"Snake Plant","floor":25,"turns":4},{"damage":33,"enemies":"3 Cultists","floor":30,"turns":4}],"seed_played":"7539169453368265718","potions_obtained":[{"floor":1,"key":"LiquidMemories"},{"floor":13,"key":"FearPotion"},{"floor":14,"key":"DuplicationPotion"},{"floor":16,"key":"FocusPotion"},{"floor":18,"key":"EssenceOfSteel"},{"floor":22,"key":"Swift Potion"}],"is_trial":false,"path_per_floor":["M","?","M","M","M","R","M","?","T","R","?","$","M","M","R","B",null,"M","M","?","M","?","$","R","M","T","R","?","R","M"],"character_chosen":"DEFECT","items_purchased":["Dramatic Entrance","Self Repair","Coolheaded","Beam Cell","Rip and Tear","Self Repair"],"campfire_rested":1,"item_purchase_floors":[12,12,12,23,23,23],"current_hp_per_floor":[75,75,75,75,70,70,64,64,64,64,64,64,64,68,68,34,75,45,47,47,28,28,28,28,9,9,31,31,31,0,0],"gold":56,"neow_bonus":"THREE_ENEMY_KILL","is_daily":false,"chose_seed":false,"campfire_upgraded":5,"win_rate":0.0,"timestamp":1612675648,"path_taken":["M","?","M","M","?","R","M","?","T","R","?","?","M","M","R","BOSS","M","M","?","?","?","$","R","?","T","R","?","R","?"],"items_purchased_type":["Card","Card","Card","Card","Card","Card"],"build_version":"2020-12-22","purchased_purges":0,"victory":false,"max_hp_per_floor":[75,75,75,75,75,75,75,75,75,75,75,75,75,75,75,75,75,75,75,75,75,75,75,75,75,75,75,75,75,75,75],"card_choices":[{"not_picked":["Melter","Lockon"],"picked":"Cold Snap","floor":1},{"not_picked":["Turbo","Beam Cell"],"picked":"Streamline","floor":3},{"not_picked":["Coolheaded","Steam Power"],"picked":"Auto Shields","floor":4},{"not_picked":["Glacier","Hello World","Steam Power"],"picked":"SKIP","floor":5},{"not_picked":["Sweeping Beam","Chaos"],"picked":"Gash","floor":7},{"not_picked":["Scrape","Steam Power","Redo"],"picked":"SKIP","floor":13},{"not_picked":["Stack","Cold Snap"],"picked":"Gash","floor":14},{"not_picked":["All For One","Fission"],"picked":"Buffer","floor":16},{"not_picked":["Ball Lightning","Redo"],"picked":"Streamline","floor":18},{"not_picked":["Turbo","White Noise"],"picked":"Recycle+1","floor":19},{"not_picked":["Chill+1","Coolheaded+1"],"picked":"Static Discharge","floor":21},{"not_picked":["White Noise","Blizzard"],"picked":"Gash+1","floor":25}],"player_experience":111822,"relics_obtained":[{"floor":9,"key":"Lantern"},{"floor":26,"key":"Whetstone"}],"event_choices":[{"cards_removed":["Strike_B"],"damage_healed":0,"gold_gain":0,"player_choice":"Offered Basic","damage_taken":0,"max_hp_gain":0,"max_hp_loss":0,"event_name":"Bonfire Elementals","floor":2,"gold_loss":0},{"damage_healed":0,"gold_gain":0,"player_choice":"Grow","damage_taken":0,"max_hp_gain":0,"max_hp_loss":0,"event_name":"Living Wall","floor":8,"gold_loss":0,"cards_upgraded":["Gash"]},{"damage_healed":0,"gold_gain":0,"player_choice":"Fled","damage_taken":0,"max_hp_gain":0,"max_hp_loss":0,"event_name":"Scrap Ooze","floor":11,"gold_loss":0},{"damage_healed":0,"gold_gain":0,"player_choice":"Forge","damage_taken":0,"max_hp_gain":0,"max_hp_loss":0,"event_name":"Accursed Blacksmith","floor":20,"gold_loss":0,"cards_upgraded":["Auto Shields"]},{"damage_healed":0,"gold_gain":0,"player_choice":"Got Potions","damage_taken":0,"max_hp_gain":0,"max_hp_loss":0,"event_name":"Lab","floor":22,"gold_loss":0},{"damage_healed":0,"gold_gain":0,"player_choice":"Ignored","damage_taken":0,"max_hp_gain":0,"max_hp_loss":0,"event_name":"N\u0027loth","floor":28,"gold_loss":0}],"is_beta":false,"boss_relics":[{"not_picked":["Ectoplasm","Philosopher\u0027s Stone"],"picked":"SlaversCollar"}],"items_purged_floors":[],"is_endless":false,"potions_floor_spawned":[1,13,14,16,18,19,25],"killed_by":"3 Cultists","ascension_level":0}}