{"host":"6q94iy5iz6612v89","time":1612696970,"event":{"mods":["2.2 Compatiblity","AchievementEnabler","BaseMod","Colored Map","DeckTracker","Keyboard Shortcuts","Minty Spire (QoL Compilation)","Permanent Neow","StSLib","SuperFastMode"],"gold_per_floor":[113,113,113,127,127,166,187,187,263,287,307,307,307,323,323,416,416,437,455,170,191,211,211,211,228,305,205,205,220,234,248,248,248,248],"floor_reached":33,"language":"KOR","playtime":739,"items_purged":["Strike_G","Strike_G"],"score":656,"play_id":"72c724c2-080b-44c0-939e-0d65f9552a0e","local_time":"20210207202250","is_ascension_mode":true,"campfire_choices":[{"data":"Bouncing Flask","floor":8,"key":"SMITH"},{"data":"Catalyst","floor":12,"key":"SMITH"},{"data":"Blade Dance","floor":15,"key":"SMITH"},{"floor":23,"key":"REST"},{"data":"Footwork","floor":32,"key":"SMITH"}],"circlet_count":0,"master_deck":["AscendersBane","Strike_G+1","Strike_G","Defend_G","Defend_G","Defend_G+1","Defend_G","Defend_G","Survivor","Neutralize","Noxious Fumes","Bouncing Flask+1","Blade Dance+1","Catalyst+1","Bane","Footwork","Acrobatics","Dodge and Roll","Leg Sweep","Footwork+1","Tactician","Ghostly","Ghostly","Ghostly","Blur"],"relics":["Ring of the Snake","NeowsBlessing","Bloody Idol","Blood Vial","Juzu Bracelet","Mercury Hourglass","Sozu","DollysMirror","Mummified Hand"],"acts_visited":["Exordium","TheCity"],"potions_floor_usage":[14,16,21],"damage_taken":[{"damage":0,"enemies":"Small Slimes","floor":1,"turns":1},{"damage":0,"enemies":"2 Louse","floor":4,"turns":1},{"damage":0,"enemies":"Lagavulin","floor":6,"turns":1},{"damage":0,"enemies":"Cultist","floor":7,"turns":3},{"damage":1,"enemies":"Looter","floor":10,"turns":3},{"damage":0,"enemies":"Blue Slaver","floor":11,"turns":4},{"damage":0,"enemies":"3 Louse","floor":14,"turns":1},{"damage":0,"enemies":"Slime Boss","floor":16,"turns":6},{"damage":13,"enemies":"3 Byrds","floor":18,"turns":4},{"damage":24,"enemies":"2 Thieves","floor":19,"turns":4},{"damage":16,"enemies":"Shelled Parasite and Fungi","floor":21,"turns":6},{"damage":0,"enemies":"Centurion and Healer","floor":22,"turns":8},{"damage":13,"enemies":"Snake Plant","floor":25,"turns":3},{"damage":1,"enemies":"Snecko","floor":29,"turns":3},{"damage":0,"enemies":"Centurion and Healer","floor":30,"turns":8},{"damage":15,"enemies":"Chosen and Byrds","floor":31,"turns":8},{"damage":28,"enemies":"Champ","floor":33,"turns":14}],"seed_played":"-8649859709812092256","potions_obtained":[{"floor":1,"key":"SpeedPotion"},{"floor":7,"key":"Explosive Potion"},{"floor":14,"key":"CultistPotion"}],"is_trial":false,"path_per_floor":["M","?","?","M","?","E","M","R","T","M","M","R","?","M","R","B",null,"M","M","$","M","M","R","?","M","T","$","?","M","M","M","R","B"],"character_chosen":"THE_SILENT","items_purchased":["Leg Sweep","DollysMirror"],"campfire_rested":1,"item_purchase_floors":[20,20],"current_hp_per_floor":[59,36,36,38,18,20,22,22,22,23,25,25,18,20,20,22,55,44,22,22,8,10,29,29,23,28,28,28,33,33,23,23,0,0],"gold":248,"neow_bonus":"THREE_ENEMY_KILL","is_daily":false,"chose_seed":false,"campfire_upgraded":4,"win_rate":0.0,"timestamp":1612696970,"path_taken":["M","?","?","?","?","E","M","R","T","M","M","R","?","M","R","BOSS","M","M","$","M","M","R","?","M","T","$","?","M","M","M","R","BOSS"],"items_purchased_type":["Card","Relic"],"build_version":"2020-12-22","purchased_purges":2,"victory":false,"max_hp_per_floor":[66,66,66,66,66,66,66,66,66,66,66,66,66,66,66,66,66,66,66,66,66,66,66,66,66,66,66,33,33,33,33,33,33,33],"card_choices":[{"not_picked":["Calculated Gamble","Acrobatics"],"picked":"Bane","floor":1},{"not_picked":["Blur","Endless Agony"],"picked":"Noxious Fumes","floor":4},{"not_picked":["Deadly Poison","Sucker Punch"],"picked":"Bouncing Flask","floor":6},{"not_picked":["Setup","Finisher"],"picked":"Blade Dance","floor":7},{"not_picked":["Concentrate","All Out Attack"],"picked":"Catalyst","floor":10},{"not_picked":["Distraction","Underhanded Strike"],"picked":"Bane","floor":11},{"not_picked":["Flying Knee","Bane"],"picked":"Footwork","floor":14},{"not_picked":["Bane+1","Terror"],"picked":"Acrobatics","floor":18},{"not_picked":["Quick Slash","Sucker Punch"],"picked":"Dodge and Roll","floor":19},{"not_picked":["Bane","Deflect","Slice"],"picked":"SKIP","floor":21},{"not_picked":["Deadly Poison","Caltrops"],"picked":"Tactician","floor":22},{"not_picked":["Dodge and Roll","Poisoned Stab","Flechettes+1"],"picked":"SKIP","floor":25},{"not_picked":["Acrobatics","Dagger Spray","Heel Hook"],"picked":"SKIP","floor":29},{"not_picked":["Prepared","Dagger Spray","PiercingWail"],"picked":"SKIP","floor":30},{"not_picked":["Dagger Throw","Backflip"],"picked":"Blur","floor":31}],"player_experience":1471349,"relics_obtained":[{"floor":6,"key":"Juzu Bracelet"},{"floor":9,"key":"Mercury Hourglass"},{"floor":26,"key":"Mummified Hand"}],"event_choices":[{"damage_healed":0,"gold_gain":0,"player_choice":"Take Damage","damage_taken":23,"relics_obtained":["Golden Idol"],"max_hp_gain":0,"max_hp_loss":0,"event_name":"Golden Idol","floor":2,"gold_loss":0},{"cards_removed":["Bane"],"damage_healed":0,"gold_gain":0,"player_choice":"Gave Card","damage_taken":0,"relics_obtained":["Blood Vial"],"max_hp_gain":0,"max_hp_loss":0,"event_name":"WeMeetAgain","floor":3,"gold_loss":0},{"damage_healed":0,"gold_gain":0,"player_choice":"Entered Light","damage_taken":20,"max_hp_gain":0,"max_hp_loss":0,"event_name":"Shining Light","floor":5,"gold_loss":0,"cards_upgraded":["Strike_G","Defend_G"]},{"cards_removed":["Strike_G"],"damage_healed":0,"gold_gain":0,"player_choice":"Card Removal","damage_taken":7,"max_hp_gain":0,"max_hp_loss":0,"event_name":"Golden Wing","floor":13,"gold_loss":0},{"damage_healed":0,"gold_gain":0,"player_choice":"Gave Idol","damage_taken":0,"relics_obtained":["Bloody Idol"],"max_hp_gain":0,"max_hp_loss":0,"event_name":"Forgotten Altar","floor":24,"relics_lost":["Golden Idol"],"gold_loss":0},{"damage_healed":0,"gold_gain":0,"player_choice":"Became a Ghost","damage_taken":0,"max_hp_gain":0,"max_hp_loss":33,"event_name":"Ghosts","floor":28,"gold_loss":0,"cards_obtained":["Ghostly","Ghostly","Ghostly"]}],"is_beta":false,"boss_relics":[{"not_picked":["Calling Bell","Empty Cage"],"picked":"Sozu"}],"items_purged_floors":[20,27],"is_endless":false,"potions_floor_spawned":[1,7,10,14,18,22,29,30],"killed_by":"Champ","ascension_level":20}}