{"host":"bnpj5ln693dhfj4y","time":1612711276,"event":{"mods":["AchievementEnabler","BaseMod","Colored Map","Colored Powertips","DeckTracker","Highlight Path","Minty Spire (QoL Compilation)","Weighted Paths"],"gold_per_floor":[114,130,149,163,177,177,177,210,236,236,236,252,252,286,286,388,388,406,421,91,108,120,120,148,148,148,148,202,213,213,13,13,13,13],"floor_reached":33,"language":"ENG","playtime":2650,"items_purged":["Strike_R"],"score":371,"play_id":"7e0e0057-f111-4260-a916-fc4b52213700","local_time":"20210207162116","is_ascension_mode":true,"campfire_choices":[{"data":"True Grit","floor":6,"key":"SMITH"},{"data":"Bash","floor":11,"key":"SMITH"},{"data":"Disarm","floor":13,"key":"SMITH"},{"floor":15,"key":"REST"},{"data":"Seeing Red","floor":23,"key":"SMITH"},{"floor":25,"key":"REST"},{"floor":32,"key":"REST"}],"circlet_count":0,"master_deck":["Strike_R","Strike_R","Strike_R","Strike_R","Defend_R","Defend_R","Defend_R+1","Defend_R","Bash+1","Iron Wave","Twin Strike","Disarm+1","True Grit+1","Rage+1","Pommel Strike","Seeing Red+1","Fiend Fire","Heavy Blade","Reaper","Evolve+1"],"relics":["Burning Blood","Juzu Bracelet","TungstenRod","Potion Belt","Bronze Scales","Ancient Tea Set","Singing Bowl","Velvet Choker","Paper Frog","War Paint","Regal Pillow","MutagenicStrength","Letter Opener","Shovel","Membership Card"],"acts_visited":["Exordium","TheCity"],"potions_floor_usage":[8,24,28,28,28,33,33],"damage_taken":[{"damage":5,"enemies":"Small Slimes","floor":1,"turns":5},{"damage":2,"enemies":"2 Louse","floor":2,"turns":3},{"damage":6,"enemies":"Jaw Worm","floor":3,"turns":4},{"damage":6,"enemies":"2 Fungi Beasts","floor":4,"turns":4},{"damage":15,"enemies":"Gremlin Gang","floor":5,"turns":9},{"damage":34,"enemies":"Lagavulin","floor":8,"turns":8},{"damage":5,"enemies":"3 Louse","floor":12,"turns":2},{"damage":13,"enemies":"3 Sentries","floor":14,"turns":10},{"damage":29,"enemies":"Hexaghost","floor":16,"turns":11},{"damage":11,"enemies":"Spheric Guardian","floor":18,"turns":4},{"damage":1,"enemies":"Chosen","floor":19,"turns":4},{"damage":22,"enemies":"Shelled Parasite and Fungi","floor":21,"turns":5},{"damage":13,"enemies":"Centurion and Healer","floor":22,"turns":5},{"damage":33,"enemies":"Slavers","floor":24,"turns":6},{"damage":35,"enemies":"Book of Stabbing","floor":28,"turns":5},{"damage":16,"enemies":"Snake Plant","floor":29,"turns":3},{"damage":94,"enemies":"Collector","floor":33,"turns":9}],"seed_played":"-6952235169904366888","potions_obtained":[{"floor":2,"key":"Dexterity Potion"},{"floor":5,"key":"SteroidPotion"},{"floor":8,"key":"Strength Potion"},{"floor":16,"key":"SmokeBomb"},{"floor":18,"key":"ColorlessPotion"},{"floor":24,"key":"ColorlessPotion"}],"is_trial":false,"path_per_floor":["M","M","M","M","M","R","?","E","T","?","R","M","R","E","R","B",null,"M","M","$","M","M","R","E","R","T","?","E","M","?","$","R","B"],"character_chosen":"IRONCLAD","items_purchased":["Paper Frog","Membership Card","PowerPotion","ColorlessPotion"],"campfire_rested":3,"item_purchase_floors":[20,31,31,31],"current_hp_per_floor":[80,80,80,80,71,71,68,40,40,40,40,41,41,36,60,37,71,66,73,73,59,54,54,27,53,53,53,26,23,23,23,65,0,0],"gold":13,"neow_bonus":"RANDOM_COMMON_RELIC","is_daily":false,"chose_seed":false,"campfire_upgraded":4,"win_rate":0.0,"timestamp":1612711276,"path_taken":["M","M","M","M","M","R","?","E","T","?","R","M","R","E","R","BOSS","M","M","$","M","M","R","E","R","T","?","E","M","?","$","R","BOSS"],"items_purchased_type":["Relic","Relic","Potion","Potion"],"build_version":"2020-12-22","purchased_purges":1,"victory":false,"max_hp_per_floor":[80,80,80,80,80,80,80,80,80,80,80,80,80,82,82,82,82,82,84,84,86,88,88,88,88,88,88,90,90,90,90,90,90,90],"card_choices":[{"not_picked":["True Grit","Clothesline"],"picked":"Iron Wave","floor":1},{"not_picked":["Clothesline","Rage"],"picked":"Twin Strike","floor":2},{"not_picked":["Shrug It Off","Iron Wave"],"picked":"Disarm","floor":3},{"not_picked":["Dropkick","Iron Wave"],"picked":"True Grit","floor":4},{"not_picked":["True Grit","Havoc"],"picked":"Rage","floor":5},{"not_picked":["Double Tap","Anger"],"picked":"Pommel Strike","floor":8},{"not_picked":["Disarm","Dark Embrace"],"picked":"Seeing Red","floor":12},{"not_picked":["Twin Strike","Infernal Blade","Second Wind"],"picked":"Singing Bowl","floor":14},{"not_picked":["Berserk","Corruption"],"picked":"Fiend Fire","floor":16},{"not_picked":["Searing Blow","Clothesline+1"],"picked":"Heavy Blade","floor":18},{"not_picked":["Anger+1","Armaments","Hemokinesis"],"picked":"Singing Bowl","floor":19},{"not_picked":["Armaments","Heavy Blade","Warcry"],"picked":"Singing Bowl","floor":21},{"not_picked":["Pummel","Power Through+1","Rupture"],"picked":"Singing Bowl","floor":22},{"not_picked":["Disarm","Intimidate"],"picked":"Reaper","floor":24},{"not_picked":["Havoc","Feel No Pain","Metallicize"],"picked":"Singing Bowl","floor":28},{"not_picked":["Ghostly Armor","Bloodletting+1"],"picked":"Evolve+1","floor":29}],"player_experience":357955,"relics_obtained":[{"floor":8,"key":"Potion Belt"},{"floor":9,"key":"Bronze Scales"},{"floor":14,"key":"Singing Bowl"},{"floor":24,"key":"War Paint"},{"floor":26,"key":"Regal Pillow"},{"floor":28,"key":"Letter Opener"}],"event_choices":[{"damage_healed":0,"gold_gain":0,"player_choice":"Success","damage_taken":3,"relics_obtained":["TungstenRod"],"max_hp_gain":0,"max_hp_loss":0,"event_name":"Scrap Ooze","floor":7,"gold_loss":0},{"damage_healed":0,"gold_gain":0,"player_choice":"Searched \u00271\u0027 times","damage_taken":0,"relics_obtained":["Ancient Tea Set"],"max_hp_gain":0,"max_hp_loss":0,"event_name":"Dead Adventurer","floor":10,"gold_loss":0},{"damage_healed":0,"gold_gain":0,"player_choice":"Inject Mutagens","damage_taken":0,"relics_obtained":["MutagenicStrength"],"max_hp_gain":0,"max_hp_loss":0,"event_name":"Drug Dealer","floor":27,"gold_loss":0},{"damage_healed":0,"gold_gain":0,"player_choice":"Opened","damage_taken":0,"relics_obtained":["Shovel"],"max_hp_gain":0,"max_hp_loss":0,"event_name":"The Mausoleum","floor":30,"gold_loss":0}],"is_beta":false,"boss_relics":[{"not_picked":["Runic Cube","Calling Bell"],"picked":"Velvet Choker"}],"items_purged_floors":[20],"is_endless":false,"potions_floor_spawned":[2,5,8,16,18,24],"killed_by":"Collector","ascension_level":5}}