{"host":"4gr5irrdjh39ysed","time":1612723681,"event":{"mods":["AchievementEnabler","BaseMod","Colored Map","Downfall","Hermit","Minty Spire (QoL Compilation)","Random Character Button","StSLib","The Construct","The Cursed","The Disciple","The Hierophant","The Mystic","The Necromancer","The Runesmith"],"gold_per_floor":[99,109,125,139,24,50,50,150,162,193,204,219,19,4,18,121,121,121,131,146,31,51,51,51,71,71,171,171,171,190,202,215,320,320,320,331,352,486,486,513,559,578,593,593,593,124,158,158,177,177],"floor_reached":51,"language":"ENG","playtime":3524,"items_purged":["hexamod:Defend","Doubt","hexamod:AdvancingGuard","hexamod:FifthSeal"],"score":835,"play_id":"818677b9-8c36-46ed-941b-d9a250c843b4","local_time":"20210207114801","is_ascension_mode":true,"campfire_choices":[{"floor":1,"key":"RECALL"},{"data":"hexamod:GhostOfSpirePresent","floor":13,"key":"SMITH"},{"data":"hexamod:SearingWound","floor":18,"key":"SMITH"},{"data":"hexamod:TurnItUp","floor":23,"key":"SMITH"},{"data":"J.A.X.","floor":29,"key":"SMITH"},{"data":"hexamod:Toasty","floor":35,"key":"SMITH"},{"data":"hexamod:GhostOfSpirePresent","floor":44,"key":"SMITH"}],"circlet_count":0,"master_deck":["hexamod:Sear","hexamod:Float","hexamod:PhantomFireball","hexamod:GhostLash","hexamod:NightmareStrike","hexamod:EmpoweredFlame","hexamod:Firestarter","hexamod:FastForward","hexamod:SuperheatedStrike","hexamod:Sear","hexamod:BacktrackSmack","hexamod:ExtraCrispy","hexamod:GhostOfSpirePresent+1","Blind","hexamod:DynamicBlow","hexamod:HeatMetal+1","hexamod:RainOfEmbers","hexamod:HeatCrush","hexamod:SwordOfDarkness","hexamod:NecessarySacrifice","hexamod:TurnItUp+1","hexamod:SearingWound+1","hexamod:HeatCrush","hexamod:ThermalTransfer","hexamod:StepThrough","hexamod:Firestarter","hexamod:HauntingEcho+1","hexamod:SpectralSpark","hexamod:RetreatToShadows","J.A.X.+1","hexamod:SoulSteal+1","hexamod:CouncilsJustice","hexamod:CouncilsJustice","hexamod:CouncilsJustice","Ghostly","Ghostly","Ghostly","hexamod:GhostOfSpirePresent+1","hexamod:SuperheatedStrike+1","hexamod:SixthSeal","hexamod:Toasty+1","hexamod:SecondSeal","hexamod:RadiantFlame+1","hexamod:ChargedBarrage+1","Madness+1","hexamod:GiftsFromTheDead","hexamod:SearingWound+1","expansioncontent:QuickStudy","hexamod:PhantomFireball+1"],"relics":["hexamod:SpiritBrand","Pear","downfall:GremlinSack","Prayer Wheel","downfall:HeartBlessingRed","downfall:HeartBlessingGreen","construct:ClawGrip","Eternal Feather","MutagenicStrength","construct:WeddingRing","Dream Catcher","Nunchaku","Kunai"],"acts_visited":["Exordium","TheCity","TheBeyond"],"potions_floor_usage":[10,14,16,21,21,33,38,38,38,47,50],"damage_taken":[{"damage":10,"enemies":"2 Louse","floor":2,"turns":2},{"damage":1,"enemies":"Cultist","floor":3,"turns":3},{"damage":0,"enemies":"Small Slimes","floor":4,"turns":2},{"damage":0,"enemies":"downfall:FleeingMerchant","floor":5,"turns":4},{"damage":25,"enemies":"Lagavulin","floor":6,"turns":7},{"damage":49,"enemies":"Lagavulin","floor":8,"turns":5},{"damage":16,"enemies":"2 Fungi Beasts","floor":9,"turns":3},{"damage":39,"enemies":"3 Sentries","floor":10,"turns":7},{"damage":0,"enemies":"Exordium Wildlife","floor":11,"turns":2},{"damage":40,"enemies":"Gremlin Gang","floor":12,"turns":4},{"damage":5,"enemies":"downfall:FleeingMerchant","floor":14,"turns":4},{"damage":18,"enemies":"Exordium Thugs","floor":15,"turns":3},{"damage":43,"enemies":"IC_STATUS_ARCHETYPE","floor":16,"turns":7},{"damage":12,"enemies":"Chosen","floor":19,"turns":3},{"damage":24,"enemies":"Spheric Guardian","floor":20,"turns":4},{"damage":4,"enemies":"downfall:FleeingMerchant","floor":21,"turns":4},{"damage":31,"enemies":"3 Cultists","floor":22,"turns":6},{"damage":48,"enemies":"Shelled Parasite and Fungi","floor":25,"turns":6},{"damage":65,"enemies":"downfall:Augmenter","floor":27,"turns":7},{"damage":34,"enemies":"Snecko","floor":30,"turns":6},{"damage":29,"enemies":"Sentry and Sphere","floor":31,"turns":6},{"damage":49,"enemies":"3 Cultists","floor":32,"turns":6},{"damage":80,"enemies":"SI_MIRROR_ARCHETYPE","floor":33,"turns":11},{"damage":23,"enemies":"3 Shapes","floor":36,"turns":5},{"damage":39,"enemies":"3 Darklings","floor":37,"turns":6},{"damage":23,"enemies":"downfall:FleeingMerchant","floor":38,"turns":3},{"damage":85,"enemies":"Writhing Mass","floor":40,"turns":5},{"damage":7,"enemies":"Transient","floor":42,"turns":5},{"damage":5,"enemies":"4 Shapes","floor":43,"turns":5},{"damage":67,"enemies":"Reptomancer","floor":47,"turns":3},{"damage":61,"enemies":"Jaw Worm Horde","floor":49,"turns":5},{"damage":161,"enemies":"WA_ARCHETYPE_DIVINITY","floor":50,"turns":9}],"seed_played":"-3027945518805186498","potions_obtained":[{"floor":6,"key":"Explosive Potion"},{"floor":9,"key":"Swift Potion"},{"floor":11,"key":"champ:CounterPotion"},{"floor":12,"key":"DistilledChaos"},{"floor":15,"key":"Explosive Potion"},{"floor":19,"key":"Energy Potion"},{"floor":30,"key":"PowerPotion"},{"floor":33,"key":"hexamod:SoulburnPotion"},{"floor":36,"key":"Strength Potion"},{"floor":42,"key":"Weak Potion"},{"floor":43,"key":"Energy Potion"},{"floor":47,"key":"bronze:BurnAndBuffPotion"},{"floor":49,"key":"Regen Potion"}],"is_trial":false,"path_per_floor":["R","M","M","M","$","E","T","?","M","E","M","M","R","$","M","B",null,"R","M","M","$","M","R","T","M","?","?","?","R","M","M","M","B",null,"R","M","M","$","?","M","T","M","M","R","?","$","E","$","M","B",null],"character_chosen":"THE_SPIRIT","items_purchased":["hexamod:FastForward","Madness","expansioncontent:QuickStudy","Nunchaku"],"campfire_rested":0,"item_purchase_floors":[5,38,46,46],"current_hp_per_floor":[2070,2060,2059,2059,2059,2044,2044,1995,1979,1940,1940,1900,1900,1895,1877,1834,2080,2080,2068,2044,2040,2009,2009,2009,1961,1961,1896,1040,1040,1006,977,928,848,1040,1040,1017,978,955,955,870,870,863,858,885,885,885,818,818,757,596],"gold":177,"neow_bonus":"THREE_CARDS","is_daily":false,"chose_seed":false,"campfire_upgraded":6,"win_rate":0.0,"timestamp":1612723681,"path_taken":["R","M","M","M","$","E","T","?","M","E","M","M","R","?","M","BOSS","R","M","M","$","M","R","T","M","?","?","?","R","M","M","M","BOSS","R","M","M","$","?","?","T","?","M","R","?","$","E","?","M","BOSS"],"items_purchased_type":["Card","Card","Card","Relic"],"build_version":"2020-12-22","purchased_purges":4,"victory":true,"max_hp_per_floor":[2070,2070,2070,2070,2070,2080,2080,2080,2080,2080,2080,2080,2080,2080,2080,2080,2080,2080,2080,2080,2080,2080,2080,2080,2080,2080,2080,1040,1040,1040,1040,1040,1040,1040,1040,1040,1040,1040,1040,1040,1040,1040,1040,1040,1040,1040,1040,1040,1040,1040],"card_choices":[{"not_picked":["hexamod:FlamesFromBeyond","hexamod:ThirdSeal"],"picked":"hexamod:PhantomFireball","floor":0},{"not_picked":["hexamod:GhostShield","hexamod:PhantomFireball"],"picked":"hexamod:GhostLash","floor":2},{"not_picked":["hexamod:SpectersWail","hexamod:Firestarter"],"picked":"hexamod:NightmareStrike","floor":3},{"not_picked":["hexamod:GhostOfSpirePast","hexamod:ThermalTransfer"],"picked":"hexamod:EmpoweredFlame","floor":4},{"not_picked":["hexamod:EtherealExpedition","hexamod:AdvancingGuard"],"picked":"hexamod:Firestarter","floor":5},{"not_picked":["hexamod:ShieldOfDarkness","hexamod:AdvancingGuard"],"picked":"hexamod:SuperheatedStrike","floor":6},{"not_picked":["hexamod:GhostOfSpirePast","hexamod:InspiringFlames"],"picked":"hexamod:DynamicBlow","floor":8},{"not_picked":["hexamod:TurnItUp","hexamod:RetreatToShadows"],"picked":"hexamod:HeatMetal","floor":9},{"not_picked":["hexamod:AdvancingGuard","hexamod:FastForward"],"picked":"hexamod:RainOfEmbers","floor":10},{"not_picked":["hexamod:HauntingEcho","hexamod:Again"],"picked":"hexamod:HeatCrush","floor":11},{"not_picked":["hexamod:ShieldOfDarkness","hexamod:ThermalTransfer","hexamod:GhostShield"],"picked":"SKIP","floor":11},{"not_picked":["hexamod:SuperheatedStrike","hexamod:Rewind"],"picked":"hexamod:SwordOfDarkness","floor":12},{"not_picked":["hexamod:FourthSeal","hexamod:SpectralAdrenaline"],"picked":"hexamod:NecessarySacrifice","floor":12},{"not_picked":["hexamod:ShieldOfDarkness","hexamod:FlamesFromBeyond"],"picked":"hexamod:TurnItUp","floor":14},{"not_picked":["hexamod:BurningTouch","hexamod:Hexaguard","hexamod:GhostShield"],"picked":"SKIP","floor":15},{"not_picked":["hexamod:NightmareGuise","hexamod:SpectralAdrenaline","hexamod:ShieldOfDarkness"],"picked":"SKIP","floor":15},{"not_picked":["hexamod:SixthSeal","hexamod:ParanormalForm"],"picked":"hexamod:SearingWound","floor":16},{"not_picked":["hexamod:RecurringNightmare","hexamod:PhantomFireball+1"],"picked":"hexamod:HeatCrush","floor":19},{"not_picked":["hexamod:GhostShield","hexamod:GhostOfSpirePast"],"picked":"hexamod:ThermalTransfer","floor":19},{"not_picked":["hexamod:AdvancingGuard","hexamod:SkipABeat"],"picked":"hexamod:StepThrough","floor":20},{"not_picked":["hexamod:BurningTouch","hexamod:RainOfEmbers"],"picked":"hexamod:Firestarter","floor":20},{"not_picked":["hexamod:FlamesFromBeyond","hexamod:NightmareGuise","hexamod:Hexaguard"],"picked":"SKIP","floor":21},{"not_picked":["hexamod:PhantomCloak+1","hexamod:HeatMetal"],"picked":"hexamod:HauntingEcho+1","floor":22},{"not_picked":["hexamod:Hexaguard+1","hexamod:SpectersWail","hexamod:AdvancingGuard"],"picked":"SKIP","floor":22},{"not_picked":["hexamod:ShieldOfDarkness","hexamod:GhostShield"],"picked":"hexamod:SpectralSpark","floor":25},{"not_picked":["hexamod:HauntingEcho+1","hexamod:NightmareStrike","hexamod:FastForward"],"picked":"SKIP","floor":25},{"not_picked":[],"picked":"J.A.X.","floor":27},{"not_picked":["hexamod:SpectralSpark","hexamod:GhostflameBarrier+1"],"picked":"hexamod:SoulSteal+1","floor":27},{"not_picked":["hexamod:InspiringFlames","hexamod:EtherealExpedition"],"picked":"hexamod:GhostOfSpirePresent","floor":30},{"not_picked":["hexamod:Haunt","hexamod:ThermalTransfer+1","hexamod:FlamesFromBeyond"],"picked":"SKIP","floor":30},{"not_picked":["hexamod:FastForward","hexamod:NightmareGuise"],"picked":"hexamod:SuperheatedStrike+1","floor":31},{"not_picked":["hexamod:BacktrackSmack","hexamod:HeatMetal","hexamod:GhostLash"],"picked":"SKIP","floor":31},{"not_picked":["hexamod:SwordOfDarkness","hexamod:SpectersWail"],"picked":"hexamod:FifthSeal","floor":32},{"not_picked":["hexamod:RetreatToShadows","hexamod:NightmareStrike","hexamod:BacktrackSmack"],"picked":"SKIP","floor":32},{"not_picked":["hexamod:SecondSeal","hexamod:FourthSeal"],"picked":"hexamod:SixthSeal","floor":33},{"not_picked":["hexamod:TurnItUp","hexamod:SixthSeal"],"picked":"hexamod:Toasty","floor":33},{"not_picked":["hexamod:ThirdSeal","hexamod:FourthSeal"],"picked":"hexamod:SecondSeal","floor":36},{"not_picked":["hexamod:Again","hexamod:SwordOfDarkness"],"picked":"hexamod:RadiantFlame+1","floor":36},{"not_picked":["hexamod:AdvancingGuard+1","hexamod:ShieldOfDarkness+1","hexamod:SuperheatedStrike+1"],"picked":"SKIP","floor":36},{"not_picked":["hexamod:NightmareGuise","hexamod:DynamicBlow","hexamod:EmpoweredFlame"],"picked":"SKIP","floor":37},{"not_picked":["hexamod:ThirdSeal","hexamod:HeatCrush+1","hexamod:AdvancingGuard"],"picked":"SKIP","floor":37},{"not_picked":["hexamod:CatchUp","hexamod:GhostLash+1"],"picked":"hexamod:ChargedBarrage+1","floor":38},{"not_picked":["hexamod:InspiringFlames","hexamod:NecessarySacrifice+1","hexamod:NightmareGuise+1"],"picked":"SKIP","floor":40},{"not_picked":["hexamod:SpectersWail+1","hexamod:BacktrackSmack+1","hexamod:ShieldOfDarkness"],"picked":"SKIP","floor":40},{"not_picked":["hexamod:AdvancingGuard+1","hexamod:NecessarySacrifice"],"picked":"hexamod:GiftsFromTheDead","floor":42},{"not_picked":["hexamod:SecondSeal","hexamod:DynamicBlow+1","hexamod:RainOfEmbers+1"],"picked":"SKIP","floor":42},{"not_picked":["hexamod:Hexaguard","hexamod:ShieldOfDarkness","hexamod:EmpoweredFlame+1"],"picked":"SKIP","floor":43},{"not_picked":["hexamod:SkipABeat+1","hexamod:AdvancingGuard","hexamod:SuperheatedStrike"],"picked":"SKIP","floor":43},{"not_picked":["hexamod:RainOfEmbers+1","hexamod:GhostLash+1"],"picked":"hexamod:PhantomFireball+1","floor":47},{"not_picked":["hexamod:ThermalTransfer+1","hexamod:NightmareStrike","hexamod:SpectralSpark+1"],"picked":"SKIP","floor":49},{"not_picked":["hexamod:Firestarter","hexamod:BacktrackSmack+1","hexamod:NightmareStrike"],"picked":"SKIP","floor":49}],"player_experience":320407,"relics_obtained":[{"floor":6,"key":"Pear"},{"floor":8,"key":"downfall:GremlinSack"},{"floor":10,"key":"Prayer Wheel"},{"floor":24,"key":"Eternal Feather"},{"floor":27,"key":"MutagenicStrength"},{"floor":41,"key":"Dream Catcher"},{"floor":47,"key":"Kunai"}],"event_choices":[],"is_beta":false,"boss_relics":[{"not_picked":["bronze:MakeshiftBattery","Calling Bell"],"picked":"construct:ClawGrip"},{"not_picked":["Runic Dome","Empty Cage"],"picked":"construct:WeddingRing"}],"items_purged_floors":[5,21,38,46],"is_endless":false,"potions_floor_spawned":[6,9,11,12,15,19,30,31,33,36,42,43,47,49],"ascension_level":2}}