{"host":"lehbxtjrpalkmwwj","time":1612695232,"event":{"mods":["Aspiration","BaseMod","Colored Map","Colored Powertips","Conspire","GungeonMod","KomeijiMod","Lobotomy","Minty Spire (QoL Compilation)","Quick Restart","Replay The Spire","Shop Mod","StSLib","The Cursed","The Poker Player","[IsaacMod]ÒÔÈö¼âËþ"],"gold_per_floor":[116,116,129,147,160,195,195,224,299,299,328,328,338,363,363,462,462,476,547,582,599,198,223,240,240,311,311,311,323,349,349,349,451,451,467,483,503,503,503,532,532,564,632,643,657,684,696,715,715,715,715,715,22,52,52,52],"floor_reached":55,"language":"ZHS","playtime":2173,"items_purged":["Delirium"],"score":1512,"play_id":"464fdd25-cbfe-41e2-9056-a74ef6e19e5c","local_time":"20210207185352","is_ascension_mode":true,"campfire_choices":[{"floor":7.0,"key":"RECALL"},{"data":"Caltrops","floor":10.0,"key":"SMITH"},{"data":"Regret","floor":15.0,"key":"PURGE"},{"data":"After Image","floor":25.0,"key":"SMITH"},{"data":"Draining Mist","floor":28.0,"key":"SMITH"},{"data":"ReplayTheSpireMod:From All Sides","floor":32.0,"key":"SMITH"},{"data":"Deadly Poison","floor":41.0,"key":"SMITH"},{"data":"A Thousand Cuts","floor":49.0,"key":"SMITH"},{"data":"Unload","floor":52.0,"key":"SMITH"}],"circlet_count":0,"master_deck":["Survivor+1","Neutralize+1","EpicFetus+1","Sadistic Nature+1","Poisoned Stab+1","Caltrops+1","Sucker Punch+1","Crippling Poison+1","Endless Agony+1","Flying Knee+1","Dodge and Roll+1","Blur+1","Tools of the Trade+1","Escape Plan+1","Distraction+1","ReplayTheSpireMod:The Works+1","Replay:Bag of Tricks+1","Glass Knife+1","Flying Knee+1","Caltrops+1","Venomology+1","Well Laid Plans+1","ReplayTheSpireMod:Tripwire+1","Terror+1","After Image+1","EpicFetus+1","ReplayTheSpireMod:From All Sides+1","Riddle With Holes+1","Draining Mist+1","Cloak And Dagger+1","Burst+1","Malaise+1","All Out Attack+1","Sucker Punch+1","Draining Mist+1","Quick Slash+1","Deadly Poison+1","Hidden Blade+1","Dagger Spray+1","A Thousand Cuts+1","Acrobatics+1","Sucker Punch+1","Unload+1","EpicFetus+1","conspire:DoublingDagger+1"],"relics":["Ring of the Snake","HushsDoor","GuppysHead","Replay:Mystery Machine","PillsDrop","Snake Skull","DemoMod:SerJunkan","BookOfRevelations","ReplayTheSpireMod:Ring of Challenge","Ring of Panic","DemoMod:GlassGuonStoneRelic","aspiration:VileToxins","Pandora\u0027s Box","GuppysHairball","GuppysTail","Red Mask","Garlic","DemoMod:Junk","Vajra","Painkiller Herb","Damocles","Mark of the Bloom","The Courier","Replay:Bottled Snecko","aspiration:StickyExplosives_weak","TheBible","conspire:DecoderRing","Mirror","UnicornStump","aspiration:FrozenJewel","Bronze Scales","TheBean","DemoMod:RingOfEthereal","DollysMirror","Bottled Lightning","Happy Flower","Replay:Wax Seal"],"acts_visited":["Exordium","TheCity","TheBeyond","TheEnding"],"potions_floor_usage":[55],"damage_taken":[{"damage":4.0,"enemies":"Cultist","floor":1.0,"turns":3.0},{"damage":0.0,"enemies":"2 Louse","floor":3.0,"turns":2.0},{"damage":0.0,"enemies":"Jaw Worm","floor":4.0,"turns":3.0},{"damage":2.0,"enemies":"Large Slime","floor":5.0,"turns":5.0},{"damage":0.0,"enemies":"3 Sentries","floor":6.0,"turns":1.0},{"damage":3.0,"enemies":"Gremlin Nob","floor":8.0,"turns":3.0},{"damage":18.0,"enemies":"3 Sentries","floor":11.0,"turns":5.0},{"damage":16.0,"enemies":"Lots of Slimes","floor":13.0,"turns":4.0},{"damage":6.0,"enemies":"Lagavulin","floor":14.0,"turns":4.0},{"damage":0.0,"enemies":"Slime Boss","floor":16.0,"turns":7.0},{"damage":0.0,"enemies":"Shell Parasite","floor":18.0,"turns":2.0},{"damage":0.0,"enemies":"Masked Bandits","floor":20.0,"turns":2.0},{"damage":0.0,"enemies":"2 Thieves","floor":21.0,"turns":3.0},{"damage":0.0,"enemies":"Gremlin Leader","floor":23.0,"turns":3.0},{"damage":0.0,"enemies":"Snecko","floor":24.0,"turns":2.0},{"damage":0.0,"enemies":"Centurion and Healer","floor":29.0,"turns":3.0},{"damage":0.0,"enemies":"Slavers","floor":30.0,"turns":3.0},{"damage":0.0,"enemies":"Champ","floor":33.0,"turns":4.0},{"damage":0.0,"enemies":"3 Darklings","floor":35.0,"turns":2.0},{"damage":0.0,"enemies":"3 Shapes","floor":36.0,"turns":3.0},{"damage":0.0,"enemies":"Transient","floor":37.0,"turns":5.0},{"damage":0.0,"enemies":"R_Hoarder","floor":40.0,"turns":2.0},{"damage":0.0,"enemies":"Nemesis","floor":42.0,"turns":3.0},{"damage":0.0,"enemies":"4 Shapes","floor":44.0,"turns":1.0},{"damage":0.0,"enemies":"Sphere and 2 Shapes","floor":45.0,"turns":1.0},{"damage":0.0,"enemies":"R_Hoarder","floor":46.0,"turns":2.0},{"damage":0.0,"enemies":"Transient","floor":47.0,"turns":3.0},{"damage":0.0,"enemies":"4 Shapes","floor":48.0,"turns":1.0},{"damage":0.0,"enemies":"Time Eater","floor":50.0,"turns":2.0},{"damage":0.0,"enemies":"Shield and Spear","floor":54.0,"turns":2.0},{"damage":0,"enemies":"Delirium","floor":55,"turns":14}],"seed_played":"7611291358517801456","potions_obtained":[{"floor":3.0,"key":"Adrenaline Potion"},{"floor":5.0,"key":"DistilledChaos"},{"floor":6.0,"key":"Strength Potion"},{"floor":14.0,"key":"Elixir"},{"floor":16.0,"key":"ColorlessPotion"},{"floor":23.0,"key":"FairyPotion"},{"floor":30.0,"key":"BlessingOfTheForge"},{"floor":33.0,"key":"Dexterity Potion"},{"floor":40.0,"key":"ColorlessPotion"},{"floor":42.0,"key":"Milkshake"}],"is_trial":false,"path_per_floor":["M","?","M","M","M","E","R","E","T","R","E","?","M","E","R_BF","B",null,"M","?","?","M","$","E","M","R","T","?","R","M","E","?","R","B",null,"?","?","?","?","?","E","T","E","T","?","?","E","?","?","T","B",null,"T","T","E","B"],"character_chosen":"THE_SILENT","items_purchased":["GuppysHairball","GuppysTail","EpicFetus","Garlic","Damocles","aspiration:FrozenJewel","Bronze Scales","TheBean","DemoMod:RingOfEthereal","DollysMirror","Bottled Lightning"],"campfire_rested":0,"item_purchase_floors":[17,17,22,22,34,53,53,53,53,53,53],"current_hp_per_floor":[45,45,45,45,43,43,43,43,43,43,25,25,9,3,3,3,43,46,31,31,31,31,31,31,31,31,31,31,31,31,31,31,31,36,36,36,36,36,36,36,36,36,36,36,31,31,31,31,31,31,31,31,31,31,0,0],"gold":52,"neow_bonus":"RANDOM_COLORLESS_2","is_daily":false,"chose_seed":false,"campfire_upgraded":7,"win_rate":0.0,"timestamp":1612695232,"path_taken":["M","?","M","M","M","E","R","E","T","R","E","?","M","E","R_BF","BOSS","M","?","?","?","$","E","M","R","T","?","R","M","E","?","R","BOSS","?","?","?","?","?","E","T","E","T","?","?","E","?","?","T","BOSS","T","T","E","BOSS"],"items_purchased_type":["Relic","Relic","Card","Relic","Relic","Relic","Relic","Relic","Relic","Relic","Relic"],"build_version":"2020-12-22","purchased_purges":1,"victory":false,"max_hp_per_floor":[70,70,70,70,70,70,70,73,73,73,73,73,73,73,73,68,43,46,46,46,46,46,46,46,46,46,46,46,46,46,46,46,46,36,36,36,36,36,36,36,36,36,36,36,31,31,31,31,31,31,31,31,31,31,31,31],"card_choices":[{"not_picked":[],"picked":"EpicFetus","floor":0.0},{"not_picked":["Secret Technique","Searching"],"picked":"Sadistic Nature","floor":0.0},{"not_picked":["Quick Slash","Slice"],"picked":"Poisoned Stab","floor":1.0},{"not_picked":["Quick Slash","Hidden Blade"],"picked":"Bomb","floor":3.0},{"not_picked":["Backflip","Bomb"],"picked":"Caltrops","floor":4.0},{"not_picked":["Deflect","Quick Slash"],"picked":"Sucker Punch","floor":5.0},{"not_picked":["Glass Knife","Sucker Punch"],"picked":"Crippling Poison","floor":6.0},{"not_picked":["Dagger Spray","Bomb"],"picked":"Endless Agony","floor":8.0},{"not_picked":["ReplayTheSpireMod:Speed Training","Dagger Throw"],"picked":"Flying Knee","floor":11.0},{"not_picked":["Backflip","Dagger Throw"],"picked":"Dodge and Roll","floor":13.0},{"not_picked":["Backflip","Sneak Up"],"picked":"Blur","floor":14.0},{"not_picked":["Unload","ReplayTheSpireMod:Necrosis"],"picked":"Tools of the Trade","floor":16.0},{"not_picked":["All Out Attack","Cloak And Dagger"],"picked":"ReplayTheSpireMod:Tripwire","floor":18.0},{"not_picked":["Deadly Poison","Underhanded Strike+1"],"picked":"Terror+1","floor":20.0},{"not_picked":["Deadly Poison+1","Dagger Spray"],"picked":"After Image","floor":21.0},{"not_picked":["Deflect","Predator"],"picked":"ReplayTheSpireMod:From All Sides","floor":23.0},{"not_picked":["conspire:PoisonWeapons","Acrobatics"],"picked":"Riddle With Holes","floor":24.0},{"not_picked":["Dodge and Roll","Heel Hook"],"picked":"Cloak And Dagger+1","floor":29.0},{"not_picked":["Outmaneuver","Setup"],"picked":"Burst","floor":30.0},{"not_picked":["Night Terror","Storm of Steel"],"picked":"Malaise","floor":33.0},{"not_picked":["Prepared","Deflect"],"picked":"All Out Attack+1","floor":35.0},{"not_picked":["Dash+1","Night Terror"],"picked":"Sucker Punch+1","floor":36.0},{"not_picked":["Dagger Spray+1","Footwork"],"picked":"Draining Mist+1","floor":37.0},{"not_picked":["Tactician+1","Blur"],"picked":"Deadly Poison","floor":40.0},{"not_picked":["ReplayTheSpireMod:Scrap Shanks","Blur"],"picked":"Hidden Blade+1","floor":42.0},{"not_picked":["Prepared+1","Fluid Movement"],"picked":"Dagger Spray+1","floor":44.0},{"not_picked":["Tactician","Hidden Blade"],"picked":"A Thousand Cuts","floor":45.0},{"not_picked":["Unload","Poisoned Stab"],"picked":"Acrobatics+1","floor":46.0},{"not_picked":["Slice+1","Bane+1"],"picked":"Sucker Punch+1","floor":47.0},{"not_picked":["Slice","Well Laid Plans"],"picked":"Unload","floor":48.0},{"not_picked":["Bane+1","Deadly Poison+1"],"picked":"conspire:DoublingDagger+1","floor":54.0}],"player_experience":134224,"relics_obtained":[{"floor":6.0,"key":"PillsDrop"},{"floor":8.0,"key":"Snake Skull"},{"floor":9.0,"key":"DemoMod:SerJunkan"},{"floor":11.0,"key":"BookOfRevelations"},{"floor":12.0,"key":"ReplayTheSpireMod:Ring of Challenge"},{"floor":12.0,"key":"Ring of Panic"},{"floor":14.0,"key":"aspiration:VileToxins"},{"floor":20.0,"key":"Red Mask"},{"floor":23.0,"key":"DemoMod:Junk"},{"floor":30.0,"key":"Vajra"},{"floor":35.0,"key":"DemoMod:Junk"},{"floor":36.0,"key":"DemoMod:Junk"},{"floor":37.0,"key":"DemoMod:Junk"},{"floor":40.0,"key":"DemoMod:Junk"},{"floor":40.0,"key":"DemoMod:Junk"},{"floor":42.0,"key":"The Courier"},{"floor":42.0,"key":"DemoMod:Junk"},{"floor":43.0,"key":"DemoMod:Junk"},{"floor":44.0,"key":"Replay:Bottled Snecko"},{"floor":45.0,"key":"aspiration:StickyExplosives_weak"},{"floor":46.0,"key":"TheBible"},{"floor":46.0,"key":"conspire:DecoderRing"},{"floor":47.0,"key":"Mirror"},{"floor":48.0,"key":"UnicornStump"},{"floor":54.0,"key":"Happy Flower"},{"floor":54.0,"key":"Replay:Wax Seal"}],"event_choices":[{"damage_healed":0.0,"max_hp_gain":0.0,"max_hp_loss":0.0,"gold_gain":0.0,"event_name":"Big Fish","player_choice":"Box","floor":2.0,"gold_loss":0.0,"damage_taken":0.0,"relics_obtained":["Replay:Mystery Machine"],"cards_obtained":["Regret"]},{"damage_healed":0.0,"max_hp_gain":0.0,"max_hp_loss":0.0,"gold_gain":0.0,"event_name":"Masked Bandits","player_choice":"Fought Bandits","floor":20.0,"gold_loss":0.0,"damage_taken":0.0},{"damage_healed":0.0,"max_hp_gain":0.0,"max_hp_loss":0.0,"gold_gain":0.0,"event_name":"The Library","player_choice":"Read","floor":27.0,"gold_loss":0.0,"damage_taken":0.0,"cards_obtained":["Draining Mist"]},{"damage_healed":0.0,"max_hp_gain":0.0,"max_hp_loss":0.0,"gold_gain":0.0,"event_name":"Ghosts","player_choice":"Ignored","floor":31.0,"gold_loss":0.0,"damage_taken":0.0},{"damage_healed":0.0,"max_hp_gain":0.0,"max_hp_loss":0.0,"gold_gain":0.0,"cards_transformed":["Accuracy"],"event_name":"Transmorgrifier","player_choice":"Transformed","floor":38.0,"gold_loss":0.0,"damage_taken":0.0,"cards_obtained":["Quick Slash"]},{"damage_healed":0.0,"max_hp_gain":0.0,"max_hp_loss":0.0,"gold_gain":0.0,"event_name":"MindBloom","player_choice":"Upgrade","floor":39.0,"gold_loss":0.0,"damage_taken":0.0,"cards_upgraded":["Survivor","Neutralize","EpicFetus","Sadistic Nature","Poisoned Stab","Sucker Punch","Crippling Poison","Endless Agony","Flying Knee","Dodge and Roll","Blur","Tools of the Trade","Escape Plan","Distraction","ReplayTheSpireMod:The Works","Replay:Bag of Tricks","Glass Knife","Flying Knee","Caltrops","Venomology","Well Laid Plans","ReplayTheSpireMod:Tripwire","EpicFetus","Riddle With Holes","Burst","Malaise","Quick Slash"],"relics_obtained":["Mark of the Bloom"]}],"is_beta":false,"boss_relics":[{"not_picked":["Calling Bell","Coffee Dripper"],"picked":"Pandora\u0027s Box"},{"not_picked":[]},{"not_picked":["Velvet Choker","MagicMushroom"],"picked":"Painkiller Herb"},{"not_picked":[]}],"items_purged_floors":[17],"is_endless":false,"potions_floor_spawned":[3,5,6,14,16,23,30,33,40,42,47,48],"killed_by":"Delirium","ascension_level":4}}