{"host":"ktg5lwritr12xyhv","time":1612701361,"event":{"mods":["ATMod(阿瑾Mod)","Act Like it!","Aspiration","BaseMod","Challenge The Spire","Conspire","Downfall","Gensokyo","Hermit","Koishi","KomeijiMod","Minty Spire (QoL Compilation)","Quick Restart","Relic Stats","RumiaBox-露米娅的神秘盒子","SIMod","Spicy Shops","StSLib","The Alterego","篝火指南"],"gold_per_floor":[99,99,99,99,109,120,120,134,134,153,170,170,170,2,13,118,118,118,53,73,73,73,91,91,116,26,26,43,196,285,338,378,507,507,407,494,630,715,760,376,453,503,544,331,473,273,273,273,313,463,463,463],"floor_reached":50,"language":"ZHS","playtime":2865,"items_purged":["champ:Strike","champ:Strike","champ:Strike","champ:CrownThrow","champ:Strike"],"score":764,"play_id":"7207e5ee-616e-43f0-bf7c-2149c691995d","local_time":"20210207203601","is_ascension_mode":true,"campfire_choices":[{"data":"AT_FamilyPortrait","floor":1.0,"key":"SMITH"},{"data":"champ:Taunt","floor":9.0,"key":"SMITH"},{"data":"champ:ShieldWall","floor":12.0,"key":"SMITH"},{"data":"AT_EmpoweredMortalDraw","floor":18,"key":"SMITH"},{"data":"champ:StanceDance","floor":27,"key":"SMITH"},{"floor":35,"key":"RECALL"},{"data":"expansioncontent:StudyTheSpire","floor":46,"key":"SMITH"}],"circlet_count":0,"master_deck":["champ:Defend","champ:Defend","champ:Taunt+1","AT_FamilyPortrait+1","champ:TornadoPunch","champ:BringItOn","champ:DefensiveShout","champ:CalledShot","champ:Haymaker","champ:ShieldWall+1","champ:ShieldSlam","champ:TripleStrike","AT_EmpoweredMortalDraw+1","champ:BerserkersShout","champ:StanceDance+1","champ:DefensiveShout","VanishingEverything+1","champ:FlashCut","champ:FocusedDefense","champ:FocusedBerserking+1","champ:FanOfKnives","champ:HoldFirm","champ:ArenaPreparation+1","champ:UltimateStance","champ:RageSigil","champ:ShieldSlam+1","champ:GutPunch","expansioncontent:StudyTheSpire+1","champ:IronFortress+1"],"relics":["champ:ChampionCrown","AT_ATBox","downfall:HeartsMalice","Lantern","Membership Card","AT_MortalBlade","Calipers","Red Mask","AT_MibuBalloonWealth","champ:BerserkersGuideToSlaughter","Ccalipers","AT_BladeRuinedKing","Centennial Puzzle","Empty Cage","downfall:HeartBlessingGreen","conspire:Flyswatter","Omamori","AT_TheCollector","GodSword3","downfall:HeartBlessingBlue","downfall:HeartBlessingRed"],"acts_visited":["Exordium","TheCity","TheBeyond"],"potions_floor_usage":[],"damage_taken":[{"damage":0.0,"enemies":"Cultist","floor":2.0,"turns":1.0},{"damage":0.0,"enemies":"2 Louse","floor":3.0,"turns":1.0},{"damage":0.0,"enemies":"Small Slimes","floor":4.0,"turns":1.0},{"damage":1.0,"enemies":"conspire:2 RoseBushes","floor":5.0,"turns":7.0},{"damage":11.0,"enemies":"2 Fungi Beasts","floor":6.0,"turns":4.0},{"damage":20.0,"enemies":"Exordium Thugs","floor":8.0,"turns":5.0},{"damage":21.0,"enemies":"Gremlin Gang","floor":10.0,"turns":4.0},{"damage":7.0,"enemies":"Large Slime","floor":11.0,"turns":4.0},{"damage":0,"enemies":"downfall:FleeingMerchant","floor":14,"turns":4},{"damage":9,"enemies":"Blue Slaver","floor":15,"turns":4},{"damage":36,"enemies":"SI_SHIV_ARCHETYPE","floor":16,"turns":10},{"damage":11,"enemies":"downfall:FleeingMerchant","floor":19,"turns":4},{"damage":0,"enemies":"Chosen","floor":20,"turns":1},{"damage":0,"enemies":"Snake Plant","floor":23,"turns":1},{"damage":23,"enemies":"Masked Bandits","floor":25,"turns":3},{"damage":28,"enemies":"downfall:FleeingMerchant","floor":26,"turns":4},{"damage":15,"enemies":"downfall:FleeingMerchant","floor":28,"turns":2},{"damage":0,"enemies":"conspire:Head Lice","floor":29,"turns":4},{"damage":10,"enemies":"3 Cultists","floor":30,"turns":5},{"damage":24,"enemies":"Book of Stabbing","floor":31,"turns":3},{"damage":5,"enemies":"conspire:HollyBat","floor":32,"turns":6},{"damage":35,"enemies":"WA_ARCHETYPE_CALM","floor":33,"turns":7},{"damage":6,"enemies":"3 Shapes","floor":36,"turns":2},{"damage":0,"enemies":"3 Darklings","floor":37,"turns":2},{"damage":5,"enemies":"Sphere and 2 Shapes","floor":38,"turns":3},{"damage":31,"enemies":"Maw","floor":39,"turns":5},{"damage":20,"enemies":"Giant Head","floor":42,"turns":7},{"damage":45,"enemies":"Transient","floor":43,"turns":5},{"damage":25,"enemies":"3 Darklings","floor":45,"turns":2},{"damage":55,"enemies":"Maw","floor":49,"turns":4},{"damage":92,"enemies":"IC_BLOCK_ARCHETYPE","floor":50,"turns":8}],"seed_played":"3041767335204465990","potions_obtained":[{"floor":5.0,"key":"ColorlessPotion"},{"floor":6.0,"key":"FearPotion"},{"floor":8.0,"key":"LiquidBronze"},{"floor":29,"key":"DuplicationPotion"}],"is_trial":false,"path_per_floor":["R","M","M","M","M","M","T","M","R","M","M","R","?","$","M","B",null,"R","$","M","?","?","M","T","?","$","R","$","E","M","E","M","B",null,"R","M","M","M","M","$","T","E","M","$","M","R","?","?","M","B"],"character_chosen":"THE_CHAMP","items_purchased":["Membership Card","champ:StanceDance","champ:FanOfKnives","AT_MibuBalloonWealth","champ:BerserkersGuideToSlaughter","Ccalipers","champ:HoldFirm","conspire:Flyswatter","champ:GutPunch","expansioncontent:StudyTheSpire","Omamori","GodSword3"],"campfire_rested":0,"item_purchase_floors":[14,19,26,28,28,28,28,40,40,40,40,44],"current_hp_per_floor":[90,90,90,90,89,78,78,68,68,57,50,50,50,50,41,10,90,90,89,89,89,89,89,89,76,78,78,78,88,90,86,90,89,90,90,89,90,90,74,74,74,89,90,90,90,100,100,100,85,83,83,83],"gold":463,"neow_bonus":"THREE_ENEMY_KILL","is_daily":false,"chose_seed":false,"campfire_upgraded":6,"win_rate":0.0,"timestamp":1612701361,"path_taken":["R","M","M","?","M","M","T","M","R","M","M","R","?","$","M","BOSS","R","$","M","?","?","M","T","?","$","R","?","E","?","E","M","BOSS","R","M","M","M","M","$","T","E","M","$","?","R","?","?","M","BOSS"],"items_purchased_type":["Relic","Card","Card","Relic","Relic","Relic","Card","Relic","Card","Card","Relic","Relic"],"build_version":"2020-12-22","purchased_purges":5,"victory":false,"max_hp_per_floor":[90,90,90,90,90,90,90,90,90,90,90,90,90,90,90,90,90,90,90,90,90,90,90,90,90,90,90,90,90,90,90,90,90,90,90,90,90,90,90,90,90,90,90,90,90,100,100,100,100,100,100,100],"relic_stats":{"Centennial Puzzle":[27],"counters":[31,120],"obtain_stats":[{"Lantern":7,"AT_ATBox":0,"Calipers":24,"downfall:HeartBlessingRed":46,"AT_MibuBalloonWealth":28,"AT_MortalBlade":17,"champ:ChampionCrown":0,"downfall:HeartsMalice":0,"downfall:HeartBlessingGreen":35,"AT_BladeRuinedKing":29,"Omamori":40,"Empty Cage":34,"Centennial Puzzle":31,"Ccalipers":28,"AT_TheCollector":42,"downfall:HeartBlessingBlue":46,"Red Mask":25,"Membership Card":14,"champ:BerserkersGuideToSlaughter":28,"GodSword3":44,"conspire:Flyswatter":40},{"Lantern":5,"AT_ATBox":0,"Calipers":14,"downfall:HeartBlessingRed":29,"AT_MibuBalloonWealth":17,"AT_MortalBlade":11,"champ:ChampionCrown":0,"downfall:HeartsMalice":0,"downfall:HeartBlessingGreen":22,"AT_BladeRuinedKing":18,"Omamori":26,"Empty Cage":22,"Centennial Puzzle":20,"Ccalipers":17,"AT_TheCollector":27,"downfall:HeartBlessingBlue":29,"Red Mask":15,"Membership Card":9,"champ:BerserkersGuideToSlaughter":17,"GodSword3":28,"conspire:Flyswatter":26},{"Lantern":11,"AT_ATBox":0,"Calipers":48,"downfall:HeartBlessingRed":108,"AT_MibuBalloonWealth":57,"AT_MortalBlade":42,"champ:ChampionCrown":0,"downfall:HeartsMalice":0,"downfall:HeartBlessingGreen":82,"AT_BladeRuinedKing":61,"Omamori":94,"Empty Cage":82,"Centennial Puzzle":69,"Ccalipers":57,"AT_TheCollector":101,"downfall:HeartBlessingBlue":108,"Red Mask":51,"Membership Card":28,"champ:BerserkersGuideToSlaughter":57,"GodSword3":106,"conspire:Flyswatter":94}]},"card_choices":[{"not_picked":["champ:SwordSigil","champ:RapidStrikes"],"picked":"champ:TornadoPunch","floor":2.0},{"not_picked":["champ:ArenaPreparation","champ:GutPunch"],"picked":"champ:BringItOn","floor":3.0},{"not_picked":["champ:PreemptiveStrike","champ:TornadoPunch"],"picked":"champ:DefensiveShout","floor":4.0},{"not_picked":["champ:BerserkersShout","champ:PerfectedStrike"],"picked":"champ:CalledShot","floor":5.0},{"not_picked":["champ:PerfectedStrike","champ:Lariat"],"picked":"champ:Haymaker","floor":6.0},{"not_picked":["champ:CrownThrow","champ:EnragedBash"],"picked":"champ:ShieldWall","floor":8.0},{"not_picked":["champ:MurderStrike","champ:TornadoPunch","champ:ShieldSigil"],"picked":"SKIP","floor":10.0},{"not_picked":["champ:Haymaker","champ:BladeFlurry"],"picked":"champ:ShieldSlam","floor":11.0},{"not_picked":["champ:Shatter","champ:RisingSlash","champ:RecklessLeap"],"picked":"SKIP","floor":14},{"not_picked":["champ:GladiatorStyle","champ:BringItOn"],"picked":"champ:CrownThrow","floor":15},{"not_picked":["champ:SwordThrow","champ:SteelEdge"],"picked":"champ:TripleStrike","floor":16},{"not_picked":["champ:FancyFootwork","champ:ViciousMockery+1"],"picked":"champ:BerserkersShout","floor":19},{"not_picked":["champ:EnragedBash","champ:Circumvent"],"picked":"champ:DefensiveShout","floor":20},{"not_picked":["champ:TornadoPunch","champ:ShieldSigil"],"picked":"champ:FlashCut","floor":23},{"not_picked":["champ:FalseCounter","champ:Circumvent+1"],"picked":"champ:FocusedDefense","floor":25},{"not_picked":["champ:DefensiveShout+1","champ:PreciseThrust"],"picked":"champ:FocusedBerserking+1","floor":26},{"not_picked":["champ:BerserkersShout","champ:Shatter","champ:CrownThrow"],"picked":"SKIP","floor":28},{"not_picked":["champ:EndlessRage","champ:PreciseThrust"],"picked":"champ:ArenaPreparation+1","floor":29},{"not_picked":["champ:DeathBlow","champ:PerfectedStrike","champ:Circumvent"],"picked":"SKIP","floor":30},{"not_picked":["champ:EnGarde","champ:RecklessLeap","champ:Devastate"],"picked":"SKIP","floor":31},{"not_picked":["champ:Lariat","champ:AdrenalArmor","champ:FanOfKnives"],"picked":"SKIP","floor":32},{"not_picked":["champ:SteelEdge","champ:TripleStrike"],"picked":"champ:UltimateStance","floor":33},{"not_picked":["champ:FocusedDefense+1","champ:BerserkersShout"],"picked":"champ:RageSigil","floor":36},{"not_picked":["champ:TornadoPunch","champ:CrookedStrike+1","champ:PerfectedStrike+1"],"picked":"SKIP","floor":37},{"not_picked":["champ:Shatter+1","champ:PerfectedStrike"],"picked":"champ:ShieldSlam+1","floor":38},{"not_picked":["champ:FlashCut+1","champ:ShieldSigil+1","champ:Shatter+1"],"picked":"SKIP","floor":39},{"not_picked":["champ:EnGarde+1","champ:Shatter+1"],"picked":"champ:IronFortress+1","floor":42},{"not_picked":["champ:DeathBlow+1","champ:PreciseThrust","champ:BerserkerStyle+1"],"picked":"SKIP","floor":43},{"not_picked":["champ:HoldFirm","champ:RapidStrikes+1","champ:FocusedBerserking+1"],"picked":"SKIP","floor":45},{"not_picked":["champ:PerfectedStrike","champ:GutPunch","champ:BladeFlurry+1"],"picked":"SKIP","floor":49}],"player_experience":426348,"relics_obtained":[{"floor":7.0,"key":"Lantern"},{"floor":24,"key":"Calipers"},{"floor":25,"key":"Red Mask"},{"floor":29,"key":"AT_BladeRuinedKing"},{"floor":31,"key":"Centennial Puzzle"},{"floor":42,"key":"AT_TheCollector"}],"event_choices":[{"damage_healed":0,"gold_gain":0,"player_choice":"Fought Bandits","damage_taken":0,"max_hp_gain":0,"max_hp_loss":0,"event_name":"Masked Bandits","floor":25,"gold_loss":0},{"cards_removed":["champ:Execute"],"damage_healed":0,"gold_gain":0,"player_choice":"Removed Attack","damage_taken":0,"max_hp_gain":0,"max_hp_loss":0,"event_name":"Falling","floor":48,"gold_loss":0}],"is_beta":false,"boss_relics":[{"not_picked":["conspire:SlowCooker","bronze:MakeshiftBattery"],"picked":"AT_MortalBlade"},{"not_picked":["SacredBark","Runic Dome"],"picked":"Empty Cage"}],"items_purged_floors":[19,26,28,40,44],"is_endless":false,"potions_floor_spawned":[5,6,8,11,15,20,25,29,31,32,33,37,45],"killed_by":"IC_BLOCK_ARCHETYPE","ascension_level":1}}