{"host":"d73an99q9oevilk5","time":1612676897,"event":{"mods":["2.2 Compatiblity","AchievementEnabler","Act Like it!","Aspiration","BaseMod","Beaked The Cultist","Better Third Choice","BetterRewards","Colored Map","Colored Powertips","Conspire","Downfall","GifTheSpireLib","Halation","Hubris","Infinite Spire","Marisa????????","Mimic Mod","Minty Spire (QoL Compilation)","Quick Restart","Relic Sorter","Reliquary","Replay The Spire","Shop Mod","Spikes Relics","StSLib","Stuff the Spire","The Cursed","The Necromancer","The Saiyan","Waifu the Spire","[IsaacMod]????","egg","slay the spire mod where everything is the same but ironclad has a cowboy hat"],"gold_per_floor":[114,114,145,157,172,172,201,71,104,133,133,133,133,146,146,245,245,261,361,379,339,339,339,349,349,349,349,449,475,320,235,235,337,337,353,353,363,363,378,108,108,124,147,147,181,181,191,222,222,222],"floor_reached":51,"language":"ENG","playtime":1670,"items_purged":["beaked:BraceForImpact"],"score":954,"play_id":"c2eb91d6-72c8-4e22-b648-bf57ea636127","local_time":"20210206224817","is_ascension_mode":false,"campfire_choices":[{"data":"EpicFetus","floor":6,"key":"SMITH"},{"data":"beaked:Ceremony","floor":11,"key":"SMITH"},{"data":"beaked:Ceremony","floor":13,"key":"SMITH"},{"floor":15,"key":"DIG"},{"data":"beaked:Ceremony","floor":23,"key":"SMITH"},{"data":"beaked:Foresight","floor":25,"key":"SMITH"},{"data":"infinitespire:Menacing","floor":27,"key":"SMITH"},{"floor":32,"key":"DIG"},{"floor":41,"key":"REST"},{"data":"Apotheosis","floor":41,"key":"SMITH"},{"data":"beaked:Evade","floor":44,"key":"SMITH"},{"data":"beaked:Pecker","floor":49,"key":"SMITH"}],"circlet_count":0,"master_deck":["beaked:Strike_Y","beaked:Strike_Y","beaked:Strike_Y+1","beaked:Strike_Y","beaked:Strike_Y","beaked:Strike_Y","beaked:Defend_Y+1","beaked:Defend_Y","beaked:Defend_Y","beaked:Defend_Y","beaked:Ceremony+1","beaked:Ceremony+1","beaked:Ceremony+1","EpicFetus+1","beaked:Foresight+1","infinitespire:Menacing+1","beaked:MachineEssence+1","beaked:Pecker+1","beaked:Foresight+1","ReplayTheSpireMod:Owlgaze","beaked:Evade+1","Apotheosis+1","Parasite","beaked:TuckingFeathers+1"],"relics":["beaked:MendingPlumage","HushsDoor","KeepersGift","Torii","Membership Card","FossilizedHelix","aspiration:ChemicalBlood","Bronze Scales","StuffTheSpire:EmeraldSignet","Iron Hammer","BranchBurnRelic","hubris:Towel","infinitespire:Magic Flask","aspiration:SecretTechniqueScroll","Juzu Bracelet","Turnip","reliquary:Stiletto","Nunchaku","reliquary:RedPaperclip","reliquary:Knoch","Incense Burner","reliquary:Buckler","Boot","hubris:Reverence"],"acts_visited":["Exordium","TheCity","TheBeyond"],"potions_floor_usage":[7,16,20,33,35,35,39,48,48,48,48,50,50,50,50,50,50,50,50,50],"damage_taken":[{"damage":2,"enemies":"Small Slimes","floor":1,"turns":5},{"damage":2,"enemies":"conspire:MimicChest","floor":3,"turns":6},{"damage":0,"enemies":"2 Louse","floor":4,"turns":4},{"damage":0,"enemies":"Jaw Worm","floor":5,"turns":4},{"damage":25,"enemies":"3 Sentries","floor":7,"turns":5},{"damage":0,"enemies":"Exordium Thugs","floor":9,"turns":6},{"damage":0,"enemies":"Replay:BlueRogue","floor":10,"turns":3},{"damage":9,"enemies":"Exordium Thugs","floor":14,"turns":5},{"damage":9,"enemies":"The Guardian","floor":16,"turns":8},{"damage":10,"enemies":"Shell Parasite","floor":18,"turns":5},{"damage":10,"enemies":"Spheric Guardian","floor":20,"turns":5},{"damage":29,"enemies":"Snake Plant","floor":24,"turns":4},{"damage":9,"enemies":"Book of Stabbing","floor":29,"turns":5},{"damage":41,"enemies":"Automaton","floor":33,"turns":8},{"damage":27,"enemies":"3 Darklings","floor":35,"turns":5},{"damage":25,"enemies":"3 Shapes","floor":37,"turns":6},{"damage":0,"enemies":"Sphere and 2 Shapes","floor":39,"turns":3},{"damage":0,"enemies":"Writhing Mass","floor":42,"turns":6},{"damage":13,"enemies":"Nemesis","floor":45,"turns":7},{"damage":31,"enemies":"4 Shapes","floor":47,"turns":5},{"damage":35,"enemies":"Nightmare","floor":48,"turns":10},{"damage":70,"enemies":"hubris:GrandSnecko","floor":50,"turns":12}],"seed_played":"-6710314315265822977","potions_obtained":[{"floor":3,"key":"AttackPotion"},{"floor":5,"key":"SteroidPotion"},{"floor":10,"key":"Regen Potion"},{"floor":14,"key":"Strength Potion"},{"floor":16,"key":"Guardian:BlockOnCardUsePotion"},{"floor":18,"key":"PowerPotion"},{"floor":35,"key":"Fire Potion"},{"floor":35,"key":"SteroidPotion"},{"floor":39,"key":"sneckomod:MuddlingPotion"},{"floor":45,"key":"conspire:TimeTravelPotion"},{"floor":48,"key":"Elixir"},{"floor":50,"key":"Adrenaline Potion"},{"floor":50,"key":"EntropicBrew"}],"is_trial":false,"path_per_floor":["M","?","?","M","M","R","E","$","MIM","E","R","?","R","M","R_BF","B",null,"M","?","M","?","?","R","M","R","T","R","?","E","$","?","R_BF","B",null,"M","?","M","$","M","$","R","M","T","R","E","?","M","NM","R","B",null],"character_chosen":"BEAKED_THE_CULTIST","items_purchased":["Membership Card","beaked:Foresight","StuffTheSpire:EmeraldSignet","Turnip","Incense Burner","Apotheosis"],"campfire_rested":1,"item_purchase_floors":[0,0,8,30,40,40],"current_hp_per_floor":[50,38,50,50,50,50,33,33,50,50,50,50,50,44,44,50,50,48,48,50,50,50,50,39,39,39,39,39,50,50,50,50,34,50,36,36,25,25,43,43,50,50,50,50,50,50,38,50,50,50],"gold":222,"neow_bonus":"","is_daily":false,"chose_seed":false,"campfire_upgraded":9,"win_rate":0.0,"timestamp":1612676897,"path_taken":["M","?","?","M","M","R","E","$","MIM","E","R","?","R","M","R_BF","BOSS","M","?","M","?","?","R","M","R","T","R","?","E","$","?","R_BF","BOSS","M","?","M","$","M","$","R","M","T","R","E","?","M","NM","R","BOSS"],"items_purchased_type":["Relic","Card","Relic","Relic","Relic","Card"],"build_version":"2020-12-22","purchased_purges":1,"victory":true,"max_hp_per_floor":[50,50,50,50,50,50,50,50,50,50,50,50,50,50,50,50,50,50,50,50,50,50,50,50,50,50,50,50,50,50,50,50,50,50,50,50,50,50,50,50,50,50,50,50,50,50,50,50,50,50],"card_choices":[{"not_picked":[],"picked":"EpicFetus","floor":0},{"not_picked":["beaked:HuntressSpirit","beaked:Redirect","beaked:MimicMachine"],"picked":"SKIP","floor":1},{"not_picked":["infinitespire:SealOfDarkness+","infinitespire:NeuralNetwork"],"picked":"infinitespire:Menacing","floor":2},{"not_picked":["beaked:Cower","beaked:WarriorEssence"],"picked":"beaked:BraceForImpact","floor":4},{"not_picked":["beaked:DesperateSwing","beaked:Overexert","beaked:WarriorEssence"],"picked":"SKIP","floor":5},{"not_picked":["beaked:SacrificialAttack","beaked:Insight","beaked:Redirect"],"picked":"SKIP","floor":7},{"not_picked":["beaked:Redirect","beaked:Brace"],"picked":"Bomb","floor":9},{"not_picked":["beaked:DigDeep","beaked:VolatileMisfortune","beaked:WarriorEssence"],"picked":"SKIP","floor":10},{"not_picked":["beaked:Tradeoff","beaked:MimicWarrior","beaked:Flinch"],"picked":"SKIP","floor":14},{"not_picked":["beaked:FullHouse","beaked:DarkTribute"],"picked":"beaked:MachineEssence","floor":16},{"not_picked":["beaked:Cower+1","beaked:BraceForImpact"],"picked":"beaked:Pecker","floor":18},{"not_picked":["beaked:Replenish","beaked:BounceBack"],"picked":"beaked:Foresight","floor":19},{"not_picked":["beaked:HuntressEssence+1","beaked:Overexert","beaked:Overpower"],"picked":"SKIP","floor":20},{"not_picked":["beaked:Roost","beaked:Insight","beaked:SurvivalInstinct+1"],"picked":"SKIP","floor":24},{"not_picked":["beaked:Insight","beaked:Daydream","beaked:CheekyTricks"],"picked":"SKIP","floor":29},{"not_picked":["beaked:SacrificialScars","beaked:DarkPact"],"picked":"ReplayTheSpireMod:Owlgaze","floor":33},{"not_picked":["beaked:Mantra","beaked:Tradeoff","beaked:Poke"],"picked":"SKIP","floor":35},{"not_picked":["beaked:Sacrifice","beaked:Insight+1"],"picked":"beaked:Evade","floor":37},{"not_picked":["beaked:Resilience+1","beaked:SurvivalInstinct","beaked:Cower+1"],"picked":"SKIP","floor":39},{"not_picked":["beaked:Tradeoff+1","beaked:MimicHuntress+1","beaked:Evade"],"picked":"SKIP","floor":42},{"not_picked":["beaked:WarriorSpirit+1","beaked:Struggle+1","beaked:FeelMyPain"],"picked":"SKIP","floor":45},{"not_picked":["beaked:Overexert+1","beaked:Tradeoff+1"],"picked":"beaked:TuckingFeathers+1","floor":47},{"not_picked":["beaked:DigDeep","beaked:HuntressEssence+1","beaked:WarriorEssence"],"picked":"SKIP","floor":48}],"player_experience":1854101,"relics_obtained":[{"floor":3,"key":"aspiration:ChemicalBlood"},{"floor":7,"key":"Bronze Scales"},{"floor":9,"key":"Iron Hammer"},{"floor":10,"key":"DeathBook"},{"floor":15,"key":"infinitespire:Magic Flask"},{"floor":26,"key":"Orichalcum"},{"floor":29,"key":"Juzu Bracelet"},{"floor":32,"key":"Nunchaku"},{"floor":43,"key":"reliquary:Buckler"},{"floor":45,"key":"Boot"},{"floor":48,"key":"hubris:Reverence"}],"event_choices":[{"damage_healed":0,"gold_gain":0,"player_choice":"Upgraded Two","damage_taken":0,"max_hp_gain":0,"max_hp_loss":0,"event_name":"Designer","floor":21,"gold_loss":40,"cards_upgraded":["beaked:BraceForImpact","beaked:Strike_Y"]},{"damage_healed":0,"gold_gain":100,"player_choice":"Pray","damage_taken":0,"max_hp_gain":0,"max_hp_loss":0,"event_name":"Golden Shrine","floor":28,"gold_loss":0},{"damage_healed":0,"gold_gain":0,"player_choice":"Obtained Relic","damage_taken":0,"relics_obtained":["reliquary:Stiletto"],"max_hp_gain":0,"max_hp_loss":0,"event_name":"Addict","floor":31,"gold_loss":85},{"cards_removed":["beaked:BraceForImpact"],"damage_healed":0,"gold_gain":0,"player_choice":"Gave Card","damage_taken":0,"relics_obtained":["reliquary:Knoch"],"max_hp_gain":0,"max_hp_loss":0,"event_name":"WeMeetAgain","floor":36,"gold_loss":0},{"damage_healed":0,"gold_gain":0,"player_choice":"Upgraded","damage_taken":0,"max_hp_gain":0,"max_hp_loss":0,"event_name":"Upgrade Shrine","floor":46,"gold_loss":0,"cards_upgraded":["beaked:Foresight"]}],"is_beta":false,"boss_relics":[{"not_picked":["conspire:SlowCooker","ReplayTheSpireMod:DimensionalGlitch"],"picked":"aspiration:SecretTechniqueScroll"},{"not_picked":[]},{"not_picked":["hubris:VirtuousBlindfold","conspire:SpecialSausage"],"picked":"reliquary:RedPaperclip"},{"not_picked":[]}],"items_purged_floors":[40],"is_endless":false,"potions_floor_spawned":[3,5,10,14,18,24,29,33,37,39],"ascension_level":0}}