{"host":"rolltorest","time":1612668356,"event":{"mods":["BaseMod","Minty Spire (QoL Compilation)","Relic Stats","Slay the Relics Exporter","StSLib"],"gold_per_floor":[113,113,113,131,131,131,161,161,241,267,267,267,284,309,309,388,388,288,288,288,288,18,18,18,18,18,18,18,18,18,18,18,18,18],"floor_reached":33,"language":"ENG","playtime":1295,"items_purged":["Strike_P"],"score":652,"play_id":"6ac405cc-22ed-40e8-8ce3-2a9fa639fc15","local_time":"20210206192556","is_ascension_mode":true,"campfire_choices":[{"data":"Eruption","floor":6,"key":"SMITH"},{"data":"ReachHeaven","floor":8,"key":"SMITH"},{"floor":12,"key":"REST"},{"floor":15,"key":"REST"},{"floor":23,"key":"REST"},{"floor":27,"key":"REST"},{"floor":29,"key":"REST"},{"floor":32,"key":"REST"}],"circlet_count":0,"master_deck":["AscendersBane","Strike_P","Strike_P+1","Defend_P","Defend_P","Defend_P","Defend_P+1","Eruption+1","Vigilance","Adaptation","CrushJoints","ReachHeaven+1","CutThroughFate","Tantrum","Consecrate","FlurryOfBlows","ClearTheMind","Fasting2","Omniscience","FearNoEvil+1","EmptyFist+1","Swift Strike","EmptyMind","CutThroughFate","FollowUp+1","Halt","FlurryOfBlows","ThirdEye","Nirvana","DeusExMachina","TalkToTheHand"],"relics":["PureWater","NeowsBlessing","Toy Ornithopter","Dream Catcher","TeardropLocket","Question Card","Omamori","Ectoplasm","Damaru","MawBank","Pantograph","PreservedInsect"],"acts_visited":["Exordium","TheCity"],"potions_floor_usage":[16,16,25],"damage_taken":[{"damage":0,"enemies":"2 Louse","floor":1,"turns":1},{"damage":0,"enemies":"Small Slimes","floor":4,"turns":1},{"damage":0,"enemies":"3 Sentries","floor":7,"turns":2},{"damage":9,"enemies":"Lagavulin","floor":10,"turns":5},{"damage":0,"enemies":"Cultist","floor":13,"turns":1},{"damage":28,"enemies":"Gremlin Nob","floor":14,"turns":4},{"damage":28,"enemies":"The Guardian","floor":16,"turns":9},{"damage":35,"enemies":"2 Thieves","floor":18,"turns":4},{"damage":0,"enemies":"Spheric Guardian","floor":19,"turns":2},{"damage":0,"enemies":"Centurion and Healer","floor":20,"turns":3},{"damage":22,"enemies":"Shelled Parasite and Fungi","floor":24,"turns":2},{"damage":20,"enemies":"Slavers","floor":25,"turns":3},{"damage":12,"enemies":"Snecko","floor":28,"turns":4},{"damage":18,"enemies":"Gremlin Leader","floor":31,"turns":3},{"damage":66,"enemies":"Collector","floor":33,"turns":5}],"seed_played":"2465145609564525526","potions_obtained":[{"floor":1,"key":"StancePotion"},{"floor":7,"key":"Swift Potion"},{"floor":24,"key":"Regen Potion"},{"floor":25,"key":"Strength Potion"},{"floor":28,"key":"FearPotion"}],"is_trial":false,"path_per_floor":["M","?","?","M","?","R","E","R","T","E","?","R","M","E","R","B",null,"M","M","M","?","$","R","M","E","T","R","M","R","$","E","R","B"],"character_chosen":"WATCHER","items_purchased":["Swift Strike","EmptyMind"],"campfire_rested":6,"item_purchase_floors":[22,22],"current_hp_per_floor":[61,61,43,43,23,23,23,23,23,14,14,34,34,6,26,8,53,18,18,18,18,18,38,16,10,10,30,18,38,38,20,40,0,0],"gold":18,"neow_bonus":"THREE_ENEMY_KILL","is_daily":false,"chose_seed":false,"campfire_upgraded":2,"win_rate":0.0,"timestamp":1612668356,"path_taken":["M","?","?","M","?","R","E","R","T","E","?","R","M","E","R","BOSS","M","M","?","?","$","R","M","E","T","R","M","R","$","E","R","BOSS"],"items_purchased_type":["Card","Card"],"build_version":"2020-12-18","purchased_purges":1,"victory":false,"max_hp_per_floor":[68,68,68,68,68,68,68,68,68,68,68,68,68,68,68,68,68,68,68,68,68,68,68,68,68,68,68,68,68,68,68,68,68,68],"relic_stats":{"Dream Catcher":6,"counters":[15,49],"Pantograph":25,"Ectoplasm":338,"PreservedInsect":0,"Question Card":16,"MawBank":0,"obtain_stats":[{"Dream Catcher":7,"NeowsBlessing":0,"Pantograph":26,"Damaru":21,"Ectoplasm":17,"PreservedInsect":31,"Omamori":14,"TeardropLocket":9,"PureWater":0,"Question Card":10,"MawBank":25,"Toy Ornithopter":3},{"Dream Catcher":3,"NeowsBlessing":0,"Pantograph":12,"Damaru":10,"Ectoplasm":7,"PreservedInsect":14,"Omamori":6,"TeardropLocket":3,"PureWater":0,"Question Card":4,"MawBank":12,"Toy Ornithopter":1},{"Dream Catcher":4,"NeowsBlessing":0,"Pantograph":37,"Damaru":32,"Ectoplasm":23,"PreservedInsect":44,"Omamori":14,"TeardropLocket":4,"PureWater":0,"Question Card":9,"MawBank":37,"Toy Ornithopter":1}],"Toy Ornithopter":15},"card_choices":[{"not_picked":["EmptyMind","PathToVictory"],"picked":"Adaptation","floor":1},{"not_picked":["LikeWater","Halt"],"picked":"ReachHeaven","floor":4},{"not_picked":["Evaluate","EmptyBody"],"picked":"CutThroughFate","floor":7},{"not_picked":["Sanctity","EmptyBody"],"picked":"Tantrum","floor":10},{"not_picked":["EmptyBody","FlyingSleeves","SashWhip"],"picked":"Consecrate","floor":12},{"not_picked":["ConjureBlade","Weave","ClearTheMind"],"picked":"FlurryOfBlows","floor":13},{"not_picked":["LikeWater","Protect","DeceiveReality"],"picked":"ClearTheMind","floor":14},{"not_picked":["Collect","CrushJoints","JustLucky"],"picked":"Fasting2","floor":15},{"not_picked":["DevaForm","Devotion","Wish"],"picked":"Omniscience","floor":16},{"not_picked":["SignatureMove","CrushJoints","ClearTheMind","WreathOfFlame"],"picked":"SKIP","floor":18},{"not_picked":["Swivel+1","JustLucky","Halt"],"picked":"FearNoEvil+1","floor":19},{"not_picked":["CutThroughFate","Fasting2","ReachHeaven"],"picked":"EmptyFist+1","floor":20},{"not_picked":["CrushJoints","PathToVictory+1","Crescendo"],"picked":"CutThroughFate","floor":23},{"not_picked":["JustLucky","WreathOfFlame","Consecrate"],"picked":"FollowUp+1","floor":24},{"not_picked":["FlyingSleeves","Worship","Brilliance"],"picked":"Halt","floor":25},{"not_picked":["Halt","EmptyBody+1","EmptyFist"],"picked":"FlurryOfBlows","floor":27},{"not_picked":["Collect","CarveReality","InnerPeace+1"],"picked":"ThirdEye","floor":28},{"not_picked":["Consecrate","BowlingBash","CrushJoints"],"picked":"Nirvana","floor":29},{"not_picked":["Halt","JustLucky","Collect"],"picked":"DeusExMachina","floor":31},{"not_picked":["Pray","Tantrum+1","SashWhip"],"picked":"TalkToTheHand","floor":32}],"player_experience":1903148,"relics_obtained":[{"floor":7,"key":"Dream Catcher"},{"floor":9,"key":"TeardropLocket"},{"floor":10,"key":"Question Card"},{"floor":14,"key":"Omamori"},{"floor":25,"key":"MawBank"},{"floor":26,"key":"Pantograph"},{"floor":31,"key":"PreservedInsect"}],"event_choices":[{"damage_healed":0,"gold_gain":0,"cards_transformed":["Strike_P"],"player_choice":"Change","damage_taken":0,"max_hp_gain":0,"max_hp_loss":0,"event_name":"Living Wall","floor":2,"gold_loss":0,"cards_obtained":["CrushJoints"]},{"damage_healed":0,"gold_gain":0,"player_choice":"Success","damage_taken":18,"relics_obtained":["Toy Ornithopter"],"max_hp_gain":0,"max_hp_loss":0,"event_name":"Scrap Ooze","floor":3,"gold_loss":0},{"damage_healed":0,"gold_gain":0,"player_choice":"Entered Light","damage_taken":20,"max_hp_gain":0,"max_hp_loss":0,"event_name":"Shining Light","floor":5,"gold_loss":0,"cards_upgraded":["Strike_P","Defend_P"]},{"damage_healed":0,"gold_gain":0,"player_choice":"Got Potions","damage_taken":0,"max_hp_gain":0,"max_hp_loss":0,"event_name":"Lab","floor":11,"gold_loss":0},{"damage_healed":0,"gold_gain":0,"player_choice":"Opened","damage_taken":0,"relics_obtained":["Damaru"],"max_hp_gain":0,"max_hp_loss":0,"event_name":"The Mausoleum","floor":21,"gold_loss":0,"cards_obtained":["Writhe"]}],"is_beta":true,"boss_relics":[{"not_picked":["Velvet Choker","Empty Cage"],"picked":"Ectoplasm"}],"items_purged_floors":[22],"is_endless":false,"potions_floor_spawned":[1,7,10,24,25,28],"killed_by":"Collector","ascension_level":20}}