{"host":"jxmsv4d84jcvxth5","time":1612656152,"event":{"mods":["BaseMod","Colored Map","Minty Spire (QoL Compilation)","Relic Stats","StSLib"],"gold_per_floor":[111,111,161,184,197,238,238,277,301,317,317,336,360,383,383,476,476,499,499,107,127,146,146,146,146],"floor_reached":24,"language":"ENG","playtime":1501,"items_purged":["Strike_P"],"score":410,"play_id":"fd73630a-b8fa-43e7-97a6-1d4ef02c480e","local_time":"20210206190232","is_ascension_mode":true,"campfire_choices":[{"data":"Eruption","floor":7.0,"key":"SMITH"},{"floor":15.0,"key":"REST"},{"floor":23,"key":"REST"}],"circlet_count":0,"master_deck":["AscendersBane","Strike_P+1","Strike_P","Strike_P","Defend_P","Defend_P","Defend_P","Defend_P","Eruption+1","Vigilance","Vault","CrushJoints","EmptyBody","BowlingBash+1","ReachHeaven","SpiritShield","FearNoEvil","Protect","LessonLearned","LikeWater","Conclude","Vengeance"],"relics":["PureWater","Bloody Idol","Happy Flower","Oddly Smooth Stone","Vajra","SlaversCollar","OrangePellets"],"acts_visited":["Exordium","TheCity"],"potions_floor_usage":[24],"damage_taken":[{"damage":16.0,"enemies":"Jaw Worm","floor":1.0,"turns":4.0},{"damage":1.0,"enemies":"2 Louse","floor":4.0,"turns":3.0},{"damage":0.0,"enemies":"Cultist","floor":5.0,"turns":4.0},{"damage":17.0,"enemies":"Lagavulin","floor":6.0,"turns":7.0},{"damage":37.0,"enemies":"3 Sentries","floor":8.0,"turns":14.0},{"damage":1.0,"enemies":"2 Fungi Beasts","floor":10.0,"turns":3.0},{"damage":5.0,"enemies":"Gremlin Gang","floor":12.0,"turns":4.0},{"damage":1.0,"enemies":"3 Louse","floor":13.0,"turns":3.0},{"damage":6.0,"enemies":"Exordium Wildlife","floor":14.0,"turns":5.0},{"damage":2.0,"enemies":"Slime Boss","floor":16.0,"turns":8.0},{"damage":26,"enemies":"Spheric Guardian","floor":18,"turns":8},{"damage":0,"enemies":"Chosen","floor":21,"turns":3},{"damage":11,"enemies":"Centurion and Healer","floor":22,"turns":10},{"damage":33,"enemies":"Cultist and Chosen","floor":24,"turns":6}],"seed_played":"7217988515520813120","potions_obtained":[{"floor":4.0,"key":"Block Potion"},{"floor":5.0,"key":"PowerPotion"},{"floor":6.0,"key":"FairyPotion"},{"floor":8.0,"key":"BlessingOfTheForge"},{"floor":21,"key":"Weak Potion"}],"is_trial":false,"path_per_floor":["M","?","?","M","M","E","R","E","T","M","?","M","M","M","R","B",null,"M","?","$","M","M","R","M"],"character_chosen":"WATCHER","items_purchased":["OrangePellets","LikeWater","DuplicationPotion"],"campfire_rested":2,"item_purchase_floors":[20,20,20],"current_hp_per_floor":[45,45,45,44,44,27,27,16,16,15,15,10,9,3,21,19,51,25,25,25,30,24,42,9,9],"gold":146,"neow_bonus":"ONE_RANDOM_RARE_CARD","is_daily":false,"chose_seed":false,"campfire_upgraded":1,"win_rate":0.0,"timestamp":1612656152,"path_taken":["M","?","?","M","M","E","R","E","T","?","?","M","?","?","R","BOSS","M","?","$","M","M","R","M"],"items_purchased_type":["Relic","Card","Potion"],"build_version":"2020-12-22","purchased_purges":1,"victory":false,"max_hp_per_floor":[68,62,62,62,62,62,62,62,62,62,62,62,62,62,62,62,62,62,62,62,62,62,62,62,62],"relic_stats":{"OrangePellets":[1],"Happy Flower":[21],"counters":[14,82],"Bloody Idol":10,"obtain_stats":[{"SlaversCollar":17,"OrangePellets":20,"Happy Flower":6,"Golden Idol":2,"Bloody Idol":19,"Oddly Smooth Stone":8,"Vajra":9,"PureWater":0},{"SlaversCollar":10,"OrangePellets":11,"Happy Flower":4,"Golden Idol":1,"Bloody Idol":11,"Oddly Smooth Stone":5,"Vajra":5,"PureWater":0},{"SlaversCollar":55,"OrangePellets":63,"Happy Flower":18,"Golden Idol":4,"Bloody Idol":63,"Oddly Smooth Stone":32,"Vajra":32,"PureWater":0}]},"card_choices":[{"not_picked":["ClearTheMind","MentalFortress"],"picked":"CrushJoints","floor":1.0},{"not_picked":["Swivel","Fasting2"],"picked":"EmptyBody","floor":4.0},{"not_picked":["SignatureMove","CutThroughFate"],"picked":"BowlingBash","floor":5.0},{"not_picked":["Pray","Ragnarok","BowlingBash"],"picked":"SKIP","floor":6.0},{"not_picked":["Crescendo","Protect"],"picked":"ReachHeaven","floor":8.0},{"not_picked":["JustLucky","FlyingSleeves"],"picked":"SpiritShield","floor":10.0},{"not_picked":["FlurryOfBlows","Prostrate"],"picked":"FearNoEvil","floor":12.0},{"not_picked":["FlurryOfBlows","Prostrate"],"picked":"Protect","floor":13.0},{"not_picked":["Perseverance","Swivel","WindmillStrike"],"picked":"SKIP","floor":14.0},{"not_picked":["Blasphemy","Establishment"],"picked":"LessonLearned","floor":16.0},{"not_picked":["Evaluate","Consecrate","Halt"],"picked":"SKIP","floor":18},{"not_picked":["Adaptation","CrushJoints"],"picked":"Conclude","floor":21},{"not_picked":["EmptyBody","WaveOfTheHand"],"picked":"Vengeance","floor":22}],"player_experience":1559791,"relics_obtained":[{"floor":6.0,"key":"Happy Flower"},{"floor":8.0,"key":"Oddly Smooth Stone"},{"floor":9.0,"key":"Vajra"}],"event_choices":[{"damage_healed":0.0,"max_hp_gain":0.0,"max_hp_loss":6.0,"gold_gain":0.0,"event_name":"Golden Idol","player_choice":"Lose Max HP","floor":2.0,"gold_loss":0.0,"damage_taken":0.0,"relics_obtained":["Golden Idol"]},{"damage_healed":0.0,"max_hp_gain":0.0,"max_hp_loss":0.0,"gold_gain":50.0,"event_name":"Golden Shrine","player_choice":"Pray","floor":3.0,"gold_loss":0.0,"damage_taken":0.0},{"damage_healed":0.0,"max_hp_gain":0.0,"max_hp_loss":0.0,"gold_gain":0.0,"event_name":"Upgrade Shrine","player_choice":"Upgraded","floor":11.0,"gold_loss":0.0,"damage_taken":0.0,"cards_upgraded":["BowlingBash"]},{"damage_healed":0,"gold_gain":0,"player_choice":"Gave Idol","damage_taken":0,"relics_obtained":["Bloody Idol"],"max_hp_gain":0,"max_hp_loss":0,"event_name":"Forgotten Altar","floor":19,"relics_lost":["Golden Idol"],"gold_loss":0}],"is_beta":false,"boss_relics":[{"not_picked":["Runic Dome","VioletLotus"],"picked":"SlaversCollar"}],"items_purged_floors":[20],"is_endless":false,"potions_floor_spawned":[4,5,6,8,21],"killed_by":"Cultist and Chosen","ascension_level":19}}