{"host":"3twtdwjpiqhvvn5s","time":1612702228,"event":{"mods":["AchievementEnabler","Act Like it!","Aspiration","BaseMod","BetterRewards","Colored Map","Colored Powertips","Downfall","Duelist Mod","Friendly Minions","GifTheSpireLib","Hallownest","Hermit","Hubris","Infinite Spire","Jorbs\u0027s Wanderer Trilogy","Koishi","KomeijiMod","Marisa????????","Minty Spire (QoL Compilation)","Quick Restart","Rare Cards Sparkle","Replay The Spire","Shop Mod","StSLib","Td1madao Mod","The Administrix","The Animator","The Bug Knight","The Caster","The Cursed","The Disciple","The Hierophant","The Necromancer","The Poker Player","The Runesmith","The Servant 0.9.4"],"gold_per_floor":[112,62,82,7,7,27,44,44,71,86,86,104,104,148,148,253,253,279,297,325,33,33,33,33,33,60,60,60],"floor_reached":27,"language":"ENG","playtime":52959,"items_purged":["Defend_Br","Defend_Br"],"score":213,"play_id":"04bad4e2-d25d-4c3e-8cb8-2780dc53f6e9","local_time":"20210207065028","daily_mods":["downfall:Enraging"],"is_ascension_mode":false,"campfire_choices":[{"floor":11,"key":"REST"},{"floor":13,"key":"REST"},{"floor":15,"key":"REST"},{"floor":25,"key":"REST"}],"circlet_count":0,"master_deck":["Strike_Br","Strike_Br","Defend_Br","Defend_Br","SecondHand","PatternShift","Slimebound:ViciousTackle","LockedScales","WindUp","WindUp","TickedOff","ExoVibe","Accruing","LockedLightning","BlueShift","Pot Of Greed","Pot Of Greed","ExoVibe","Cuckoo+1","Keepsakes"],"relics":["Chronometer","Orichalcum","CeramicFish","hubris:TerracottaHorce","Grinning Jar","PreservedInsect"],"acts_visited":["Exordium","TheCity"],"potions_floor_usage":[7,7,7,27],"damage_taken":[{"damage":5,"enemies":"Jaw Worm","floor":1,"turns":7},{"damage":5,"enemies":"Small Slimes","floor":3,"turns":4},{"damage":6,"enemies":"Cultist","floor":6,"turns":3},{"damage":2,"enemies":"Large Slime","floor":7,"turns":3},{"damage":5,"enemies":"Blue Slaver","floor":10,"turns":4},{"damage":15,"enemies":"2 Fungi Beasts","floor":12,"turns":4},{"damage":30,"enemies":"3 Sentries","floor":14,"turns":12},{"damage":14,"enemies":"Fading Forest","floor":16,"turns":10},{"damage":30,"enemies":"Shell Parasite","floor":18,"turns":7},{"damage":22,"enemies":"3 Byrds","floor":20,"turns":4},{"damage":6,"enemies":"Snecko","floor":26,"turns":5},{"damage":46,"enemies":"theDuelist:KaibaA2","floor":27,"turns":3}],"seed_played":"-6132967725006524765","potions_obtained":[{"floor":1,"key":"Adrenaline Potion"},{"floor":3,"key":"hexamod:SoulburnPotion"},{"floor":6,"key":"hexamod:SoulburnPotion"},{"floor":18,"key":"LiquidBronze"},{"floor":26,"key":"Venom Potion"}],"is_trial":true,"path_per_floor":["M","?","M","$","?","M","M","$","T","M","R","M","R","E","R","B",null,"M","?","M","$","?","PTL","PTL","R","M","E"],"character_chosen":"CHRONO_CLASS","items_purchased":["PreservedInsect","Cuckoo+1"],"campfire_rested":4,"item_purchase_floors":[21,21],"current_hp_per_floor":[60,60,55,55,48,42,40,40,40,35,54,39,58,28,47,43,60,30,30,8,8,29,29,29,48,42,0,0],"gold":60,"neow_bonus":"","is_daily":false,"chose_seed":false,"campfire_upgraded":0,"win_rate":0.0,"timestamp":1612702228,"path_taken":["M","?","M","$","?","M","M","$","T","M","R","M","R","E","R","BOSS","M","?","?","$","?","PTL","PTL","R","M","E"],"items_purchased_type":["Relic","Card"],"build_version":"2020-12-22","purchased_purges":2,"victory":false,"max_hp_per_floor":[65,65,65,65,65,65,65,65,65,65,65,65,65,65,65,65,65,65,65,65,65,65,65,65,65,65,65,65],"card_choices":[{"not_picked":["Slimebound:SamplingLick","CrunchTime"],"picked":"Slimebound:ViciousTackle","floor":1},{"not_picked":["Facsimile","LockedUrn"],"picked":"LockedScales","floor":3},{"not_picked":["LockedWarPaint","LockedTurtyl"],"picked":"WindUp","floor":6},{"not_picked":["Slimebound:ItLooksTasty","Slimebound:FinishingTackle"],"picked":"WindUp","floor":7},{"not_picked":["Slimebound:SplitAcid","Tempo"],"picked":"TickedOff","floor":10},{"not_picked":["Slimebound:GoopSpray","Engulf"],"picked":"ExoVibe","floor":12},{"not_picked":["Slimebound:FinishingTackle","Slimebound:SplitLeeching"],"picked":"Accruing","floor":14},{"not_picked":["Slimebound:Teamwork","Slimebound:OozeBath"],"picked":"LockedLightning","floor":16},{"not_picked":["Cuckoo","EscortCommand"],"picked":"BlueShift","floor":18},{"not_picked":["PrimeTime","CrunchTime"],"picked":"ExoVibe","floor":20},{"not_picked":["TiringSlam","HandsUpC"],"picked":"Keepsakes","floor":26}],"player_experience":2722444,"relics_obtained":[{"floor":9,"key":"Orichalcum"},{"floor":14,"key":"CeramicFish"}],"event_choices":[{"cards_removed":["Strike_Br"],"damage_healed":0,"gold_gain":0,"player_choice":"Card Removal","damage_taken":0,"max_hp_gain":0,"max_hp_loss":0,"event_name":"The Cleric","floor":2,"gold_loss":50},{"cards_removed":["Strike_Br"],"damage_healed":0,"gold_gain":0,"player_choice":"Card Removal","damage_taken":7,"max_hp_gain":0,"max_hp_loss":0,"event_name":"Golden Wing","floor":5,"gold_loss":0},{"damage_healed":0,"gold_gain":0,"player_choice":"Gave Potion","damage_taken":0,"relics_obtained":["Grinning Jar"],"max_hp_gain":0,"max_hp_loss":0,"event_name":"WeMeetAgain","floor":19,"gold_loss":0},{"damage_healed":21,"gold_gain":0,"player_choice":"Heal","damage_taken":0,"max_hp_gain":0,"max_hp_loss":0,"event_name":"The Library","floor":22,"gold_loss":0}],"is_beta":false,"boss_relics":[{"not_picked":["aspiration:IroncladSkillbook","Velvet Choker"],"picked":"hubris:TerracottaHorce"}],"items_purged_floors":[4,21],"is_endless":false,"potions_floor_spawned":[1,3,6,18,26],"killed_by":"theDuelist:KaibaA2","ascension_level":0}}