{"host":"yrtk68ixj64vhhh3","time":1612679856,"event":{"mods":["AchievementEnabler","Aspiration","BaseMod","Better Altar","Better Match","Better Silent Start","Colored Map","Colored Powertips","Conspire","Dio Mod","Downfall","Energized Spire","Hubris","Infinite Spire","Minty Spire (QoL Compilation)","Prisma Mod","RNG Fix","StSLib","Steal the Spire","Td1madao Mod","The Animator","The Poker Player","The Wild Card","TheBandit","TheHero"],"gold_per_floor":[113,123,123,136,193,193,228,228,228,245,256,268,268,268,268,363,363,381,381,381,396,396,396,396,396],"floor_reached":23,"language":"ENG","playtime":2088,"items_purged":[],"score":191,"play_id":"63fc2526-82a0-45de-b06a-a3339a3f3845","local_time":"20210207193736","is_ascension_mode":false,"campfire_choices":[{"floor":13,"key":"REST"},{"data":"wariomod:Step","floor":15,"key":"SMITH"}],"circlet_count":0,"master_deck":["wariomod:Strike","wariomod:Strike","wariomod:Strike","wariomod:Strike","wariomod:Defend","wariomod:Defend","wariomod:Defend","wariomod:Defend","wariomod:Step+1","wariomod:Leap","wariomod:Bombshield","wariomod:SilenceBombs+1","theWildCard:Michael","wariomod:NullJump","wariomod:BoomAndDoom","wariomod:ChargeForth","wariomod:Boomsmack","wariomod:EnergizedBombs","wariomod:Game+1","infinitespire:Starlight","wariomod:Hopshield","wariomod:SpacialMastery"],"relics":["wariomod:SuperHat","wariomod:SunglassHat","CultistMask","infinitespire:WardingShard","Black Star","WingedGreaves"],"acts_visited":["Exordium","TheCity"],"potions_floor_usage":[16],"damage_taken":[{"damage":0,"enemies":"Cultist","floor":1,"turns":3},{"damage":8,"enemies":"Jaw Worm","floor":2,"turns":4},{"damage":0,"enemies":"2 Louse","floor":4,"turns":2},{"damage":27,"enemies":"Gremlin Nob","floor":7,"turns":4},{"damage":18,"enemies":"Gremlin Gang","floor":10,"turns":3},{"damage":5,"enemies":"3 Louse","floor":11,"turns":3},{"damage":13,"enemies":"Lots of Slimes","floor":12,"turns":5},{"damage":48,"enemies":"The Guardian","floor":16,"turns":8},{"damage":13,"enemies":"Shell Parasite","floor":18,"turns":5},{"damage":4,"enemies":"Chosen","floor":21,"turns":5},{"damage":82,"enemies":"Book of Stabbing","floor":23,"turns":8}],"seed_played":"3230847864496573966","potions_obtained":[{"floor":4,"key":"Ancient Potion"},{"floor":7,"key":"GamblersBrew"},{"floor":16,"key":"Dexterity Potion"},{"floor":18,"key":"bronze:BurnAndBuffPotion"}],"is_trial":false,"path_per_floor":["M","M","?","M","?","?","E","?","T","M","M","M","R","?","R","B",null,"M","?","AVR","M","?","E"],"character_chosen":"THE_BANDIT","items_purchased":[],"campfire_rested":1,"item_purchase_floors":[],"current_hp_per_floor":[88,80,80,80,80,80,53,53,53,35,30,17,43,72,72,24,88,75,75,75,71,71,0,0,0],"gold":396,"neow_bonus":"TEN_PERCENT_HP_BONUS","is_daily":false,"chose_seed":false,"campfire_upgraded":1,"win_rate":0.0,"timestamp":1612679856,"path_taken":["M","M","?","M","?","?","E","?","T","M","M","?","R","?","R","BOSS","M","?","AVR","?","?","E"],"items_purchased_type":[],"build_version":"2020-12-22","purchased_purges":0,"victory":false,"max_hp_per_floor":[88,88,88,88,88,88,88,88,88,88,88,88,88,88,88,88,88,88,88,88,88,88,88,88,88],"card_choices":[{"not_picked":["wariomod:SmallSprint","wariomod:SimpleShield"],"picked":"wariomod:Bombshield","floor":1},{"not_picked":["wariomod:SmallSprint","wariomod:DisarmingMoves"],"picked":"wariomod:SilenceBombs","floor":2},{"not_picked":["wariomod:Game","wariomod:DoubleDip"],"picked":"wariomod:NullJump","floor":4},{"not_picked":["wariomod:BoomBoom","wariomod:TempestBlasts"],"picked":"wariomod:BoomAndDoom","floor":7},{"not_picked":["wariomod:Leapslam","wariomod:DanceDash"],"picked":"wariomod:ChargeForth","floor":10},{"not_picked":["wariomod:SmackSlam","wariomod:Leapslam"],"picked":"wariomod:DisarmingMoves","floor":11},{"not_picked":["wariomod:Bombshield","wariomod:ChargeForth"],"picked":"wariomod:Boomsmack","floor":12},{"not_picked":["wariomod:GodlyGift","wariomod:DeadlyDash"],"picked":"wariomod:EnergizedBombs","floor":16},{"not_picked":["wariomod:Smackflip","wariomod:EndlessBlast"],"picked":"wariomod:Game+1","floor":18},{"not_picked":["wariomod:Game","wariomod:SilenceBombs"],"picked":"wariomod:Hopshield","floor":21}],"player_experience":735216,"relics_obtained":[{"floor":7,"key":"wariomod:SunglassHat"}],"event_choices":[{"damage_healed":0,"gold_gain":57,"player_choice":"Gained Gold","damage_taken":0,"max_hp_gain":0,"max_hp_loss":0,"event_name":"Golden Wing","floor":5,"gold_loss":0},{"damage_healed":0,"gold_gain":0,"player_choice":"Grow","damage_taken":0,"max_hp_gain":0,"max_hp_loss":0,"event_name":"Living Wall","floor":6,"gold_loss":0,"cards_upgraded":["wariomod:SilenceBombs"]},{"damage_healed":0,"gold_gain":0,"player_choice":"Trade","damage_taken":0,"relics_obtained":["CultistMask"],"max_hp_gain":0,"max_hp_loss":0,"event_name":"FaceTrader","floor":8,"gold_loss":0},{"damage_healed":29,"gold_gain":0,"player_choice":"Banana","damage_taken":0,"max_hp_gain":0,"max_hp_loss":0,"event_name":"Big Fish","floor":14,"gold_loss":0},{"damage_healed":0,"gold_gain":0,"player_choice":"Gave Potion","damage_taken":0,"relics_obtained":["infinitespire:WardingShard"],"max_hp_gain":0,"max_hp_loss":0,"event_name":"WeMeetAgain","floor":19,"gold_loss":0},{"damage_healed":0,"gold_gain":0,"cards_transformed":["wariomod:DisarmingMoves"],"player_choice":"Transformed","damage_taken":0,"max_hp_gain":0,"max_hp_loss":0,"event_name":"Transmorgrifier","floor":22,"gold_loss":0,"cards_obtained":["wariomod:SpacialMastery"]}],"is_beta":false,"boss_relics":[{"not_picked":["wariomod:PropellerHat","Coffee Dripper"],"picked":"wariomod:SuperHat"}],"items_purged_floors":[],"is_endless":false,"potions_floor_spawned":[4,7,16,18],"killed_by":"Book of Stabbing","ascension_level":0}}