{"host":"bplbr8uekuotory4","time":1612699667,"event":{"mods":["Act Like it!","BaseMod","GungeonMod","Hermit","KinomotoSakuraMod(木之本樱)","Marisa（F雨　魔理沙）","Minty Spire (QoL Compilation)","Prisma Mod","Quick Restart","Reimu（博丽灵梦）","SOS（斯巴达之子）","Spicy Shops","StSLib","TestMod","The Blackbeard","The Cursed","The Mystic","The Poker Player","The Saiyan","The Senshi","The Servant 0.9.4","Yuri Mod","[IsaacMod]以撒尖塔"],"gold_per_floor":[118,132,57,133,33,58,58,83,152,152,182,257,257,271,271,375,375,390,52,64,64,27,62,150,167,167,195,110,123,123,156,156,257,257,269,289,337,87,99,99,25,60,60,70,70,70,80,80,80,80,80,80,11,40,40],"floor_reached":56,"language":"ZHS","playtime":1836,"items_purged":["theSenshi:SailorBlock","theSenshi:SailorKick","theSenshi:SailorKick","theSenshi:SailorBlock","theSenshi:LunasBite","theSenshi:SailorKick","theSenshi:SailorBlock"],"score":1969,"play_id":"cdf79314-c198-4257-b148-ffa6a7cef8df","local_time":"20210207200747","is_ascension_mode":true,"campfire_choices":[{"data":"theSenshi:MoonGorgeousMeditation","floor":10.0,"key":"SMITH"},{"data":"theSenshi:MoonPrismPowerMakeUp","floor":15.0,"key":"SMITH"},{"data":"theSenshi:MoonCrisisMakeUp","floor":30,"key":"SMITH"},{"data":"theSenshi:MoonPrincessHalation","floor":32,"key":"SMITH"},{"data":"theSenshi:CrisisMakeUp","floor":40,"key":"SMITH"},{"floor":49,"key":"RECALL"},{"data":"theSenshi:SailorKick","floor":52,"key":"SMITH"}],"circlet_count":0,"master_deck":["theSenshi:SailorKick+1","theSenshi:SailorBlock+1","theSenshi:RoseThrow+1","theSenshi:MoonPrismPowerMakeUp+1","theSenshi:MoonGorgeousMeditation+1","theSenshi:MoonPunch+1","Necronomicurse","theSenshi:MoonCrisisMakeUp+1","theSenshi:MoonPrincessHalation+1","theSenshi:SailorCosmosAssists+1","theSenshi:CrisisMakeUp+1"],"relics":["theSenshi:TransformationBroochRelic","testmod-TestBox","HushsDoor","GuppysTail","testmod-Alchemist","NeowsBlessing","Nunchaku","Mastiff:ReiMu","Toxic Egg 2","DemoMod:WhiteGuonStone","War Paint","testmod-Recursion","GuppysPaw","SteamSale","DemoMod:OrangeGuonStone","Necronomicon","MealTicket","testmod-Fortitude","DemoMod:GlassGuonStoneRelic","Vajra","Pantograph","Akabeko","theSenshi:MoonKaleidoScopeRelic","GuppysCollar","Unceasing Top","Juzu Bracelet","DemoMod:ChaffGrenade","Question Card","BlankCard","DemoMod:MemoryAlloy"],"acts_visited":["Exordium","TheCity","TheBeyond","TheEnding"],"potions_floor_usage":[25,25,25,25,25,27,27,27,27,29,29,29,29,29,29,31,31,31,31,31,31,33,33,33,33,33,33,33,33,35,35,35,35,35,35,35,36,36,36,36,36,36,36,36,36,37,37,37,37,37,37,37,39,39,39,39,39,39,39,42,42,42,42,42,42,42,44,44,44,44,44,44,47,47,47,47,47,47,50,50,50,50,50,50,50,53,54,54,54,54,54,54,55,55,55,55,55,55,55,55,55,55,55,55,55,55,55],"damage_taken":[{"damage":0.0,"enemies":"Cultist","floor":1.0,"turns":1.0},{"damage":0.0,"enemies":"2 Louse","floor":2.0,"turns":1.0},{"damage":0.0,"enemies":"Gremlin Nob","floor":6.0,"turns":1.0},{"damage":20.0,"enemies":"Lagavulin","floor":8.0,"turns":6.0},{"damage":24.0,"enemies":"3 Sentries","floor":11.0,"turns":7.0},{"damage":0.0,"enemies":"Small Slimes","floor":14.0,"turns":3.0},{"damage":0.0,"enemies":"Hexaghost","floor":16.0,"turns":7.0},{"damage":0.0,"enemies":"Shell Parasite","floor":18.0,"turns":4.0},{"damage":0.0,"enemies":"Spheric Guardian","floor":20.0,"turns":3.0},{"damage":0.0,"enemies":"Book of Stabbing","floor":23.0,"turns":2.0},{"damage":0,"enemies":"Centurion and Healer","floor":25,"turns":1},{"damage":0,"enemies":"Slavers","floor":27,"turns":1},{"damage":0,"enemies":"3 Cultists","floor":29,"turns":2},{"damage":0,"enemies":"Gremlin Leader","floor":31,"turns":1},{"damage":0,"enemies":"Collector","floor":33,"turns":1},{"damage":0,"enemies":"3 Shapes","floor":35,"turns":1},{"damage":0,"enemies":"3 Darklings","floor":36,"turns":1},{"damage":0,"enemies":"2 Orb Walkers","floor":37,"turns":2},{"damage":0,"enemies":"Sphere and 2 Shapes","floor":39,"turns":1},{"damage":0,"enemies":"Reptomancer","floor":42,"turns":2},{"damage":0,"enemies":"Jaw Worm Horde","floor":44,"turns":1},{"damage":0,"enemies":"Writhing Mass","floor":47,"turns":2},{"damage":0,"enemies":"Donu and Deca","floor":50,"turns":2},{"damage":0,"enemies":"Shield and Spear","floor":54,"turns":2},{"damage":2,"enemies":"The Heart","floor":55,"turns":4}],"seed_played":"8175566965706127120","potions_obtained":[{"floor":1.0,"key":"EntropicBrew"},{"floor":6.0,"key":"Energy Potion"},{"floor":16.0,"key":"ZuzhouPotion:ReiMu"},{"floor":20.0,"key":"ZuzhouPotion:ReiMu"},{"floor":27,"key":"SteroidPotion"},{"floor":35,"key":"DemoMod:BlankPotion"},{"floor":37,"key":"Energy Potion"},{"floor":39,"key":"testmod-EscapePotion"},{"floor":44,"key":"Strength Potion"},{"floor":47,"key":"testmod-TestPotion"}],"is_trial":false,"path_per_floor":["M","M","$","T","$","E","?","E","T","R","E","?","?","M","R","B",null,"M","$","M","?","$","E","?","M","T","E","?","M","R","E","R","B",null,"M","M","?","$","M","R","$","E","T","M","?","?","M","?","R","B",null,"R","$","E","B",null],"character_chosen":"THE_SENSHI","items_purchased":["GuppysPaw","testmod-SpacePotion","SteamSale","DemoMod:OrangeGuonStone","theSenshi:MoonCrisisMakeUp","GuppysCollar","Juzu Bracelet","testmod-SpacePotion","BlankCard"],"campfire_rested":0,"item_purchase_floors":[17,17,19,19,22,34,41,53,53],"current_hp_per_floor":[75,75,75,75,75,75,75,55,55,55,31,20,8,8,8,8,57,57,57,57,41,41,41,26,26,26,26,26,26,26,26,26,51,37,37,37,37,37,37,37,37,37,37,37,74,70,70,70,70,70,70,70,70,70,70],"gold":40,"neow_bonus":"THREE_ENEMY_KILL","is_daily":false,"chose_seed":false,"campfire_upgraded":6,"win_rate":0.0,"timestamp":1612699667,"path_taken":["M","?","$","?","$","E","?","E","T","R","E","?","?","M","R","BOSS","M","$","M","?","$","E","?","M","T","E","?","?","R","E","R","BOSS","M","?","?","$","M","R","?","E","T","M","?","?","M","?","R","BOSS","R","$","E","BOSS"],"items_purchased_type":["Relic","Potion","Relic","Relic","Card","Relic","Relic","Potion","Relic"],"build_version":"2020-12-22","purchased_purges":7,"victory":true,"max_hp_per_floor":[75,75,75,75,75,75,75,75,75,75,75,75,75,75,75,75,57,57,57,57,57,57,57,57,57,57,57,57,57,57,57,57,57,37,37,37,37,37,37,37,37,37,37,37,74,70,70,70,70,70,70,70,70,70,70],"card_choices":[{"not_picked":["theSenshi:MoonTiaraMagic","theSenshi:SailorChibiMoonAssists","theSenshi:SupersonicWaves"],"picked":"SKIP","floor":1.0},{"not_picked":["theSenshi:KlutzyLuck","theSenshi:TallSilhouette","theSenshi:EncouragingSpeech"],"picked":"SKIP","floor":2.0},{"not_picked":["theSenshi:Sidestep","theSenshi:SailorMercuryAssists"],"picked":"theSenshi:MoonGorgeousMeditation","floor":6.0},{"not_picked":["theSenshi:MoonsReflection","theSenshi:SupersonicWaves","theSenshi:LunasBite"],"picked":"SKIP","floor":8.0},{"not_picked":["theSenshi:SailorChibiMoonAssists","theSenshi:MoonPunch"],"picked":"theSenshi:LunasBite","floor":11.0},{"not_picked":["theSenshi:SailorVenusAssists","theSenshi:MoonTiaraMagic","theSenshi:YouCanTalk+1"],"picked":"SKIP","floor":14.0},{"not_picked":["theSenshi:LateForSchool+1","theSenshi:TallSilhouette+1","theSenshi:MoonPunch+1"],"picked":"SKIP","floor":18.0},{"not_picked":["theSenshi:DramaticEntrance+1","theSenshi:TuxedoSmokingBomber"],"picked":"theSenshi:MoonPunch+1","floor":20.0},{"not_picked":["theSenshi:YouCanTalk+1","theSenshi:SailorPlanetAttack"],"picked":"theSenshi:MoonPrincessHalation","floor":23.0},{"not_picked":["theSenshi:TallSilhouette+1","theSenshi:SailorVenusAssists+1","theSenshi:SailorV+1"],"picked":"SKIP","floor":25},{"not_picked":["theSenshi:SailorPlanetPower","theSenshi:SailorMarsAssists"],"picked":"theSenshi:SailorCosmosAssists+1","floor":27},{"not_picked":["theSenshi:MoonPrincessHalation","theSenshi:TuxedoMaskAssists"],"picked":"theSenshi:CrisisMakeUp","floor":29},{"not_picked":["theSenshi:SailorVenusAssists+1","theSenshi:TuxedoSmokingBomber","theSenshi:SailorPlanetAttack"],"picked":"SKIP","floor":31},{"not_picked":["theSenshi:SailorVenusAssists","theSenshi:MoonsReflection+1","theSenshi:TallSilhouette+1"],"picked":"SKIP","floor":35},{"not_picked":["theSenshi:SailorChibiMoonAssists","theSenshi:SupersonicWaves+1","theSenshi:VenusGlamour"],"picked":"SKIP","floor":36},{"not_picked":["theSenshi:LateForSchool+1","theSenshi:PlutosSolemnity+1","theSenshi:UranusStrength+1"],"picked":"SKIP","floor":39},{"not_picked":["theSenshi:MoonsReflection+1","theSenshi:MercurysCunning+1","theSenshi:TuxedoMaskAssists+1"],"picked":"SKIP","floor":42},{"not_picked":["theSenshi:MoonHealingEscalation+1","theSenshi:Sidestep+1","theSenshi:MoonsReflection+1","theSenshi:VenusGlamour+1"],"picked":"SKIP","floor":44},{"not_picked":["theSenshi:SilverCrystal","theSenshi:SailorV+1","theSenshi:SchoolBag+1","theSenshi:Sidestep+1"],"picked":"SKIP","floor":47},{"not_picked":["theSenshi:HesSoDreamy+1","theSenshi:SailorVenusAssists","theSenshi:PlutosSolemnity+1","theSenshi:Sidestep+1"],"picked":"SKIP","floor":54}],"player_experience":1124149,"relics_obtained":[{"floor":6.0,"key":"Nunchaku"},{"floor":8.0,"key":"Mastiff:ReiMu"},{"floor":9.0,"key":"Toxic Egg 2"},{"floor":11.0,"key":"DemoMod:WhiteGuonStone"},{"floor":21.0,"key":"Necronomicon"},{"floor":23.0,"key":"MealTicket"},{"floor":26,"key":"testmod-Fortitude"},{"floor":27,"key":"Vajra"},{"floor":31,"key":"Akabeko"},{"floor":37,"key":"Unceasing Top"},{"floor":42,"key":"DemoMod:ChaffGrenade"},{"floor":43,"key":"Question Card"},{"floor":54,"key":"DemoMod:MemoryAlloy"}],"event_choices":[{"damage_healed":0.0,"max_hp_gain":0.0,"max_hp_loss":0.0,"gold_gain":0.0,"event_name":"The Woman in Blue","player_choice":"Bought 0 Potions","floor":7.0,"gold_loss":0.0,"damage_taken":0.0},{"damage_healed":0.0,"max_hp_gain":0.0,"max_hp_loss":0.0,"gold_gain":75.0,"event_name":"World of Goop","player_choice":"Gather Gold","floor":12.0,"gold_loss":0.0,"damage_taken":11.0},{"damage_healed":0.0,"max_hp_gain":0.0,"max_hp_loss":0.0,"gold_gain":0.0,"event_name":"Scrap Ooze","player_choice":"Success","floor":13.0,"gold_loss":0.0,"damage_taken":12.0,"relics_obtained":["War Paint"]},{"damage_healed":0.0,"max_hp_gain":0.0,"max_hp_loss":0.0,"gold_gain":0.0,"event_name":"Cursed Tome","player_choice":"Obtained Book","floor":21.0,"gold_loss":0.0,"damage_taken":16.0},{"damage_healed":0,"gold_gain":0,"player_choice":"Obtained Relic","damage_taken":0,"relics_obtained":["Pantograph"],"max_hp_gain":0,"max_hp_loss":0,"event_name":"Addict","floor":28,"gold_loss":85},{"damage_healed":0,"gold_gain":0,"player_choice":"Fight","damage_taken":0,"max_hp_gain":0,"max_hp_loss":0,"event_name":"Mysterious Sphere","floor":37,"gold_loss":0},{"damage_healed":0,"gold_gain":0,"player_choice":"Swap Relic","damage_taken":0,"relics_obtained":["testmod-HarvestTotem"],"max_hp_gain":0,"max_hp_loss":0,"event_name":"给自己的盒子","floor":45,"relics_lost":["testmod-HarvestTotem"],"gold_loss":0},{"damage_healed":0,"gold_gain":0,"player_choice":"Max HP","damage_taken":0,"max_hp_gain":0,"max_hp_loss":4,"event_name":"Winding Halls","floor":46,"gold_loss":0},{"damage_healed":0,"gold_gain":0,"player_choice":"Ignored","damage_taken":0,"max_hp_gain":0,"max_hp_loss":0,"event_name":"Tomb of Lord Red Mask","floor":48,"gold_loss":0}],"is_beta":false,"boss_relics":[{"not_picked":["testmod-GoldenSoul","testmod-IncinerationGenerator"],"picked":"testmod-Recursion"},{"not_picked":[]},{"not_picked":["ChampionBelt","Sozu"],"picked":"theSenshi:MoonKaleidoScopeRelic"},{"not_picked":[]}],"items_purged_floors":[3,5,17,19,34,38,38],"is_endless":false,"potions_floor_spawned":[1,6,16,20,27,35,37,39,44,47],"ascension_level":3}}