{"host":"s2jwg59yskzk2eda","time":1612712325,"event":{"mods":["BaseMod","Better Note","Block Reminder","Colored Map","Colored Powertips","Dark Map","Downfall","Fox Events","Minty Spire (QoL Compilation)","Relic Sorter","Reliquary","Spire Arcade","StSLib"],"gold_per_floor":[99,110,124,138,149,180,257,321,321,334,334,334,334],"floor_reached":11,"language":"ENG","playtime":477,"items_purged":[],"score":75,"play_id":"59efd094-7fda-4a1f-9e78-40970ebc6d3d","local_time":"20210207163845","is_ascension_mode":true,"campfire_choices":[{"data":"Slimebound:Split","floor":1,"key":"SMITH"},{"data":"Slimebound:MegaLick","floor":9,"key":"SMITH"}],"circlet_count":0,"master_deck":["Slimebound:Strike_Slimebound","Slimebound:Strike_Slimebound","Slimebound:Strike_Slimebound","Slimebound:Tackle","Slimebound:Defend_Slimebound","Slimebound:Defend_Slimebound","Slimebound:Defend_Slimebound","Slimebound:Defend_Slimebound","Slimebound:Split+1","Slimebound:CorrosiveSpit","Slimebound:ItLooksTasty","Slimebound:AcidTongue","Slimebound:MegaLick+1","Slimebound:SpikyOuterGoop"],"relics":["Slimebound:AbsorbEndCombat","Dead Branch","foxEvents:LuckyCharm","Shuriken","Art of War"],"acts_visited":["Exordium"],"potions_floor_usage":[8],"damage_taken":[{"damage":2,"enemies":"Jaw Worm","floor":2,"turns":4},{"damage":1,"enemies":"Cultist","floor":3,"turns":3},{"damage":0,"enemies":"Small Slimes","floor":4,"turns":2},{"damage":14,"enemies":"3 Louse","floor":5,"turns":4},{"damage":12,"enemies":"Colosseum Slavers","floor":6,"turns":3},{"damage":20,"enemies":"Gremlin Nob","floor":8,"turns":4},{"damage":1,"enemies":"2 Fungi Beasts","floor":10,"turns":3},{"damage":34,"enemies":"Gremlin Nob","floor":11,"turns":2}],"seed_played":"-8755805691366456625","potions_obtained":[{"floor":4,"key":"hexamod:SoulburnPotion"},{"floor":10,"key":"CultistPotion"}],"is_trial":false,"path_per_floor":["R","M","M","M","M","?","T","?","R","M","E"],"character_chosen":"SLIMEBOUND","items_purchased":[],"campfire_rested":0,"item_purchase_floors":[],"current_hp_per_floor":[59,59,59,59,48,40,40,24,24,27,0,0,0],"gold":334,"neow_bonus":"ONE_RARE_RELIC","is_daily":false,"chose_seed":false,"campfire_upgraded":2,"win_rate":0.0,"timestamp":1612712325,"path_taken":["R","M","M","M","M","?","T","?","R","M","E"],"items_purchased_type":[],"build_version":"2020-12-22","purchased_purges":0,"victory":false,"max_hp_per_floor":[59,59,59,59,59,59,59,59,59,59,59,59,59],"card_choices":[{"not_picked":["Slimebound:LeechingTouch","Slimebound:LeadByExample","Slimebound:SplitAcid"],"picked":"SKIP","floor":2},{"not_picked":["Slimebound:RollThrough","Slimebound:FinishingTackle"],"picked":"Slimebound:ItLooksTasty","floor":3},{"not_picked":["Slimebound:Darklings","Slimebound:LivingWall"],"picked":"Slimebound:AcidTongue","floor":4},{"not_picked":["Slimebound:Prepare","Slimebound:Grow"],"picked":"Slimebound:MegaLick","floor":5},{"not_picked":["Slimebound:ComboTackle","Slimebound:PressTheAttack"],"picked":"Slimebound:SpikyOuterGoop","floor":8},{"not_picked":["Slimebound:SplitLeeching","Slimebound:GoopTackle","Slimebound:LeechingTouch"],"picked":"SKIP","floor":10}],"player_experience":800324,"relics_obtained":[{"floor":6,"key":"foxEvents:LuckyCharm"},{"floor":7,"key":"Shuriken"},{"floor":8,"key":"Art of War"}],"event_choices":[],"is_beta":false,"boss_relics":[],"items_purged_floors":[],"is_endless":false,"potions_floor_spawned":[4,10],"killed_by":"Gremlin Nob","ascension_level":3}}