{"host":"ox77rn1xcurm2t5a","time":1612738084,"event":{"mods":["2.2 Compatiblity","AchievementEnabler","Act Like it!","Aspiration","BaseMod","Best Route Mod","Better Match","Better Note","Better Sensory Stone","Block Reminder","Colored Map","Colored Powertips","Conjunction","Conspire","Custom Start","Energized Spire","GifTheSpireLib","Gold Saver","Gremlin Skip","Halation","Highlight Path","Hubris","Infinite Spire","Minty Spire (QoL Compilation)","Pale of the Ancients","Quick Restart","Replay The Spire","Reworked Bosses","ShortenTheSpire","Spire Exporter","StSLib","Stuff the Spire","Wandering Minibosses"],"gold_per_floor":[1608,7458,7476,7490,6639,6639,6668,6540,6598,6610,5894,5925,5941,5956,5956,6033,6033,6045,6795,6809,6734,6734,6765,6765,6765,6788,6788,6817,6830,6187,6217,6217,6291,6291,6304,6354,5948,5963,5978,5978,5988,6015,6015,6015,6029,5602,5634,5653,5653,5653,5653,5653,5175,5201,5201],"floor_reached":56,"language":"ENG","playtime":2062,"items_purged":["Strike_B","Cold Snap","Cold Snap","Strike_B+1","Strike_B+1","Defend_B+1"],"score":2011,"play_id":"154576ce-0ab0-4ac5-8cbd-0720ee8ae6a7","local_time":"20210208004804","is_ascension_mode":true,"campfire_choices":[{"floor":6.0,"key":"RECALL"},{"data":"Zap","floor":10.0,"key":"SMITH"},{"data":"StuffTheSpire:Synthwave","floor":15.0,"key":"SMITH"},{"data":"Gash","floor":15.0,"key":"SMITH"},{"floor":24.0,"key":"REST"},{"floor":27.0,"key":"REST"},{"floor":32.0,"key":"REST"},{"data":"BootSequence","floor":40,"key":"SMITH"},{"data":"Ball Lightning","floor":40,"key":"SMITH"},{"data":"Gash","floor":49,"key":"SMITH"},{"data":"Gash","floor":49,"key":"SMITH"},{"data":"Gash","floor":52,"key":"SMITH"},{"data":"Defend_B+1","floor":52,"key":"SMITH"}],"circlet_count":0,"master_deck":["AscendersBane","Defend_B+2","Defend_B+2","Defend_B+2","Zap+1","Dualcast+1","BootSequence+1","StuffTheSpire:Synthwave+1","Conserve Battery+1","StuffTheSpire:Synthwave+1","Ball Lightning+1","Storm+1","Gash+1","Echo Form+1","Gash+1","FIFO Queue+1","Go for the Eyes+1","Crystallizer+1","Gash+1","Barrage+1","Heatsinks+1","Gash+1","Electrodynamics+1","StuffTheSpire:Synthwave+1","Static Discharge+1","Ball Lightning+1","Gash+1","Hologram+1","infinitespire:NeuralNetwork+1","Hologram+1","Buffer+1","Conserve Battery+1","Static Discharge+1","Panache+1","StuffTheSpire:Synthwave+1"],"relics":["Cracked Core","ReplayFunnel","Raider\u0027s Mask","War Paint","Golden Egg","OrangePellets","MawBank","StuffTheSpire:Mouthbags","Frozen Egg 2","infinitespire:Beetle Shell","Replay:Arrowhead","wanderingMiniBosses:MasterThiefsPresence","Mercury Hourglass","aspiration:Lifesprig","Orichalcum","Membership Card","Replay:Baseball","ReplayTheSpireMod:Lightbulb","Red Mask","aspiration:BursterCore","HornCleat","halation:SelfBoilingWater","halation:KoshaPiece","Cables","infinitespire:Broken Mirror","Lee\u0027s Waffle","Simple Rune","hubris:TinFlute","Snack Pack","halation:AfternoonTea","halation:Sosunser","hubris:ToyBattleship"],"acts_visited":[],"potions_floor_usage":[39,42,50,54,55],"damage_taken":[{"damage":3.0,"enemies":"2 Louse","floor":1.0,"turns":4.0},{"damage":2.0,"enemies":"Cultist","floor":3.0,"turns":3.0},{"damage":0.0,"enemies":"Jaw Worm","floor":4.0,"turns":4.0},{"damage":8.0,"enemies":"Gremlin Nob","floor":7.0,"turns":4.0},{"damage":0.0,"enemies":"3 Sentries","floor":12.0,"turns":4.0},{"damage":0.0,"enemies":"Looter","floor":13.0,"turns":3.0},{"damage":0.0,"enemies":"Large Slime","floor":14.0,"turns":3.0},{"damage":55.0,"enemies":"Fading Forest","floor":16.0,"turns":11.0},{"damage":1.0,"enemies":"Spheric Guardian","floor":18.0,"turns":3.0},{"damage":32.0,"enemies":"3 Byrds","floor":19.0,"turns":6.0},{"damage":0.0,"enemies":"Snake Plant","floor":20.0,"turns":4.0},{"damage":23.0,"enemies":"Slavers","floor":23.0,"turns":5.0},{"damage":0.0,"enemies":"Book of Stabbing","floor":28.0,"turns":4.0},{"damage":24.0,"enemies":"3 Cultists","floor":29.0,"turns":5.0},{"damage":1.0,"enemies":"Masked Bandits","floor":31.0,"turns":3.0},{"damage":0.0,"enemies":"bossMod:newChamp","floor":33.0,"turns":8.0},{"damage":5.0,"enemies":"Orb Walker","floor":35.0,"turns":3.0},{"damage":0,"enemies":"3 Darklings","floor":38,"turns":1},{"damage":8,"enemies":"Spire Growth","floor":39,"turns":4},{"damage":6,"enemies":"Maw","floor":41,"turns":5},{"damage":2,"enemies":"Reptomancer","floor":42,"turns":3},{"damage":12,"enemies":"Sphere and 2 Shapes","floor":45,"turns":4},{"damage":2,"enemies":"Nemesis","floor":47,"turns":5},{"damage":0,"enemies":"Transient","floor":48,"turns":6},{"damage":15,"enemies":"Replay:Hell Engine","floor":50,"turns":7},{"damage":26,"enemies":"Shield and Spear","floor":54,"turns":5},{"damage":43,"enemies":"The Heart","floor":55,"turns":6}],"seed_played":"-1345317542094229433","potions_obtained":[{"floor":13.0,"key":"PowerPotion"},{"floor":23.0,"key":"Flashbang"},{"floor":29.0,"key":"Adrenaline Potion"},{"floor":33.0,"key":"LiquidMemories"},{"floor":35.0,"key":"PotionOfCapacity"},{"floor":42,"key":"Reflective Coating"}],"is_trial":false,"path_per_floor":["M","$","M","M","$","R","E","?","T","R","$","E","M","M","R","B",null,"M","M","M","?","?","E","R","?","T","R","E","M","$","?","R_BF","B",null,"M","?","$","M","M","R","M","E","T","AVR","M","$","E","M","R","B",null,"R","$","E","B",null],"character_chosen":"DEFECT","items_purchased":["Cold Snap","ReplayFunnel","Raider\u0027s Mask","DistilledChaos","BlessingOfTheForge","StuffTheSpire:Synthwave","Conserve Battery","War Paint","Golden Egg","OrangePellets","StuffTheSpire:Synthwave","Ball Lightning","Frozen Egg 2","infinitespire:Beetle Shell","LifebloodPotion","Membership Card","Replay:Baseball","ReplayTheSpireMod:Lightbulb","Toxic Potion","Gash","Barrage+1","Fruit Juice","FearPotion","Heatsinks+1","Static Discharge+1","HornCleat","halation:SelfBoilingWater","Lee\u0027s Waffle","Simple Rune","Buffer+1","Regen Potion","hubris:TinFlute","halation:AfternoonTea","halation:Sosunser","hubris:ToyBattleship","Static Discharge+1","Panache+1","Doom Potion","Block Potion"],"campfire_rested":3,"item_purchase_floors":[2,2,2,2,2,5,5,5,5,5,11,11,11,11,11,30,30,30,30,30,30,30,30,30,37,37,37,46,46,46,46,46,53,53,53,53,53,53,53],"current_hp_per_floor":[68,68,66,66,66,66,58,58,58,58,58,58,58,58,58,11,61,60,28,28,28,28,5,28,28,28,51,51,27,32,31,55,55,76,71,71,71,71,63,63,57,55,55,55,43,90,88,90,90,90,90,90,90,64,23],"gold":5201,"neow_bonus":"TEN_PERCENT_HP_BONUS","is_daily":false,"chose_seed":false,"campfire_upgraded":9,"win_rate":0.0,"timestamp":1612738084,"path_taken":["M","$","M","M","$","R","E","?","T","R","$","E","M","M","R","BOSS","M","M","M","?","?","E","R","?","T","R","E","M","$","?","R_BF","BOSS","M","?","$","?","M","R","M","E","T","AVR","M","?","E","M","R","BOSS","R","$","E","BOSS"],"items_purchased_type":["Card","Relic","Relic","Potion","Potion","Card","Card","Relic","Relic","Relic","Card","Card","Relic","Relic","Potion","Relic","Relic","Relic","Potion","Card","Card","Potion","Potion","Card","Card","Relic","Relic","Relic","Relic","Card","Potion","Relic","Relic","Relic","Relic","Card","Card","Potion","Potion"],"build_version":"2020-12-22","purchased_purges":6,"victory":true,"max_hp_per_floor":[78,78,78,78,78,78,78,78,78,78,78,78,78,78,78,78,78,78,78,78,78,78,78,78,78,78,78,78,78,83,83,83,83,83,83,83,83,83,83,83,83,83,83,83,83,90,90,90,90,90,90,90,90,90,90],"card_choices":[{"not_picked":["Go for the Eyes","Redo","ReplayTheSpireMod:System Scan"],"picked":"SKIP","floor":1.0},{"not_picked":["Sweeping Beam","StuffTheSpire:NuclearReactor","Go for the Eyes"],"picked":"SKIP","floor":3.0},{"not_picked":["Compile Driver","ReplaySort"],"picked":"BootSequence","floor":4.0},{"not_picked":["StuffTheSpire:Rend","StuffTheSpire:Coldhearted"],"picked":"Ball Lightning","floor":7.0},{"not_picked":["Compile Driver","Stack"],"picked":"Storm+1","floor":12.0},{"not_picked":["ReplaySolidLightProjector","Hello World+1"],"picked":"Gash","floor":13.0},{"not_picked":["Conserve Battery","Redo","Stack"],"picked":"SKIP","floor":14.0},{"not_picked":["ReplayTheSpireMod:Omega Cannon","StuffTheSpire:EventHorizon"],"picked":"Echo Form+1","floor":16.0},{"not_picked":["ReplayTheSpireMod:System Scan","Go for the Eyes+1"],"picked":"Gash","floor":18.0},{"not_picked":["Reinforced Body","Barrage"],"picked":"FIFO Queue+1","floor":19.0},{"not_picked":["Conserve Battery","Sweeping Beam+1","StuffTheSpire:ForEach"],"picked":"SKIP","floor":20.0},{"not_picked":["StuffTheSpire:SnapShoot","StuffTheSpire:LoadUp","Go for the Eyes"],"picked":"SKIP","floor":23.0},{"not_picked":["Steam","ReplayGash"],"picked":"Go for the Eyes+1","floor":28.0},{"not_picked":["Redo","Core Surge"],"picked":"Crystallizer+1","floor":29.0},{"not_picked":["Stack","StuffTheSpire:Plugnplay"],"picked":"Gash","floor":31.0},{"not_picked":["Hyperbeam","Thunder Strike"],"picked":"Electrodynamics+1","floor":33.0},{"not_picked":["Barrage","Melter+1"],"picked":"StuffTheSpire:Synthwave+1","floor":35.0},{"not_picked":["Sweeping Beam","Panic Button"],"picked":"Gash","floor":38},{"not_picked":["Cold Snap","Hologram","Steam"],"picked":"SKIP","floor":39},{"not_picked":["Compile Driver","Turbo"],"picked":"Hologram+1","floor":41},{"not_picked":["conspire:SharedLibrary+1","Electrodynamics+1","Steam"],"picked":"SKIP","floor":42},{"not_picked":["Coolheaded","Panic Button"],"picked":"Hologram+1","floor":45},{"not_picked":["Compile Driver","StuffTheSpire:LoadUp+1","Sweeping Beam"],"picked":"SKIP","floor":47},{"not_picked":["Coolheaded","Hyperbeam"],"picked":"Conserve Battery+1","floor":48},{"not_picked":["Ball Lightning","Scrape"],"picked":"StuffTheSpire:Synthwave+1","floor":54}],"player_experience":3057737,"relics_obtained":[{"floor":7.0,"key":"MawBank"},{"floor":12.0,"key":"Replay:Arrowhead"},{"floor":19.0,"key":"wanderingMiniBosses:MasterThiefsPresence"},{"floor":23.0,"key":"Mercury Hourglass"},{"floor":26.0,"key":"aspiration:Lifesprig"},{"floor":28.0,"key":"Orichalcum"},{"floor":31.0,"key":"Red Mask"},{"floor":42,"key":"halation:KoshaPiece"},{"floor":43,"key":"Cables"},{"floor":47,"key":"Snack Pack"}],"event_choices":[{"damage_healed":0.0,"max_hp_gain":0.0,"max_hp_loss":0.0,"gold_gain":0.0,"event_name":"WeMeetAgain","player_choice":"Paid Gold","floor":8.0,"gold_loss":140.0,"damage_taken":0.0,"relics_obtained":["StuffTheSpire:Mouthbags"]},{"cards_removed":["Strike_B"],"damage_healed":0.0,"max_hp_gain":0.0,"max_hp_loss":0.0,"gold_gain":0.0,"event_name":"Beggar","player_choice":"Gave Gold","floor":21.0,"gold_loss":75.0,"damage_taken":0.0},{"damage_healed":0.0,"max_hp_gain":0.0,"max_hp_loss":0.0,"gold_gain":0.0,"event_name":"Back to Basics","player_choice":"Simplicity","floor":22.0,"gold_loss":0.0,"damage_taken":0.0,"cards_upgraded":["Strike_B","Strike_B","Defend_B","Defend_B","Defend_B","Defend_B"]},{"damage_healed":0.0,"max_hp_gain":0.0,"max_hp_loss":0.0,"gold_gain":0.0,"event_name":"Masked Bandits","player_choice":"Fought Bandits","floor":31.0,"gold_loss":0.0,"damage_taken":0.0},{"damage_healed":0.0,"max_hp_gain":0.0,"max_hp_loss":0.0,"gold_gain":50.0,"event_name":"Golden Shrine","player_choice":"Pray","floor":36.0,"gold_loss":0.0,"damage_taken":0.0}],"is_beta":false,"boss_relics":[{"not_picked":["halation:Prosthetics","halation:LoveArrow","energizedSpire:NeverEndingSparkler"]},{"not_picked":["aspiration:Stellarator","Pandora\u0027s Box"],"picked":"aspiration:BursterCore"}],"items_purged_floors":[2,5,11,30,37,44],"is_endless":false,"potions_floor_spawned":[3,4,13,23,29,33,35,38,42],"ascension_level":17}}