{"host":"ry6l6fs2ordh092u","time":1612671233,"event":{"mods":["AchievementEnabler","BaseMod","BetterRewards","Gold Saver","Minty Spire (QoL Compilation)","Quick Restart","StSLib","SuperFastMode","The Jungle"],"gold_per_floor":[1064,989,1007,1021,1037,1037,1037,1062,1062,1088,1122,1138,1165,1183,1216,1216,1291,1291,1301,1316,1316,1316,1328,1360,1360,1388,1464,1499,1499,1519,1550,1550,1550,1627,1627,1641,1641,1657,1657,1670,1590,1621,1634,1654,1654,1689,1689,1714,1734,1746,1746,1746,1746,1746,1746,1573,1598,1598],"floor_reached":59,"language":"ENG","playtime":1544,"items_purged":["Strike_G","Strike_G","Strike_G","Defend_G","Strike_G","Defend_G","Defend_G"],"score":4727,"play_id":"b46f12cc-ec76-4199-ace5-36347b228ba3","local_time":"20210207131353","is_ascension_mode":true,"campfire_choices":[{"data":"Tactician","floor":7,"key":"SMITH"},{"data":"Well Laid Plans","floor":9,"key":"SMITH"},{"data":"Reflex","floor":16,"key":"SMITH"},{"floor":25,"key":"RECALL"},{"data":"Masterful Stab","floor":29,"key":"SMITH"},{"data":"Backflip","floor":33,"key":"SMITH"},{"data":"Survivor","floor":51,"key":"SMITH"},{"floor":55,"key":"REST"}],"circlet_count":0,"master_deck":["AscendersBane","Survivor+1","Reflex+1","Prepared","Backflip+1","Tactician+1","Well Laid Plans+1","Acrobatics+1","Masterful Stab+1","Footwork+1","Calculated Gamble+1"],"relics":["Ring of the Snake","OrangePellets","Bird Faced Urn","ClockworkSouvenir","Anchor","Tingsha","TungstenRod","Toxic Egg 2","Pen Nib","Ginger","Regal Pillow","Orichalcum","Art of War","Calipers","Empty Cage","theJungle:SpiritDisease","Shuriken","Tiny Chest","Spirit Poop","Akabeko","Letter Opener","Frozen Egg 2","Unceasing Top","Bottled Flame","Centennial Puzzle","StrikeDummy","Ice Cream","Medical Kit","Bag of Preparation"],"acts_visited":["Exordium","theJungle:Jungle","TheBeyond","TheEnding"],"potions_floor_usage":[58,58],"damage_taken":[{"damage":0,"enemies":"Jaw Worm","floor":1,"turns":2},{"damage":0,"enemies":"2 Louse","floor":3,"turns":2},{"damage":0,"enemies":"Cultist","floor":4,"turns":2},{"damage":0,"enemies":"Gremlin Gang","floor":5,"turns":2},{"damage":0,"enemies":"Lagavulin","floor":8,"turns":2},{"damage":0,"enemies":"Gremlin Nob","floor":11,"turns":2},{"damage":0,"enemies":"Looter","floor":12,"turns":2},{"damage":0,"enemies":"Lagavulin","floor":13,"turns":2},{"damage":0,"enemies":"Gremlin Gang","floor":14,"turns":1},{"damage":0,"enemies":"Gremlin Nob","floor":15,"turns":2},{"damage":0,"enemies":"Hexaghost","floor":17,"turns":1},{"damage":0,"enemies":"theJungle:GiantWrat","floor":19,"turns":2},{"damage":0,"enemies":"theJungle:Flameango_and_Byrd","floor":20,"turns":1},{"damage":0,"enemies":"theJungle:JungleHuntersEncounter","floor":23,"turns":1},{"damage":0,"enemies":"theJungle:2_Phrogs","floor":24,"turns":1},{"damage":0,"enemies":"theJungle:Cassacara","floor":26,"turns":1},{"damage":0,"enemies":"theJungle:2_Phrogs","floor":28,"turns":1},{"damage":0,"enemies":"theJungle:SlimyTreeVines","floor":30,"turns":1},{"damage":0,"enemies":"theJungle:MamaSnecko","floor":31,"turns":1},{"damage":0,"enemies":"theJungle:TotemBoss","floor":34,"turns":1},{"damage":0,"enemies":"3 Shapes","floor":36,"turns":1},{"damage":0,"enemies":"Orb Walker","floor":38,"turns":1},{"damage":0,"enemies":"Maw","floor":40,"turns":1},{"damage":0,"enemies":"Nemesis","floor":42,"turns":1},{"damage":0,"enemies":"3 Darklings","floor":43,"turns":1},{"damage":0,"enemies":"Sphere and 2 Shapes","floor":44,"turns":1},{"damage":0,"enemies":"Giant Head","floor":46,"turns":1},{"damage":0,"enemies":"Nemesis","floor":48,"turns":1},{"damage":0,"enemies":"Transient","floor":49,"turns":6},{"damage":0,"enemies":"Spire Growth","floor":50,"turns":1},{"damage":0,"enemies":"Awakened One","floor":52,"turns":2},{"damage":0,"enemies":"Donu and Deca","floor":53,"turns":1},{"damage":0,"enemies":"Shield and Spear","floor":57,"turns":1},{"damage":0,"enemies":"The Heart","floor":58,"turns":4}],"seed_played":"2628853587985446252","potions_obtained":[{"floor":8,"key":"FairyPotion"},{"floor":11,"key":"SteroidPotion"},{"floor":12,"key":"Weak Potion"},{"floor":14,"key":"Swift Potion"},{"floor":36,"key":"Swift Potion"}],"is_trial":false,"path_per_floor":["M","?","M","M","M","M","R","E","R","T","E","M","E","M","E","R","B",null,"M","M","?","?","M","E","R","E","T","E","R","M","E","$","R","B",null,"M","T","M","M","M","$","E","M","M","T","E","T","E","M","M","R","B","B",null,"R","$","E","B",null],"character_chosen":"THE_SILENT","items_purchased":["OrangePellets","Bird Faced Urn","Reflex","Prepared","ClockworkSouvenir","Backflip","Anchor","Tingsha","Tactician","TungstenRod","Well Laid Plans","Toxic Egg 2","Acrobatics+1","Pen Nib","Ginger","All Out Attack","Footwork+1","Medical Kit"],"campfire_rested":1,"item_purchase_floors":[0,0,0,0,0,0,0,0,0,0,0,0,0,0,0,0,41,56],"current_hp_per_floor":[19,19,21,21,23,23,23,25,25,25,27,27,29,29,31,31,33,58,60,62,62,62,64,66,66,66,66,66,66,66,66,66,66,66,66,66,66,66,66,66,66,66,66,66,66,66,66,66,66,66,66,66,66,66,66,66,66,66],"gold":1598,"neow_bonus":"","is_daily":false,"chose_seed":false,"campfire_upgraded":6,"win_rate":0.0,"timestamp":1612671233,"path_taken":["M","?","M","M","M","M","R","E","R","T","E","M","E","M","E","R","BOSS","M","M","?","?","M","E","R","E","T","E","R","M","E","?","R","BOSS","M","?","M","M","?","$","E","M","M","T","E","?","E","M","M","R","BOSS","BOSS","R","$","E","BOSS"],"items_purchased_type":["Relic","Relic","Card","Card","Relic","Card","Relic","Relic","Card","Relic","Card","Relic","Card","Relic","Relic","Card","Card","Relic"],"build_version":"2020-12-22","purchased_purges":7,"victory":true,"max_hp_per_floor":[66,66,66,66,66,66,66,66,66,66,66,66,66,66,66,66,66,66,66,66,66,66,66,66,66,66,66,66,66,66,66,66,66,66,66,66,66,66,66,66,66,66,66,66,66,66,66,66,66,66,66,66,66,66,66,66,66,66],"card_choices":[{"not_picked":["Quick Slash","Setup+1"],"picked":"Cloak And Dagger+1","floor":1},{"not_picked":["Dagger Throw","Deflect+1","Infinite Blades"],"picked":"SKIP","floor":3},{"not_picked":["Skewer","Malaise+1"],"picked":"Masterful Stab","floor":4},{"not_picked":["Deadly Poison+1","Dash","Dagger Throw"],"picked":"SKIP","floor":5},{"not_picked":["Wraith Form v2","Backflip+1","Choke"],"picked":"SKIP","floor":8},{"not_picked":["Acrobatics+1","Deadly Poison+1","Masterful Stab"],"picked":"SKIP","floor":11},{"not_picked":["Heel Hook","Bane","Outmaneuver+1"],"picked":"SKIP","floor":12},{"not_picked":["Glass Knife","Unload","Backstab"],"picked":"SKIP","floor":13},{"not_picked":["Well Laid Plans","Finisher","Flying Knee"],"picked":"SKIP","floor":14},{"not_picked":["Cloak And Dagger+1","Reflex+1","Setup+1"],"picked":"SKIP","floor":15},{"not_picked":["Bane","Riddle With Holes","Dagger Spray"],"picked":"SKIP","floor":19},{"not_picked":["Tactician+1","Underhanded Strike+1","Escape Plan+1"],"picked":"SKIP","floor":20},{"not_picked":["Dagger Throw","Deadly Poison+1","Catalyst+1"],"picked":"SKIP","floor":23},{"not_picked":["Sucker Punch","Acrobatics+1","Blade Dance+1"],"picked":"SKIP","floor":24},{"not_picked":["Flying Knee","Burst+1","Slice"],"picked":"SKIP","floor":26},{"not_picked":["All Out Attack+1","Flying Knee","Blade Dance+1"],"picked":"SKIP","floor":28},{"not_picked":["Dagger Spray","Acrobatics+1","Predator+1"],"picked":"SKIP","floor":30},{"not_picked":["Predator","Dodge and Roll+1","Reflex+1"],"picked":"SKIP","floor":31},{"not_picked":["Prepared+1","Underhanded Strike+1","Dagger Throw"],"picked":"SKIP","floor":36},{"not_picked":["Prepared+1","Blade Dance+1","Endless Agony"],"picked":"SKIP","floor":38},{"not_picked":["Die Die Die","Backstab+1","Blade Dance+1"],"picked":"SKIP","floor":40},{"not_picked":["Setup+1","Escape Plan+1","All Out Attack"],"picked":"SKIP","floor":42},{"not_picked":["Cloak And Dagger+1","Eviscerate+1","Prepared+1"],"picked":"SKIP","floor":43},{"not_picked":["Acrobatics+1","Dash+1"],"picked":"Calculated Gamble+1","floor":44},{"not_picked":["Endless Agony","Setup+1","Calculated Gamble+1"],"picked":"SKIP","floor":46},{"not_picked":["Tools of the Trade+1","Glass Knife","Underhanded Strike"],"picked":"SKIP","floor":48},{"not_picked":["Slice","Blur+1","PiercingWail+1"],"picked":"SKIP","floor":49},{"not_picked":["Backflip+1","Deadly Poison+1","Sucker Punch"],"picked":"SKIP","floor":50},{"not_picked":["Dagger Spray","Dodge and Roll+1","Slice"],"picked":"SKIP","floor":57}],"player_experience":437625,"relics_obtained":[{"floor":8,"key":"Regal Pillow"},{"floor":11,"key":"Orichalcum"},{"floor":13,"key":"Art of War"},{"floor":15,"key":"Calipers"},{"floor":24,"key":"Shuriken"},{"floor":26,"key":"Tiny Chest"},{"floor":27,"key":"Spirit Poop"},{"floor":28,"key":"Akabeko"},{"floor":31,"key":"Letter Opener"},{"floor":37,"key":"Frozen Egg 2"},{"floor":42,"key":"Unceasing Top"},{"floor":45,"key":"Bottled Flame"},{"floor":46,"key":"Centennial Puzzle"},{"floor":47,"key":"StrikeDummy"},{"floor":48,"key":"Ice Cream"},{"floor":57,"key":"Bag of Preparation"}],"event_choices":[{"cards_removed":["Strike_G"],"damage_healed":0,"gold_gain":0,"player_choice":"Card Removal","damage_taken":0,"max_hp_gain":0,"max_hp_loss":0,"event_name":"The Cleric","floor":2,"gold_loss":75}],"is_beta":false,"boss_relics":[{"not_picked":["WristBlade","Coffee Dripper"],"picked":"Empty Cage"},{"not_picked":["Snecko Eye","Runic Dome","Astrolabe"]}],"items_purged_floors":[0,0,0,0,0,0,0],"is_endless":false,"potions_floor_spawned":[8,11,12,13,14,23,26,28,31,36,42,43,44,48,50],"ascension_level":20}}