{"host":"gk9qdtkqd8dwfeg2","time":1612720474,"event":{"mods":["Act Like it!","Aspiration","BaseMod","Colored Powertips","Gensokyo","Minty Spire (QoL Compilation)","Quick Restart","Replay The Spire","Shop Mod","StSLib","TestMod","The Servant 0.9.4","Waifu the Spire","WarShipGirlsR/’ΩΩ¢…Ÿ≈ÆR mod"],"gold_per_floor":[110,110,127,95,130,130,125,125,125,333,342,342,105,117,117,163,163,183,23,23,35,127,139,139,151,151,18,18,80,162,232,232,254,254,364,379,379,379,393,456,535,605,628,628,684,684,383,396,396,384,475,475,475,282,312,289],"floor_reached":57,"language":"ZHS","playtime":2307,"items_purged":["Pain"],"score":3335,"play_id":"b19755cf-3742-45b9-b111-37cdd88b981e","local_time":"20210208015434","is_ascension_mode":true,"campfire_choices":[{"data":"Zap","floor":6.0,"key":"SMITH"},{"data":"White Noise","floor":12.0,"key":"SMITH"},{"data":"Beam Cell","floor":15.0,"key":"SMITH"},{"data":"Hologram","floor":24.0,"key":"SMITH"},{"data":"Coolheaded","floor":32.0,"key":"SMITH"},{"floor":44.0,"key":"RECALL"},{"data":"Gensokyo:MonkeysPaw","floor":49.0,"key":"SMITH"},{"data":"Turbo","floor":53.0,"key":"SMITH"}],"circlet_count":0,"master_deck":["AscendersBane","Zap+1","Dualcast","Beam Cell+1","White Noise+1","Biased Cognition","Seek","Coolheaded+1","Gash+1","Ball Lightning+1","Hologram+1","Die Die Die","Distraction","Deflect","All For One","Turbo+1","Recycle","Cold Snap","Gensokyo:MonkeysPaw+1","Crystallizer","Creative AI","Recycle+1","Meteor Strike+1","Multi-Cast+1","ReplayTheSpireMod:From All Sides","Crippling Poison","Riddle With Holes","Double Energy+1","FTL","Electrodynamics","testmod-PulseDistributor"],"relics":["Cracked Core","testmod-TestBox","testmod-GoldenSoul","NeowsBlessing","Gensokyo:LunaticRedEyes","Geode","Iron Hammer","Mirror","MerchantsRug","aspiration:PoetsPen","InkBottle","Shuriken","testmod-Justice","Nunchaku","ReplayTheSpireMod:Ring of Addiction","Ring of Panic","Toy Ornithopter","Potion Belt","ClockworkSouvenir","Toolbox","HornCleat","Bag of Preparation"],"acts_visited":["Exordium","Gensokyo:Gensokyo","Gensokyo:Gensokyoer","TheEnding"],"potions_floor_usage":[56,56,56],"damage_taken":[{"damage":0.0,"enemies":"Gensokyo:Python","floor":1.0,"turns":1.0},{"damage":0.0,"enemies":"Gensokyo:3_Fairies","floor":3.0,"turns":1.0},{"damage":1.0,"enemies":"Gensokyo:Cirno","floor":5.0,"turns":2.0},{"damage":7.0,"enemies":"Gensokyo:Mamizou","floor":7.0,"turns":10.0},{"damage":4.0,"enemies":"Gensokyo:Cirno","floor":10.0,"turns":6.0},{"damage":0.0,"enemies":"Gensokyo:2_Kodama","floor":11.0,"turns":2.0},{"damage":0.0,"enemies":"Gensokyo:2_Rabbits","floor":14.0,"turns":3.0},{"damage":0.0,"enemies":"Gensokyo:Kokoro","floor":16.0,"turns":10.0},{"damage":0.0,"enemies":"Gensokyo:3_Dogs","floor":18.0,"turns":3.0},{"damage":0.0,"enemies":"Gensokyo:2_Gloops","floor":21.0,"turns":2.0},{"damage":11.0,"enemies":"Gensokyo:2_Gloops","floor":22.0,"turns":5.0},{"damage":0.0,"enemies":"Gensokyo:Reisen","floor":23.0,"turns":3.0},{"damage":0.0,"enemies":"Gensokyo:Slime_Group","floor":25.0,"turns":2.0},{"damage":4.0,"enemies":"Gensokyo:3_Gloops","floor":29.0,"turns":2.0},{"damage":4.0,"enemies":"Gensokyo:Tenshi","floor":30.0,"turns":3.0},{"damage":6.0,"enemies":"Gensokyo:Wraith","floor":31.0,"turns":3.0},{"damage":4.0,"enemies":"Gensokyo:Eternal_Rivals","floor":33.0,"turns":4.0},{"damage":7.0,"enemies":"Gensokyo:AncientGuardian","floor":35.0,"turns":2.0},{"damage":0.0,"enemies":"Gensokyo:3_Bats","floor":36.0,"turns":1.0},{"damage":0.0,"enemies":"Gensokyo:Sharpion","floor":39.0,"turns":1.0},{"damage":14.0,"enemies":"Gensokyo:Kasen","floor":40.0,"turns":5.0},{"damage":6.0,"enemies":"Gensokyo:Rafflesia","floor":41.0,"turns":3.0},{"damage":15.0,"enemies":"Gensokyo:3_Boulders","floor":42.0,"turns":3.0},{"damage":3.0,"enemies":"Gensokyo:Marisa","floor":45.0,"turns":3.0},{"damage":0.0,"enemies":"Gensokyo:4_Bats","floor":48.0,"turns":2.0},{"damage":0.0,"enemies":"Gensokyo:Yuyuko","floor":50.0,"turns":3.0},{"damage":7.0,"enemies":"Gensokyo:Scarlet_Devils","floor":51.0,"turns":4.0},{"damage":29.0,"enemies":"Shield and Spear","floor":55.0,"turns":3.0},{"damage":171,"enemies":"The Heart","floor":56,"turns":5}],"seed_played":"-2728907058766105759","potions_obtained":[{"floor":3.0,"key":"SpeedPotion"},{"floor":7.0,"key":"Elixir"},{"floor":30.0,"key":"FearPotion"},{"floor":36.0,"key":"testmod-SpacePotion"},{"floor":41.0,"key":"DistilledChaos"},{"floor":42.0,"key":"FearPotion"},{"floor":45.0,"key":"Weak Potion"},{"floor":46.0,"key":"LiquidBronze"},{"floor":46.0,"key":"Dexterity Potion"},{"floor":46.0,"key":"Reflective Coating"},{"floor":55.0,"key":"SmokeBomb"}],"is_trial":false,"path_per_floor":["M","?","M","COS","?","R","E","?","T","E","M","R","$","M","R","B",null,"M","COS","?","M","?","E","R","M","T","$","?","M","E","M","R","B",null,"M","M","?","?","M","E","M","M","T","R","E","?","COS","M","R","B","B",null,"R","$","E","B",null],"character_chosen":"DEFECT","items_purchased":["MerchantsRug","Recycle","Cold Snap","testmod-PulseDistributor","HornCleat","Adrenaline Potion"],"campfire_rested":0,"item_purchase_floors":[13,27,27,54,54,54],"current_hp_per_floor":[17,17,17,17,16,16,9,5,5,1,1,1,1,1,1,1,13,13,13,13,13,2,6,6,8,8,8,8,8,8,8,8,10,14,14,15,15,15,15,9,9,2,2,2,5,5,5,14,14,14,15,15,15,15,7,7],"gold":289,"neow_bonus":"THREE_ENEMY_KILL","is_daily":false,"chose_seed":false,"campfire_upgraded":7,"win_rate":0.0,"timestamp":1612720474,"path_taken":["M","?","M","COS","?","R","E","?","T","E","M","R","$","M","R","BOSS","M","COS","?","?","?","E","R","M","T","$","?","M","E","M","R","BOSS","M","M","?","?","?","E","M","M","T","R","E","?","COS","M","R","BOSS","BOSS","R","$","E","BOSS"],"items_purchased_type":["Relic","Card","Card","Card","Relic","Potion"],"build_version":"2020-12-22","purchased_purges":1,"victory":true,"max_hp_per_floor":[17,17,17,17,17,17,17,17,17,17,17,17,17,17,17,17,17,17,17,17,17,17,17,17,17,17,17,15,15,15,15,15,15,15,15,15,15,15,15,15,15,15,15,15,15,15,15,15,15,15,15,15,15,15,13,13],"card_choices":[{"not_picked":["Go for the Eyes","Tempest","Rebound"],"picked":"SKIP","floor":1.0},{"not_picked":["Gash","BasicCrystalCard"],"picked":"Sweeping Beam","floor":3.0},{"not_picked":["Steam","Redo"],"picked":"Beam Cell","floor":5.0},{"not_picked":["ReplayTheSpireMod:GoodbyeWorld","aspiration:Polymerization","ReplaySolidLightProjector"],"picked":"SKIP","floor":7.0},{"not_picked":["Barrage","Blizzard"],"picked":"White Noise","floor":10.0},{"not_picked":["Steam","ReplayTheSpireMod:Repulse","Go for the Eyes"],"picked":"SKIP","floor":11.0},{"not_picked":["Blizzard","Compile Driver"],"picked":"Biased Cognition","floor":14.0},{"not_picked":["Reboot","Biased Cognition"],"picked":"Seek","floor":16.0},{"not_picked":["Steam+1","Streamline"],"picked":"Coolheaded","floor":18.0},{"not_picked":["Steam","Go for the Eyes+1"],"picked":"Gash+1","floor":19.0},{"not_picked":["Compile Driver","Undo"],"picked":"Ball Lightning+1","floor":19.0},{"not_picked":["Barrage","FIFO Queue"],"picked":"Hologram","floor":19.0},{"not_picked":["Hologram","BootSequence+1"],"picked":"All For One","floor":21.0},{"not_picked":["Steam","Chaos","Streamline"],"picked":"SKIP","floor":23.0},{"not_picked":["Beam Cell","Consume"],"picked":"Turbo","floor":25.0},{"not_picked":["Gensokyo:ManorOfTheDishes","Gensokyo:HAARP"],"picked":"Gensokyo:MonkeysPaw","floor":28.0},{"not_picked":["aspiration:Polymerization+1","Defragment","Reboot"],"picked":"SKIP","floor":29.0},{"not_picked":["ReplaySort","Defragment"],"picked":"Crystallizer","floor":30.0},{"not_picked":["ReplayTheSpireMod:GoodbyeWorld","Coolheaded","Rebound"],"picked":"SKIP","floor":31.0},{"not_picked":["ReplayTheSpireMod:Omega Cannon","Reboot"],"picked":"Creative AI","floor":33.0},{"not_picked":["Redo+1","Panic Button","Turbo+1"],"picked":"SKIP","floor":35.0},{"not_picked":["Leap","Redo+1","Beam Cell"],"picked":"SKIP","floor":36.0},{"not_picked":["Sweeping Beam","Scrape","FIFO Queue+1"],"picked":"SKIP","floor":39.0},{"not_picked":["Gash","Coolheaded+1"],"picked":"Double Energy+1","floor":40.0},{"not_picked":["ReplayTheSpireMod:System Scan","Hologram","BasicCrystalCard+1"],"picked":"SKIP","floor":41.0},{"not_picked":["Coolheaded","Streamline"],"picked":"FTL","floor":42.0},{"not_picked":["Sunder+1","Sweeping Beam"],"picked":"Electrodynamics","floor":45.0},{"not_picked":["ReplaySort","Hologram+1","Go for the Eyes"],"picked":"SKIP","floor":48.0},{"not_picked":["Sweeping Beam","Rebound","Compile Driver"],"picked":"SKIP","floor":55.0}],"player_experience":711677,"relics_obtained":[{"floor":5.0,"key":"Anchor"},{"floor":7.0,"key":"Geode"},{"floor":9.0,"key":"Mirror"},{"floor":10.0,"key":"Replay:Bottled Flurry"},{"floor":22.0,"key":"Bird Faced Urn"},{"floor":22.0,"key":"Pocketwatch"},{"floor":23.0,"key":"InkBottle"},{"floor":26.0,"key":"Shuriken"},{"floor":30.0,"key":"testmod-Justice"},{"floor":40.0,"key":"MealTicket"},{"floor":45.0,"key":"Nunchaku"},{"floor":46.0,"key":"ReplayTheSpireMod:Ring of Addiction"},{"floor":46.0,"key":"Ring of Panic"},{"floor":46.0,"key":"Toy Ornithopter"},{"floor":46.0,"key":"Potion Belt"},{"floor":55.0,"key":"Bag of Preparation"}],"event_choices":[],"is_beta":false,"boss_relics":[{"not_picked":["Ectoplasm","testmod-EnergyCheck"],"picked":"aspiration:PoetsPen"},{"not_picked":["ChewingGum","Busted Crown"],"picked":"Astrolabe"}],"items_purged_floors":[13],"is_endless":false,"potions_floor_spawned":[3,7,10,14,18,30,36,41,42,45,55],"ascension_level":20}}