{"host":"o2alikb31grvssa9","time":1612735286,"event":{"mods":["BaseMod","BetterRewards","DeckTracker","Downfall","Minty Spire (QoL Compilation)","Quick Restart","Replay The Spire","StSLib","The Jungle"],"gold_per_floor":[119,139,139,42,42,42,66,19,46,46,64,78,78,102,102,233,233,247,11,24,24,24,24,65,65,115,115,115,130,154,154,154],"floor_reached":31,"language":"ENG","playtime":980,"items_purged":["Defend_R","Body Slam+1"],"score":356,"play_id":"56fd1ad7-a78e-4f06-bf47-7d56f8592bdf","local_time":"20210207230126","is_ascension_mode":true,"campfire_choices":[{"data":"Bash","floor":6,"key":"SMITH"},{"data":"Uppercut","floor":10,"key":"SMITH"},{"data":"Clash","floor":13,"key":"SMITH"},{"data":"Cleave","floor":15,"key":"SMITH"},{"floor":23,"key":"REST"},{"floor":27,"key":"REST"}],"circlet_count":0,"master_deck":["Strike_R","Strike_R","Strike_R","Strike_R","Strike_R","Bash+1","Clash+1","Cleave+1","Uppercut+1","Clash+1","Disarm+1","Feed+1","Replay:Many Hands","Clash"],"relics":["Burning Blood","NeowsBlessing","Golden Idol","King of Hearts","Replay:Grab Bag","Fusion Hammer","Sozu","Astrolabe","ReplayTheSpireMod:TigerMarble","Nunchaku","Replay:Wax Seal"],"acts_visited":["Exordium","Exordium"],"potions_floor_usage":[20,24],"damage_taken":[{"damage":0,"enemies":"Cultist","floor":1,"turns":1},{"damage":0,"enemies":"Jaw Worm","floor":2,"turns":1},{"damage":0,"enemies":"Small Slimes","floor":7,"turns":1},{"damage":0,"enemies":"Red Slaver","floor":11,"turns":1},{"damage":4,"enemies":"Looter","floor":12,"turns":3},{"damage":0,"enemies":"3 Louse","floor":14,"turns":2},{"damage":41,"enemies":"Hexaghost","floor":16,"turns":9},{"damage":31,"enemies":"theJungle:5_Spyders","floor":18,"turns":5},{"damage":9,"enemies":"Shell Parasite","floor":20,"turns":2},{"damage":6,"enemies":"theJungle:Cassacara","floor":24,"turns":4},{"damage":27,"enemies":"JungleHuntersEvent","floor":25,"turns":5},{"damage":21,"enemies":"theJungle:2_Flameangoes","floor":29,"turns":6},{"damage":27,"enemies":"theJungle:Snecko_Cultist_And_Trap","floor":30,"turns":4},{"damage":53,"enemies":"theJungle:2_Phrogs","floor":31,"turns":4}],"seed_played":"-6442062691713708898","potions_obtained":[{"floor":1,"key":"Explosive Potion"},{"floor":7,"key":"Milkshake"},{"floor":12,"key":"sneckomod:MuddlingPotion"},{"floor":16,"key":"Ancient Potion"}],"is_trial":false,"path_per_floor":["M","M","?","$","?","R","M","$","T","R","M","M","R","M","R","B",null,"M","$","M","?","$","R","E","?","T","R","?","M","M","E"],"character_chosen":"IRONCLAD","items_purchased":["Cleave","Clash","Replay:Many Hands"],"campfire_rested":2,"item_purchase_floors":[4,8,19],"current_hp_per_floor":[78,80,60,60,60,60,66,66,66,66,72,74,74,80,80,45,71,50,50,51,51,51,77,92,75,75,96,91,76,55,2,2],"gold":154,"neow_bonus":"THREE_ENEMY_KILL","is_daily":false,"chose_seed":false,"campfire_upgraded":4,"win_rate":0.0,"timestamp":1612735286,"path_taken":["M","?","?","$","?","R","M","$","T","R","M","?","R","M","R","BOSS","M","$","M","?","$","R","E","?","T","R","?","M","?","E"],"items_purchased_type":["Card","Card","Card"],"build_version":"2020-12-22","purchased_purges":2,"victory":false,"max_hp_per_floor":[80,80,80,80,80,80,80,80,80,80,80,80,80,80,80,80,80,84,84,88,88,88,88,92,96,96,96,101,101,101,101,101],"card_choices":[{"not_picked":["Disarm","Spot Weakness","ReplayTheSpireMod:Strike From Hell"],"picked":"SKIP","floor":1},{"not_picked":["Intimidate","Seeing Red"],"picked":"Clash","floor":2},{"not_picked":["Iron Wave","Shrug It Off"],"picked":"Uppercut","floor":7},{"not_picked":["Wild Strike","Iron Wave","Searing Blow"],"picked":"SKIP","floor":11},{"not_picked":["Anger","Demonic Infusion","Heavy Blade"],"picked":"SKIP","floor":12},{"not_picked":["Sever Soul","Iron Wave","Shrug It Off"],"picked":"SKIP","floor":14},{"not_picked":["Rupture","Pummel","Body Slam"],"picked":"SKIP","floor":18},{"not_picked":["Evolve","Infernal Blade+1"],"picked":"Clash","floor":20},{"not_picked":["Ghostly Armor+1","Anger+1","Cleave+1"],"picked":"SKIP","floor":24},{"not_picked":["Clothesline","Iron Wave","Ghostly Armor+1"],"picked":"SKIP","floor":29},{"not_picked":["Run Through+1","Twin Strike","Massacre+1"],"picked":"SKIP","floor":30}],"player_experience":290927,"relics_obtained":[{"floor":9,"key":"King of Hearts"},{"floor":24,"key":"ReplayTheSpireMod:TigerMarble"},{"floor":25,"key":"Nunchaku"},{"floor":26,"key":"Replay:Wax Seal"}],"event_choices":[{"damage_healed":0,"gold_gain":0,"player_choice":"Take Damage","damage_taken":20,"relics_obtained":["Golden Idol"],"max_hp_gain":0,"max_hp_loss":0,"event_name":"Golden Idol","floor":3,"gold_loss":0},{"damage_healed":0,"gold_gain":0,"player_choice":"Forge","damage_taken":0,"max_hp_gain":0,"max_hp_loss":0,"event_name":"Accursed Blacksmith","floor":5,"gold_loss":0,"cards_upgraded":["Clash"]}],"is_beta":false,"boss_relics":[{"not_picked":["Runic Cube","Runic Dome"],"picked":"Replay:Grab Bag"},{"not_picked":["Replay:Fungal Core","Replay:Wanted Poster"],"picked":"Fusion Hammer"},{"not_picked":["Philosopher\u0027s Stone","ReplayTheSpireMod:Onyx Gauntlets"],"picked":"Sozu"},{"not_picked":["Pandora\u0027s Box","Snecko Eye"],"picked":"Astrolabe"}],"items_purged_floors":[4,19],"is_endless":false,"potions_floor_spawned":[1,7,12,16,18,25,29],"killed_by":"theJungle:2_Phrogs","ascension_level":7}}