{"host":"2py7ki924ssbu6hl","time":1612714740,"event":{"mods":["Act Like it!","BaseMod","Better Match","CapriCore","Colored Powertips","Friendly Minions","Gensokyo","GifTheSpireLib","Koishi","Minty Spire (QoL Compilation)","Rare Cards Sparkle","Relic Stats","StSLib","everything is the same but u backflip on backflip"],"gold_per_floor":[114,114,128,128,128,128,128,163,163,173,190,83,98,113,113,313,313],"floor_reached":16,"language":"ENG","playtime":795,"items_purged":[],"score":133,"play_id":"f1cce409-c8e6-4113-8300-3a3d808238f3","local_time":"20210207171900","is_ascension_mode":true,"campfire_choices":[{"data":"Koishi:ReleaseOfTheId","floor":6,"key":"SMITH"},{"data":"Koishi:FreudianInstinct","floor":15,"key":"SMITH"}],"circlet_count":0,"master_deck":["Koishi:BasicStrike","Koishi:BasicStrike","Koishi:BasicDefend","Koishi:BasicDefend+1","Koishi:BasicDefend","Koishi:Provoke+1","Koishi:HauntingSlash","Koishi:ReleaseOfTheId+1","Koishi:SubconsciousSweep","Injury","Impatience+1","Koishi:FreudianInstinct+1","Koishi:SuperEgo","Koishi:HeartfeltFancy","Gensokyo:BlemishedSteel","Koishi:Prune"],"relics":["Koishi:ImaginaryFriend","NeowsBlessing","War Paint","Ginger","Kunai"],"acts_visited":["Gensokyo:Gensokyo"],"potions_floor_usage":[16],"damage_taken":[{"damage":0,"enemies":"Gensokyo:Python","floor":1,"turns":1},{"damage":0,"enemies":"Gensokyo:3_Fairies","floor":3,"turns":2},{"damage":0,"enemies":"Gensokyo:Mamizou","floor":8,"turns":2},{"damage":5,"enemies":"Gensokyo:2_Kodama","floor":10,"turns":4},{"damage":7,"enemies":"Gensokyo:VengefulSpirit","floor":11,"turns":7},{"damage":2,"enemies":"Gensokyo:3_Kodama","floor":13,"turns":4},{"damage":6,"enemies":"Gensokyo:Gryphon_and_Rabbit","floor":14,"turns":5},{"damage":48,"enemies":"Gensokyo:Kokoro","floor":16,"turns":13}],"seed_played":"-290682698522938314","potions_obtained":[{"floor":8,"key":"Explosive Potion"},{"floor":11,"key":"GamblersBrew"}],"is_trial":false,"path_per_floor":["M","?","M","?","T","R","?","E","T","M","M","COS","M","M","R","B"],"character_chosen":"KOISHI","items_purchased":[],"campfire_rested":0,"item_purchase_floors":[],"current_hp_per_floor":[60,36,36,36,36,36,36,36,36,32,28,28,27,24,24,0,0],"gold":313,"neow_bonus":"THREE_ENEMY_KILL","is_daily":false,"chose_seed":false,"campfire_upgraded":2,"win_rate":0.0,"timestamp":1612714740,"path_taken":["M","?","M","?","?","R","?","E","T","M","M","COS","M","M","R","BOSS"],"items_purchased_type":[],"build_version":"2020-12-22","purchased_purges":0,"victory":false,"max_hp_per_floor":[60,60,60,60,60,60,60,60,60,60,60,60,60,60,60,60,60],"relic_stats":{"counters":[8,38],"Ginger":[5],"Kunai":[4],"War Paint":["Koishi:BasicDefend","Koishi:Provoke"],"obtain_stats":[{"NeowsBlessing":0,"Ginger":8,"Kunai":9,"War Paint":4,"Koishi:ImaginaryFriend":0},{"NeowsBlessing":0,"Ginger":3,"Kunai":3,"War Paint":2,"Koishi:ImaginaryFriend":0},{"NeowsBlessing":0,"Ginger":5,"Kunai":5,"War Paint":3,"Koishi:ImaginaryFriend":0}]},"card_choices":[{"not_picked":["Koishi:FleetingPhantom","Koishi:EmbryosDream"],"picked":"Koishi:ReleaseOfTheId","floor":1},{"not_picked":["Koishi:FidgetySnatcher","Koishi:JumpScare"],"picked":"Koishi:SubconsciousSweep","floor":3},{"not_picked":["Finesse+1","PanicButton+1"],"picked":"Impatience+1","floor":7},{"not_picked":["Koishi:StingingMind","Koishi:VengefulSpirit"],"picked":"Koishi:FreudianInstinct","floor":8},{"not_picked":["Koishi:RacingHeart","Koishi:ReflexRadar"],"picked":"Koishi:SuperEgo","floor":10},{"not_picked":["Koishi:PredatoryInstincts","Koishi:FidgetySnatcher"],"picked":"Koishi:HeartfeltFancy","floor":11},{"not_picked":["Koishi:SubterraneanRose","Koishi:DreadfulBlow"],"picked":"Koishi:Prune","floor":13},{"not_picked":["Koishi:SpiritedAway","Koishi:EmbryosDream","Koishi:UnansweredLove"],"picked":"SKIP","floor":14}],"player_experience":241070,"relics_obtained":[{"floor":8,"key":"Ginger"},{"floor":9,"key":"Kunai"}],"event_choices":[{"damage_healed":0,"gold_gain":0,"player_choice":"2","damage_taken":0,"max_hp_gain":0,"max_hp_loss":0,"event_name":"betterMatch:BetterMatch","floor":7,"gold_loss":0,"cards_obtained":["betterMatch:ColorlessUncommonCard"]}],"is_beta":false,"boss_relics":[],"items_purged_floors":[],"is_endless":false,"potions_floor_spawned":[8,11],"killed_by":"Gensokyo:Kokoro","ascension_level":1}}