{"host":"yqw1zpryoutrnocq","time":1612728257,"event":{"mods":["2.2 Compatiblity","AchievementEnabler","BaseMod","Colored Map","Custom Start","DeckTracker","Minty Spire (QoL Compilation)","StSLib","SuperFastMode"],"gold_per_floor":[116,116,41,58,8,8,38,38,38,73,53,66,66,81,81,181,181,195,195,195,49,64,91,101,101,101,129,54,54,54,54,54,156,156,174,174,186,30,80,80,107,126,126,153,153,153,171,181,181,181,181,181,30,56,56,56],"floor_reached":55,"language":"KOR","playtime":1524,"items_purged":["Strike_B","Defend_B"],"score":998,"play_id":"6f12b41c-3424-4956-b4a6-2887208ecfa9","local_time":"20210207140417","is_ascension_mode":true,"campfire_choices":[{"data":"Zap","floor":6.0,"key":"SMITH"},{"data":"Dualcast","floor":8.0,"key":"SMITH"},{"floor":13.0,"key":"REST"},{"data":"Seek","floor":15.0,"key":"SMITH"},{"floor":25.0,"key":"REST"},{"data":"Coolheaded","floor":29.0,"key":"SMITH"},{"data":"Turbo","floor":32,"key":"SMITH"},{"data":"Seek","floor":40,"key":"SMITH"},{"floor":45,"key":"RECALL"},{"data":"Machine Learning","floor":49,"key":"SMITH"},{"floor":52,"key":"REST"}],"circlet_count":0,"master_deck":["Defend_B","Zap+1","Dualcast+1","All For One","Gash","Gash","Seek+1","Hologram","Coolheaded+1","Core Surge","Hologram+1","Auto Shields+1","Ball Lightning+1","Gash","Beam Cell","Steam","Turbo+1","Necronomicurse","Core Surge+1","Writhe","Steam","Seek+1","Machine Learning+1","Coolheaded","Cold Snap+1","Redo+1","Steam Power"],"relics":["Cracked Core","Dream Catcher","Toy Ornithopter","Pantograph","Eternal Feather","Astrolabe","MutagenicStrength","Matryoshka","Strawberry","Molten Egg 2","Mummified Hand","Necronomicon","SlaversCollar","Vajra","Lizard Tail","Akabeko","Nunchaku","Pen Nib","Lantern","Incense Burner"],"acts_visited":["Exordium","TheCity","TheBeyond","TheEnding"],"potions_floor_usage":[33,33,39,50,54],"damage_taken":[{"damage":0.0,"enemies":"Small Slimes","floor":1.0,"turns":3.0},{"damage":2.0,"enemies":"2 Louse","floor":4.0,"turns":3.0},{"damage":20.0,"enemies":"3 Sentries","floor":7.0,"turns":5.0},{"damage":25.0,"enemies":"Lagavulin","floor":10.0,"turns":5.0},{"damage":0.0,"enemies":"Cultist","floor":12.0,"turns":2.0},{"damage":3.0,"enemies":"Large Slime","floor":14.0,"turns":4.0},{"damage":37.0,"enemies":"Hexaghost","floor":16.0,"turns":5.0},{"damage":13.0,"enemies":"2 Thieves","floor":18.0,"turns":3.0},{"damage":0.0,"enemies":"Spheric Guardian","floor":22.0,"turns":3.0},{"damage":20.0,"enemies":"Book of Stabbing","floor":23.0,"turns":3.0},{"damage":16.0,"enemies":"Snake Plant","floor":24.0,"turns":2.0},{"damage":2.0,"enemies":"Gremlin Leader","floor":27.0,"turns":4.0},{"damage":69,"enemies":"Automaton","floor":33,"turns":7},{"damage":20,"enemies":"3 Shapes","floor":35,"turns":3},{"damage":14,"enemies":"Orb Walker","floor":37,"turns":2},{"damage":0,"enemies":"Mind Bloom Boss Battle","floor":39,"turns":3},{"damage":0,"enemies":"Nemesis","floor":41,"turns":3},{"damage":0,"enemies":"Sphere and 2 Shapes","floor":42,"turns":3},{"damage":7,"enemies":"Writhing Mass","floor":47,"turns":3},{"damage":15,"enemies":"Spire Growth","floor":48,"turns":3},{"damage":62,"enemies":"Donu and Deca","floor":50,"turns":7},{"damage":12,"enemies":"Shield and Spear","floor":54,"turns":3},{"damage":140,"enemies":"The Heart","floor":55,"turns":5}],"seed_played":"6708704144753565376","potions_obtained":[{"floor":4.0,"key":"SneckoOil"},{"floor":7.0,"key":"ColorlessPotion"},{"floor":11.0,"key":"PowerPotion"},{"floor":12.0,"key":"BlessingOfTheForge"},{"floor":14.0,"key":"GamblersBrew"},{"floor":22.0,"key":"FearPotion"},{"floor":23.0,"key":"Ancient Potion"},{"floor":35,"key":"PowerPotion"},{"floor":37,"key":"FocusPotion"},{"floor":39,"key":"FairyPotion"}],"is_trial":false,"path_per_floor":["M","?","$","M","?","R","E","R","T","E","?","M","R","M","R","B",null,"M","?","?","$","M","E","M","R","T","E","?","R","?","$","R","B",null,"M","?","M","$","?","R","E","M","T","T","R","?","M","M","R","B",null,"R","$","E","B"],"character_chosen":"DEFECT","items_purchased":["Beam Cell","Vajra","Lantern"],"campfire_rested":3,"item_purchase_floors":[21,38,53],"current_hp_per_floor":[68,65,65,63,63,63,43,43,43,18,18,18,44,41,47,31,59,46,46,46,46,46,31,15,44,51,49,49,58,42,42,51,9,59,39,58,44,44,74,75,75,75,75,75,75,75,68,53,68,13,60,75,75,68,0,0],"gold":56,"neow_bonus":"THREE_RARE_CARDS","is_daily":false,"chose_seed":false,"campfire_upgraded":7,"win_rate":0.0,"timestamp":1612728257,"path_taken":["M","?","$","M","?","R","E","R","T","E","?","?","R","M","R","BOSS","M","?","?","?","M","E","?","R","T","E","?","R","?","$","R","BOSS","M","?","M","$","?","R","E","M","T","?","R","?","M","M","R","BOSS","R","$","E","BOSS"],"items_purchased_type":["Card","Relic","Relic"],"build_version":"2020-12-22","purchased_purges":2,"victory":false,"max_hp_per_floor":[68,68,68,68,68,68,68,68,68,68,68,68,68,68,68,68,68,68,68,68,68,68,68,68,68,75,75,75,75,75,75,75,75,75,75,75,75,75,75,75,75,75,75,75,75,75,75,75,75,75,75,75,75,75,75,75],"card_choices":[{"not_picked":["Reboot","Amplify"],"picked":"All For One","floor":0.0},{"not_picked":["Steam","Coolheaded"],"picked":"Gash","floor":1.0},{"not_picked":["Recycle","Chill","Compile Driver"],"picked":"SKIP","floor":4.0},{"not_picked":["Biased Cognition","Steam"],"picked":"Gash","floor":7.0},{"not_picked":["Leap","Lockon"],"picked":"Seek","floor":10.0},{"not_picked":["Double Energy","Rebound"],"picked":"Hologram","floor":12.0},{"not_picked":["Chaos","Reprogram"],"picked":"Coolheaded","floor":13.0},{"not_picked":["Streamline","Rebound","Capacitor"],"picked":"SKIP","floor":14.0},{"not_picked":["Multi-Cast","Amplify"],"picked":"Core Surge","floor":16.0},{"not_picked":["Storm+1","Scrape+1"],"picked":"Gash","floor":18.0},{"not_picked":["Cold Snap+1","Coolheaded","Hologram"],"picked":"SKIP","floor":22.0},{"not_picked":["Recycle","Leap+1","Fusion+1"],"picked":"SKIP","floor":23.0},{"not_picked":["Ball Lightning","Sweeping Beam"],"picked":"Steam","floor":24.0},{"not_picked":["Compile Driver+1","Hologram"],"picked":"Turbo","floor":27.0},{"not_picked":["Multi-Cast","Electrodynamics"],"picked":"Core Surge+1","floor":33},{"not_picked":["Turbo+1","Doom and Gloom+1","Streamline+1"],"picked":"SKIP","floor":35},{"not_picked":["Turbo","Leap+1"],"picked":"Steam","floor":37},{"not_picked":["Coolheaded+1","Steam"],"picked":"Seek","floor":39},{"not_picked":["Streamline+1","Core Surge+1"],"picked":"Machine Learning","floor":41},{"not_picked":["Loop+1","Chill"],"picked":"Coolheaded","floor":42},{"not_picked":["Stack+1","Leap","Capacitor"],"picked":"SKIP","floor":47},{"not_picked":["Cold Snap+1","Turbo","Sweeping Beam+1"],"picked":"SKIP","floor":48},{"not_picked":["Reinforced Body+1","Go for the Eyes+1"],"picked":"Redo+1","floor":52},{"not_picked":["Electrodynamics","Stack"],"picked":"Steam Power","floor":54}],"player_experience":316328,"relics_obtained":[{"floor":7.0,"key":"Toy Ornithopter"},{"floor":9.0,"key":"Pantograph"},{"floor":10.0,"key":"Eternal Feather"},{"floor":23.0,"key":"Matryoshka"},{"floor":26.0,"key":"Strawberry"},{"floor":26.0,"key":"Molten Egg 2"},{"floor":27.0,"key":"Mummified Hand"},{"floor":30,"key":"Necronomicon"},{"floor":39,"key":"Lizard Tail"},{"floor":41,"key":"Akabeko"},{"floor":43,"key":"Nunchaku"},{"floor":44,"key":"Pen Nib"},{"floor":54,"key":"Incense Burner"}],"event_choices":[{"damage_healed":0.0,"max_hp_gain":0.0,"max_hp_loss":0.0,"gold_gain":0.0,"event_name":"Scrap Ooze","player_choice":"Success","floor":2.0,"gold_loss":0.0,"damage_taken":3.0,"relics_obtained":["Dream Catcher"]},{"cards_removed":["Strike_B"],"damage_healed":0.0,"max_hp_gain":0.0,"max_hp_loss":0.0,"gold_gain":0.0,"event_name":"The Cleric","player_choice":"Card Removal","floor":5.0,"gold_loss":50.0,"damage_taken":0.0},{"damage_healed":0.0,"max_hp_gain":0.0,"max_hp_loss":0.0,"gold_gain":0.0,"event_name":"The Woman in Blue","player_choice":"Bought 1 Potion","floor":11.0,"gold_loss":0.0,"damage_taken":0.0},{"damage_healed":0.0,"max_hp_gain":0.0,"max_hp_loss":0.0,"gold_gain":0.0,"event_name":"Drug Dealer","player_choice":"Inject Mutagens","floor":19.0,"gold_loss":0.0,"damage_taken":0.0,"relics_obtained":["MutagenicStrength"]},{"damage_healed":0.0,"max_hp_gain":0.0,"max_hp_loss":0.0,"gold_gain":0.0,"event_name":"Ghosts","player_choice":"Ignored","floor":20.0,"gold_loss":0.0,"damage_taken":0.0},{"cards_removed":["Defend_B"],"damage_healed":0.0,"max_hp_gain":0.0,"max_hp_loss":0.0,"gold_gain":0.0,"event_name":"Beggar","player_choice":"Gave Gold","floor":28.0,"gold_loss":75.0,"damage_taken":0.0},{"damage_healed":0,"gold_gain":0,"player_choice":"Obtained Book","damage_taken":16,"max_hp_gain":0,"max_hp_loss":0,"event_name":"Cursed Tome","floor":30,"gold_loss":0},{"damage_healed":19,"gold_gain":0,"player_choice":"Writhe","damage_taken":0,"max_hp_gain":0,"max_hp_loss":0,"event_name":"Winding Halls","floor":36,"gold_loss":0,"cards_obtained":["Writhe"]},{"damage_healed":0,"gold_gain":0,"player_choice":"Fight","damage_taken":0,"max_hp_gain":0,"max_hp_loss":0,"event_name":"MindBloom","floor":39,"gold_loss":0},{"damage_healed":0,"gold_gain":0,"player_choice":"1 cards matched","damage_taken":0,"max_hp_gain":0,"max_hp_loss":0,"event_name":"Match and Keep!","floor":46,"gold_loss":0,"cards_obtained":["Cold Snap"]}],"is_beta":false,"boss_relics":[{"not_picked":["Fusion Hammer","FrozenCore"],"picked":"Astrolabe"},{"not_picked":["SacredBark","Coffee Dripper"],"picked":"SlaversCollar"}],"items_purged_floors":[3,21],"is_endless":false,"potions_floor_spawned":[4,7,12,14,22,23,27,35,37,39,42],"killed_by":"The Heart","ascension_level":7}}