{"host":"utqe55yv0jihe4d6","time":1612674395,"event":{"mods":["2.2 Compatiblity","AchievementEnabler","BaseMod","Block Reminder","Colored Map","Colored Powertips","Minty Spire (QoL Compilation)","Quick Restart","Rare Cards Sparkle","Relic Stats","SuperFastMode"],"gold_per_floor":[110,120,138,153,164,164,181,211,211,230,262,218,218,218,218,218,218],"floor_reached":16,"language":"ENG","playtime":320,"items_purged":[],"score":228,"play_id":"1ebe29dc-2af2-4b89-a683-ce8cfd55361f","local_time":"20210207000635","is_ascension_mode":true,"campfire_choices":[{"data":"Bash","floor":6,"key":"SMITH"},{"data":"Shockwave","floor":15,"key":"SMITH"}],"circlet_count":0,"master_deck":["AscendersBane","Strike_R","Strike_R","Strike_R","Strike_R","Strike_R+1","Defend_R","Defend_R","Defend_R","Defend_R","Bash+1","Carnage","Battle Trance","Clothesline+1","Limit Break","Shockwave+1","Power Through"],"relics":["Coffee Dripper","Oddly Smooth Stone","Bottled Flame","Whetstone"],"acts_visited":["Exordium"],"potions_floor_usage":[11],"damage_taken":[{"damage":1,"enemies":"Cultist","floor":1,"turns":3},{"damage":0,"enemies":"Small Slimes","floor":2,"turns":2},{"damage":0,"enemies":"2 Louse","floor":3,"turns":3},{"damage":9,"enemies":"Looter","floor":4,"turns":3},{"damage":2,"enemies":"Exordium Thugs","floor":5,"turns":4},{"damage":9,"enemies":"Blue Slaver","floor":7,"turns":3},{"damage":20,"enemies":"Lagavulin","floor":8,"turns":5},{"damage":8,"enemies":"Looter","floor":10,"turns":2},{"damage":14,"enemies":"3 Sentries","floor":11,"turns":6},{"damage":10,"enemies":"Hexaghost","floor":16,"turns":7}],"seed_played":"-4201235172829879477","potions_obtained":[{"floor":1,"key":"FairyPotion"},{"floor":2,"key":"LiquidMemories"},{"floor":7,"key":"DistilledChaos"},{"floor":10,"key":"Energy Potion"}],"is_trial":false,"path_per_floor":["M","M","M","M","M","R","M","E","T","M","E","?","?","?","R","B"],"character_chosen":"IRONCLAD","items_purchased":[],"campfire_rested":0,"item_purchase_floors":[],"current_hp_per_floor":[67,67,67,58,56,56,47,27,27,19,5,5,5,5,5,0,0],"gold":218,"neow_bonus":"BOSS_RELIC","is_daily":false,"chose_seed":false,"campfire_upgraded":2,"win_rate":0.0,"timestamp":1612674395,"path_taken":["M","M","?","M","M","R","M","E","T","M","E","?","?","?","R","BOSS"],"items_purchased_type":[],"build_version":"2020-12-22","purchased_purges":0,"victory":false,"max_hp_per_floor":[75,75,75,75,75,75,75,75,75,75,75,75,75,75,75,75,75],"relic_stats":{"counters":[10,38],"Whetstone":["Clothesline","Strike_R"],"obtain_stats":[{"Bottled Flame":9,"Oddly Smooth Stone":8,"Coffee Dripper":0,"Whetstone":11,"Burning Blood":0},{"Bottled Flame":7,"Oddly Smooth Stone":7,"Coffee Dripper":0,"Whetstone":9,"Burning Blood":0},{"Bottled Flame":23,"Oddly Smooth Stone":23,"Coffee Dripper":0,"Whetstone":31,"Burning Blood":0}]},"card_choices":[{"not_picked":["Clash","Clothesline"],"picked":"Carnage","floor":1},{"not_picked":["Blood for Blood","Fire Breathing"],"picked":"Battle Trance","floor":2},{"not_picked":["Cleave","Infernal Blade"],"picked":"Clothesline","floor":3},{"not_picked":["Dropkick","Armaments","Seeing Red"],"picked":"SKIP","floor":4},{"not_picked":["Seeing Red","Clash"],"picked":"Limit Break","floor":5},{"not_picked":["Heavy Blade","Combust","Intimidate"],"picked":"SKIP","floor":7},{"not_picked":["Armaments","Battle Trance"],"picked":"Shockwave","floor":8},{"not_picked":["Twin Strike","Armaments"],"picked":"Power Through","floor":10},{"not_picked":["True Grit","Sword Boomerang","Anger"],"picked":"SKIP","floor":11}],"player_experience":3042655,"relics_obtained":[{"floor":8,"key":"Oddly Smooth Stone"},{"floor":9,"key":"Bottled Flame"},{"floor":11,"key":"Whetstone"}],"event_choices":[{"damage_healed":0,"gold_gain":0,"player_choice":"Left Gold","damage_taken":0,"max_hp_gain":0,"max_hp_loss":0,"event_name":"World of Goop","floor":12,"gold_loss":44},{"damage_healed":0,"gold_gain":0,"player_choice":"Fled","damage_taken":0,"max_hp_gain":0,"max_hp_loss":0,"event_name":"Scrap Ooze","floor":13,"gold_loss":0},{"damage_healed":0,"gold_gain":0,"player_choice":"Ignored","damage_taken":0,"max_hp_gain":0,"max_hp_loss":0,"event_name":"Liars Game","floor":14,"gold_loss":0}],"is_beta":false,"boss_relics":[],"items_purged_floors":[],"is_endless":false,"potions_floor_spawned":[1,2,7,8,10],"killed_by":"Hexaghost","ascension_level":20}}