{"host":"hf83sijwe64ts2lm","time":1612658814,"event":{"mods":["2.2 Compatiblity","BaseMod","Better Altar","Better Match","Better Note","Better Sensory Stone","Better Skull","Better Third Choice","Colored Map","Colored Powertips","Highlight Path","Hubris","Infinite Spire","Minty Spire (QoL Compilation)","Quick Restart","Rare Cards Sparkle","Relic Stats","Reliquary","Replay The Spire","Shop Mod","Spicy Shops","Spire Arcade","StSLib","Thieving Mod"],"gold_per_floor":[109,122,139,0,0,0,18,18,18,18,34,67,16,35,35,139,189,203,203,203,203,215,215,215,215],"floor_reached":24,"language":"ENG","playtime":404,"items_purged":[],"score":255,"play_id":"fe96e052-832e-41c7-8ab8-2eb0714f13a9","local_time":"20210206194654","is_ascension_mode":true,"campfire_choices":[{"floor":6,"key":"RECALL"},{"floor":8,"key":"REST"},{"floor":15,"key":"REST"},{"floor":23,"key":"REST"}],"circlet_count":0,"master_deck":["Strike_B","Strike_B","Strike_B","Strike_B+1","Defend_B","Defend_B","Defend_B","Defend_B","Zap+1","Dualcast","Ball Lightning","Streamline","Static Discharge","Enlightenment","Beam Cell","Cold Snap","hubris:DoWhile","Storm+1","Leap","Reboot","Genetic Algorithm","Beam Cell+1"],"relics":["Cracked Core","hubris:Towel","reliquary:QuartzCube","Tiny House","Strange Spoon","GremlinMask"],"acts_visited":["Exordium","TheCity"],"potions_floor_usage":[12,12,16,22],"damage_taken":[{"damage":3,"enemies":"2 Louse","floor":1,"turns":3},{"damage":5,"enemies":"Small Slimes","floor":2,"turns":3},{"damage":4,"enemies":"Jaw Worm","floor":3,"turns":3},{"damage":12,"enemies":"3 Louse","floor":7,"turns":2},{"damage":21,"enemies":"Gremlin Gang","floor":11,"turns":4},{"damage":25,"enemies":"Lagavulin","floor":12,"turns":4},{"damage":21,"enemies":"Blue Slaver","floor":14,"turns":3},{"damage":29,"enemies":"The Guardian","floor":16,"turns":10},{"damage":34,"enemies":"Chosen","floor":18,"turns":5},{"damage":15,"enemies":"Spheric Guardian","floor":22,"turns":3},{"damage":46,"enemies":"Cultist and Chosen","floor":24,"turns":5}],"seed_played":"-4989377735187983149","potions_obtained":[{"floor":1,"key":"DuplicationPotion"},{"floor":7,"key":"SpeedPotion"},{"floor":12,"key":"Weak Potion"},{"floor":17,"key":"Milkshake"},{"floor":18,"key":"SteroidPotion"},{"floor":22,"key":"PotionOfCapacity"}],"is_trial":false,"path_per_floor":["M","M","M","?","$","R","M","R","T","?","M","E","$","M","R","B",null,"M","?","AVR","?","M","R","M"],"character_chosen":"DEFECT","items_purchased":["Storm+1"],"campfire_rested":3,"item_purchase_floors":[13],"current_hp_per_floor":[65,60,56,62,62,62,50,74,74,74,53,28,28,7,31,2,66,32,32,32,32,17,42,0,0],"gold":215,"neow_bonus":"UPGRADE_CARD","is_daily":false,"chose_seed":false,"campfire_upgraded":0,"win_rate":0.0,"timestamp":1612658814,"path_taken":["M","M","M","?","$","R","M","R","T","?","M","E","$","M","R","BOSS","M","?","AVR","?","M","R","M"],"items_purchased_type":["Card"],"build_version":"2020-12-22","purchased_purges":0,"victory":false,"max_hp_per_floor":[75,75,75,81,81,81,81,81,81,81,81,81,81,81,81,81,86,86,86,86,86,86,86,86,86],"relic_stats":{"Strange Spoon":[1],"counters":[11,45],"obtain_stats":[{"Strange Spoon":20,"Tiny House":17,"GremlinMask":21,"hubris:Towel":10,"Cracked Core":0,"reliquary:QuartzCube":12},{"Strange Spoon":9,"Tiny House":8,"GremlinMask":9,"hubris:Towel":4,"Cracked Core":0,"reliquary:QuartzCube":6},{"Strange Spoon":37,"Tiny House":32,"GremlinMask":37,"hubris:Towel":11,"Cracked Core":0,"reliquary:QuartzCube":19}]},"card_choices":[{"not_picked":["Static Discharge","Recycle"],"picked":"Ball Lightning","floor":1},{"not_picked":["Redo","Cold Snap"],"picked":"Streamline","floor":2},{"not_picked":["Rebound","Beam Cell"],"picked":"Static Discharge","floor":3},{"not_picked":["Heatsinks","Gash"],"picked":"Beam Cell","floor":7},{"not_picked":["Barrage","Blizzard"],"picked":"Cold Snap","floor":11},{"not_picked":["Chaos","Heatsinks"],"picked":"hubris:DoWhile","floor":12},{"not_picked":["ReplaySort","Go for the Eyes"],"picked":"Leap","floor":14},{"not_picked":["Hyperbeam","hubris:Prefetch"],"picked":"Reboot","floor":16},{"not_picked":["Compile Driver","Barrage"],"picked":"Genetic Algorithm","floor":17},{"not_picked":["Stack","Redo+1"],"picked":"Beam Cell+1","floor":18},{"not_picked":["ReplayTheSpireMod:Reroute Power","Blizzard+1","ReplaySolidLightProjector+1"],"picked":"SKIP","floor":22}],"player_experience":151280,"relics_obtained":[{"floor":12,"key":"reliquary:QuartzCube"}],"event_choices":[{"damage_healed":0,"gold_gain":0,"player_choice":"RENOUNCE","damage_taken":139,"max_hp_gain":0,"max_hp_loss":0,"event_name":"betterThird:BetterSerpent","floor":4,"gold_loss":139,"cards_obtained":["Enlightenment"]},{"damage_healed":0,"gold_gain":0,"player_choice":"Trade","damage_taken":0,"relics_obtained":["GremlinMask"],"max_hp_gain":0,"max_hp_loss":0,"event_name":"FaceTrader","floor":21,"gold_loss":0}],"is_beta":false,"boss_relics":[{"not_picked":["SlaversCollar","Ectoplasm"],"picked":"Tiny House"}],"items_purged_floors":[],"is_endless":false,"potions_floor_spawned":[1,7,12,18,22],"killed_by":"Cultist and Chosen","ascension_level":6}}