{"host":"2ryabvayt7pqghlx","time":1612734944,"event":{"mods":["AchievementEnabler","BaseMod","Colored Map","Hermit","Highlight Path","Minty Spire (QoL Compilation)","Rare Cards Sparkle","Relic Stats","StSLib","SuperFastMode"],"gold_per_floor":[112,128,303,317,330,363,143,159,159,171,171,199,199,9,9,112,162,177,22,32,32,51,77,77,90,90,115,115,160,160,172,172,276,276,293,307,45,58,8,8,35,35,35,35,70,7,22,39,39,39,39],"floor_reached":50,"language":"ENG","playtime":6221,"items_purged":["Defend_P","Strike_P","Defend_P"],"score":722,"play_id":"8e45f433-6412-4ddc-80a0-5e39bcc4b019","local_time":"20210207165544","is_ascension_mode":false,"campfire_choices":[{"data":"ClearTheMind","floor":13.0,"key":"SMITH"},{"data":"Wallop","floor":15.0,"key":"SMITH"},{"data":"ThirdEye","floor":24.0,"key":"SMITH"},{"data":"ForeignInfluence","floor":30.0,"key":"SMITH"},{"floor":32.0,"key":"RECALL"},{"data":"CrushJoints","floor":40.0,"key":"SMITH"},{"data":"Tantrum","floor":42.0,"key":"SMITH"},{"data":"Vigilance","floor":44.0,"key":"SMITH"},{"data":"Halt","floor":49,"key":"SMITH"}],"circlet_count":0,"master_deck":["Strike_P","Strike_P","Strike_P+1","Defend_P","Defend_P","Eruption+1","Vigilance+1","Prostrate","ThirdEye+1","Doubt","CrushJoints+1","Consecrate","ClearTheMind+1","CutThroughFate+1","TalkToTheHand+1","JustLucky","Wallop+1","Brilliance","Tantrum+1","CutThroughFate+1","Prostrate+1","BowlingBash","Halt+1","ForeignInfluence+1","FlyingSleeves+1","FlurryOfBlows+1","FollowUp+1","LessonLearned+1","SashWhip+1","CrushJoints+1","ThirdEye+1","FlurryOfBlows+1","Parasite"],"relics":["PureWater","Pocketwatch","Oddly Smooth Stone","FossilizedHelix","Sundial","Lantern","Tiny House","ClockworkSouvenir","TungstenRod","Molten Egg 2","MealTicket","Gambling Chip","Philosopher\u0027s Stone","Membership Card","Yang","Anchor","Vajra"],"acts_visited":["Exordium","TheCity","TheBeyond"],"potions_floor_usage":[50],"damage_taken":[{"damage":0.0,"enemies":"Small Slimes","floor":1.0,"turns":3.0},{"damage":0.0,"enemies":"2 Louse","floor":2.0,"turns":3.0},{"damage":0.0,"enemies":"Cultist","floor":4.0,"turns":5.0},{"damage":0.0,"enemies":"2 Fungi Beasts","floor":5.0,"turns":2.0},{"damage":4.0,"enemies":"Gremlin Nob","floor":6.0,"turns":3.0},{"damage":0.0,"enemies":"Blue Slaver","floor":8.0,"turns":2.0},{"damage":0.0,"enemies":"Lots of Slimes","floor":10.0,"turns":2.0},{"damage":0.0,"enemies":"Lagavulin","floor":12.0,"turns":4.0},{"damage":20.0,"enemies":"Hexaghost","floor":16.0,"turns":8.0},{"damage":0.0,"enemies":"Chosen","floor":18.0,"turns":4.0},{"damage":0.0,"enemies":"2 Thieves","floor":20.0,"turns":3.0},{"damage":10.0,"enemies":"Centurion and Healer","floor":22.0,"turns":6.0},{"damage":0.0,"enemies":"Slavers","floor":23.0,"turns":2.0},{"damage":0.0,"enemies":"Snecko","floor":25.0,"turns":4.0},{"damage":11.0,"enemies":"Book of Stabbing","floor":27.0,"turns":4.0},{"damage":0.0,"enemies":"Slavers","floor":29.0,"turns":3.0},{"damage":0.0,"enemies":"Shelled Parasite and Fungi","floor":31.0,"turns":2.0},{"damage":28.0,"enemies":"Automaton","floor":33.0,"turns":6.0},{"damage":0.0,"enemies":"Orb Walker","floor":35.0,"turns":2.0},{"damage":28.0,"enemies":"3 Shapes","floor":36.0,"turns":3.0},{"damage":10.0,"enemies":"Spire Growth","floor":38.0,"turns":5.0},{"damage":0.0,"enemies":"Nemesis","floor":41.0,"turns":5.0},{"damage":0.0,"enemies":"Giant Head","floor":45.0,"turns":7.0},{"damage":8.0,"enemies":"Sphere and 2 Shapes","floor":47.0,"turns":4.0},{"damage":0,"enemies":"Writhing Mass","floor":48,"turns":4},{"damage":82,"enemies":"Donu and Deca","floor":50,"turns":7}],"seed_played":"-2616414174378630908","potions_obtained":[{"floor":1.0,"key":"Block Potion"},{"floor":2.0,"key":"CultistPotion"},{"floor":10.0,"key":"LiquidMemories"},{"floor":12.0,"key":"PowerPotion"},{"floor":16.0,"key":"Ancient Potion"},{"floor":17.0,"key":"FearPotion"},{"floor":20.0,"key":"LiquidMemories"},{"floor":22.0,"key":"Weak Potion"},{"floor":27.0,"key":"ColorlessPotion"},{"floor":29.0,"key":"AttackPotion"},{"floor":31.0,"key":"PowerPotion"},{"floor":36.0,"key":"BottledMiracle"},{"floor":38.0,"key":"Regen Potion"}],"is_trial":false,"path_per_floor":["M","M","?","M","M","E","$","M","T","M","?","E","R","$","R","B",null,"M","$","M","$","M","E","R","M","T","E","?","E","R","M","R","B",null,"M","M","$","M","$","R","E","R","T","R","E","$","M","M","R","B"],"character_chosen":"WATCHER","items_purchased":["Oddly Smooth Stone","Lantern","Wallop","ClockworkSouvenir","Membership Card","Yang"],"campfire_rested":0,"item_purchase_floors":[7,14,14,19,37,37],"current_hp_per_floor":[72,72,72,72,72,68,68,68,68,68,68,68,68,68,68,48,77,77,77,77,77,67,67,67,67,67,56,56,56,56,56,56,28,77,77,49,64,54,69,69,69,69,69,69,69,77,69,69,69,0,0],"gold":39,"neow_bonus":"UPGRADE_CARD","is_daily":false,"chose_seed":false,"campfire_upgraded":8,"win_rate":0.0,"timestamp":1612734944,"path_taken":["M","M","?","M","M","E","$","M","T","M","?","E","R","$","R","BOSS","M","$","M","?","M","E","R","M","T","E","?","E","R","M","R","BOSS","M","M","$","M","$","R","E","R","T","R","E","$","M","M","R","BOSS"],"items_purchased_type":["Relic","Relic","Card","Relic","Relic","Relic"],"build_version":"2020-12-22","purchased_purges":3,"victory":false,"max_hp_per_floor":[72,72,72,72,72,72,72,72,72,72,72,72,72,72,72,72,77,77,77,77,77,77,77,77,77,77,77,77,77,77,77,77,77,77,77,77,77,77,77,77,77,77,77,77,77,77,77,77,77,77,77],"relic_stats":{"counters":[26,103],"Sundial":[6],"Gambling Chip":[10],"MealTicket":38,"Yang":[122],"obtain_stats":[{"Lantern":14,"Tiny House":17,"Oddly Smooth Stone":7,"Vajra":45,"Yang":37,"ClockworkSouvenir":19,"Anchor":41,"Sundial":12,"Gambling Chip":29,"Molten Egg 2":26,"MealTicket":27,"Philosopher\u0027s Stone":34,"Membership Card":37,"PureWater":0,"FossilizedHelix":9,"TungstenRod":23,"Pocketwatch":6},{"Lantern":8,"Tiny House":9,"Oddly Smooth Stone":5,"Vajra":23,"Yang":20,"ClockworkSouvenir":10,"Anchor":22,"Sundial":8,"Gambling Chip":16,"Molten Egg 2":14,"MealTicket":15,"Philosopher\u0027s Stone":18,"Membership Card":20,"PureWater":0,"FossilizedHelix":6,"TungstenRod":13,"Pocketwatch":5},{"Lantern":24,"Tiny House":32,"Oddly Smooth Stone":16,"Vajra":88,"Yang":71,"ClockworkSouvenir":36,"Anchor":81,"Sundial":24,"Gambling Chip":58,"Molten Egg 2":51,"MealTicket":55,"Philosopher\u0027s Stone":66,"Membership Card":71,"PureWater":0,"FossilizedHelix":18,"TungstenRod":47,"Pocketwatch":16}],"TungstenRod":17,"Pocketwatch":[36]},"card_choices":[{"not_picked":["FlyingSleeves","Fasting2"],"picked":"Prostrate","floor":1.0},{"not_picked":["EmptyFist","Sanctity"],"picked":"ThirdEye","floor":2.0},{"not_picked":["CutThroughFate","EmptyFist"],"picked":"CrushJoints","floor":4.0},{"not_picked":["EmptyBody","Devotion"],"picked":"Consecrate","floor":5.0},{"not_picked":["Collect","PathToVictory"],"picked":"ClearTheMind","floor":6.0},{"not_picked":["BowlingBash","Halt"],"picked":"CutThroughFate","floor":8.0},{"not_picked":["ThirdEye","SashWhip"],"picked":"TalkToTheHand","floor":10.0},{"not_picked":["Consecrate","ThirdEye"],"picked":"JustLucky","floor":12.0},{"not_picked":["Alpha","Omniscience"],"picked":"Brilliance","floor":16.0},{"not_picked":["EmptyBody","MentalFortress"],"picked":"Tantrum","floor":17.0},{"not_picked":["WindmillStrike","CrushJoints"],"picked":"CutThroughFate+1","floor":18.0},{"not_picked":["Adaptation","WindmillStrike"],"picked":"Prostrate","floor":20.0},{"not_picked":["ClearTheMind","EmptyFist"],"picked":"BowlingBash","floor":22.0},{"not_picked":["JustLucky","Evaluate"],"picked":"Halt","floor":23.0},{"not_picked":["CrushJoints","Weave+1"],"picked":"ForeignInfluence","floor":25.0},{"not_picked":["Blasphemy","EmptyMind+1"],"picked":"FlyingSleeves+1","floor":27.0},{"not_picked":["Wireheading","LikeWater"],"picked":"FlurryOfBlows+1","floor":29.0},{"not_picked":["Sanctity","ForeignInfluence+1"],"picked":"FollowUp+1","floor":31.0},{"not_picked":["MasterReality","SpiritShield"],"picked":"LessonLearned+1","floor":33.0},{"not_picked":["FlurryOfBlows+1","Evaluate"],"picked":"SashWhip+1","floor":35.0},{"not_picked":["JustLucky+1","WreathOfFlame"],"picked":"CrushJoints+1","floor":36.0},{"not_picked":["SignatureMove+1","Study+1","Swivel+1"],"picked":"SKIP","floor":38.0},{"not_picked":["ClearTheMind+1","Conclude+1","ThirdEye+1"],"picked":"SKIP","floor":41.0},{"not_picked":["DevaForm","ClearTheMind+1"],"picked":"ThirdEye+1","floor":45.0},{"not_picked":["EmptyFist+1","Pray+1"],"picked":"FlurryOfBlows+1","floor":47},{"not_picked":["Evaluate","ThirdEye","ClearTheMind"],"picked":"SKIP","floor":48}],"player_experience":145744,"relics_obtained":[{"floor":6.0,"key":"Pocketwatch"},{"floor":9.0,"key":"FossilizedHelix"},{"floor":12.0,"key":"Sundial"},{"floor":23.0,"key":"TungstenRod"},{"floor":26.0,"key":"Molten Egg 2"},{"floor":27.0,"key":"MealTicket"},{"floor":29.0,"key":"Gambling Chip"},{"floor":41.0,"key":"Anchor"},{"floor":45.0,"key":"Vajra"}],"event_choices":[{"damage_healed":0.0,"max_hp_gain":0.0,"max_hp_loss":0.0,"gold_gain":175.0,"event_name":"Liars Game","player_choice":"AGREE","floor":3.0,"gold_loss":0.0,"damage_taken":0.0,"cards_obtained":["Doubt"]},{"damage_healed":0.0,"max_hp_gain":0.0,"max_hp_loss":0.0,"gold_gain":0.0,"event_name":"Accursed Blacksmith","player_choice":"Forge","floor":11.0,"gold_loss":0.0,"damage_taken":0.0,"cards_upgraded":["TalkToTheHand"]},{"damage_healed":0.0,"max_hp_gain":0.0,"max_hp_loss":0.0,"gold_gain":0.0,"event_name":"Vampires","player_choice":"Ignored","floor":28.0,"gold_loss":0.0,"damage_taken":0.0}],"is_beta":false,"boss_relics":[{"not_picked":["SacredBark","Runic Pyramid"],"picked":"Tiny House"},{"not_picked":["Empty Cage","Astrolabe"],"picked":"Philosopher\u0027s Stone"}],"items_purged_floors":[7,39,46],"is_endless":false,"potions_floor_spawned":[1,2,10,12,16,20,22,27,29,31,36,38,48],"killed_by":"Donu and Deca","ascension_level":0}}