{"host":"is2s59edl8twrhoj","time":1612730121,"event":{"mods":["BaseMod","Colored Map","Colored Powertips","DeckTracker","Downfall","Minty Spire (QoL Compilation)","StSLib"],"gold_per_floor":[114,133,283,303,303,303,336,336,410,427,457,457,457,477,477,552,552,565,565,575,575,575],"floor_reached":21,"language":"ENG","playtime":1130,"items_purged":[],"score":331,"play_id":"18c18e65-50fa-4e80-ae95-ca6f747f517b","local_time":"20210207203521","is_ascension_mode":true,"campfire_choices":[{"data":"Thunderclap","floor":6.0,"key":"SMITH"},{"data":"Cleave","floor":8.0,"key":"SMITH"},{"floor":13.0,"key":"REST"},{"floor":15.0,"key":"REST"}],"circlet_count":0,"master_deck":["AscendersBane","Strike_R","Strike_R","Strike_R","Strike_R","Defend_R","Defend_R","Defend_R","Iron Wave+1","Twin Strike","Doubt","Thunderclap+1","Cleave+1","Flex","Pummel+1","Exhume+1","Flame Barrier+1","Blood for Blood+1","Armaments"],"relics":["Burning Blood","Nunchaku","Pantograph","Bag of Preparation","Astrolabe"],"acts_visited":["Exordium","TheCity"],"potions_floor_usage":[16,20],"damage_taken":[{"damage":8.0,"enemies":"Jaw Worm","floor":1.0,"turns":6.0},{"damage":13.0,"enemies":"Small Slimes","floor":2.0,"turns":6.0},{"damage":1.0,"enemies":"Cultist","floor":4.0,"turns":4.0},{"damage":40.0,"enemies":"3 Sentries","floor":7.0,"turns":8.0},{"damage":11.0,"enemies":"Looter","floor":10.0,"turns":2.0},{"damage":32.0,"enemies":"Gremlin Nob","floor":11.0,"turns":4.0},{"damage":20.0,"enemies":"Lots of Slimes","floor":14.0,"turns":3.0},{"damage":63,"enemies":"The Guardian","floor":16,"turns":8},{"damage":18,"enemies":"2 Thieves","floor":18,"turns":4},{"damage":7,"enemies":"3 Byrds","floor":20,"turns":3},{"damage":59,"enemies":"Snecko","floor":21,"turns":7}],"seed_played":"-3308132818855231666","potions_obtained":[{"floor":1.0,"key":"BloodPotion"},{"floor":4.0,"key":"CultistPotion"},{"floor":11.0,"key":"LiquidBronze"},{"floor":16,"key":"SkillPotion"},{"floor":18,"key":"CultistPotion"}],"is_trial":false,"path_per_floor":["M","M","?","M","?","R","E","R","T","M","E","?","R","M","R","B",null,"M","?","M","M"],"character_chosen":"IRONCLAD","items_purchased":[],"campfire_rested":2,"item_purchase_floors":[],"current_hp_per_floor":[62,55,55,60,60,60,43,43,43,38,12,12,38,24,50,18,71,59,59,58,0,0],"gold":575,"neow_bonus":"TWENTY_PERCENT_HP_BONUS","is_daily":false,"chose_seed":false,"campfire_upgraded":2,"win_rate":0.0,"timestamp":1612730121,"path_taken":["M","M","?","M","?","R","E","R","T","M","E","?","R","?","R","BOSS","M","?","M","M"],"items_purchased_type":[],"build_version":"2020-12-22","purchased_purges":0,"victory":false,"max_hp_per_floor":[89,89,89,89,89,89,89,89,89,89,89,89,89,89,89,89,89,89,89,89,89,89],"card_choices":[{"not_picked":["Rupture","Hemokinesis"],"picked":"Iron Wave","floor":1.0},{"not_picked":["Heavy Blade","Warcry"],"picked":"Twin Strike","floor":2.0},{"not_picked":["True Grit","Sword Boomerang"],"picked":"Thunderclap","floor":4.0},{"not_picked":["Sword Boomerang","Twin Strike"],"picked":"Cleave","floor":7.0},{"not_picked":["Twin Strike","Sword Boomerang","Pommel Strike"],"picked":"SKIP","floor":10.0},{"not_picked":["Burning Pact","Ghostly Armor"],"picked":"Flex","floor":11.0},{"not_picked":["Sever Soul","Wild Strike","Pommel Strike"],"picked":"SKIP","floor":14.0},{"not_picked":["Feel No Pain","Perfected Strike"],"picked":"Blood for Blood+1","floor":18},{"not_picked":["Cleave","Combust"],"picked":"Armaments","floor":20}],"player_experience":688924,"relics_obtained":[{"floor":7.0,"key":"Nunchaku"},{"floor":9.0,"key":"Pantograph"},{"floor":11.0,"key":"Bag of Preparation"}],"event_choices":[{"damage_healed":0.0,"max_hp_gain":0.0,"max_hp_loss":0.0,"gold_gain":150.0,"event_name":"Liars Game","player_choice":"AGREE","floor":3.0,"gold_loss":0.0,"damage_taken":0.0,"cards_obtained":["Doubt"]},{"damage_healed":0.0,"max_hp_gain":0.0,"max_hp_loss":0.0,"gold_gain":0.0,"event_name":"Living Wall","player_choice":"Grow","floor":5.0,"gold_loss":0.0,"damage_taken":0.0,"cards_upgraded":["Iron Wave"]},{"damage_healed":0.0,"max_hp_gain":0.0,"max_hp_loss":0.0,"gold_gain":0.0,"cards_transformed":["Bash"],"event_name":"Transmorgrifier","player_choice":"Transformed","floor":12.0,"gold_loss":0.0,"damage_taken":0.0,"cards_obtained":["Bludgeon"]},{"damage_healed":0,"gold_gain":0,"player_choice":"0 cards matched","damage_taken":0,"max_hp_gain":0,"max_hp_loss":0,"event_name":"Match and Keep!","floor":19,"gold_loss":0,"cards_obtained":[]}],"is_beta":false,"boss_relics":[{"not_picked":["Tiny House","Sozu"],"picked":"Astrolabe"}],"items_purged_floors":[],"is_endless":false,"potions_floor_spawned":[1,4,11,16,18],"killed_by":"Snecko","ascension_level":15}}