{"host":"q9sqrn60n8lvmavn","time":1612659185,"event":{"mods":["AchievementEnabler","AlwaysNeverKeys","BaseMod","Better Third Choice","Better Vampires","Better-Laid Plans","Block Reminder","Colored Powertips","Curses Come First","DNKmod","Emptier Cage","Friendly Minions","Minty Spire (QoL Compilation)","Permanent Neow","Relic Filter Mod","Reorder Act Four","Shop Mod","StSLib","Weighted Paths"],"gold_per_floor":[1116,387,487,505,505,537,537,569,569,580,580,58,75,90,90,189,189,201,221,233,260,124,157,167,167,167,167,194,194,213,227,227,322,322,340,358,371,0,100,126,126,156,156,191,205,234,234,293,293,293,293,46,46,80,80,80],"floor_reached":55,"language":"ENG","playtime":2506,"items_purged":["Dualcast","Strike_B","Strike_B","Strike_B","Defend_B"],"score":1446,"play_id":"0ed8e787-a660-4cb9-8a4d-cd9916361f7e","local_time":"20210206165305","is_ascension_mode":true,"campfire_choices":[{"data":"Coolheaded","floor":7,"key":"SMITH"},{"data":"Genetic Algorithm","floor":11,"key":"PURGE"},{"data":"Hologram","floor":15,"key":"SMITH"},{"data":"Defend_B","floor":27,"key":"PURGE"},{"data":"Strike_B","floor":29,"key":"PURGE"},{"data":"Reprogram","floor":32,"key":"SMITH"},{"data":"Coolheaded","floor":41,"key":"SMITH"},{"data":"Parasite","floor":47,"key":"PURGE"},{"data":"Chill","floor":49,"key":"PURGE"},{"data":"Defend_B","floor":53,"key":"PURGE"}],"circlet_count":0,"master_deck":["AscendersBane","Sweeping Beam","Coolheaded+1","All For One","White Noise","Hologram+1","Turbo","Sweeping Beam","All For One","Beam Cell","Go for the Eyes+1","Gash","Hologram","Reprogram+1","Coolheaded+1","Gash","Gash","Scrape","Seek","Seek"],"relics":["Calipers","Lizard Tail","MerchantsRug","Happy Flower","Peace Pipe","Ancient Tea Set","ClockworkSouvenir","Meat on the Bone","Sozu","MealTicket","Vajra","Shuriken","Unceasing Top","SlaversCollar","DollysMirror","Lantern","Bronze Scales","Blood Vial","Letter Opener","CeramicFish","Bird Faced Urn","Strawberry"],"acts_visited":["Exordium","TheCity","TheBeyond","TheEnding"],"potions_floor_usage":[6,16,16],"damage_taken":[{"damage":0,"enemies":"Small Slimes","floor":1,"turns":3},{"damage":0,"enemies":"Cultist","floor":4,"turns":3},{"damage":0,"enemies":"3 Sentries","floor":6,"turns":8},{"damage":33,"enemies":"Gremlin Nob","floor":8,"turns":4},{"damage":16,"enemies":"2 Louse","floor":10,"turns":2},{"damage":0,"enemies":"Lots of Slimes","floor":13,"turns":2},{"damage":0,"enemies":"Gremlin Gang","floor":14,"turns":2},{"damage":20,"enemies":"Hexaghost","floor":16,"turns":16},{"damage":6,"enemies":"Chosen","floor":18,"turns":4},{"damage":0,"enemies":"3 Byrds","floor":19,"turns":3},{"damage":4,"enemies":"Snecko","floor":20,"turns":3},{"damage":32,"enemies":"Gremlin Leader","floor":23,"turns":5},{"damage":20,"enemies":"Snake Plant","floor":24,"turns":3},{"damage":16,"enemies":"Book of Stabbing","floor":28,"turns":4},{"damage":10,"enemies":"Centurion and Healer","floor":30,"turns":3},{"damage":0,"enemies":"3 Cultists","floor":31,"turns":3},{"damage":5,"enemies":"Automaton","floor":33,"turns":5},{"damage":3,"enemies":"Orb Walker","floor":35,"turns":2},{"damage":0,"enemies":"3 Darklings","floor":36,"turns":3},{"damage":31,"enemies":"Sphere and 2 Shapes","floor":37,"turns":4},{"damage":0,"enemies":"Reptomancer","floor":40,"turns":2},{"damage":41,"enemies":"Nemesis","floor":42,"turns":5},{"damage":0,"enemies":"Reptomancer","floor":44,"turns":1},{"damage":43,"enemies":"4 Shapes","floor":45,"turns":2},{"damage":0,"enemies":"Writhing Mass","floor":46,"turns":4},{"damage":11,"enemies":"2 Orb Walkers","floor":48,"turns":3},{"damage":65,"enemies":"Donu and Deca","floor":50,"turns":5},{"damage":89,"enemies":"Shield and Spear","floor":54,"turns":4},{"damage":41,"enemies":"The Heart","floor":55,"turns":2}],"seed_played":"2656178198713942934","potions_obtained":[{"floor":4,"key":"SkillPotion"},{"floor":10,"key":"FearPotion"},{"floor":14,"key":"SteroidPotion"}],"is_trial":false,"path_per_floor":["M","$","?","M","?","E","R","E","T","M","R","$","M","M","R","B",null,"M","M","M","T","$","E","M","?","T","R","E","R","M","M","R","B",null,"M","M","M","$","?","E","R","E","T","E","M","M","R","?","R","B",null,"$","R","E","B"],"character_chosen":"DEFECT","items_purchased":["MerchantsRug","Happy Flower","Peace Pipe","Sweeping Beam","ClockworkSouvenir","Hologram","Meat on the Bone","Gash","Vajra","DollysMirror","Lantern","Seek"],"campfire_rested":0,"item_purchase_floors":[2,2,2,2,12,12,12,22,22,38,38,52],"current_hp_per_floor":[100,100,100,100,100,100,100,77,77,61,61,61,61,61,61,53,96,90,90,86,86,101,69,61,61,61,61,57,57,59,59,59,66,99,96,96,65,80,80,80,80,51,51,65,36,50,50,53,53,65,97,107,107,39,0,0],"gold":80,"neow_bonus":"HUNDRED_GOLD","is_daily":false,"chose_seed":false,"campfire_upgraded":4,"win_rate":0.0,"timestamp":1612659185,"path_taken":["M","$","?","?","?","E","R","E","T","M","R","$","?","M","R","BOSS","M","M","?","?","$","E","M","?","T","R","E","R","M","?","R","BOSS","M","M","M","$","?","E","R","E","T","E","?","M","R","?","R","BOSS","$","R","E","BOSS"],"items_purchased_type":["Relic","Relic","Relic","Card","Relic","Card","Relic","Card","Relic","Relic","Relic","Card"],"build_version":"2020-12-22","purchased_purges":5,"victory":false,"max_hp_per_floor":[100,100,100,100,100,100,100,110,110,110,110,110,110,110,110,110,110,110,110,110,110,110,110,110,110,110,110,110,110,110,110,110,110,110,110,110,110,110,110,110,110,110,110,110,110,110,107,107,107,107,107,107,107,114,114,114],"card_choices":[{"not_picked":["Steam","Rebound","Redo"],"picked":"SKIP","floor":1},{"not_picked":["Compile Driver","Turbo"],"picked":"Coolheaded","floor":4},{"not_picked":["Turbo","Auto Shields"],"picked":"All For One","floor":6},{"not_picked":["Conserve Battery","Skim"],"picked":"White Noise","floor":8},{"not_picked":["Undo","Redo","Stack"],"picked":"SKIP","floor":10},{"not_picked":["Recycle","Undo"],"picked":"Turbo","floor":13},{"not_picked":["Cold Snap","Chaos"],"picked":"Sweeping Beam","floor":14},{"not_picked":["Echo Form","Core Surge"],"picked":"All For One","floor":16},{"not_picked":["Redo","Cold Snap"],"picked":"Beam Cell","floor":18},{"not_picked":["Hologram","Ball Lightning","Auto Shields"],"picked":"SKIP","floor":19},{"not_picked":["Double Energy","Fusion"],"picked":"Go for the Eyes+1","floor":20},{"not_picked":["BootSequence","Turbo"],"picked":"Hologram","floor":23},{"not_picked":["Hologram","Beam Cell","Redo+1"],"picked":"SKIP","floor":24},{"not_picked":["Echo Form","Turbo","Sunder+1"],"picked":"SKIP","floor":28},{"not_picked":["Cold Snap","Chaos+1"],"picked":"Chill","floor":30},{"not_picked":["Hologram","Scrape"],"picked":"Reprogram","floor":31},{"not_picked":["Static Discharge","Force Field","Compile Driver"],"picked":"SKIP","floor":35},{"not_picked":["FTL","Cold Snap+1","Self Repair+1"],"picked":"SKIP","floor":36},{"not_picked":["Cold Snap","Turbo+1"],"picked":"Coolheaded","floor":37},{"not_picked":["Defragment","Steam","Hologram"],"picked":"SKIP","floor":40},{"not_picked":["Reboot","FTL","Redo+1"],"picked":"SKIP","floor":42},{"not_picked":["Reinforced Body","Compile Driver","Darkness+1"],"picked":"SKIP","floor":44},{"not_picked":["Hologram","Compile Driver+1","Defragment"],"picked":"SKIP","floor":45},{"not_picked":["Steam","Redo"],"picked":"Gash","floor":46},{"not_picked":["Steam","Conserve Battery+1"],"picked":"Scrape","floor":48},{"not_picked":["Conserve Battery","Meteor Strike"],"picked":"Seek","floor":54}],"player_experience":240877,"relics_obtained":[{"floor":6,"key":"Ancient Tea Set"},{"floor":8,"key":"Pear"},{"floor":9,"key":"Gambling Chip"},{"floor":21,"key":"MealTicket"},{"floor":23,"key":"StoneCalendar"},{"floor":26,"key":"Shuriken"},{"floor":28,"key":"Unceasing Top"},{"floor":40,"key":"Bronze Scales"},{"floor":42,"key":"Blood Vial"},{"floor":43,"key":"Letter Opener"},{"floor":44,"key":"CeramicFish"},{"floor":48,"key":"Bird Faced Urn"},{"floor":54,"key":"Strawberry"}],"event_choices":[{"damage_healed":0,"gold_gain":100,"player_choice":"Pray","damage_taken":0,"max_hp_gain":0,"max_hp_loss":0,"event_name":"Golden Shrine","floor":3,"gold_loss":0},{"damage_healed":0,"gold_gain":0,"cards_transformed":["Zap"],"player_choice":"Transformed","damage_taken":0,"max_hp_gain":0,"max_hp_loss":0,"event_name":"Transmorgrifier","floor":5,"gold_loss":0,"cards_obtained":["Genetic Algorithm"]},{"cards_removed":["Defend_B"],"damage_healed":0,"gold_gain":0,"player_choice":"Purged","damage_taken":0,"max_hp_gain":0,"max_hp_loss":0,"event_name":"Purifier","floor":25,"gold_loss":0},{"damage_healed":0,"gold_gain":100,"player_choice":"Pray","damage_taken":0,"max_hp_gain":0,"max_hp_loss":0,"event_name":"Golden Shrine","floor":39,"gold_loss":0},{"damage_healed":0,"gold_gain":0,"player_choice":"Fight","damage_taken":0,"max_hp_gain":0,"max_hp_loss":0,"event_name":"Mysterious Sphere","floor":48,"gold_loss":0}],"is_beta":false,"boss_relics":[{"not_picked":["Busted Crown","Cursed Key"],"picked":"Sozu"},{"not_picked":["Velvet Choker","Inserter"],"picked":"SlaversCollar"}],"items_purged_floors":[2,12,22,38,52],"is_endless":false,"potions_floor_spawned":[4,10,14,19,20,28,31,35,36,40,45,46,48,54],"killed_by":"The Heart","ascension_level":12}}