{"host":"yuhy0i501zzmn1iz","time":1612664554,"event":{"mods":["AchievementEnabler","BaseMod","Bestiary","Better Match","Better Note","Better Sensory Stone","Better Third Choice","Block Reminder","Curses Come First","Downfall","Minty Spire (QoL Compilation)","StSLib","slay the spire mod where everything is the same but ironclad has a cowboy hat"],"gold_per_floor":[119,134,149,149,169,169,169,180,180,198,209,237,237,257,257,354,354,373,373,373,387,406,433,433,446,472,472,484,484,484],"floor_reached":29,"language":"ENG","playtime":1454,"items_purged":[],"score":376,"play_id":"af842012-ebc3-4667-b4dc-5a0e6aadee2b","local_time":"20210206212234","is_ascension_mode":true,"campfire_choices":[{"data":"Noxious Fumes","floor":6.0,"key":"SMITH"},{"floor":15.0,"key":"REST"},{"data":"Crippling Poison","floor":24.0,"key":"SMITH"},{"data":"Noxious Fumes","floor":27.0,"key":"SMITH"}],"circlet_count":0,"master_deck":["Defend_G","Defend_G","Defend_G","Defend_G","Defend_G","Survivor","Neutralize","Deadly Poison","Noxious Fumes+1","Deadly Poison","Crippling Poison+1","Acrobatics","Bane","Slice","Dagger Throw","Parasite","Deadly Poison","Malaise+1","Deadly Poison","Bite","Bite","Bite","Bite","Bite","Bouncing Flask","Prepared+1","Noxious Fumes+1","Prepared+1","Dash"],"relics":["Ring of the Snake","Tingsha","HornCleat","Ice Cream","Runic Pyramid","InkBottle","Happy Flower"],"acts_visited":["Exordium","TheCity"],"potions_floor_usage":[],"damage_taken":[{"damage":6.0,"enemies":"Cultist","floor":1.0,"turns":5.0},{"damage":3.0,"enemies":"Jaw Worm","floor":2.0,"turns":5.0},{"damage":0.0,"enemies":"Small Slimes","floor":3.0,"turns":4.0},{"damage":0.0,"enemies":"Blue Slaver","floor":5.0,"turns":4.0},{"damage":13.0,"enemies":"Lots of Slimes","floor":8.0,"turns":4.0},{"damage":31.0,"enemies":"Large Slime","floor":10.0,"turns":7.0},{"damage":0.0,"enemies":"Exordium Wildlife","floor":11.0,"turns":4.0},{"damage":2.0,"enemies":"Gremlin Nob","floor":12.0,"turns":4.0},{"damage":4.0,"enemies":"Blue Slaver","floor":14.0,"turns":3.0},{"damage":26.0,"enemies":"Slime Boss","floor":16.0,"turns":9.0},{"damage":9.0,"enemies":"Shell Parasite","floor":18.0,"turns":5.0},{"damage":1.0,"enemies":"Chosen","floor":21.0,"turns":4.0},{"damage":11.0,"enemies":"Centurion and Healer","floor":22.0,"turns":6.0},{"damage":19.0,"enemies":"Gremlin Leader","floor":23.0,"turns":8.0},{"damage":2.0,"enemies":"Snecko","floor":25.0,"turns":5.0},{"damage":16.0,"enemies":"Sentry and Sphere","floor":28.0,"turns":4.0},{"damage":34,"enemies":"Slavers","floor":29,"turns":3}],"seed_played":"4189410433613799058","potions_obtained":[{"floor":2.0,"key":"Weak Potion"},{"floor":3.0,"key":"CultistPotion"},{"floor":8.0,"key":"LiquidMemories"},{"floor":10.0,"key":"Block Potion"},{"floor":14.0,"key":"SneckoOil"},{"floor":18.0,"key":"EntropicBrew"},{"floor":22.0,"key":"AttackPotion"},{"floor":25.0,"key":"AttackPotion"}],"is_trial":false,"path_per_floor":["M","M","M","?","M","R","?","M","T","M","M","E","?","M","R","B",null,"M","?","?","M","M","E","R","M","T","R","M","E"],"character_chosen":"THE_SILENT","items_purchased":[],"campfire_rested":1,"item_purchase_floors":[],"current_hp_per_floor":[57,54,54,54,54,54,54,41,41,10,10,8,25,21,42,16,57,48,48,48,49,49,38,38,46,46,46,30,0,0],"gold":484,"neow_bonus":"ONE_RARE_RELIC","is_daily":false,"chose_seed":false,"campfire_upgraded":3,"win_rate":0.0,"timestamp":1612664554,"path_taken":["M","M","M","?","M","R","?","M","T","M","?","E","?","M","R","BOSS","M","?","?","M","M","E","R","M","T","R","M","E"],"items_purchased_type":[],"build_version":"2020-12-22","purchased_purges":0,"victory":false,"max_hp_per_floor":[70,70,70,70,70,70,70,70,70,70,70,70,70,70,70,70,70,70,49,49,49,49,49,49,49,49,49,49,49,49],"card_choices":[{"not_picked":["Reflex","Cloak And Dagger"],"picked":"Deadly Poison","floor":1.0},{"not_picked":["Footwork","Heel Hook"],"picked":"Noxious Fumes","floor":2.0},{"not_picked":["Flying Knee","Poisoned Stab"],"picked":"Deadly Poison","floor":3.0},{"not_picked":["Flying Knee","Infinite Blades","Outmaneuver"],"picked":"SKIP","floor":5.0},{"not_picked":["Choke","Predator"],"picked":"Acrobatics","floor":8.0},{"not_picked":["Escape Plan","Distraction"],"picked":"Bane","floor":10.0},{"not_picked":["Expertise","Reflex"],"picked":"Slice","floor":11.0},{"not_picked":["Blade Dance","Cloak And Dagger"],"picked":"Dagger Throw","floor":12.0},{"not_picked":["PiercingWail","Finisher"],"picked":"Deadly Poison","floor":14.0},{"not_picked":["Glass Knife","Tools of the Trade"],"picked":"Malaise","floor":16.0},{"not_picked":["Concentrate","Underhanded Strike"],"picked":"Deadly Poison","floor":18.0},{"not_picked":["Outmaneuver","Leg Sweep"],"picked":"Bouncing Flask","floor":21.0},{"not_picked":["Blade Dance","Dagger Spray"],"picked":"Prepared+1","floor":22.0},{"not_picked":["Endless Agony+1","Dagger Throw+1"],"picked":"Noxious Fumes","floor":23.0},{"not_picked":["Skewer","Dodge and Roll"],"picked":"Prepared+1","floor":25.0},{"not_picked":["Prepared+1","Quick Slash"],"picked":"Dash","floor":28.0}],"player_experience":355368,"relics_obtained":[{"floor":9.0,"key":"HornCleat"},{"floor":12.0,"key":"Ice Cream"},{"floor":23.0,"key":"InkBottle"},{"floor":26.0,"key":"Happy Flower"}],"event_choices":[{"cards_removed":["downfall:Haunted"],"damage_healed":0.0,"max_hp_gain":0.0,"max_hp_loss":0.0,"gold_gain":0.0,"event_name":"Living Wall","player_choice":"Forget","floor":4.0,"gold_loss":0.0,"damage_taken":0.0},{"damage_healed":0.0,"max_hp_gain":0.0,"max_hp_loss":0.0,"gold_gain":0.0,"cards_transformed":["Strike_G"],"event_name":"Transmorgrifier","player_choice":"Transformed","floor":7.0,"gold_loss":0.0,"damage_taken":0.0,"cards_obtained":["Crippling Poison"]},{"damage_healed":17.0,"max_hp_gain":0.0,"max_hp_loss":0.0,"gold_gain":0.0,"event_name":"Mushrooms","player_choice":"Healed and dodged fight","floor":13.0,"gold_loss":0.0,"damage_taken":0.0,"cards_obtained":["Parasite"]},{"damage_healed":0.0,"max_hp_gain":0.0,"max_hp_loss":21.0,"gold_gain":0.0,"event_name":"Vampires","player_choice":"Became a vampire","floor":19.0,"gold_loss":0.0,"damage_taken":0.0,"cards_obtained":["Bite","Bite","Bite","Bite","Bite"]},{"damage_healed":0.0,"max_hp_gain":0.0,"max_hp_loss":0.0,"gold_gain":0.0,"event_name":"Accursed Blacksmith","player_choice":"Forge","floor":20.0,"gold_loss":0.0,"damage_taken":0.0,"cards_upgraded":["Malaise"]}],"is_beta":false,"boss_relics":[{"not_picked":["Pandora\u0027s Box","Tiny House"],"picked":"Runic Pyramid"}],"items_purged_floors":[],"is_endless":false,"potions_floor_spawned":[2,3,8,10,14,18,21,22,25],"killed_by":"Slavers","ascension_level":6}}