{"host":"hs5g5f0q56ds4vmn","time":1612664211,"event":{"mods":["AchievementEnabler","BaseMod","DeckTracker","Highlight Path","Minty Spire (QoL Compilation)","SuperFastMode","everything is the same but u backflip on backflip"],"gold_per_floor":[115,115,133,133,151,182,9,9,9,24,63,77,77,116,116,116,116],"floor_reached":16,"language":"KOR","playtime":607,"items_purged":[],"score":186,"play_id":"62be889f-8532-46d9-824e-22866cb64bd0","local_time":"20210207111651","is_ascension_mode":true,"campfire_choices":[{"data":"Beam Cell","floor":8.0,"key":"SMITH"},{"data":"Dualcast","floor":13.0,"key":"SMITH"},{"floor":15.0,"key":"REST"}],"circlet_count":0,"master_deck":["AscendersBane","Strike_B","Strike_B","Strike_B","Strike_B","Defend_B","Defend_B","Defend_B","Defend_B","Zap","Dualcast+1","Beam Cell+1","Ball Lightning","White Noise","Defragment","Cold Snap"],"relics":["Cracked Core","NeowsBlessing","Thread and Needle","Golden Idol","Pen Nib","Membership Card","Gremlin Horn","Omamori","Matryoshka"],"acts_visited":["Exordium"],"potions_floor_usage":[16],"damage_taken":[{"damage":0.0,"enemies":"Cultist","floor":1.0,"turns":1.0},{"damage":0.0,"enemies":"Jaw Worm","floor":3.0,"turns":1.0},{"damage":0.0,"enemies":"Small Slimes","floor":5.0,"turns":1.0},{"damage":20.0,"enemies":"Gremlin Nob","floor":6.0,"turns":4.0},{"damage":0.0,"enemies":"3 Louse","floor":10.0,"turns":2.0},{"damage":23.0,"enemies":"Lagavulin","floor":11.0,"turns":5.0},{"damage":0.0,"enemies":"Looter","floor":12.0,"turns":2.0},{"damage":16.0,"enemies":"Gremlin Nob","floor":14.0,"turns":4.0},{"damage":32,"enemies":"Hexaghost","floor":16,"turns":9}],"seed_played":"4371723843340659339","potions_obtained":[{"floor":6.0,"key":"SpeedPotion"},{"floor":11.0,"key":"AttackPotion"},{"floor":12.0,"key":"SneckoOil"}],"is_trial":false,"path_per_floor":["M","?","M","?","M","E","$","R","T","M","E","M","R","E","R","B"],"character_chosen":"DEFECT","items_purchased":["Membership Card","Defragment"],"campfire_rested":1,"item_purchase_floors":[7,7],"current_hp_per_floor":[68,68,68,68,68,48,48,48,48,48,25,25,25,9,29,0,0],"gold":116,"neow_bonus":"THREE_ENEMY_KILL","is_daily":false,"chose_seed":false,"campfire_upgraded":2,"win_rate":0.0,"timestamp":1612664211,"path_taken":["M","?","?","?","M","E","$","R","T","M","E","M","R","E","R","BOSS"],"items_purchased_type":["Relic","Card"],"build_version":"2020-12-22","purchased_purges":0,"victory":false,"max_hp_per_floor":[75,75,75,69,69,69,69,69,69,69,69,69,69,69,69,69,69],"card_choices":[{"not_picked":["Gash","Scrape"],"picked":"Cold Snap","floor":1.0},{"not_picked":["Reinforced Body","Storm"],"picked":"Beam Cell","floor":3.0},{"not_picked":["Streamline","Heatsinks"],"picked":"Ball Lightning","floor":5.0},{"not_picked":["Go for the Eyes","Compile Driver"],"picked":"White Noise","floor":6.0},{"not_picked":["Stack","Steam","Gash"],"picked":"SKIP","floor":10.0},{"not_picked":["Reinforced Body","Hyperbeam"],"picked":"Cold Snap","floor":11.0},{"not_picked":["Conserve Battery","Coolheaded","Barrage"],"picked":"SKIP","floor":12.0},{"not_picked":["Sweeping Beam","Gash","All For One"],"picked":"SKIP","floor":14.0}],"player_experience":627585,"relics_obtained":[{"floor":6.0,"key":"Pen Nib"},{"floor":9.0,"key":"Gremlin Horn"},{"floor":11.0,"key":"Omamori"},{"floor":14.0,"key":"Matryoshka"}],"event_choices":[{"cards_removed":["Cold Snap"],"damage_healed":0.0,"max_hp_gain":0.0,"max_hp_loss":0.0,"gold_gain":0.0,"event_name":"WeMeetAgain","player_choice":"Gave Card","floor":2.0,"gold_loss":0.0,"damage_taken":0.0,"relics_obtained":["Thread and Needle"]},{"damage_healed":0.0,"max_hp_gain":0.0,"max_hp_loss":6.0,"gold_gain":0.0,"event_name":"Golden Idol","player_choice":"Lose Max HP","floor":4.0,"gold_loss":0.0,"damage_taken":0.0,"relics_obtained":["Golden Idol"]}],"is_beta":false,"boss_relics":[],"items_purged_floors":[],"is_endless":false,"potions_floor_spawned":[6,11,12],"killed_by":"Hexaghost","ascension_level":11}}