{"host":"qc8p2flj7wsy3zpg","time":1612662651,"event":{"mods":["BaseMod","Highlight Path","Minty Spire (QoL Compilation)","Monster List Patch","Relic Stats","StSLib"],"gold_per_floor":[109,14,32,49,69,69,96,113,140,140,157,157,189,189,189,264,264,284,122,149,166,179,179,179,179],"floor_reached":24,"language":"ENG","playtime":916,"items_purged":["Strike_G"],"score":416,"play_id":"314f3488-7597-4362-9fbb-1aa16a51709a","local_time":"20210206195051","is_ascension_mode":true,"campfire_choices":[{"data":"Predator","floor":6,"key":"SMITH"},{"data":"Deadly Poison","floor":10,"key":"SMITH"},{"floor":12,"key":"REST"},{"floor":15,"key":"REST"},{"floor":23,"key":"REST"}],"circlet_count":0,"master_deck":["AscendersBane","Strike_G","Strike_G","Strike_G","Defend_G","Defend_G","Defend_G","Defend_G","Defend_G","Survivor","Neutralize","Poisoned Stab","Poisoned Stab","Caltrops","Dash","Burst","Predator+1","Dagger Throw","Deadly Poison+1","Bouncing Flask","After Image","Acrobatics+1","Catalyst","Deflect"],"relics":["Ring of the Snake","Oddly Smooth Stone","Peace Pipe","Bag of Preparation","Art of War","Runic Pyramid","Smiling Mask"],"acts_visited":["Exordium","TheCity"],"potions_floor_usage":[5,11],"damage_taken":[{"damage":0,"enemies":"Small Slimes","floor":1,"turns":6},{"damage":0,"enemies":"Cultist","floor":3,"turns":3},{"damage":1,"enemies":"Jaw Worm","floor":4,"turns":2},{"damage":0,"enemies":"Blue Slaver","floor":5,"turns":3},{"damage":24,"enemies":"Gremlin Nob","floor":7,"turns":4},{"damage":0,"enemies":"2 Fungi Beasts","floor":8,"turns":4},{"damage":3,"enemies":"Red Slaver","floor":11,"turns":3},{"damage":25,"enemies":"3 Sentries","floor":13,"turns":8},{"damage":19,"enemies":"The Guardian","floor":16,"turns":8},{"damage":6,"enemies":"3 Byrds","floor":18,"turns":3},{"damage":0,"enemies":"Spheric Guardian","floor":21,"turns":2},{"damage":48,"enemies":"Shelled Parasite and Fungi","floor":22,"turns":8},{"damage":22,"enemies":"Slavers","floor":24,"turns":1}],"seed_played":"-227069792219846445","potions_obtained":[{"floor":4,"key":"DistilledChaos"},{"floor":5,"key":"SneckoOil"},{"floor":8,"key":"SteroidPotion"},{"floor":18,"key":"LiquidBronze"}],"is_trial":false,"path_per_floor":["M","$","M","M","M","R","E","M","T","R","M","R","E","?","R","B",null,"M","$","T","M","M","R","E"],"character_chosen":"THE_SILENT","items_purchased":["Poisoned Stab","Caltrops","Catalyst"],"campfire_rested":3,"item_purchase_floors":[2,2,19],"current_hp_per_floor":[59,59,59,58,58,58,34,34,34,34,31,50,25,25,44,25,56,50,50,50,50,2,21,0,0],"gold":179,"neow_bonus":"RANDOM_COMMON_RELIC","is_daily":false,"chose_seed":false,"campfire_upgraded":2,"win_rate":0.0,"timestamp":1612662651,"path_taken":["M","$","M","M","M","R","E","M","T","R","M","R","E","?","R","BOSS","M","$","?","M","M","R","E"],"items_purchased_type":["Card","Card","Card"],"build_version":"2020-12-22","purchased_purges":1,"victory":false,"max_hp_per_floor":[66,66,66,66,66,66,66,66,66,66,66,66,66,66,66,66,66,66,66,66,66,66,66,66,66],"relic_stats":{"Peace Pipe":0,"counters":[13,55],"Bag of Preparation":[14],"Art of War":[5],"Smiling Mask":0,"obtain_stats":[{"Peace Pipe":7,"Oddly Smooth Stone":0,"Bag of Preparation":9,"Art of War":13,"Smiling Mask":20,"Ring of the Snake":0,"Runic Pyramid":17},{"Peace Pipe":5,"Oddly Smooth Stone":0,"Bag of Preparation":6,"Art of War":8,"Smiling Mask":10,"Ring of the Snake":0,"Runic Pyramid":9},{"Peace Pipe":18,"Oddly Smooth Stone":0,"Bag of Preparation":22,"Art of War":33,"Smiling Mask":44,"Ring of the Snake":0,"Runic Pyramid":41}],"Ring of the Snake":[26]},"card_choices":[{"not_picked":["Eviscerate","Outmaneuver"],"picked":"Poisoned Stab","floor":1},{"not_picked":["Dodge and Roll","Flying Knee"],"picked":"Dash","floor":3},{"not_picked":["Accuracy","Sucker Punch"],"picked":"Burst","floor":4},{"not_picked":["Underhanded Strike","Setup"],"picked":"Predator","floor":5},{"not_picked":["PiercingWail","Prepared"],"picked":"Dagger Throw","floor":7},{"not_picked":["Dagger Spray","PiercingWail"],"picked":"Deadly Poison","floor":8},{"not_picked":["Cloak And Dagger","Leg Sweep"],"picked":"Bouncing Flask","floor":13},{"not_picked":["A Thousand Cuts","Bullet Time"],"picked":"After Image","floor":16},{"not_picked":["Eviscerate","Outmaneuver"],"picked":"Acrobatics+1","floor":18},{"not_picked":["Bane","Acrobatics","Terror"],"picked":"SKIP","floor":21},{"not_picked":["Blade Dance","Slice"],"picked":"Deflect","floor":22}],"player_experience":2326432,"relics_obtained":[{"floor":7,"key":"Peace Pipe"},{"floor":9,"key":"Bag of Preparation"},{"floor":13,"key":"Art of War"},{"floor":20,"key":"Smiling Mask"}],"event_choices":[{"cards_removed":["Strike_G"],"damage_healed":0,"gold_gain":0,"player_choice":"Card Removal","damage_taken":0,"max_hp_gain":0,"max_hp_loss":0,"event_name":"Wheel of Change","floor":14,"gold_loss":0}],"is_beta":false,"boss_relics":[{"not_picked":["Sozu","Calling Bell"],"picked":"Runic Pyramid"}],"items_purged_floors":[19],"is_endless":false,"potions_floor_spawned":[4,5,8,18],"killed_by":"Slavers","ascension_level":20}}