{"host":"rtrm1sjndjmdxdc6","time":1612664431,"event":{"mods":["2.2 Compatiblity","AchievementEnabler","Act Like it!","BaseMod","Better Note","Better Vampires","Colored Map","Colored Powertips","Conspire","Downfall","Gensokyo","Marisa（F雨　魔理沙）","Minty Spire (QoL Compilation)","Permanent Neow","Quick Restart","Rare Cards Sparkle","Reimu（博丽灵梦）","Remilia（蕾米莉亚）","Replay The Spire","RumiaBox-露米娅的神秘盒子","Shop Mod","Spicy Shops","StSLib","The Animator","The Bug Knight","The Jungle","Unceasing Turn Reminder","Yakumo Yukari mod","Youmu（魂魄妖梦）","Yuyuko","【功能Mod】混沌之环修复补丁","【功能Mod】聪明的最终Boss","篝火指南"],"gold_per_floor":[118,18,18,37,91,91,123,123,147,147,179,179,196,208,208,312,312,322,322,322],"floor_reached":19,"language":"ZHS","playtime":2100,"items_purged":[],"score":175,"play_id":"5e866633-014d-4dca-98aa-dac4b1f14b3b","local_time":"20210207102031","is_ascension_mode":false,"campfire_choices":[{"data":"Deathly Ground","floor":6,"key":"SMITH"},{"data":"Ghostly","floor":8,"key":"SMITH"},{"data":"Faramita\u0027s Temptation","floor":10,"key":"SMITH"},{"data":"Infinite Reviving","floor":15,"key":"SMITH"}],"circlet_count":0,"master_deck":["Fantasy Butterflies","Fantasy Butterflies","Fantasy Butterflies","Fantasy Butterflies","Fantasy Butterflies","Dreamy Sakura","Dreamy Sakura","Dreamy Sakura","Dreamy Sakura","Dreamy Sakura","Deathly Ground+1","Faramita\u0027s Temptation+1","Serene Spring","Ghostly+1","Phantom Gift","Cerasus Subhirtella","Postpone Bloom","Infinite Reviving+1","Dark Wind","Open The Fan","The Inky Sakura"],"relics":["Coronal","Yuyuko\u0027s fan","Pen Nib","BranchBurnRelic","Replay:Accelerometer","EasyGame_NEW"],"acts_visited":["Exordium","TheCity"],"potions_floor_usage":[],"damage_taken":[{"damage":32,"enemies":"Jaw Worm","floor":1,"turns":6},{"damage":9,"enemies":"Small Slimes","floor":4,"turns":3},{"damage":46,"enemies":"conspire:MimicChest","floor":5,"turns":9},{"damage":54,"enemies":"Lagavulin","floor":7,"turns":9},{"damage":44,"enemies":"Replay:BlueRogue","floor":11,"turns":8},{"damage":16,"enemies":"2 Louse","floor":13,"turns":3},{"damage":41,"enemies":"Red Slaver","floor":14,"turns":4},{"damage":104,"enemies":"Fading Forest","floor":16,"turns":12},{"damage":29,"enemies":"Chosen","floor":18,"turns":5},{"damage":0,"enemies":"Snake Plant","floor":19,"turns":1}],"seed_played":"4861093182567626677","potions_obtained":[{"floor":4,"key":"EssenceOfSteel"},{"floor":5,"key":"Fire Potion"}],"is_trial":false,"path_per_floor":["M","?","$","M","?","R","E","R","T","R","E","?","M","M","R","B",null,"M","M"],"character_chosen":"YUYOKO","items_purchased":[],"campfire_rested":0,"item_purchase_floors":[],"current_hp_per_floor":[23,23,23,32,15,15,35,35,35,35,36,36,36,21,21,3,44,39,39,39],"gold":322,"neow_bonus":"TEN_PERCENT_HP_BONUS","is_daily":false,"chose_seed":false,"campfire_upgraded":4,"win_rate":0.0,"timestamp":1612664431,"path_taken":["M","?","$","M","?","R","E","R","T","R","E","?","M","M","R","BOSS","M","M"],"items_purchased_type":[],"build_version":"2020-12-22","purchased_purges":0,"victory":false,"max_hp_per_floor":[44,44,44,44,44,44,44,44,44,44,44,44,44,44,44,44,44,44,44,44],"card_choices":[{"not_picked":["Unstable Ward","Unborn Light"],"picked":"Serene Spring","floor":1},{"not_picked":["City of Death","Gone"],"picked":"Phantom Gift","floor":4},{"not_picked":["Suicide","Ghostdom Sakura"],"picked":"Cerasus Subhirtella","floor":5},{"not_picked":["Sweet of Phantom","Steamed Phantom"],"picked":"Postpone Bloom","floor":7},{"not_picked":["City of Death","Unstable Ward"],"picked":"Infinite Reviving","floor":11},{"not_picked":["Sweet of Phantom","Ghostdom Sakura"],"picked":"Dark Wind","floor":13},{"not_picked":["Wandering Soul","Ghostdom Sakura"],"picked":"Open The Fan","floor":14},{"not_picked":["Home of Suicide","Bury in The Template"],"picked":"The Inky Sakura","floor":16},{"not_picked":["Postpone Bloom","End of Faramita","All Wander"],"picked":"SKIP","floor":18}],"player_experience":125943,"relics_obtained":[{"floor":5,"key":"Pen Nib"},{"floor":7,"key":"Dead Branch"},{"floor":11,"key":"Replay:Accelerometer"}],"event_choices":[{"damage_healed":0,"gold_gain":0,"player_choice":"Argue","damage_taken":0,"max_hp_gain":0,"max_hp_loss":0,"event_name":"conspire:LoneGhost","floor":2,"gold_loss":0},{"damage_healed":0,"gold_gain":0,"player_choice":"Bought 0 Potions","damage_taken":0,"max_hp_gain":0,"max_hp_loss":0,"event_name":"The Woman in Blue","floor":12,"gold_loss":0}],"is_beta":false,"boss_relics":[{"not_picked":["Replay:Bronze Core","conspire:SlowCooker"],"picked":"EasyGame_NEW"}],"items_purged_floors":[],"is_endless":false,"potions_floor_spawned":[4,5],"killed_by":"Snake Plant","ascension_level":0}}