{"host":"6gwm7y0tp7acoxay","time":1612697127,"event":{"mods":["BaseMod","Colored Map","Keyboard Shortcuts","Minty Spire (QoL Compilation)","Quick Restart","StSLib","SuperFastMode","everything is the same but u backflip on backflip"],"gold_per_floor":[111,111,111,111,111,111,151,185,185,199,235,74,117,9,9,107,107,127,127,145,60,110,154,193,234,260,302,323,367,367,400,400,502,502,520,520,188,204,204,238,238,273,273,317,341,394,449,492,504,516,528,540,552,70,109,109],"floor_reached":57,"language":"KOR","playtime":2305,"items_purged":["Inflame"],"score":3946,"play_id":"392f4eed-09bc-4774-87f3-25325dbb84fe","local_time":"20210207202527","daily_mods":["SealedDeck","Heirloom","Flight"],"is_ascension_mode":true,"campfire_choices":[{"floor":6.0,"key":"REST"},{"data":"Feel No Pain","floor":15.0,"key":"SMITH"},{"data":"Barricade","floor":32.0,"key":"SMITH"},{"floor":41.0,"key":"RECALL"},{"data":"Demon Form","floor":49.0,"key":"SMITH"},{"data":"Disarm","floor":53,"key":"SMITH"}],"circlet_count":0,"master_deck":["AscendersBane","Intimidate+1","Wild Strike+1","Pommel Strike","Body Slam+1","Shrug It Off","Fire Breathing","Disarm+1","Whirlwind","Uppercut+1","Evolve+1","Armaments+1","Second Wind","Burning Pact","Feel No Pain+1","Seeing Red","Shockwave","Purity+1","Juggernaut+1","Exhume","Barricade+1","Sentinel+1","Reaper","Corruption","Demon Form+1"],"relics":["Burning Blood","Dead Branch","Golden Idol","Potion Belt","Akabeko","Pear","CaptainsWheel","Prayer Wheel","Orrery","Boot","Black Star","Dream Catcher","Sundial","Bottled Flame","Lantern","Toy Ornithopter","CeramicFish","Gremlin Horn","Art of War","Orichalcum","Strawberry","Mercury Hourglass","Whetstone","Snecko Eye","Ice Cream","Vajra","Omamori","FossilizedHelix","Pocketwatch","Darkstone Periapt","Magic Flower","Smiling Mask","MawBank","War Paint","Shuriken","Ancient Tea Set","Nunchaku","Mummified Hand","OrangePellets","Lizard Tail","Blue Candle"],"acts_visited":["Exordium","TheCity","TheBeyond","TheEnding"],"potions_floor_usage":[],"damage_taken":[{"damage":12.0,"enemies":"Small Slimes","floor":1.0,"turns":3.0},{"damage":6.0,"enemies":"Lagavulin","floor":7.0,"turns":7.0},{"damage":17.0,"enemies":"3 Sentries","floor":8.0,"turns":4.0},{"damage":0.0,"enemies":"2 Louse","floor":10.0,"turns":2.0},{"damage":13.0,"enemies":"Lagavulin","floor":11.0,"turns":6.0},{"damage":12.0,"enemies":"3 Sentries","floor":13.0,"turns":4.0},{"damage":0.0,"enemies":"Slime Boss","floor":16.0,"turns":4.0},{"damage":11.0,"enemies":"Shell Parasite","floor":18.0,"turns":3.0},{"damage":0.0,"enemies":"3 Byrds","floor":20.0,"turns":6.0},{"damage":24.0,"enemies":"Book of Stabbing","floor":23.0,"turns":5.0},{"damage":30.0,"enemies":"Slavers","floor":24.0,"turns":3.0},{"damage":0.0,"enemies":"Book of Stabbing","floor":25.0,"turns":5.0},{"damage":0.0,"enemies":"Slavers","floor":27.0,"turns":1.0},{"damage":21.0,"enemies":"Snake Plant","floor":28.0,"turns":3.0},{"damage":0.0,"enemies":"Gremlin Leader","floor":29.0,"turns":4.0},{"damage":6.0,"enemies":"Chosen and Byrds","floor":31.0,"turns":5.0},{"damage":29.0,"enemies":"Champ","floor":33.0,"turns":7.0},{"damage":0.0,"enemies":"3 Shapes","floor":35.0,"turns":1.0},{"damage":5.0,"enemies":"Orb Walker","floor":38.0,"turns":3.0},{"damage":0.0,"enemies":"Reptomancer","floor":40.0,"turns":4.0},{"damage":16.0,"enemies":"Nemesis","floor":42.0,"turns":7.0},{"damage":0.0,"enemies":"Giant Head","floor":44.0,"turns":4.0},{"damage":0.0,"enemies":"Transient","floor":45.0,"turns":6.0},{"damage":5.0,"enemies":"Nemesis","floor":46.0,"turns":3.0},{"damage":0.0,"enemies":"Reptomancer","floor":47.0,"turns":3.0},{"damage":0.0,"enemies":"Giant Head","floor":48.0,"turns":4.0},{"damage":0.0,"enemies":"Awakened One","floor":50.0,"turns":5.0},{"damage":50,"enemies":"Donu and Deca","floor":51,"turns":5},{"damage":0,"enemies":"Shield and Spear","floor":55,"turns":1},{"damage":24,"enemies":"The Heart","floor":56,"turns":5}],"seed_played":"2409029220618092287","potions_obtained":[{"floor":11.0,"key":"ColorlessPotion"},{"floor":13.0,"key":"PowerPotion"},{"floor":18.0,"key":"PowerPotion"},{"floor":24.0,"key":"Weak Potion"},{"floor":27.0,"key":"Explosive Potion"},{"floor":29.0,"key":"SteroidPotion"},{"floor":40.0,"key":"Swift Potion"},{"floor":42.0,"key":"Swift Potion"}],"is_trial":true,"path_per_floor":["M","?","?","?","?","R","E","E","T","M","E","$","E","$","R","B",null,"M","?","M","?","?","E","E","E","T","E","M","E","$","M","R","B",null,"M","?","$","M","?","E","R","E","T","E","M","E","E","E","R","B","B",null,"R","$","E","B",null],"character_chosen":"IRONCLAD","items_purchased":["Orrery","Purity","Ice Cream","Mummified Hand","OrangePellets"],"campfire_rested":1,"item_purchase_floors":[12,14,37,54,54],"current_hp_per_floor":[62,62,44,24,24,44,44,43,43,49,42,42,36,36,36,42,69,64,64,70,70,70,52,28,39,39,52,37,43,43,43,43,25,70,76,76,76,77,77,85,85,85,85,85,85,85,85,85,85,85,44,75,75,75,84,80],"gold":109,"neow_bonus":"","is_daily":false,"chose_seed":false,"campfire_upgraded":4,"win_rate":0.0,"timestamp":1612697127,"path_taken":["M","?","?","?","?","R","E","E","T","?","E","?","E","?","R","BOSS","M","?","?","?","?","E","E","E","T","E","?","E","?","?","R","BOSS","M","?","$","M","?","E","R","E","T","E","M","E","E","E","R","BOSS","BOSS","R","$","E","BOSS"],"items_purchased_type":["Relic","Card","Relic","Relic","Relic"],"build_version":"2020-12-22","purchased_purges":1,"victory":true,"max_hp_per_floor":[75,68,68,68,68,68,68,78,78,78,78,78,78,78,78,78,78,78,78,78,78,78,78,78,78,78,85,85,85,85,85,85,85,85,85,85,85,85,85,85,85,85,85,85,85,85,85,85,85,85,85,85,85,85,85,85],"card_choices":[{"not_picked":["Cleave","Shrug It Off"],"picked":"Armaments","floor":1.0},{"not_picked":["Perfected Strike","Clash","Reckless Charge"],"picked":"SKIP","floor":7.0},{"not_picked":["Impervious","Ghostly Armor"],"picked":"Second Wind","floor":8.0},{"not_picked":["Body Slam","Reckless Charge","Pommel Strike"],"picked":"SKIP","floor":10.0},{"not_picked":["Flex","Anger"],"picked":"Burning Pact","floor":11.0},{"not_picked":["Iron Wave","Limit Break"],"picked":"Feel No Pain","floor":12.0},{"not_picked":["Cleave","Warcry"],"picked":"Seeing Red","floor":12.0},{"not_picked":["Infernal Blade","Limit Break"],"picked":"Shockwave","floor":12.0},{"not_picked":["Headbutt","Rampage","Clash"],"picked":"SKIP","floor":13.0},{"not_picked":["Feed","Limit Break"],"picked":"Juggernaut","floor":16.0},{"not_picked":["Bloodletting","Armaments","Warcry"],"picked":"SKIP","floor":18.0},{"not_picked":["Uppercut","Searing Blow","Dual Wield"],"picked":"SKIP","floor":18.0},{"not_picked":["Flame Barrier","Whirlwind"],"picked":"Inflame","floor":20.0},{"not_picked":["Flame Barrier","Perfected Strike","Heavy Blade"],"picked":"SKIP","floor":20.0},{"not_picked":["Flex","Evolve","Thunderclap"],"picked":"SKIP","floor":23.0},{"not_picked":["Shrug It Off+1","Cleave","Pommel Strike"],"picked":"SKIP","floor":24.0},{"not_picked":["Entrench","Evolve","Infernal Blade"],"picked":"SKIP","floor":25.0},{"not_picked":["Flame Barrier","Seeing Red"],"picked":"Exhume","floor":27.0},{"not_picked":["Body Slam","Flex+1","Clothesline"],"picked":"SKIP","floor":28.0},{"not_picked":["Blood for Blood","Armaments","Twin Strike+1"],"picked":"SKIP","floor":28.0},{"not_picked":["Dropkick","Blood for Blood"],"picked":"Barricade","floor":29.0},{"not_picked":["Anger","Sentinel","Pommel Strike"],"picked":"SKIP","floor":31.0},{"not_picked":["Body Slam","Havoc+1","Clothesline"],"picked":"SKIP","floor":31.0},{"not_picked":["Anger","Pommel Strike"],"picked":"Sentinel","floor":31.0},{"not_picked":["Body Slam","Havoc+1","Clothesline"],"picked":"SKIP","floor":31.0},{"not_picked":["Double Tap","Juggernaut"],"picked":"Reaper","floor":33.0},{"not_picked":["Intimidate","Dark Embrace","Shrug It Off"],"picked":"SKIP","floor":35.0},{"not_picked":["Iron Wave","Wild Strike","Heavy Blade"],"picked":"SKIP","floor":35.0},{"not_picked":["Perfected Strike","Shrug It Off","Sword Boomerang"],"picked":"SKIP","floor":38.0},{"not_picked":["Flex","Thunderclap+1","Armaments"],"picked":"SKIP","floor":38.0},{"not_picked":["Whirlwind+1","Iron Wave","Battle Trance"],"picked":"SKIP","floor":40.0},{"not_picked":["Iron Wave","Pummel","Whirlwind"],"picked":"SKIP","floor":42.0},{"not_picked":["Perfected Strike","Armaments+1"],"picked":"Corruption","floor":44.0},{"not_picked":["Heavy Blade","Rupture+1","Disarm+1"],"picked":"SKIP","floor":45.0},{"not_picked":["Searing Blow","Infernal Blade","Body Slam"],"picked":"SKIP","floor":45.0},{"not_picked":["Heavy Blade","Rupture+1","Disarm+1"],"picked":"SKIP","floor":45.0},{"not_picked":["Searing Blow","Infernal Blade","Body Slam"],"picked":"SKIP","floor":45.0},{"not_picked":["Flex","Sever Soul"],"picked":"Demon Form","floor":46.0},{"not_picked":["Searing Blow","Sentinel+1","Pommel Strike"],"picked":"SKIP","floor":47.0},{"not_picked":["Flex","Twin Strike","Body Slam"],"picked":"SKIP","floor":48.0},{"not_picked":["Hemokinesis","Flex+1","Reckless Charge"],"picked":"SKIP","floor":55}],"player_experience":4496629,"relics_obtained":[{"floor":7.0,"key":"Akabeko"},{"floor":8.0,"key":"Pear"},{"floor":9.0,"key":"CaptainsWheel"},{"floor":11.0,"key":"Prayer Wheel"},{"floor":13.0,"key":"Boot"},{"floor":23.0,"key":"Sundial"},{"floor":23.0,"key":"Bottled Flame"},{"floor":24.0,"key":"Lantern"},{"floor":24.0,"key":"Toy Ornithopter"},{"floor":25.0,"key":"CeramicFish"},{"floor":25.0,"key":"Gremlin Horn"},{"floor":26.0,"key":"Art of War"},{"floor":27.0,"key":"Orichalcum"},{"floor":27.0,"key":"Strawberry"},{"floor":29.0,"key":"Mercury Hourglass"},{"floor":29.0,"key":"Whetstone"},{"floor":40.0,"key":"Vajra"},{"floor":40.0,"key":"Omamori"},{"floor":42.0,"key":"FossilizedHelix"},{"floor":42.0,"key":"Pocketwatch"},{"floor":44.0,"key":"Darkstone Periapt"},{"floor":44.0,"key":"Magic Flower"},{"floor":46.0,"key":"Smiling Mask"},{"floor":46.0,"key":"MawBank"},{"floor":47.0,"key":"War Paint"},{"floor":47.0,"key":"Shuriken"},{"floor":48.0,"key":"Ancient Tea Set"},{"floor":48.0,"key":"Nunchaku"},{"floor":55,"key":"Lizard Tail"},{"floor":55,"key":"Blue Candle"}],"event_choices":[{"damage_healed":0.0,"max_hp_gain":0.0,"max_hp_loss":7.0,"gold_gain":0.0,"event_name":"Golden Idol","player_choice":"Lose Max HP","floor":2.0,"gold_loss":0.0,"damage_taken":0.0,"relics_obtained":["Golden Idol"]},{"damage_healed":0.0,"max_hp_gain":0.0,"max_hp_loss":0.0,"gold_gain":0.0,"event_name":"Scrap Ooze","player_choice":"Success","floor":3.0,"gold_loss":0.0,"damage_taken":18.0,"relics_obtained":["Potion Belt"]},{"damage_healed":0.0,"max_hp_gain":0.0,"max_hp_loss":0.0,"gold_gain":0.0,"event_name":"Shining Light","player_choice":"Entered Light","floor":4.0,"gold_loss":0.0,"damage_taken":20.0,"cards_upgraded":["Body Slam","Intimidate"]},{"damage_healed":0.0,"max_hp_gain":0.0,"max_hp_loss":0.0,"gold_gain":0.0,"event_name":"Living Wall","player_choice":"Grow","floor":5.0,"gold_loss":0.0,"damage_taken":0.0,"cards_upgraded":["Armaments"]},{"damage_healed":0.0,"max_hp_gain":0.0,"max_hp_loss":0.0,"gold_gain":0.0,"event_name":"Accursed Blacksmith","player_choice":"Forge","floor":19.0,"gold_loss":0.0,"damage_taken":0.0,"cards_upgraded":["Evolve"]},{"damage_healed":0.0,"max_hp_gain":0.0,"max_hp_loss":0.0,"gold_gain":0.0,"event_name":"Addict","player_choice":"Obtained Relic","floor":21.0,"gold_loss":85.0,"damage_taken":0.0,"relics_obtained":["Dream Catcher"]},{"damage_healed":0.0,"max_hp_gain":0.0,"max_hp_loss":0.0,"gold_gain":100.0,"event_name":"The Joust","player_choice":"Bet on Murderer","floor":22.0,"gold_loss":50.0,"damage_taken":0.0},{"damage_healed":0.0,"max_hp_gain":0.0,"max_hp_loss":0.0,"gold_gain":0.0,"event_name":"SensoryStone","player_choice":"Memory 1","floor":36.0,"gold_loss":0.0,"damage_taken":0.0},{"damage_healed":0.0,"max_hp_gain":0.0,"max_hp_loss":0.0,"gold_gain":0.0,"event_name":"Upgrade Shrine","player_choice":"Upgraded","floor":39.0,"gold_loss":0.0,"damage_taken":0.0,"cards_upgraded":["Juggernaut"]}],"is_beta":false,"boss_relics":[{"not_picked":["Runic Dome","Coffee Dripper"],"picked":"Black Star"},{"not_picked":["Black Blood","Philosopher\u0027s Stone"],"picked":"Snecko Eye"}],"items_purged_floors":[54],"is_endless":false,"potions_floor_spawned":[11,13,18,24,27,29,31,40,42,44,46],"ascension_level":20}}