{"host":"d52brwsy6af8zvaq","time":1612674617,"event":{"mods":["AchievementEnabler","BaseMod","Bestiary","Highlight Path","Minty Spire (QoL Compilation)","Quick Restart","Relic Stats","ojb\u0027s Better Paths Mod"],"gold_per_floor":[118,134,134,134,134,134,164,129,156,181,181,19,39,66,66,140,140,158,158,158,172,190,217,33,33,33,49,49,75,75,88,88,88,88],"floor_reached":33,"language":"ENG","playtime":1247,"items_purged":[],"score":652,"play_id":"4669a39a-3a1b-4032-806f-d9b1244d26e5","local_time":"20210206221017","is_ascension_mode":true,"campfire_choices":[{"data":"Zap","floor":6,"key":"SMITH"},{"floor":11,"key":"REST"},{"floor":15,"key":"REST"},{"floor":25,"key":"REST"},{"floor":28,"key":"REST"},{"floor":30,"key":"REST"},{"data":"Apotheosis","floor":32,"key":"SMITH"}],"circlet_count":0,"master_deck":["AscendersBane","Strike_B+1","Strike_B+1","Defend_B","Defend_B","Defend_B","Zap+1","Dualcast","Chill","Cold Snap","Steam","Hologram","Static Discharge","Doom and Gloom","Compile Driver","Leap","Core Surge","Sunder+1","Buffer+1","Genetic Algorithm+1","Scrape+1","Conserve Battery","BootSequence","Apotheosis+1","Consume","Stack"],"relics":["Cracked Core","NeowsBlessing","Regal Pillow","Nunchaku","Omamori","Incense Burner","Letter Opener","Astrolabe","Ornamental Fan","Toy Ornithopter","Tiny Chest"],"acts_visited":["Exordium","TheCity"],"potions_floor_usage":[10,14,21,23,23,29,33],"damage_taken":[{"damage":0,"enemies":"Cultist","floor":1,"turns":1},{"damage":0,"enemies":"Jaw Worm","floor":2,"turns":1},{"damage":0,"enemies":"Gremlin Nob","floor":7,"turns":1},{"damage":19,"enemies":"3 Sentries","floor":10,"turns":13},{"damage":8,"enemies":"2 Louse","floor":13,"turns":2},{"damage":40,"enemies":"Gremlin Nob","floor":14,"turns":3},{"damage":37,"enemies":"Hexaghost","floor":16,"turns":11},{"damage":9,"enemies":"Spheric Guardian","floor":18,"turns":6},{"damage":4,"enemies":"2 Thieves","floor":21,"turns":4},{"damage":19,"enemies":"Shelled Parasite and Fungi","floor":22,"turns":5},{"damage":17,"enemies":"Book of Stabbing","floor":23,"turns":6},{"damage":15,"enemies":"Centurion and Healer","floor":27,"turns":5},{"damage":59,"enemies":"Gremlin Leader","floor":29,"turns":8},{"damage":0,"enemies":"Cultist and Chosen","floor":31,"turns":7},{"damage":72,"enemies":"Champ","floor":33,"turns":18}],"seed_played":"8744532611021720005","potions_obtained":[{"floor":1,"key":"SteroidPotion"},{"floor":2,"key":"FocusPotion"},{"floor":16,"key":"Fire Potion"},{"floor":18,"key":"Fire Potion"},{"floor":22,"key":"Block Potion"},{"floor":23,"key":"Energy Potion"},{"floor":27,"key":"Fire Potion"}],"is_trial":false,"path_per_floor":["M","M","?","?","?","R","E","?","T","E","R","$","M","E","R","B",null,"M","$","?","M","M","E","$","R","T","M","R","E","R","M","R","B"],"character_chosen":"DEFECT","items_purchased":["Static Discharge","Doom and Gloom","Apotheosis"],"campfire_rested":5,"item_purchase_floors":[12,12,24],"current_hp_per_floor":[64,64,64,43,25,25,25,42,42,23,59,59,51,11,47,10,56,47,47,41,37,18,1,1,37,37,22,58,4,40,40,40,0,0],"gold":88,"neow_bonus":"THREE_ENEMY_KILL","is_daily":false,"chose_seed":false,"campfire_upgraded":2,"win_rate":0.0,"timestamp":1612674617,"path_taken":["M","?","?","?","?","R","E","?","T","E","R","$","M","E","R","BOSS","M","$","?","M","M","E","?","R","T","M","R","E","R","M","R","BOSS"],"items_purchased_type":["Card","Card","Card"],"build_version":"2020-12-22","purchased_purges":0,"victory":false,"max_hp_per_floor":[71,71,71,71,71,71,71,71,71,71,71,71,71,71,71,71,71,71,71,71,71,71,71,71,71,71,71,71,71,71,71,71,71,71],"relic_stats":{"Regal Pillow":75,"Nunchaku":[10],"counters":[15,91],"Ornamental Fan":[0],"Astrolabe":["Sunder","Buffer","Genetic Algorithm"],"Tiny Chest":0,"Letter Opener":[101],"obtain_stats":[{"Regal Pillow":5,"Nunchaku":7,"NeowsBlessing":0,"Ornamental Fan":23,"Astrolabe":17,"Tiny Chest":29,"Omamori":9,"Incense Burner":10,"Letter Opener":14,"Cracked Core":0,"Toy Ornithopter":26},{"Regal Pillow":2,"Nunchaku":3,"NeowsBlessing":0,"Ornamental Fan":11,"Astrolabe":7,"Tiny Chest":13,"Omamori":3,"Incense Burner":4,"Letter Opener":6,"Cracked Core":0,"Toy Ornithopter":11},{"Regal Pillow":2,"Nunchaku":3,"NeowsBlessing":0,"Ornamental Fan":53,"Astrolabe":32,"Tiny Chest":66,"Omamori":3,"Incense Burner":16,"Letter Opener":21,"Cracked Core":0,"Toy Ornithopter":53}],"Toy Ornithopter":10},"card_choices":[{"not_picked":["Auto Shields","Recycle"],"picked":"Chill","floor":1},{"not_picked":["Coolheaded","Blizzard"],"picked":"Cold Snap","floor":2},{"not_picked":["Coolheaded","Aggregate"],"picked":"Steam","floor":7},{"not_picked":["Recycle","Blizzard"],"picked":"Hologram","floor":10},{"not_picked":["Steam","Scrape"],"picked":"Compile Driver","floor":13},{"not_picked":["Skim","Turbo"],"picked":"Leap","floor":14},{"not_picked":["Machine Learning","Multi-Cast"],"picked":"Core Surge","floor":16},{"not_picked":["Ball Lightning","Compile Driver"],"picked":"Scrape+1","floor":18},{"not_picked":["Coolheaded","Cold Snap"],"picked":"Conserve Battery","floor":21},{"not_picked":["Steam","Steam Power"],"picked":"BootSequence","floor":22},{"not_picked":["Multi-Cast","Doom and Gloom","Ball Lightning+1"],"picked":"SKIP","floor":23},{"not_picked":["Force Field","Cold Snap"],"picked":"Consume","floor":27},{"not_picked":["Cold Snap","Streamline"],"picked":"Stack","floor":29},{"not_picked":["Streamline","Coolheaded","Genetic Algorithm"],"picked":"SKIP","floor":31}],"player_experience":2178295,"relics_obtained":[{"floor":7,"key":"Nunchaku"},{"floor":9,"key":"Omamori"},{"floor":10,"key":"Incense Burner"},{"floor":14,"key":"Letter Opener"},{"floor":23,"key":"Ornamental Fan"},{"floor":26,"key":"Toy Ornithopter"},{"floor":29,"key":"Tiny Chest"}],"event_choices":[{"damage_healed":0,"gold_gain":0,"player_choice":"Ignored","damage_taken":0,"max_hp_gain":0,"max_hp_loss":0,"event_name":"Liars Game","floor":3,"gold_loss":0},{"damage_healed":0,"gold_gain":0,"player_choice":"Entered Light","damage_taken":21,"max_hp_gain":0,"max_hp_loss":0,"event_name":"Shining Light","floor":4,"gold_loss":0,"cards_upgraded":["Strike_B","Strike_B"]},{"damage_healed":0,"gold_gain":0,"player_choice":"Success","damage_taken":18,"relics_obtained":["Regal Pillow"],"max_hp_gain":0,"max_hp_loss":0,"event_name":"Scrap Ooze","floor":5,"gold_loss":0},{"damage_healed":17,"gold_gain":0,"player_choice":"Healed","damage_taken":0,"max_hp_gain":0,"max_hp_loss":0,"event_name":"The Cleric","floor":8,"gold_loss":35},{"damage_healed":0,"gold_gain":0,"player_choice":"","damage_taken":6,"max_hp_gain":0,"max_hp_loss":0,"event_name":"Knowing Skull","floor":20,"potions_obtained":[],"gold_loss":0,"cards_obtained":[]}],"is_beta":false,"boss_relics":[{"not_picked":["Ectoplasm","FrozenCore"],"picked":"Astrolabe"}],"items_purged_floors":[],"is_endless":false,"potions_floor_spawned":[1,2,16,18,22,23,27],"killed_by":"Champ","ascension_level":20}}