{"host":"q7zm4xeotpldz9qq","time":1612694413,"event":{"mods":["ATMod(阿瑾Mod)","BaseMod","Lobotomy","LobotomyExtend","Minty Spire (QoL Compilation)","Replay The Spire","StSLib","[功能]功能增强和修复MOD"],"gold_per_floor":[119,119,119,160,160,160,160],"floor_reached":6,"language":"ZHS","playtime":452,"items_purged":[],"score":193,"play_id":"b4bdde00-4ac9-4185-9a5e-dd96ea7c797a","local_time":"20210207184013","daily_mods":["SealedDeck","Specialized","Vintage","ControlledChaos","Allstar","Red Cards","Colorless Cards","DeadlyEvents","Cursed Run","Elite Swarm"],"is_ascension_mode":true,"campfire_choices":[],"circlet_count":0,"master_deck":["AscendersBane","InformationCode","SecurityCode","TrainingCode","True Grit","True Grit","True Grit","True Grit","True Grit","AT_WindFlip","Shrug It Off","ReplayTheSpireMod:Stacked","Wild Strike","Carnage","Jack Of All Trades","Dark Shackles","Fire Breathing","ReplayTheSpireMod:Muscle Training","Ecstasy","SolemnVow","ReplayTheSpireMod:Strike From Hell","AscendersBane","Seeing Red","Thunderclap"],"relics":["Cursed Key","Darkstone Periapt","Du-Vu Doll","Frozen Eye","AT_ATBox","replay:Trail_Library","AT_MibuBalloonWealth","LetterFromLob","Tiny Chest","Singing Bowl","DollysMirror","Bag of Preparation"],"acts_visited":["Exordium"],"potions_floor_usage":[],"damage_taken":[{"damage":4,"enemies":"Jaw Worm","floor":1,"turns":2},{"damage":4,"enemies":"Cultist","floor":4,"turns":4},{"damage":84,"enemies":"Gremlin Nob","floor":6,"turns":3}],"seed_played":"-4527349083600742137","potions_obtained":[{"floor":1,"key":"GamblersBrew"}],"is_trial":true,"path_per_floor":["M","WH","$","M","WH","E"],"character_chosen":"Angela","items_purchased":["Tiny Chest","Singing Bowl","DollysMirror"],"campfire_rested":0,"item_purchase_floors":[3,3,3],"current_hp_per_floor":[67,67,73,76,76,0,0],"gold":160,"neow_bonus":"","is_daily":false,"chose_seed":false,"campfire_upgraded":0,"win_rate":0.0,"timestamp":1612694413,"path_taken":["M","WH","$","M","WH","E"],"items_purchased_type":["Relic","Relic","Relic"],"build_version":"2020-12-22","purchased_purges":0,"victory":false,"max_hp_per_floor":[70,70,76,76,76,76,76],"card_choices":[{"not_picked":["Heavy Blade"],"picked":"ReplayTheSpireMod:Strike From Hell","floor":1},{"not_picked":["WristCuter","Horn"],"picked":"SKIP","floor":1},{"not_picked":["GreenStem"],"picked":"Seeing Red","floor":4},{"not_picked":["Pummel"],"picked":"Thunderclap","floor":4}],"player_experience":78498,"relics_obtained":[{"floor":1,"key":"AT_MibuBalloonWealth"},{"floor":1,"key":"LetterFromLob"},{"floor":4,"key":"Bag of Preparation"}],"event_choices":[],"is_beta":false,"boss_relics":[],"items_purged_floors":[],"is_endless":true,"potions_floor_spawned":[1],"killed_by":"Gremlin Nob","ascension_level":20}}