{"host":"prxrhpgaxnj4om9r","time":1612668889,"event":{"mods":["AchievementEnabler","BaseMod","DeckTracker","Keyboard Shortcuts","Minty Spire (QoL Compilation)"],"gold_per_floor":[214,147,147,147,160,201,201,221,247,265,265,284,284,384,384,512,512,535,405,405,425,425,425],"floor_reached":22,"language":"KOR","playtime":1111,"items_purged":[],"score":212,"play_id":"67eae53c-fcb6-4fe6-92ab-6eef010f2024","local_time":"20210207123449","is_ascension_mode":true,"campfire_choices":[{"floor":7,"key":"REST"},{"floor":11,"key":"REST"},{"data":"ForeignInfluence","floor":13,"key":"SMITH"},{"data":"Eruption","floor":15,"key":"SMITH"}],"circlet_count":0,"master_deck":["Strike_P+1","Strike_P+1","Strike_P+1","Strike_P+1","Defend_P+1","Defend_P+1","Defend_P+1","Defend_P+1","Eruption+1","Vigilance","CutThroughFate","ForeignInfluence+1","FearNoEvil","Halt","Fasting2","FollowUp","Adaptation","Ragnarok","ThirdEye","MentalFortress","Swivel+1"],"relics":["PureWater","Golden Idol","Nunchaku","PreservedInsect","VioletLotus"],"acts_visited":["Exordium","TheCity"],"potions_floor_usage":[6,16,16,21,21,21],"damage_taken":[{"damage":1.0,"enemies":"Cultist","floor":1.0,"turns":3.0},{"damage":0,"enemies":"2 Louse","floor":5,"turns":2},{"damage":26,"enemies":"Lagavulin","floor":6,"turns":7},{"damage":2,"enemies":"Jaw Worm","floor":8,"turns":3},{"damage":15,"enemies":"Gremlin Gang","floor":10,"turns":2},{"damage":2,"enemies":"3 Louse","floor":12,"turns":3},{"damage":25,"enemies":"Hexaghost","floor":16,"turns":7},{"damage":43,"enemies":"Spheric Guardian","floor":18,"turns":6},{"damage":23,"enemies":"Shell Parasite","floor":21,"turns":3},{"damage":23,"enemies":"Centurion and Healer","floor":22,"turns":4}],"seed_played":"-1682036127660584607","potions_obtained":[{"floor":5,"key":"Dexterity Potion"},{"floor":8,"key":"Ambrosia"},{"floor":12,"key":"PowerPotion"},{"floor":16,"key":"Fruit Juice"},{"floor":18,"key":"SkillPotion"}],"is_trial":false,"path_per_floor":["M","$","?","?","M","E","R","M","T","M","R","M","R","?","R","B",null,"M","$","?","M","M"],"character_chosen":"WATCHER","items_purchased":["ForeignInfluence","MentalFortress","AttackPotion"],"campfire_rested":2,"item_purchase_floors":[2,19,19],"current_hp_per_floor":[71,71,53,46,46,20,41,39,39,24,45,43,43,43,43,23,77,34,34,34,11,0,0],"gold":425,"neow_bonus":"HUNDRED_GOLD","is_daily":false,"chose_seed":false,"campfire_upgraded":2,"win_rate":0.0,"timestamp":1612668889,"path_taken":["M","?","?","?","M","E","R","?","T","M","R","M","R","?","R","BOSS","M","?","?","M","?"],"items_purchased_type":["Card","Card","Potion"],"build_version":"2020-12-22","purchased_purges":0,"victory":false,"max_hp_per_floor":[72,72,72,72,72,72,72,72,72,72,72,72,72,72,72,77,77,77,77,77,77,77,77],"card_choices":[{"not_picked":["PathToVictory","Study"],"picked":"CutThroughFate","floor":1.0},{"not_picked":["CarveReality","ThirdEye"],"picked":"FearNoEvil","floor":5},{"not_picked":["WaveOfTheHand","ClearTheMind"],"picked":"Halt","floor":6},{"not_picked":["ClearTheMind","LikeWater"],"picked":"Fasting2","floor":8},{"not_picked":["Wallop","CrushJoints"],"picked":"FollowUp","floor":10},{"not_picked":["CutThroughFate","Consecrate"],"picked":"Adaptation","floor":12},{"not_picked":["Omniscience","DevaForm"],"picked":"Ragnarok","floor":16},{"not_picked":["Consecrate","ClearTheMind+1"],"picked":"ThirdEye","floor":18},{"not_picked":["Crescendo+1","Protect+1"],"picked":"Swivel+1","floor":21}],"player_experience":291009,"relics_obtained":[{"floor":6,"key":"Nunchaku"},{"floor":9,"key":"PreservedInsect"}],"event_choices":[{"damage_healed":0.0,"max_hp_gain":0.0,"max_hp_loss":0.0,"gold_gain":0.0,"event_name":"Golden Idol","player_choice":"Take Damage","floor":3.0,"gold_loss":0.0,"damage_taken":18.0,"relics_obtained":["Golden Idol"]},{"damage_healed":0,"gold_gain":0,"player_choice":"Damaged","damage_taken":7,"max_hp_gain":0,"max_hp_loss":0,"event_name":"Wheel of Change","floor":4,"gold_loss":0},{"damage_healed":0,"gold_gain":100,"player_choice":"Pray","damage_taken":0,"max_hp_gain":0,"max_hp_loss":0,"event_name":"Golden Shrine","floor":14,"gold_loss":0},{"damage_healed":0,"gold_gain":0,"player_choice":"Simplicity","damage_taken":0,"max_hp_gain":0,"max_hp_loss":0,"event_name":"Back to Basics","floor":20,"gold_loss":0,"cards_upgraded":["Strike_P","Strike_P","Strike_P","Strike_P","Defend_P","Defend_P","Defend_P","Defend_P"]}],"is_beta":false,"boss_relics":[{"not_picked":["Cursed Key","Coffee Dripper"],"picked":"VioletLotus"}],"items_purged_floors":[],"is_endless":false,"potions_floor_spawned":[5,8,12,16,18],"killed_by":"Centurion and Healer","ascension_level":3}}