{"host":"59wnhi65kiwmnpg4","time":1612697784,"event":{"mods":["2.2 Compatiblity","AchievementEnabler","BaseMod","BetterRewards","Colored Map","Custom Start","Disable Question Mark Monsters","Highlight Path","Minty Spire (QoL Compilation)","Permanent Neow","Relic Sorter","Relic Stats"],"gold_per_floor":[112,128,53,64,76,76,108,119,119,139,165,184,194,194,194],"floor_reached":14,"language":"ENG","playtime":904,"items_purged":["Doubt"],"score":127,"play_id":"b560837c-a535-439d-9b1f-edb807880889","local_time":"20210207113624","is_ascension_mode":true,"campfire_choices":[{"data":"SandsOfTime","floor":6.0,"key":"SMITH"}],"circlet_count":0,"master_deck":["Strike_P","Strike_P","Strike_P","Strike_P","Defend_P","Defend_P","Defend_P","Defend_P","Eruption","Vigilance","Ragnarok","WheelKick","FlyingSleeves","Crescendo","SandsOfTime+1","Swivel","SandsOfTime","Collect","ClearTheMind","EmptyFist+1","FlurryOfBlows+1"],"relics":["PureWater","Regal Pillow","Molten Egg 2","Blood Vial"],"acts_visited":["Exordium"],"potions_floor_usage":[],"damage_taken":[{"damage":1.0,"enemies":"Cultist","floor":1.0,"turns":5.0},{"damage":1.0,"enemies":"2 Louse","floor":2.0,"turns":2.0},{"damage":0.0,"enemies":"Jaw Worm","floor":4.0,"turns":2.0},{"damage":2.0,"enemies":"3 Louse","floor":5.0,"turns":2.0},{"damage":20.0,"enemies":"Gremlin Nob","floor":7.0,"turns":3.0},{"damage":0.0,"enemies":"Exordium Thugs","floor":8.0,"turns":2.0},{"damage":0.0,"enemies":"Large Slime","floor":10.0,"turns":3.0},{"damage":7.0,"enemies":"3 Sentries","floor":11.0,"turns":4.0},{"damage":10.0,"enemies":"Red Slaver","floor":12.0,"turns":3.0},{"damage":6.0,"enemies":"Exordium Thugs","floor":13.0,"turns":3.0},{"damage":0,"enemies":"Lagavulin","floor":14,"turns":2}],"seed_played":"-80716904955501513","potions_obtained":[{"floor":1.0,"key":"Fire Potion"},{"floor":2.0,"key":"AttackPotion"},{"floor":8.0,"key":"Ancient Potion"},{"floor":10.0,"key":"SmokeBomb"},{"floor":11.0,"key":"Weak Potion"}],"is_trial":false,"path_per_floor":["M","M","$","M","M","R","E","M","T","M","E","M","M","E"],"character_chosen":"WATCHER","items_purchased":[],"campfire_rested":0,"item_purchase_floors":[],"current_hp_per_floor":[71,70,70,70,68,68,48,48,48,48,41,33,29,31,31],"gold":194,"neow_bonus":"THREE_RARE_CARDS","is_daily":false,"chose_seed":false,"campfire_upgraded":1,"win_rate":0.0,"timestamp":1612697784,"path_taken":["M","M","$","?","M","R","E","M","T","M","E","?","M","E"],"items_purchased_type":[],"build_version":"2020-12-22","purchased_purges":1,"victory":false,"max_hp_per_floor":[72,72,72,72,72,72,72,72,72,72,72,72,72,72,72],"relic_stats":{"Blood Vial":6,"Regal Pillow":0,"counters":[11,31],"obtain_stats":[{"Blood Vial":11,"Regal Pillow":7,"Molten Egg 2":9,"PureWater":0},{"Blood Vial":8,"Regal Pillow":5,"Molten Egg 2":6,"PureWater":0},{"Blood Vial":23,"Regal Pillow":14,"Molten Egg 2":16,"PureWater":0}]},"card_choices":[{"not_picked":["DevaForm","SpiritShield"],"picked":"Ragnarok","floor":0.0},{"not_picked":["DeceiveReality","Vengeance"],"picked":"WheelKick","floor":1.0},{"not_picked":["Halt","Perseverance"],"picked":"FlyingSleeves","floor":2.0},{"not_picked":["Fasting2","CutThroughFate"],"picked":"Crescendo","floor":4.0},{"not_picked":["EmptyBody","Wish"],"picked":"SandsOfTime","floor":5.0},{"not_picked":["EmptyMind","ClearTheMind"],"picked":"Swivel","floor":7.0},{"not_picked":["Evaluate","CutThroughFate"],"picked":"SandsOfTime","floor":8.0},{"not_picked":["Meditate","LikeWater"],"picked":"Collect","floor":10.0},{"not_picked":["CrushJoints+1","Weave+1"],"picked":"ClearTheMind","floor":11.0},{"not_picked":["Nirvana","EmptyBody"],"picked":"EmptyFist+1","floor":12.0},{"not_picked":["Judgement","Halt"],"picked":"FlurryOfBlows+1","floor":13.0}],"player_experience":897200,"relics_obtained":[{"floor":7.0,"key":"Regal Pillow"},{"floor":9.0,"key":"Molten Egg 2"},{"floor":11.0,"key":"Blood Vial"}],"event_choices":[],"is_beta":false,"boss_relics":[],"items_purged_floors":[3],"is_endless":false,"potions_floor_spawned":[1,2,8,10,11],"killed_by":"Lagavulin","ascension_level":4}}