{"host":"684z1xpuwaoqmmh1","time":1612719323,"event":{"mods":["A Magickal Journey","Astrologer","BaseMod","Downfall","Hermit","Jorbs\u0027s Wanderer Trilogy","Marisa????????","Minty Spire (QoL Compilation)","Robot Space Explorer","Shade Mod","StSLib","The Bug Knight","The Dragon Tamer","The Elementalist","The Hayseed","The Hierophant","The Marked","The Mystic","The Runesmith","The Saiyan","The Senshi","The Spell Scribe","The Vixen","TheBandit","TheFirefly"],"gold_per_floor":[214,103,120,134,184,195,228,228,280,280,310,310,340,358,358,358,358],"floor_reached":16,"language":"ENG","playtime":785,"items_purged":["theSenshi:SailorKick"],"score":192,"play_id":"311f2021-ac68-4084-a6cb-8e99bd6b8648","local_time":"20210207193523","is_ascension_mode":true,"campfire_choices":[{"floor":10,"key":"REST"},{"floor":12,"key":"REST"},{"data":"theSenshi:GlimpseOfThePast","floor":15,"key":"SMITH"}],"circlet_count":0,"master_deck":["AscendersBane","theSenshi:SailorKick","theSenshi:SailorKick","theSenshi:SailorKick","theSenshi:SailorBlock","theSenshi:SailorBlock","theSenshi:SailorBlock","theSenshi:SailorBlock","theSenshi:RoseThrow","theSenshi:MoonPrismPowerMakeUp","theSenshi:SailorMercuryAssists","theSenshi:MercurysCunning","theSenshi:SailorV","theSenshi:CrisisMakeUp","theSenshi:MoonSpiralHeartAttack","theSenshi:GlimpseOfThePast+1","theSenshi:SailorNeptuneAssists","theSenshi:SailorPlanetAttack","theSenshi:UranusStrength","theSenshi:SailorMercuryAssists"],"relics":["theSenshi:TransformationBroochRelic","Pantograph","Dream Catcher","Orichalcum","theSenshi:SailorFukuRelic"],"acts_visited":["Exordium"],"potions_floor_usage":[],"damage_taken":[{"damage":0,"enemies":"2 Louse","floor":1,"turns":4},{"damage":6,"enemies":"Jaw Worm","floor":3,"turns":3},{"damage":0,"enemies":"Cultist","floor":4,"turns":4},{"damage":0,"enemies":"2 Fungi Beasts","floor":6,"turns":4},{"damage":42,"enemies":"3 Sentries","floor":7,"turns":13},{"damage":11,"enemies":"Lagavulin","floor":11,"turns":9},{"damage":14,"enemies":"Gremlin Nob","floor":13,"turns":6},{"damage":26,"enemies":"Large Slime","floor":14,"turns":10},{"damage":42,"enemies":"The Guardian","floor":16,"turns":8}],"seed_played":"-1951288630903148360","potions_obtained":[{"floor":1,"key":"hexamod:SoulburnPotion"},{"floor":7,"key":"Strength Potion"}],"is_trial":false,"path_per_floor":["M","$","M","M","?","M","E","?","T","R","E","R","E","M","R","B"],"character_chosen":"THE_SENSHI","items_purchased":["theSenshi:MercurysCunning"],"campfire_rested":2,"item_purchase_floors":[2],"current_hp_per_floor":[68,68,62,62,62,62,20,20,20,42,31,53,39,13,13,0,0],"gold":358,"neow_bonus":"HUNDRED_GOLD","is_daily":false,"chose_seed":false,"campfire_upgraded":1,"win_rate":0.0,"timestamp":1612719323,"path_taken":["M","$","M","M","?","M","E","?","T","R","E","R","E","M","R","BOSS"],"items_purchased_type":["Card"],"build_version":"2020-12-22","purchased_purges":1,"victory":false,"max_hp_per_floor":[75,75,75,75,75,75,75,75,75,75,75,75,75,75,75,75,75],"card_choices":[{"not_picked":["theSenshi:SailorPlanetPower","theSenshi:SailorStarMakerAssists"],"picked":"theSenshi:SailorMercuryAssists","floor":1},{"not_picked":["theSenshi:TuxedoSmokingBomber","theSenshi:TuxedoMaskAssists"],"picked":"theSenshi:SailorV","floor":3},{"not_picked":["theSenshi:SailorChibiMoonAssists","theSenshi:InTheNickOfTime"],"picked":"theSenshi:CrisisMakeUp","floor":4},{"not_picked":["theSenshi:TuxedoSmokingBomber","theSenshi:SteeledNerves"],"picked":"theSenshi:MoonSpiralHeartAttack","floor":6},{"not_picked":["theSenshi:MoonsReflection","theSenshi:MoonPrincessHalation"],"picked":"theSenshi:GlimpseOfThePast","floor":7},{"not_picked":["theSenshi:SailorChibiMoonAssists","theSenshi:SailorStarFighterAssists"],"picked":"theSenshi:SailorNeptuneAssists","floor":10},{"not_picked":["theSenshi:GlimpseOfThePast","theSenshi:OdangoHead"],"picked":"theSenshi:SailorPlanetAttack","floor":11},{"not_picked":["theSenshi:VenusGlamour","theSenshi:TuxedoSmokingBomber"],"picked":"theSenshi:UranusStrength","floor":12},{"not_picked":["theSenshi:SailorMercuryAssists","theSenshi:SailorPlanetPower","theSenshi:SailorUranusAssists"],"picked":"SKIP","floor":13},{"not_picked":["theSenshi:SailorPlanetPower","theSenshi:SailorUranusAssists"],"picked":"theSenshi:SailorMercuryAssists","floor":13},{"not_picked":["theSenshi:SupersonicWaves","theSenshi:TuxedoMaskAssists","theSenshi:Sidestep"],"picked":"SKIP","floor":14}],"player_experience":3225981,"relics_obtained":[{"floor":7,"key":"Pantograph"},{"floor":9,"key":"Dream Catcher"},{"floor":11,"key":"Orichalcum"},{"floor":13,"key":"theSenshi:SailorFukuRelic"}],"event_choices":[],"is_beta":false,"boss_relics":[],"items_purged_floors":[2],"is_endless":false,"potions_floor_spawned":[1,7,11,13,14],"killed_by":"The Guardian","ascension_level":12}}