{"host":"8is2j71l4wmybkoi","time":1612688886,"event":{"mods":["AchievementEnabler","BaseMod","Colored Map","Minty Spire (QoL Compilation)","Rare Cards Sparkle","StSLib","SuperFastMode"],"gold_per_floor":[111,36,46,46,121,121,147,147,147,158,173,204,220,253,253,327,327,339,359,375,386,386,386,398,35,62,81,113,113,138,162,162,239,239,249,267,284,304,100,100,127,127,175,194,210,210,235,117,117,117,117,117,8,35,35,35],"floor_reached":55,"language":"KOR","playtime":3411,"items_purged":["Strike_G","Strike_G","Defend_G"],"score":1493,"play_id":"f9225c98-5541-409f-869c-84816d569752","local_time":"20210207180806","is_ascension_mode":true,"campfire_choices":[{"data":"Neutralize","floor":6.0,"key":"SMITH"},{"data":"Malaise","floor":8.0,"key":"SMITH"},{"data":"Phantasmal Killer","floor":15.0,"key":"SMITH"},{"data":"Concentrate","floor":23.0,"key":"SMITH"},{"data":"A Thousand Cuts","floor":32.0,"key":"SMITH"},{"floor":40,"key":"REST"},{"data":"Bullet Time","floor":42,"key":"SMITH"},{"floor":46,"key":"REST"},{"floor":49,"key":"RECALL"},{"data":"Finesse","floor":52,"key":"SMITH"}],"circlet_count":0,"master_deck":["AscendersBane","Strike_G","Strike_G","Defend_G","Defend_G","Defend_G","Defend_G","Survivor","Neutralize+1","Poisoned Stab","Crippling Poison","Heel Hook","Malaise+1","Acrobatics","Eviscerate+1","Phantasmal Killer+1","Bouncing Flask","Quick Slash+1","A Thousand Cuts+1","Dagger Throw+1","Concentrate+1","PiercingWail","Malaise+1","Prepared","Bullet Time+1","Corpse Explosion","Predator+1","Escape Plan","Finesse+1","Setup","Backflip","Night Terror","Acrobatics+1","Outmaneuver+1","Backflip+1","Night Terror+1","Deflect+1","Doppelganger+1","Deadly Poison+1"],"relics":["Ring of the Snake","NeowsBlessing","Ice Cream","Molten Egg 2","The Courier","Paper Crane","Runic Pyramid","PreservedInsect","Lantern","Potion Belt","The Specimen","Nilry\u0027s Codex","Pantograph","Sozu","Bag of Preparation","Boot","Toxic Egg 2","Orrery","Bag of Marbles"],"acts_visited":["Exordium","TheCity","TheBeyond","TheEnding"],"potions_floor_usage":[55,55],"damage_taken":[{"damage":0.0,"enemies":"Jaw Worm","floor":1.0,"turns":1.0},{"damage":0.0,"enemies":"Small Slimes","floor":3.0,"turns":1.0},{"damage":0.0,"enemies":"Lagavulin","floor":7.0,"turns":1.0},{"damage":0.0,"enemies":"Cultist","floor":10.0,"turns":3.0},{"damage":1.0,"enemies":"Large Slime","floor":11.0,"turns":8.0},{"damage":5.0,"enemies":"Gremlin Nob","floor":12.0,"turns":3.0},{"damage":0.0,"enemies":"Red Slaver","floor":13.0,"turns":3.0},{"damage":7.0,"enemies":"Lagavulin","floor":14.0,"turns":5.0},{"damage":10.0,"enemies":"The Guardian","floor":16.0,"turns":10.0},{"damage":0.0,"enemies":"Spheric Guardian","floor":18.0,"turns":3.0},{"damage":2.0,"enemies":"Chosen","floor":19.0,"turns":4.0},{"damage":4.0,"enemies":"Snake Plant","floor":20.0,"turns":5.0},{"damage":0.0,"enemies":"3 Cultists","floor":21.0,"turns":5.0},{"damage":6.0,"enemies":"Shelled Parasite and Fungi","floor":24.0,"turns":5.0},{"damage":0.0,"enemies":"Centurion and Healer","floor":27.0,"turns":7.0},{"damage":0.0,"enemies":"Gremlin Leader","floor":28.0,"turns":5.0},{"damage":5.0,"enemies":"Book of Stabbing","floor":30.0,"turns":6.0},{"damage":12.0,"enemies":"Collector","floor":33.0,"turns":8.0},{"damage":4,"enemies":"3 Shapes","floor":35,"turns":2},{"damage":6,"enemies":"3 Darklings","floor":36,"turns":3},{"damage":25,"enemies":"Transient","floor":37,"turns":5},{"damage":0,"enemies":"4 Shapes","floor":38,"turns":4},{"damage":14,"enemies":"Giant Head","floor":41,"turns":8},{"damage":19,"enemies":"Jaw Worm Horde","floor":44,"turns":3},{"damage":13,"enemies":"Transient","floor":45,"turns":5},{"damage":0,"enemies":"Reptomancer","floor":47,"turns":4},{"damage":22,"enemies":"Donu and Deca","floor":50,"turns":8},{"damage":43,"enemies":"Shield and Spear","floor":54,"turns":5},{"damage":41,"enemies":"The Heart","floor":55,"turns":5}],"seed_played":"6818208889377968930","potions_obtained":[{"floor":7.0,"key":"GhostInAJar"},{"floor":10.0,"key":"FearPotion"},{"floor":12.0,"key":"Poison Potion"},{"floor":14.0,"key":"Energy Potion"},{"floor":16.0,"key":"SpeedPotion"},{"floor":20.0,"key":"Strength Potion"},{"floor":28.0,"key":"SpeedPotion"},{"floor":33.0,"key":"FairyPotion"}],"is_trial":false,"path_per_floor":["M","$","M","?","?","R","E","R","T","M","M","E","M","E","R","B",null,"M","M","M","M","?","R","M","$","T","M","E","?","E","T","R","B",null,"M","M","M","M","$","R","E","R","T","M","M","R","E","$","R","B",null,"R","$","E","B"],"character_chosen":"THE_SILENT","items_purchased":["PreservedInsect","Lantern","AttackPotion","Finesse","Setup","Orrery","Doppelganger+1"],"campfire_rested":2,"item_purchase_floors":[25,25,25,39,39,48,53],"current_hp_per_floor":[59,59,59,59,48,48,48,48,48,48,47,42,42,35,35,25,56,56,54,50,50,50,50,44,44,44,44,44,23,18,18,18,31,57,53,47,22,22,22,41,27,27,27,8,15,34,34,34,34,37,59,59,59,16,0,0],"gold":35,"neow_bonus":"THREE_ENEMY_KILL","is_daily":false,"chose_seed":false,"campfire_upgraded":7,"win_rate":0.0,"timestamp":1612688886,"path_taken":["M","$","M","?","?","R","E","R","T","M","?","E","M","E","R","BOSS","M","M","M","?","?","R","M","$","T","?","E","?","E","?","R","BOSS","M","M","M","M","$","R","E","R","T","M","M","R","E","$","R","BOSS","R","$","E","BOSS"],"items_purchased_type":["Relic","Relic","Potion","Card","Card","Relic","Card"],"build_version":"2020-12-22","purchased_purges":3,"victory":false,"max_hp_per_floor":[66,66,66,66,66,66,66,66,66,66,66,66,66,66,66,66,66,66,66,66,66,66,66,66,66,66,66,66,66,66,66,66,66,66,66,66,66,66,66,66,66,66,66,66,66,66,66,66,66,66,66,66,66,66,66,66],"card_choices":[{"not_picked":["Deflect","Outmaneuver"],"picked":"Poisoned Stab","floor":1.0},{"not_picked":["Distraction","Blade Dance"],"picked":"Crippling Poison","floor":3.0},{"not_picked":["Acrobatics","Slice"],"picked":"Malaise","floor":7.0},{"not_picked":["Setup","PiercingWail"],"picked":"Acrobatics","floor":10.0},{"not_picked":["Quick Slash+1","Endless Agony+1"],"picked":"Eviscerate+1","floor":11.0},{"not_picked":["Backstab+1","Quick Slash+1"],"picked":"Phantasmal Killer","floor":12.0},{"not_picked":["Backflip","Catalyst"],"picked":"Bouncing Flask","floor":13.0},{"not_picked":["Accuracy","Blade Dance"],"picked":"Quick Slash+1","floor":14.0},{"not_picked":["Wraith Form v2","Bullet Time"],"picked":"A Thousand Cuts","floor":16.0},{"not_picked":["Acrobatics","Distraction"],"picked":"Dagger Throw+1","floor":18.0},{"not_picked":["Noxious Fumes","Slice+1"],"picked":"Concentrate","floor":19.0},{"not_picked":["Dagger Throw+1","Flying Knee+1"],"picked":"PiercingWail","floor":20.0},{"not_picked":["Dodge and Roll","PiercingWail","Accuracy"],"picked":"SKIP","floor":21.0},{"not_picked":["Dodge and Roll","Caltrops"],"picked":"Prepared","floor":24.0},{"not_picked":["Poisoned Stab+1","Slice+1"],"picked":"Bullet Time","floor":27.0},{"not_picked":["Prepared","Deflect","Poisoned Stab+1"],"picked":"SKIP","floor":28.0},{"not_picked":["Endless Agony+1","Quick Slash+1","Choke+1"],"picked":"SKIP","floor":30.0},{"not_picked":["Storm of Steel","Grand Finale+1"],"picked":"Corpse Explosion","floor":33.0},{"not_picked":["Dagger Spray+1","Cloak And Dagger"],"picked":"Predator+1","floor":35},{"not_picked":["Bane+1","Underhanded Strike+1","Prepared"],"picked":"SKIP","floor":36},{"not_picked":["Underhanded Strike+1","Dagger Spray+1"],"picked":"Escape Plan","floor":37},{"not_picked":["Deadly Poison","Eviscerate+1","Blade Dance"],"picked":"SKIP","floor":38},{"not_picked":["Slice+1","Flying Knee+1","Predator+1"],"picked":"SKIP","floor":41},{"not_picked":["Accuracy","Cloak And Dagger"],"picked":"Backflip","floor":44},{"not_picked":["Endless Agony+1","Poisoned Stab+1"],"picked":"Night Terror","floor":45},{"not_picked":["Deflect+1","Bane+1"],"picked":"Acrobatics+1","floor":47},{"not_picked":["Setup+1","Backflip+1"],"picked":"Outmaneuver+1","floor":48},{"not_picked":["Terror+1","All Out Attack+1"],"picked":"Backflip+1","floor":48},{"not_picked":["Acrobatics+1","Crippling Poison+1"],"picked":"Night Terror+1","floor":48},{"not_picked":["Blade Dance+1","Glass Knife+1"],"picked":"Deflect+1","floor":48},{"not_picked":["Flying Knee+1","Masterful Stab+1"],"picked":"Deadly Poison+1","floor":54}],"player_experience":1028097,"relics_obtained":[{"floor":7.0,"key":"Ice Cream"},{"floor":9.0,"key":"Molten Egg 2"},{"floor":12.0,"key":"The Courier"},{"floor":14.0,"key":"Paper Crane"},{"floor":26.0,"key":"Potion Belt"},{"floor":28.0,"key":"The Specimen"},{"floor":29.0,"key":"Nilry\u0027s Codex"},{"floor":30.0,"key":"Pantograph"},{"floor":41,"key":"Bag of Preparation"},{"floor":43,"key":"Boot"},{"floor":47,"key":"Toxic Egg 2"},{"floor":54,"key":"Bag of Marbles"}],"event_choices":[{"damage_healed":0.0,"max_hp_gain":0.0,"max_hp_loss":0.0,"gold_gain":0.0,"cards_transformed":["Strike_G"],"event_name":"Living Wall","player_choice":"Change","floor":4.0,"gold_loss":0.0,"damage_taken":0.0,"cards_obtained":["Heel Hook"]},{"damage_healed":0.0,"max_hp_gain":0.0,"max_hp_loss":0.0,"gold_gain":75.0,"event_name":"World of Goop","player_choice":"Gather Gold","floor":5.0,"gold_loss":0.0,"damage_taken":11.0},{"damage_healed":0.0,"max_hp_gain":0.0,"max_hp_loss":0.0,"gold_gain":0.0,"event_name":"Duplicator","player_choice":"Copied","floor":22.0,"gold_loss":0.0,"damage_taken":0.0,"cards_obtained":["Malaise"]},{"damage_healed":0.0,"max_hp_gain":0.0,"max_hp_loss":0.0,"gold_gain":0.0,"event_name":"Cursed Tome","player_choice":"Obtained Book","floor":29.0,"gold_loss":0.0,"damage_taken":21.0}],"is_beta":false,"boss_relics":[{"not_picked":["Calling Bell","Velvet Choker"],"picked":"Runic Pyramid"},{"not_picked":["WristBlade","Tiny House"],"picked":"Sozu"}],"items_purged_floors":[2,25,39],"is_endless":false,"potions_floor_spawned":[7,10,12,14,16,20,28,33,35,38,44,54],"killed_by":"The Heart","ascension_level":15}}