{"host":"i2ntsfwoh5q5m216","time":1612661454,"event":{"mods":["BaseMod","Colored Map","Downfall","Minty Spire (QoL Compilation)","StSLib"],"gold_per_floor":[109,6,19,19,34,34,66,77,77,77,30,30,30,65,65,162,162,182,27,41,41,140,140,154,154,154,168,168,168,179,190,190,190,190],"floor_reached":33,"language":"ENG","playtime":860,"items_purged":[],"score":268,"play_id":"accd2bd1-f6fd-44fd-be04-c229902faaf7","local_time":"20210206193054","is_ascension_mode":true,"campfire_choices":[{"data":"Body Slam","floor":6.0,"key":"SMITH"},{"data":"True Grit","floor":13.0,"key":"SMITH"},{"floor":15.0,"key":"REST"},{"data":"Fire Breathing","floor":23.0,"key":"SMITH"},{"data":"True Grit","floor":25.0,"key":"SMITH"},{"floor":32,"key":"REST"}],"circlet_count":0,"master_deck":["Strike_R","Strike_R","Strike_R","Strike_R","Strike_R","Defend_R","Defend_R","Defend_R","Defend_R","Bash","Blind","Perfected Strike","Flex","Anger","Body Slam+1","Burning Pact","Armaments","Uppercut","True Grit+1","Fire Breathing+1","Double Tap","Clash","Evolve","Sever Soul","Wild Strike","True Grit+1","Iron Wave+1","Necronomicurse","Wild Strike"],"relics":["Burning Blood","Nunchaku","Bronze Scales","Gambling Chip","Ornamental Fan","Runic Cube","Bottled Lightning","Necronomicon","Bottled Flame"],"acts_visited":["Exordium","TheCity"],"potions_floor_usage":[30],"damage_taken":[{"damage":6.0,"enemies":"Cultist","floor":1.0,"turns":3.0},{"damage":5.0,"enemies":"Small Slimes","floor":3.0,"turns":3.0},{"damage":8.0,"enemies":"Jaw Worm","floor":5.0,"turns":2.0},{"damage":40.0,"enemies":"Lagavulin","floor":7.0,"turns":6.0},{"damage":19.0,"enemies":"Blue Slaver","floor":8.0,"turns":3.0},{"damage":19.0,"enemies":"Gremlin Nob","floor":14.0,"turns":4.0},{"damage":14.0,"enemies":"Hexaghost","floor":16.0,"turns":8.0},{"damage":11.0,"enemies":"2 Thieves","floor":18.0,"turns":5.0},{"damage":2.0,"enemies":"Chosen","floor":20.0,"turns":4.0},{"damage":33.0,"enemies":"Centurion and Healer","floor":24.0,"turns":9.0},{"damage":5.0,"enemies":"Shelled Parasite and Fungi","floor":27.0,"turns":4.0},{"damage":32,"enemies":"Snecko","floor":30,"turns":5},{"damage":5,"enemies":"3 Cultists","floor":31,"turns":6},{"damage":51,"enemies":"Champ","floor":33,"turns":10}],"seed_played":"2692918276869282013","potions_obtained":[{"floor":5.0,"key":"Regen Potion"},{"floor":8.0,"key":"LiquidBronze"},{"floor":14.0,"key":"Energy Potion"},{"floor":20.0,"key":"sneckomod:MuddlingPotion"},{"floor":31,"key":"DuplicationPotion"}],"is_trial":false,"path_per_floor":["M","$","M","?","M","R","E","M","T","T","$","$","R","E","R","B",null,"M","$","M","?","?","R","M","R","T","M","?","T","M","M","R","B"],"character_chosen":"IRONCLAD","items_purchased":["Flex","Anger","True Grit","Evolve","Sever Soul"],"campfire_rested":2,"item_purchase_floors":[2,2,11,19,19],"current_hp_per_floor":[80,80,80,80,78,78,44,31,31,31,31,31,31,18,42,49,80,75,75,79,79,79,79,52,52,52,53,37,37,11,12,36,0,0],"gold":190,"neow_bonus":"RANDOM_COLORLESS","is_daily":false,"chose_seed":false,"campfire_upgraded":4,"win_rate":0.0,"timestamp":1612661454,"path_taken":["M","?","M","?","M","R","E","M","T","?","?","$","R","E","R","BOSS","M","?","M","?","?","R","M","R","T","M","?","?","M","M","R","BOSS"],"items_purchased_type":["Card","Card","Card","Card","Card"],"build_version":"2020-12-22","purchased_purges":0,"victory":false,"max_hp_per_floor":[80,80,80,80,80,80,80,80,80,80,80,80,80,80,80,80,80,80,80,80,80,80,80,80,80,80,80,80,80,80,80,80,80,80],"card_choices":[{"not_picked":["Bandage Up","Impatience"],"picked":"Blind","floor":0.0},{"not_picked":["Combust","Shockwave"],"picked":"Perfected Strike","floor":1.0},{"not_picked":["Flex","Bloodletting"],"picked":"Body Slam","floor":3.0},{"not_picked":["Shrug It Off","Dark Embrace"],"picked":"Burning Pact","floor":5.0},{"not_picked":["Iron Wave","Uppercut"],"picked":"Armaments","floor":7.0},{"not_picked":["Battle Trance","Anger"],"picked":"Uppercut","floor":8.0},{"not_picked":["Sword Boomerang","Corruption"],"picked":"Fire Breathing","floor":14.0},{"not_picked":["Offering","Barricade"],"picked":"Double Tap","floor":16.0},{"not_picked":["Clothesline","Twin Strike"],"picked":"Clash","floor":18.0},{"not_picked":["Clothesline","Shrug It Off"],"picked":"Wild Strike","floor":20.0},{"not_picked":["Flex","Shrug It Off+1"],"picked":"True Grit","floor":24.0},{"not_picked":["Hemokinesis","Shrug It Off"],"picked":"Iron Wave+1","floor":27.0},{"not_picked":["Body Slam","Hemokinesis","Bloodletting"],"picked":"SKIP","floor":30},{"not_picked":["Twin Strike","Pommel Strike"],"picked":"Wild Strike","floor":31}],"player_experience":37497,"relics_obtained":[{"floor":7.0,"key":"Nunchaku"},{"floor":9.0,"key":"Bronze Scales"},{"floor":10.0,"key":"Gambling Chip"},{"floor":14.0,"key":"Ornamental Fan"},{"floor":26.0,"key":"Bottled Lightning"},{"floor":28,"key":"Necronomicon"},{"floor":29,"key":"Bottled Flame"}],"event_choices":[{"damage_healed":0.0,"max_hp_gain":0.0,"max_hp_loss":0.0,"gold_gain":0.0,"event_name":"Liars Game","player_choice":"Ignored","floor":4.0,"gold_loss":0.0,"damage_taken":0.0},{"damage_healed":0.0,"max_hp_gain":0.0,"max_hp_loss":0.0,"gold_gain":99.0,"event_name":"Nest","player_choice":"Stole From Cult","floor":22.0,"gold_loss":0.0,"damage_taken":0.0},{"damage_healed":0,"gold_gain":0,"player_choice":"Obtained Book","damage_taken":16,"max_hp_gain":0,"max_hp_loss":0,"event_name":"Cursed Tome","floor":28,"gold_loss":0}],"is_beta":false,"boss_relics":[{"not_picked":["Runic Pyramid","Snecko Eye"],"picked":"Runic Cube"}],"items_purged_floors":[],"is_endless":false,"potions_floor_spawned":[5,8,14,20,31],"killed_by":"Champ","ascension_level":1}}