{"host":"n20r4kt326hs1yga","time":1612698910,"event":{"mods":["Act Like it!","BaseMod","Colored Powertips","Hallownest","Minty Spire (QoL Compilation)","StSLib","The Bug Knight"],"gold_per_floor":[118,118,118,132,152,152,183,203,203,59,59,84,84,84,84,84,84],"floor_reached":16,"language":"ENG","playtime":1404,"items_purged":[],"score":133,"play_id":"15fe4d62-47ef-4e56-9715-5cd6d7a69ea8","local_time":"20210207115510","is_ascension_mode":false,"campfire_choices":[{"data":"HollowMod:FocusHealStart","floor":6,"key":"SMITH"},{"data":"HollowMod:GrimmsGift","floor":13,"key":"SMITH"},{"data":"HollowMod:SlysStrikes","floor":15,"key":"SMITH"}],"circlet_count":0,"master_deck":["HollowMod:NailStrikeStart","HollowMod:NailStrikeStart","HollowMod:NailStrikeStart","HollowMod:FocusHealStart+1","HollowMod:PogoStrike","HollowMod:PureNailStrike","HollowMod:SlysStrikes+1","HollowMod:SoulVessel","HollowMod:SoulSplash","HollowMod:HowlingWraiths","HollowMod:DoubleDash","Hallownest:skillLeafShield","Hallownest:skillLeafShield","Hallownest:skillLeafShield","Hallownest:skillLeafShield","HollowMod:GrimmsGift+1"],"relics":["HollowMod:VesselMask","NeowsBlessing","Hallownest:DreamNailRelic","Kunai","Bottled Flame","PreservedInsect","Blood Vial"],"acts_visited":["Hallownest:Greenpath"],"potions_floor_usage":[16,16],"damage_taken":[{"damage":0,"enemies":"2_ Uuma","floor":1,"turns":1},{"damage":0,"enemies":"Hallownest:2_Baldur","floor":4,"turns":1},{"damage":0,"enemies":"Hallownest:monsterHuskWarrior","floor":5,"turns":1},{"damage":6,"enemies":"Hallownest:eliteVengeflyKing","floor":7,"turns":7},{"damage":26,"enemies":"Hallownest:2_Tiktiks_1_Baldur_1_Crawlid","floor":8,"turns":3},{"damage":17,"enemies":"Hallownest:eliteMossKnight","floor":12,"turns":6},{"damage":52,"enemies":"Hallownest:BossHornet","floor":16,"turns":7}],"seed_played":"5565117789297834319","potions_obtained":[{"floor":1,"key":"Fruit Juice"},{"floor":4,"key":"Swift Potion"},{"floor":12,"key":"Strength Potion"}],"is_trial":false,"path_per_floor":["M","?","?","M","M","R","E","M","T","$","?","?","R","?","R","B"],"character_chosen":"THE_BUGKNIGHT","items_purchased":["PreservedInsect"],"campfire_rested":0,"item_purchase_floors":[10],"current_hp_per_floor":[75,75,75,75,75,75,75,49,49,49,49,38,38,38,38,0,0],"gold":84,"neow_bonus":"THREE_ENEMY_KILL","is_daily":false,"chose_seed":false,"campfire_upgraded":3,"win_rate":0.0,"timestamp":1612698910,"path_taken":["M","?","?","M","M","R","E","M","T","$","?","?","R","?","R","BOSS"],"items_purchased_type":["Relic"],"build_version":"2020-12-22","purchased_purges":0,"victory":false,"max_hp_per_floor":[75,75,75,75,75,75,75,75,75,75,75,75,75,68,68,68,68],"card_choices":[{"not_picked":["HollowMod:SoulVessel","HollowMod:SiblingsShadow"],"picked":"HollowMod:PureNailStrike","floor":1},{"not_picked":["HollowMod:DescendingDark","HollowMod:PureNailStrike"],"picked":"HollowMod:SoulVessel","floor":4},{"not_picked":["HollowMod:FallenFury","HollowMod:DoubleDash"],"picked":"HollowMod:SoulSplash","floor":5},{"not_picked":["HollowMod:ShadowDash","HollowMod:InfectionAssault"],"picked":"HollowMod:HowlingWraiths","floor":7},{"not_picked":["HollowMod:MawleksShell","HollowMod:NewLittleFool"],"picked":"HollowMod:DoubleDash","floor":8},{"not_picked":["HollowMod:HuntersJournal","HollowMod:SoulVessel"],"picked":"HollowMod:GrimmsGift","floor":12}],"player_experience":46760,"relics_obtained":[{"floor":7,"key":"Kunai"},{"floor":9,"key":"Bottled Flame"},{"floor":12,"key":"Blood Vial"}],"event_choices":[],"is_beta":false,"boss_relics":[],"items_purged_floors":[],"is_endless":false,"potions_floor_spawned":[1,4,12],"killed_by":"Hallownest:BossHornet","ascension_level":0}}