{"host":"0hb9w7uizu7y13wj","time":1612737254,"event":{"mods":["Act Like it!","Aspiration","BaseMod","BetterRewards","Colored Map","Conspire","Downfall","Energized Spire","FTL Soundtrack","Friendly Minions","Halation","Hubris","Infinite Spire","Minty Spire (QoL Compilation)","Quick Restart","Replay The Spire","StSLib","Synergy Search","The Hierophant","The Jungle","The Poker Player","Trackpad","everything is the same but u backflip on backflip"],"gold_per_floor":[116,130,45,45,61,61,90,55,55,82,93,113,131,156,156,234,234,245,262,290,290,290,316,316,345,345,360,373,373,383,395,395,466,466,483,483,499,524,524,555,567,567,617,617,531,556,571,601,601,601,601,601],"floor_reached":51,"language":"ENG","playtime":10658,"items_purged":["Defend_R"],"score":1994,"play_id":"3ef9de12-6919-49a2-94f2-118cdf36bdcf","local_time":"20210207223414","is_ascension_mode":true,"campfire_choices":[{"floor":6.0,"key":"REST"},{"data":"Limit Break","floor":15.0,"key":"SMITH"},{"floor":32.0,"key":"REST"},{"floor":42.0,"key":"REST"},{"floor":49.0,"key":"RECALL"}],"circlet_count":0,"master_deck":["AscendersBane","Strike_R","Strike_R","Strike_R+1","Strike_R","Defend_R","Defend_R","Defend_R","Bash","Good Instincts","Inflame","infinitespire:OneForAll","Heavy Blade","Inflame","Limit Break+1","Feed+1","Feel No Pain+1","Heavy Blade","infinitespire:Menacing","Whirlwind","Metallicize","Twin Strike","Reaper","Finesse","Metallicize","ReplayTheSpireMod:LeadingStrike+1"],"relics":["Burning Blood","trackpad:FieryHotPepper","Another Sword","trackpad:IceCube","Vajra","conspire:Boomerang","Happy Flower","Singing Bowl","Magic Flower","hubris:Spice","hubris:ChampionShield","Replay:Fungal Core","Red Mask","Whetstone","Pear","Gremlin Horn","Bottled Lightning","conspire:GiftBox"],"acts_visited":["Exordium","TheCity","TheBeyond"],"potions_floor_usage":[50],"damage_taken":[{"damage":6.0,"enemies":"Cultist","floor":1.0,"turns":3.0},{"damage":6.0,"enemies":"Small Slimes","floor":2.0,"turns":2.0},{"damage":4.0,"enemies":"Jaw Worm","floor":5.0,"turns":2.0},{"damage":12.0,"enemies":"3 Sentries","floor":7.0,"turns":4.0},{"damage":8.0,"enemies":"Gremlin Nob","floor":10.0,"turns":3.0},{"damage":5.0,"enemies":"3 Louse","floor":11.0,"turns":2.0},{"damage":3.0,"enemies":"Looter","floor":12.0,"turns":2.0},{"damage":0.0,"enemies":"Exordium Wildlife","floor":13.0,"turns":2.0},{"damage":3.0,"enemies":"3 Sentries","floor":14.0,"turns":4.0},{"damage":12.0,"enemies":"Fading Forest","floor":16.0,"turns":13.0},{"damage":0.0,"enemies":"conspire:FuzzyDice","floor":18.0,"turns":4.0},{"damage":30.0,"enemies":"2 Thieves","floor":19.0,"turns":4.0},{"damage":22.0,"enemies":"Masked Bandits","floor":20.0,"turns":3.0},{"damage":39.0,"enemies":"conspire:Head Lice","floor":23.0,"turns":5.0},{"damage":24.0,"enemies":"Book of Stabbing","floor":25.0,"turns":4.0},{"damage":21.0,"enemies":"Snake Plant","floor":27.0,"turns":2.0},{"damage":3.0,"enemies":"conspire:HollyBat","floor":28.0,"turns":6.0},{"damage":1.0,"enemies":"Centurion and Healer","floor":30.0,"turns":4.0},{"damage":18.0,"enemies":"Shelled Parasite and Fungi","floor":31.0,"turns":3.0},{"damage":32.0,"enemies":"Automaton","floor":33.0,"turns":5.0},{"damage":9.0,"enemies":"3 Shapes","floor":35.0,"turns":2.0},{"damage":28.0,"enemies":"3 Darklings","floor":37.0,"turns":4.0},{"damage":49.0,"enemies":"Mind Bloom Boss Battle","floor":38.0,"turns":5.0},{"damage":58.0,"enemies":"Nightmare","floor":40.0,"turns":7.0},{"damage":53.0,"enemies":"Transient","floor":41.0,"turns":6.0},{"damage":29.0,"enemies":"R_Hoarder","floor":46.0,"turns":7.0},{"damage":14.0,"enemies":"Sphere and 2 Shapes","floor":47.0,"turns":3.0},{"damage":1.0,"enemies":"Reptomancer","floor":48.0,"turns":4.0},{"damage":117,"enemies":"Time Eater","floor":50,"turns":10},{"damage":72,"enemies":"Awakened One","floor":51,"turns":6}],"seed_played":"-3996581466701873502","potions_obtained":[{"floor":1.0,"key":"Milkshake"},{"floor":2.0,"key":"Energy Potion"},{"floor":7.0,"key":"Slimebound:ThreeZeroPotion"},{"floor":16.0,"key":"LiquidMemories"},{"floor":27.0,"key":"Cursed Concoction"},{"floor":33.0,"key":"bronze:BurnAndBuffPotion"},{"floor":47.0,"key":"AttackPotion"},{"floor":48.0,"key":"bronze:BurnAndBuffPotion"}],"is_trial":false,"path_per_floor":["M","M","$","?","M","R","E","?","T","E","M","M","M","E","R","B",null,"M","M","?","?","$","E","AVR","E","T","M","M","?","M","M","R","B",null,"M","$","M","?","?","NM","M","R","T","?","$","E","M","E","R","B","B"],"character_chosen":"IRONCLAD","items_purchased":["trackpad:FieryHotPepper","trackpad:IceCube","Good Instincts","Vajra","Happy Flower","Inflame","Adrenaline Potion","Inflame","Metallicize"],"campfire_rested":3,"item_purchase_floors":[0,0,0,0,0,0,0,3,45],"current_hp_per_floor":[21,21,21,21,23,45,41,60,60,69,75,83,91,93,93,93,93,95,76,68,68,68,40,40,43,43,39,47,47,55,48,86,65,122,122,122,103,63,63,43,19,59,59,59,59,58,53,132,132,44,8,8],"gold":601,"neow_bonus":"","is_daily":false,"chose_seed":false,"campfire_upgraded":1,"win_rate":0.0,"timestamp":1612737254,"path_taken":["M","?","$","?","M","R","E","?","T","E","M","M","M","E","R","BOSS","M","M","?","?","?","E","AVR","E","T","M","?","?","?","M","R","BOSS","M","$","M","?","?","NM","?","R","T","?","$","E","M","E","R","BOSS","BOSS"],"items_purchased_type":["Relic","Relic","Card","Relic","Relic","Card","Potion","Card","Card"],"build_version":"2020-12-22","purchased_purges":1,"victory":false,"max_hp_per_floor":[75,75,75,75,75,75,77,77,77,85,87,89,91,93,93,93,93,95,97,100,100,100,102,102,118,118,124,126,126,126,128,128,130,138,138,138,138,130,130,132,134,134,134,134,134,138,138,144,144,144,144,144],"card_choices":[{"not_picked":["Sword Boomerang","ReplayReversal"],"picked":"infinitespire:OneForAll","floor":1.0},{"not_picked":["Flex","Power Through"],"picked":"Heavy Blade","floor":2.0},{"not_picked":["Run Through","conspire:HitWhereItHurts","conspire:Charge"],"picked":"SKIP","floor":5.0},{"not_picked":["Anger","Spot Weakness","Body Slam"],"picked":"Singing Bowl","floor":7.0},{"not_picked":["Impervious","Battle Trance"],"picked":"Limit Break","floor":10.0},{"not_picked":["Body Slam","Thunderclap","Entrench"],"picked":"Singing Bowl","floor":11.0},{"not_picked":["Flex","Bloodletting","hubris:ReadiedAction"],"picked":"Singing Bowl","floor":12.0},{"not_picked":["Thunderclap","infinitespire:OneForAll","Infernal Blade"],"picked":"Singing Bowl","floor":13.0},{"not_picked":["Flex","Combust","ReplayTheSpireMod:Muscle Training"],"picked":"Singing Bowl","floor":14.0},{"not_picked":["Impervious","Barricade"],"picked":"Feed","floor":16.0},{"not_picked":["Carnage+1","Body Slam","ReplayTheSpireMod:Strike From Hell+1"],"picked":"Singing Bowl","floor":18.0},{"not_picked":["Havoc","Second Wind","Thunderclap+1"],"picked":"Singing Bowl","floor":19.0},{"not_picked":["True Grit","Reckless Charge"],"picked":"Feel No Pain+1","floor":20.0},{"not_picked":["Flex","Intimidate","conspire:HitWhereItHurts"],"picked":"Singing Bowl","floor":23.0},{"not_picked":["Rupture","Thunderclap","Clothesline"],"picked":"Singing Bowl","floor":25.0},{"not_picked":["hubris:ReadiedAction","ReplayTheSpireMod:Strike From Hell","Twin Strike"],"picked":"Singing Bowl","floor":27.0},{"not_picked":["Second Wind","Dual Wield","Shrug It Off"],"picked":"Singing Bowl","floor":28.0},{"not_picked":["Combust","Searing Blow"],"picked":"Whirlwind","floor":30.0},{"not_picked":["Clothesline","Intimidate","hubris:ReadiedAction"],"picked":"Singing Bowl","floor":31.0},{"not_picked":["Replay:Many Hands","conspire:Purge","Corruption"],"picked":"Singing Bowl","floor":33.0},{"not_picked":["Heavy Blade","Body Slam"],"picked":"Metallicize","floor":35.0},{"not_picked":["Perfected Strike+1","hubris:SpiceAddiction"],"picked":"Twin Strike","floor":37.0},{"not_picked":["hubris:SpiceAddiction","Pummel+1"],"picked":"Reaper","floor":38.0},{"not_picked":["Armaments","Twin Strike","Demonic Infusion"],"picked":"Singing Bowl","floor":40.0},{"not_picked":["Clash","Rampage","hubris:SpiceAddiction"],"picked":"Singing Bowl","floor":41.0},{"not_picked":["Magnetism","ReplayTheSpireMod:Necrogeddon"],"picked":"Finesse","floor":44.0},{"not_picked":["Brutality","Exhume","Bludgeon"],"picked":"Singing Bowl","floor":46.0},{"not_picked":["Body Slam","Armaments+1","Twin Strike"],"picked":"Singing Bowl","floor":46.0},{"not_picked":["hubris:SpiceAddiction","infinitespire:OneForAll"],"picked":"ReplayTheSpireMod:LeadingStrike+1","floor":47.0},{"not_picked":["Flex","Headbutt","Perfected Strike"],"picked":"Singing Bowl","floor":48.0}],"player_experience":965269,"relics_obtained":[{"floor":7.0,"key":"Singing Bowl"},{"floor":9.0,"key":"Magic Flower"},{"floor":10.0,"key":"hubris:Spice"},{"floor":14.0,"key":"hubris:ChampionShield"},{"floor":20.0,"key":"Red Mask"},{"floor":23.0,"key":"Whetstone"},{"floor":25.0,"key":"Pear"},{"floor":26.0,"key":"Gremlin Horn"},{"floor":38.0,"key":"hubris:Spice"},{"floor":40.0,"key":"Bottled Lightning"},{"floor":46.0,"key":"conspire:GiftBox"}],"event_choices":[{"damage_healed":0.0,"max_hp_gain":0.0,"max_hp_loss":0.0,"gold_gain":0.0,"event_name":"Golden Idol","player_choice":"Ignored","floor":4.0,"gold_loss":0.0,"damage_taken":0.0},{"damage_healed":19.0,"max_hp_gain":0.0,"max_hp_loss":0.0,"gold_gain":0.0,"event_name":"The Cleric","player_choice":"Healed","floor":8.0,"gold_loss":35.0,"damage_taken":0.0},{"damage_healed":0.0,"max_hp_gain":0.0,"max_hp_loss":0.0,"gold_gain":0.0,"event_name":"Masked Bandits","player_choice":"Fought Bandits","floor":20.0,"gold_loss":0.0,"damage_taken":0.0},{"damage_healed":0.0,"max_hp_gain":0.0,"max_hp_loss":0.0,"gold_gain":0.0,"event_name":"The Library","player_choice":"Read","floor":21.0,"gold_loss":0.0,"damage_taken":0.0,"cards_obtained":["Heavy Blade"]},{"cards_removed":["Strike_R"],"damage_healed":0.0,"max_hp_gain":0.0,"max_hp_loss":0.0,"gold_gain":0.0,"event_name":"Purifier","player_choice":"Purged","floor":29.0,"gold_loss":0.0,"damage_taken":0.0},{"damage_healed":0.0,"max_hp_gain":0.0,"max_hp_loss":0.0,"gold_gain":0.0,"event_name":"MindBloom","player_choice":"Fight","floor":38.0,"gold_loss":0.0,"damage_taken":0.0},{"damage_healed":0.0,"max_hp_gain":0.0,"max_hp_loss":0.0,"gold_gain":0.0,"event_name":"SecretPortal","player_choice":"Ignored","floor":39.0,"gold_loss":0.0,"damage_taken":0.0},{"damage_healed":0.0,"max_hp_gain":0.0,"max_hp_loss":0.0,"gold_gain":0.0,"event_name":"SensoryStone","player_choice":"Memory 1","floor":44.0,"gold_loss":0.0,"damage_taken":0.0}],"is_beta":false,"boss_relics":[{"not_picked":["conspire:SeveredTorchhead","Replay:Drink Me"],"picked":"Replay:Fungal Core"},{"not_picked":["hubris:CrackedHourglass","Replay:Ancient Bell"],"picked":"hubris:Spice"}],"items_purged_floors":[0],"is_endless":false,"potions_floor_spawned":[1,2,7,14,16,18,19,27,33,37,38,47,48],"killed_by":"Awakened One","ascension_level":20}}