{"host":"f5akwxsmb9r0twid","time":1612722025,"event":{"mods":["BaseMod","Colored Map","Minty Spire (QoL Compilation)"],"gold_per_floor":[18,33,47,62,82,82,113,113,166,41,59,73,89,123,123,227,227,247,262,262,274,274,274],"floor_reached":22,"language":"ENG","playtime":1748,"items_purged":[],"score":237,"play_id":"54a80ef2-eeed-4009-8e6b-bd0cddb52482","local_time":"20210207212025","is_ascension_mode":true,"campfire_choices":[{"data":"Body Slam","floor":6,"key":"SMITH"},{"data":"Armaments","floor":15,"key":"SMITH"}],"circlet_count":0,"master_deck":["Strike_R","Strike_R","Strike_R","Strike_R","Strike_R","Defend_R","Defend_R","Defend_R","Defend_R","Bash","Metamorphosis","Metallicize","Entrench","Body Slam+1","Flame Barrier","Power Through","Armaments+1","Juggernaut","Barricade","Feed","Metallicize+1","Feel No Pain+1","Ghostly","Ghostly","Ghostly","Ghostly","Ghostly"],"relics":["Burning Blood","Centennial Puzzle","Bag of Marbles","Eternal Feather","Runic Pyramid"],"acts_visited":["Exordium","TheCity"],"potions_floor_usage":[7,12,14,14,21,21],"damage_taken":[{"damage":0,"enemies":"Small Slimes","floor":1,"turns":3},{"damage":1,"enemies":"Cultist","floor":2,"turns":4},{"damage":8,"enemies":"Jaw Worm","floor":3,"turns":4},{"damage":15,"enemies":"3 Louse","floor":4,"turns":6},{"damage":28,"enemies":"Exordium Wildlife","floor":5,"turns":5},{"damage":39,"enemies":"Lagavulin","floor":7,"turns":9},{"damage":0,"enemies":"2 Fungi Beasts","floor":11,"turns":3},{"damage":0,"enemies":"Looter","floor":12,"turns":4},{"damage":5,"enemies":"Exordium Thugs","floor":13,"turns":6},{"damage":12,"enemies":"3 Sentries","floor":14,"turns":6},{"damage":17,"enemies":"Hexaghost","floor":16,"turns":9},{"damage":33,"enemies":"Spheric Guardian","floor":18,"turns":10},{"damage":33,"enemies":"3 Byrds","floor":19,"turns":6},{"damage":10,"enemies":"Snecko","floor":21,"turns":6},{"damage":36,"enemies":"3 Cultists","floor":22,"turns":9}],"seed_played":"-4397984554917568876","potions_obtained":[{"floor":1,"key":"LiquidBronze"},{"floor":4,"key":"Dexterity Potion"},{"floor":5,"key":"SteroidPotion"},{"floor":8,"key":"HeartOfIron"},{"floor":8,"key":"HeartOfIron"},{"floor":12,"key":"BlessingOfTheForge"},{"floor":18,"key":"SteroidPotion"}],"is_trial":false,"path_per_floor":["M","M","M","M","M","R","E","?","T","$","M","M","M","E","R","B",null,"M","M","?","M","M"],"character_chosen":"IRONCLAD","items_purchased":["Armaments","Juggernaut"],"campfire_rested":0,"item_purchase_floors":[10,10],"current_hp_per_floor":[80,80,78,69,47,47,14,14,14,14,20,26,27,21,30,19,80,53,30,30,26,0,0],"gold":274,"neow_bonus":"RANDOM_COLORLESS_2","is_daily":false,"chose_seed":false,"campfire_upgraded":2,"win_rate":0.0,"timestamp":1612722025,"path_taken":["M","M","M","M","M","R","E","?","T","$","M","?","M","E","R","BOSS","M","M","?","M","M"],"items_purchased_type":["Card","Card"],"build_version":"2020-12-22","purchased_purges":0,"victory":false,"max_hp_per_floor":[80,80,80,80,80,80,80,80,80,80,80,80,80,80,80,80,80,80,84,42,42,45,45],"card_choices":[{"not_picked":["Sadistic Nature","Panache"],"picked":"Metamorphosis","floor":0},{"not_picked":["Hemokinesis","Cleave"],"picked":"Metallicize","floor":1},{"not_picked":["Anger","Dark Embrace"],"picked":"Entrench","floor":2},{"not_picked":["Headbutt","Uppercut"],"picked":"Body Slam","floor":3},{"not_picked":["Clothesline","Hemokinesis","Rampage"],"picked":"SKIP","floor":4},{"not_picked":["Blood for Blood","Warcry"],"picked":"Flame Barrier","floor":5},{"not_picked":["Shockwave","Spot Weakness"],"picked":"Power Through","floor":7},{"not_picked":["Intimidate","Shrug It Off"],"picked":"Barricade","floor":11},{"not_picked":["Thunderclap","Sever Soul","Perfected Strike"],"picked":"SKIP","floor":12},{"not_picked":["Searing Blow","Pommel Strike","Flex"],"picked":"SKIP","floor":13},{"not_picked":["Cleave","Twin Strike","Body Slam"],"picked":"SKIP","floor":14},{"not_picked":["Barricade","Demon Form"],"picked":"Feed","floor":16},{"not_picked":["Entrench","Wild Strike"],"picked":"Metallicize+1","floor":18},{"not_picked":["Anger","Sword Boomerang"],"picked":"Feel No Pain+1","floor":19},{"not_picked":["Heavy Blade+1","Body Slam","Pommel Strike+1"],"picked":"SKIP","floor":21}],"player_experience":284736,"relics_obtained":[{"floor":7,"key":"Centennial Puzzle"},{"floor":9,"key":"Bag of Marbles"},{"floor":14,"key":"Eternal Feather"}],"event_choices":[{"damage_healed":0,"gold_gain":0,"player_choice":"Got Potions","damage_taken":0,"max_hp_gain":0,"max_hp_loss":0,"event_name":"Lab","floor":8,"gold_loss":0},{"damage_healed":0,"gold_gain":0,"player_choice":"Became a Ghost","damage_taken":0,"max_hp_gain":0,"max_hp_loss":42,"event_name":"Ghosts","floor":20,"gold_loss":0,"cards_obtained":["Ghostly","Ghostly","Ghostly","Ghostly","Ghostly"]}],"is_beta":false,"boss_relics":[{"not_picked":["Velvet Choker","Fusion Hammer"],"picked":"Runic Pyramid"}],"items_purged_floors":[],"is_endless":false,"potions_floor_spawned":[1,4,5,11,12,18],"killed_by":"3 Cultists","ascension_level":1}}