{"host":"6a9c3xws62y7efyw","time":1612720373,"event":{"mods":["BaseMod","Colored Map","Minty Spire (QoL Compilation)","Relic Stats","StSLib"],"gold_per_floor":[118,193,213,213,263,293,293,328,354,389,399,409,466,21,21,21,21],"floor_reached":16,"language":"ENG","playtime":598,"items_purged":[],"score":286,"play_id":"d69ef365-9961-4c08-a372-195ccbbac89f","local_time":"20210207095253","is_ascension_mode":true,"campfire_choices":[{"data":"Dagger Spray","floor":7,"key":"SMITH"},{"floor":15,"key":"REST"}],"circlet_count":0,"master_deck":["AscendersBane","Strike_G","Strike_G","Strike_G","Strike_G","Defend_G","Defend_G","Defend_G","Defend_G","Defend_G","Survivor","Neutralize","Riddle With Holes","Dagger Spray+1","Dash","Cloak And Dagger","Backflip","Cloak And Dagger","Blade Dance","Accuracy","Adrenaline","Backflip"],"relics":["Ring of the Snake","NeowsBlessing","Art of War","StrikeDummy","Oddly Smooth Stone","PreservedInsect","Ornamental Fan","ClockworkSouvenir"],"acts_visited":["Exordium"],"potions_floor_usage":[8,10,13,16],"damage_taken":[{"damage":0,"enemies":"Jaw Worm","floor":1,"turns":1},{"damage":0,"enemies":"Small Slimes","floor":3,"turns":1},{"damage":0,"enemies":"Lagavulin","floor":6,"turns":1},{"damage":12,"enemies":"3 Sentries","floor":8,"turns":8},{"damage":27,"enemies":"Lagavulin","floor":10,"turns":8},{"damage":0,"enemies":"Cultist","floor":11,"turns":2},{"damage":0,"enemies":"Looter","floor":12,"turns":3},{"damage":1,"enemies":"Gremlin Nob","floor":13,"turns":3},{"damage":21,"enemies":"Hexaghost","floor":16,"turns":11}],"seed_played":"8637760827599640211","potions_obtained":[{"floor":3,"key":"Weak Potion"},{"floor":6,"key":"Strength Potion"},{"floor":8,"key":"GamblersBrew"},{"floor":10,"key":"Weak Potion"}],"is_trial":false,"path_per_floor":["M","?","M","?","?","E","R","E","T","E","M","M","?","$","R","B"],"character_chosen":"THE_SILENT","items_purchased":["ClockworkSouvenir","Accuracy","Adrenaline","Backflip"],"campfire_rested":1,"item_purchase_floors":[14,14,14,14],"current_hp_per_floor":[59,48,48,41,41,41,41,29,29,2,2,2,1,1,20,0,0],"gold":21,"neow_bonus":"THREE_ENEMY_KILL","is_daily":false,"chose_seed":false,"campfire_upgraded":1,"win_rate":0.0,"timestamp":1612720373,"path_taken":["M","?","M","?","?","E","R","E","T","E","?","M","?","$","R","BOSS"],"items_purchased_type":["Relic","Card","Card","Card"],"build_version":"2020-12-22","purchased_purges":0,"victory":false,"max_hp_per_floor":[66,66,66,66,66,66,66,66,66,66,66,66,66,66,66,66,66],"relic_stats":{"counters":[9,38],"Ornamental Fan":[28],"PreservedInsect":22,"Art of War":[4],"obtain_stats":[{"NeowsBlessing":0,"Ornamental Fan":13,"Oddly Smooth Stone":9,"PreservedInsect":10,"Art of War":6,"StrikeDummy":8,"Ring of the Snake":0,"ClockworkSouvenir":14},{"NeowsBlessing":0,"Ornamental Fan":8,"Oddly Smooth Stone":4,"PreservedInsect":5,"Art of War":3,"StrikeDummy":4,"Ring of the Snake":0,"ClockworkSouvenir":8},{"NeowsBlessing":0,"Ornamental Fan":27,"Oddly Smooth Stone":11,"PreservedInsect":19,"Art of War":3,"StrikeDummy":11,"Ring of the Snake":0,"ClockworkSouvenir":27}],"Ring of the Snake":[18]},"card_choices":[{"not_picked":["Outmaneuver","Infinite Blades"],"picked":"Riddle With Holes","floor":1},{"not_picked":["Outmaneuver","Poisoned Stab"],"picked":"Dagger Spray","floor":3},{"not_picked":["Reflex","Dagger Spray"],"picked":"Dash","floor":6},{"not_picked":["Heel Hook","Grand Finale"],"picked":"Cloak And Dagger","floor":8},{"not_picked":["Outmaneuver","All Out Attack"],"picked":"Backflip","floor":10},{"not_picked":["Acrobatics","Deflect"],"picked":"Cloak And Dagger","floor":11},{"not_picked":["Slice","Outmaneuver","Sucker Punch"],"picked":"SKIP","floor":12},{"not_picked":["Prepared","Riddle With Holes"],"picked":"Blade Dance","floor":13}],"player_experience":1503415,"relics_obtained":[{"floor":6,"key":"Art of War"},{"floor":8,"key":"StrikeDummy"},{"floor":9,"key":"Oddly Smooth Stone"},{"floor":10,"key":"PreservedInsect"},{"floor":13,"key":"Ornamental Fan"}],"event_choices":[{"damage_healed":0,"gold_gain":75,"player_choice":"Gather Gold","damage_taken":11,"max_hp_gain":0,"max_hp_loss":0,"event_name":"World of Goop","floor":2,"gold_loss":0},{"cards_removed":["Strike_G"],"damage_healed":0,"gold_gain":0,"player_choice":"Card Removal","damage_taken":7,"max_hp_gain":0,"max_hp_loss":0,"event_name":"Golden Wing","floor":4,"gold_loss":0},{"damage_healed":0,"gold_gain":50,"player_choice":"Pray","damage_taken":0,"max_hp_gain":0,"max_hp_loss":0,"event_name":"Golden Shrine","floor":5,"gold_loss":0},{"damage_healed":0,"gold_gain":0,"player_choice":"Searched \u00271\u0027 times","damage_taken":0,"max_hp_gain":0,"max_hp_loss":0,"event_name":"Dead Adventurer","floor":13,"gold_loss":0}],"is_beta":false,"boss_relics":[],"items_purged_floors":[],"is_endless":false,"potions_floor_spawned":[3,6,8,10],"killed_by":"Hexaghost","ascension_level":20}}