{"host":"p8f0otjoacyb9giz","time":1612692886,"event":{"mods":["AchievementEnabler","BaseMod","Downfall","Minty Spire (QoL Compilation)","StSLib"],"gold_per_floor":[99,114,129,142,52,64,89,119,104,124,124,24,59,159,170,265,315,215,225,325,325,325,325,325,159,59,79,104,104,131,131,142,237,237,237,255,255,265,610,641,715,744,763,457,477,502,519,530,542,542,542,569,162,162,162,162],"floor_reached":57,"language":"ENG","playtime":3368,"items_purged":["hexamod:Defend"],"score":1546,"play_id":"b5c3f103-5ba3-40ab-b016-f5974996579b","local_time":"20210207131446","is_ascension_mode":true,"campfire_choices":[{"floor":1,"key":"RECALL"},{"data":"hexamod:ParanormalForm","floor":12,"key":"SMITH"},{"data":"hexamod:Float","floor":18,"key":"SMITH"},{"data":"hexamod:EtherealExpedition","floor":23,"key":"SMITH"},{"data":"hexamod:EtherealExpedition","floor":26,"key":"SMITH"},{"data":"hexamod:TimeOfNeed","floor":29,"key":"SMITH"},{"data":"hexamod:SpectersWail","floor":35,"key":"SMITH"}],"circlet_count":0,"master_deck":["hexamod:Strike+1","hexamod:Strike+1","hexamod:Strike+1","hexamod:Strike+1","hexamod:Defend+1","hexamod:Defend+1","hexamod:Defend+1","hexamod:Sear+1","hexamod:Float+1","hexamod:ThermalTransfer+1","hexamod:GhostShield+1","hexamod:ParanormalForm+1","hexamod:EtherealExpedition+1","hexamod:DynamicBlow+1","hexamod:GhostShield+1","hexamod:Hexaguard+1","hexamod:TimeOfNeed+1","hexamod:SpectersWail+1","hexamod:EtherealExpedition+1","hexamod:Hexaguard+1","hexamod:GhostLash+1","hexamod:SpectersWail+1","downfall:Haunted","CurseOfTheBell","hexamod:Haunt+1","hexamod:RecurringNightmare+1"],"relics":["Coffee Dripper","Omamori","Dream Catcher","Kunai","Tiny House","Ice Cream","Darkstone Periapt","hexamod:MatchstickCase","Pantograph","MealTicket","Du-Vu Doll","Calling Bell","sneckomod:BlankCard","Sundial","Torii","Pen Nib","Singing Bowl","Bottled Tornado","Dead Branch","bronze:BronzeIdol","Toy Ornithopter","Frozen Eye","hexamod:CandleOfCauterizing"],"acts_visited":["Exordium","TheCity","TheBeyond","TheEnding"],"potions_floor_usage":[19,28,40],"damage_taken":[{"damage":0,"enemies":"Cultist","floor":2,"turns":3},{"damage":0,"enemies":"2 Louse","floor":3,"turns":2},{"damage":2,"enemies":"Jaw Worm","floor":4,"turns":3},{"damage":0,"enemies":"downfall:FleeingMerchant","floor":5,"turns":4},{"damage":8,"enemies":"Exordium Thugs","floor":6,"turns":5},{"damage":25,"enemies":"3 Sentries","floor":8,"turns":8},{"damage":3,"enemies":"downfall:FleeingMerchant","floor":9,"turns":4},{"damage":15,"enemies":"3 Louse","floor":10,"turns":3},{"damage":9,"enemies":"Lagavulin","floor":13,"turns":4},{"damage":3,"enemies":"Exordium Wildlife","floor":15,"turns":4},{"damage":15,"enemies":"DF_ARCHETYPE_STREAMLINE","floor":16,"turns":9},{"damage":12,"enemies":"3 Byrds","floor":19,"turns":4},{"damage":16,"enemies":"SI_SHIV_ARCHETYPE","floor":20,"turns":7},{"damage":0,"enemies":"downfall:FleeingMerchant","floor":25,"turns":4},{"damage":0,"enemies":"Shell Parasite","floor":27,"turns":3},{"damage":26,"enemies":"Slavers","floor":28,"turns":4},{"damage":4,"enemies":"3 Cultists","floor":32,"turns":3},{"damage":10,"enemies":"WA_ARCHETYPE_CALM","floor":33,"turns":8},{"damage":10,"enemies":"3 Darklings","floor":36,"turns":4},{"damage":25,"enemies":"3 Shapes","floor":38,"turns":2},{"damage":0,"enemies":"downfall:FleeingMerchant","floor":39,"turns":4},{"damage":0,"enemies":"Giant Head","floor":40,"turns":6},{"damage":8,"enemies":"Nemesis","floor":42,"turns":4},{"damage":1,"enemies":"Sphere and 2 Shapes","floor":43,"turns":3},{"damage":9,"enemies":"4 Shapes","floor":45,"turns":3},{"damage":1,"enemies":"Reptomancer","floor":46,"turns":3},{"damage":24,"enemies":"Maw","floor":47,"turns":5},{"damage":12,"enemies":"Jaw Worm Horde","floor":48,"turns":2},{"damage":0,"enemies":"Sphere and 2 Shapes","floor":49,"turns":3},{"damage":17,"enemies":"IC_BLOCK_ARCHETYPE","floor":50,"turns":8},{"damage":18,"enemies":"downfall:CharBossMerchant","floor":52,"turns":7},{"damage":25,"enemies":"downfall:NeowBoss","floor":55,"turns":10},{"damage":7,"enemies":"downfall:NeowBossFinal","floor":56,"turns":8}],"seed_played":"-4623994065148189373","potions_obtained":[{"floor":2,"key":"sneckomod:MuddlingPotion"},{"floor":4,"key":"SteroidPotion"},{"floor":8,"key":"AttackPotion"},{"floor":19,"key":"GamblersBrew"},{"floor":28,"key":"BlessingOfTheForge"},{"floor":43,"key":"EntropicBrew"},{"floor":52,"key":"LiquidBronze"}],"is_trial":false,"path_per_floor":["R","M","M","M","$","M","T","E","$","M","?","R","E","?","M","B",null,"R","M","?","?","?","R","T","$","R","M","E","R","T","?","M","B",null,"R","M","?","M","$","E","T","E","M","$","M","E","M","M","M","B",null,"E","$","R","B","B",null],"character_chosen":"THE_SPIRIT","items_purchased":["hexamod:MatchstickCase","Dead Branch","Frozen Eye","hexamod:CandleOfCauterizing"],"campfire_rested":0,"item_purchase_floors":[25,44,53,53],"current_hp_per_floor":[70,70,70,68,68,60,60,35,32,17,34,34,25,25,22,7,75,75,63,47,47,47,47,47,47,57,57,31,31,31,37,33,48,97,97,87,87,62,77,77,77,71,72,87,78,79,57,47,49,57,99,83,98,98,76,94],"gold":162,"neow_bonus":"BOSS_RELIC","is_daily":false,"chose_seed":false,"campfire_upgraded":6,"win_rate":0.0,"timestamp":1612692886,"path_taken":["R","M","M","M","$","M","T","E","?","M","?","R","E","?","M","BOSS","R","M","?","?","?","R","T","$","R","M","E","R","?","?","M","BOSS","R","M","?","M","$","E","T","E","M","$","M","E","M","M","M","BOSS","E","$","R","BOSS","BOSS"],"items_purchased_type":["Relic","Relic","Relic","Relic"],"build_version":"2020-12-22","purchased_purges":1,"victory":true,"max_hp_per_floor":[70,70,70,70,70,70,70,70,70,70,70,70,70,70,70,70,75,75,75,75,75,75,75,75,75,85,85,85,85,85,91,91,91,97,97,97,87,87,87,87,87,89,91,91,91,93,95,97,99,99,99,101,101,101,101,101],"card_choices":[{"not_picked":["hexamod:PhantomCloak","hexamod:Again"],"picked":"hexamod:ThermalTransfer","floor":2},{"not_picked":["hexamod:Incineration","hexamod:FastForward"],"picked":"hexamod:GhostShield","floor":3},{"not_picked":["hexamod:GhostflameBarrier","hexamod:HauntingEcho","hexamod:HeatCrush"],"picked":"SKIP","floor":4},{"not_picked":["hexamod:NightmareGuise","hexamod:NecessarySacrifice"],"picked":"hexamod:ParanormalForm","floor":5},{"not_picked":["hexamod:GhostOfSpireFuture","hexamod:AdvancingGuard"],"picked":"hexamod:EtherealExpedition","floor":6},{"not_picked":["hexamod:SpectralSpark","hexamod:HeatShield"],"picked":"hexamod:DynamicBlow","floor":8},{"not_picked":["hexamod:AdvancingGuard","hexamod:Firestarter","hexamod:HeatMetal"],"picked":"SKIP","floor":9},{"not_picked":["hexamod:HeatCrush","hexamod:InspiringFlames"],"picked":"hexamod:GhostShield","floor":10},{"not_picked":["hexamod:CatchUp","hexamod:RecurringNightmare","hexamod:BacktrackSmack"],"picked":"SKIP","floor":13},{"not_picked":["hexamod:GhostLash","hexamod:BurningTouch"],"picked":"hexamod:Hexaguard","floor":15},{"not_picked":["hexamod:UnleashSpirits","hexamod:GhostflameInferno"],"picked":"hexamod:TimeOfNeed","floor":16},{"not_picked":["hexamod:GhostOfSpireFuture","hexamod:Firestarter"],"picked":"hexamod:SpectersWail+1","floor":19},{"not_picked":["hexamod:SuperheatedStrike","hexamod:SoulSteal"],"picked":"hexamod:EtherealExpedition","floor":20},{"not_picked":["hexamod:GhostOfSpireFuture","hexamod:ThermalTransfer"],"picked":"hexamod:GhostLash","floor":25},{"not_picked":["hexamod:ThermalTransfer+1","hexamod:ChargedBarrage","hexamod:FastForward"],"picked":"SKIP","floor":27},{"not_picked":["hexamod:AdvancingGuard","hexamod:SixthSeal"],"picked":"hexamod:SpectersWail","floor":28},{"not_picked":["hexamod:SpectralAdrenaline+1","hexamod:SkipABeat","hexamod:SpectralSpark"],"picked":"SKIP","floor":32},{"not_picked":["hexamod:SpectralSpark+1","hexamod:SecondSeal"],"picked":"hexamod:Haunt","floor":36},{"not_picked":["hexamod:SwordOfDarkness","hexamod:NightmareGuise","hexamod:SpectralAdrenaline+1"],"picked":"SKIP","floor":38},{"not_picked":["hexamod:ShieldOfDarkness+1","hexamod:HeatCrush+1","hexamod:GhostShield"],"picked":"SKIP","floor":39},{"not_picked":["hexamod:GhostOfSpirePast","hexamod:ApocalypticArmor","hexamod:AdvancingGuard"],"picked":"SKIP","floor":40},{"not_picked":["hexamod:InspiringFlames+1","hexamod:SecondSeal","hexamod:BurningTouch"],"picked":"Singing Bowl","floor":42},{"not_picked":["hexamod:PhantomFireball+1","hexamod:FlamesFromBeyond+1","hexamod:FirstSeal"],"picked":"Singing Bowl","floor":43},{"not_picked":["hexamod:CatchUp","hexamod:Hexaguard"],"picked":"hexamod:RecurringNightmare+1","floor":45},{"not_picked":["hexamod:ShieldOfDarkness+1","hexamod:NecessarySacrifice+1","hexamod:HeatMetal"],"picked":"Singing Bowl","floor":46},{"not_picked":["hexamod:Again+1","hexamod:BurningTouch","hexamod:BacktrackSmack"],"picked":"Singing Bowl","floor":47},{"not_picked":["hexamod:GhostOfSpireFuture+1","hexamod:SpectersWail","hexamod:Firestarter"],"picked":"Singing Bowl","floor":48},{"not_picked":["hexamod:ShieldOfDarkness+1","hexamod:Again","hexamod:ThermalTransfer+1"],"picked":"Singing Bowl","floor":49},{"not_picked":["hexamod:GhostflameInferno","hexamod:SuperheatedStrike","hexamod:NightmareGuise+1"],"picked":"Singing Bowl","floor":52}],"player_experience":452586,"relics_obtained":[{"floor":7,"key":"Omamori"},{"floor":8,"key":"Dream Catcher"},{"floor":13,"key":"Kunai"},{"floor":20,"key":"Ice Cream"},{"floor":20,"key":"Darkstone Periapt"},{"floor":28,"key":"Pantograph"},{"floor":30,"key":"MealTicket"},{"floor":34,"key":"sneckomod:BlankCard"},{"floor":34,"key":"Sundial"},{"floor":34,"key":"Torii"},{"floor":40,"key":"Pen Nib"},{"floor":41,"key":"Singing Bowl"},{"floor":42,"key":"Bottled Tornado"},{"floor":46,"key":"bronze:BronzeIdol"},{"floor":52,"key":"Toy Ornithopter"}],"event_choices":[{"damage_healed":17,"gold_gain":0,"player_choice":"Healed and dodged fight","damage_taken":0,"max_hp_gain":0,"max_hp_loss":0,"event_name":"Mushrooms","floor":11,"gold_loss":0,"cards_obtained":["Parasite"]},{"damage_healed":0,"gold_gain":0,"player_choice":"Read","damage_taken":0,"max_hp_gain":0,"max_hp_loss":0,"event_name":"The Library","floor":22,"gold_loss":0,"cards_obtained":["hexamod:Hexaguard"]}],"is_beta":false,"boss_relics":[{"not_picked":["Snecko Eye","bronze:MakeshiftBattery"],"picked":"Tiny House"},{"not_picked":["Busted Crown","Empty Cage"],"picked":"Calling Bell"}],"items_purged_floors":[5],"is_endless":false,"potions_floor_spawned":[2,4,8,16,19,20,28,38,43,47,48,52],"ascension_level":4}}