{"host":"sav7uxregyirlf69","time":1612706963,"event":{"mods":["AchievementEnabler","BaseMod","Colored Map","DeckTracker","Keyboard Shortcuts","Minty Spire (QoL Compilation)","READ ME - Guardian Mod","StSLib","SuperFastMode"],"gold_per_floor":[119,44,59,33,33,64,64,64,64,87,37,51,82,82,82,82,82],"floor_reached":16,"language":"KOR","playtime":164,"items_purged":[],"score":266,"play_id":"c4ff9a19-573f-4488-98f4-0df25743d0af","local_time":"20210207230923","is_ascension_mode":true,"campfire_choices":[{"data":"Neutralize","floor":8,"key":"SMITH"},{"data":"Blade Dance","floor":15,"key":"SMITH"}],"circlet_count":0,"master_deck":["AscendersBane","Strike_G","Strike_G","Strike_G","Strike_G","Defend_G","Defend_G","Defend_G","Defend_G","Defend_G","Survivor","Neutralize+1","Dagger Throw","Poisoned Stab","Flying Knee","Dagger Throw","Blade Dance+1","Blur"],"relics":["Ring of the Snake","NeowsBlessing","Boot","Blue Candle","Golden Idol","Gremlin Horn","Ninja Scroll","Juzu Bracelet"],"acts_visited":["Exordium"],"potions_floor_usage":[13,16],"damage_taken":[{"damage":0,"enemies":"Small Slimes","floor":1,"turns":1},{"damage":0,"enemies":"Jaw Worm","floor":3,"turns":1},{"damage":0,"enemies":"Gremlin Nob","floor":6,"turns":1},{"damage":0,"enemies":"2 Louse","floor":10,"turns":2},{"damage":0,"enemies":"Exordium Thugs","floor":12,"turns":3},{"damage":2,"enemies":"Lagavulin","floor":13,"turns":7},{"damage":36,"enemies":"Slime Boss","floor":16,"turns":4}],"seed_played":"3396308836272791925","potions_obtained":[{"floor":3,"key":"Explosive Potion"},{"floor":10,"key":"Block Potion"}],"is_trial":false,"path_per_floor":["M","?","M","$","?","E","?","R","T","M","$","M","E","T","R","B"],"character_chosen":"THE_SILENT","items_purchased":["Flying Knee","Blade Dance"],"campfire_rested":0,"item_purchase_floors":[4,11],"current_hp_per_floor":[59,59,59,59,33,33,33,33,33,33,33,33,31,31,31,0,0],"gold":82,"neow_bonus":"THREE_ENEMY_KILL","is_daily":false,"chose_seed":false,"campfire_upgraded":2,"win_rate":0.0,"timestamp":1612706963,"path_taken":["M","?","M","$","?","E","?","R","T","?","$","M","E","?","R","BOSS"],"items_purchased_type":["Card","Card"],"build_version":"2020-12-22","purchased_purges":0,"victory":false,"max_hp_per_floor":[66,66,66,66,66,66,60,60,60,60,60,60,60,60,60,60,60],"card_choices":[{"not_picked":["Acrobatics","Caltrops"],"picked":"Dagger Throw","floor":1},{"not_picked":["Underhanded Strike","Deadly Poison"],"picked":"Poisoned Stab","floor":3},{"not_picked":["Outmaneuver","All Out Attack"],"picked":"Dagger Throw","floor":6},{"not_picked":["Distraction","Dodge and Roll","Slice"],"picked":"SKIP","floor":10},{"not_picked":["Dodge and Roll","Distraction"],"picked":"Blur","floor":12},{"not_picked":["Quick Slash","Flechettes","Slice"],"picked":"SKIP","floor":13}],"player_experience":1514394,"relics_obtained":[{"floor":6,"key":"Blue Candle"},{"floor":9,"key":"Gremlin Horn"},{"floor":13,"key":"Ninja Scroll"},{"floor":14,"key":"Juzu Bracelet"}],"event_choices":[{"cards_removed":["Strike_G"],"damage_healed":0,"gold_gain":0,"player_choice":"Card Removal","damage_taken":0,"max_hp_gain":0,"max_hp_loss":0,"event_name":"The Cleric","floor":2,"gold_loss":75},{"damage_healed":0,"gold_gain":0,"player_choice":"Success","damage_taken":26,"relics_obtained":["Boot"],"max_hp_gain":0,"max_hp_loss":0,"event_name":"Scrap Ooze","floor":5,"gold_loss":0},{"damage_healed":0,"gold_gain":0,"player_choice":"Lose Max HP","damage_taken":0,"relics_obtained":["Golden Idol"],"max_hp_gain":0,"max_hp_loss":6,"event_name":"Golden Idol","floor":7,"gold_loss":0}],"is_beta":false,"boss_relics":[],"items_purged_floors":[],"is_endless":false,"potions_floor_spawned":[3,10,12],"killed_by":"Slime Boss","ascension_level":20}}