{"host":"5jdby9iqu3ct6557","time":1612735099,"event":{"mods":["BaseMod","DeckTracker","Highlight Path","Minty Spire (QoL Compilation)","Relic Stats","StSLib"],"gold_per_floor":[119,133,1,12,12,12,87,100,127,147,147,174,174,204,204,281,281,294,294,306,87,12,12,40,40,40,56,56,56,88,88,88,167,167,181,92,109,34,44,71,71,98,125,136,136,136,147,167,167,167,167,167,167,13,40,40,40],"floor_reached":56,"language":"ENG","playtime":11673,"items_purged":["Strike_B","Strike_B"],"score":1956,"play_id":"4855d3d4-638d-4738-856a-574904879167","local_time":"20210207165819","is_ascension_mode":true,"campfire_choices":[{"data":"Lockon","floor":6,"key":"SMITH"},{"floor":11,"key":"REST"},{"data":"Electrodynamics","floor":13,"key":"SMITH"},{"data":"Capacitor","floor":15,"key":"SMITH"},{"data":"Defragment","floor":23,"key":"SMITH"},{"data":"Turbo","floor":25,"key":"SMITH"},{"floor":28,"key":"REST"},{"floor":32,"key":"REST"},{"floor":41,"key":"REST"},{"floor":46,"key":"RECALL"},{"floor":49,"key":"REST"},{"floor":53,"key":"REST"}],"circlet_count":0,"master_deck":["AscendersBane","Strike_B","Defend_B","Defend_B","Defend_B","Defend_B","Zap","Dualcast+1","Conserve Battery","Sweeping Beam+1","Lockon+1","Glacier","Electrodynamics+1","Capacitor+1","Hyperbeam+1","Melter+1","Defragment+1","Turbo+1","Cold Snap+1","Biased Cognition","Echo Form","BootSequence","Loop","Conserve Battery+1","Coolheaded","Coolheaded+1","Rainbow"],"relics":["Cracked Core","Dream Catcher","Akabeko","Bag of Marbles","Anchor","Runic Pyramid","Regal Pillow","Pear","Ancient Tea Set","Fusion Hammer","Art of War","Oddly Smooth Stone","Bottled Tornado","Molten Egg 2","Whetstone"],"acts_visited":["Exordium","TheCity","TheBeyond","TheEnding"],"potions_floor_usage":[20,33,39,50,51,55],"damage_taken":[{"damage":6,"enemies":"Cultist","floor":1,"turns":4},{"damage":7,"enemies":"Jaw Worm","floor":2,"turns":3},{"damage":3,"enemies":"2 Louse","floor":4,"turns":2},{"damage":16,"enemies":"Exordium Thugs","floor":8,"turns":5},{"damage":6,"enemies":"Looter","floor":10,"turns":3},{"damage":1,"enemies":"3 Sentries","floor":12,"turns":5},{"damage":11,"enemies":"Lagavulin","floor":14,"turns":7},{"damage":45,"enemies":"Slime Boss","floor":16,"turns":11},{"damage":0,"enemies":"3 Byrds","floor":18,"turns":3},{"damage":4,"enemies":"Shell Parasite","floor":20,"turns":7},{"damage":0,"enemies":"Slavers","floor":24,"turns":3},{"damage":24,"enemies":"Snecko","floor":27,"turns":6},{"damage":33,"enemies":"Gremlin Leader","floor":30,"turns":7},{"damage":35,"enemies":"Collector","floor":33,"turns":10},{"damage":3,"enemies":"3 Shapes","floor":35,"turns":2},{"damage":0,"enemies":"3 Darklings","floor":37,"turns":2},{"damage":21,"enemies":"Writhing Mass","floor":39,"turns":6},{"damage":10,"enemies":"Giant Head","floor":40,"turns":8},{"damage":20,"enemies":"Reptomancer","floor":42,"turns":6},{"damage":10,"enemies":"Transient","floor":44,"turns":6},{"damage":0,"enemies":"3 Darklings","floor":47,"turns":3},{"damage":5,"enemies":"Spire Growth","floor":48,"turns":5},{"damage":11,"enemies":"Time Eater","floor":50,"turns":18},{"damage":34,"enemies":"Awakened One","floor":51,"turns":19},{"damage":26,"enemies":"Shield and Spear","floor":55,"turns":7},{"damage":108,"enemies":"The Heart","floor":56,"turns":3}],"seed_played":"-5690885833565779782","potions_obtained":[{"floor":4,"key":"Strength Potion"},{"floor":14,"key":"Dexterity Potion"},{"floor":20,"key":"FearPotion"},{"floor":30,"key":"GamblersBrew"},{"floor":33,"key":"Weak Potion"},{"floor":40,"key":"Strength Potion"},{"floor":48,"key":"FocusPotion"}],"is_trial":false,"path_per_floor":["M","M","$","M","?","R","?","M","T","M","R","E","R","E","R","B",null,"M","?","M","$","?","R","E","R","T","M","R","?","E","?","R","B",null,"M","?","M","$","M","E","R","E","T","M","T","R","M","M","R","B","B",null,"R","$","E","B"],"character_chosen":"DEFECT","items_purchased":["Lockon","PowerPotion","Defragment","Turbo","Loop","SpeedPotion"],"campfire_rested":6,"item_purchase_floors":[3,3,21,21,38,54],"current_hp_per_floor":[58,51,51,48,71,71,60,44,44,38,59,58,58,47,47,2,54,54,54,50,50,50,50,50,50,60,36,75,75,42,19,59,24,71,68,68,68,68,47,37,77,57,57,47,47,47,47,42,82,71,37,74,86,86,60,0,0],"gold":40,"neow_bonus":"RANDOM_COMMON_RELIC","is_daily":false,"chose_seed":false,"campfire_upgraded":5,"win_rate":0.0,"timestamp":1612735099,"path_taken":["M","M","?","M","?","R","?","M","T","M","R","E","R","E","R","BOSS","M","?","M","?","?","R","E","R","T","M","R","?","E","?","R","BOSS","M","?","M","?","?","E","R","E","T","M","?","R","M","M","R","BOSS","BOSS","R","$","E","BOSS"],"items_purchased_type":["Card","Potion","Card","Card","Card","Potion"],"build_version":"2020-12-22","purchased_purges":2,"victory":false,"max_hp_per_floor":[71,71,71,71,71,71,71,71,71,71,71,71,71,71,71,71,71,71,71,71,71,71,71,71,71,81,81,81,81,81,86,86,86,86,86,86,86,86,86,86,86,86,86,86,86,86,86,86,86,86,86,86,86,86,86,86,86],"relic_stats":{"Dream Catcher":6,"Regal Pillow":60,"counters":[26,160],"Art of War":[33],"Whetstone":["Sweeping Beam","Hyperbeam"],"obtain_stats":[{"Regal Pillow":24,"Pear":26,"Oddly Smooth Stone":40,"Whetstone":55,"Bottled Tornado":42,"Ancient Tea Set":30,"Akabeko":9,"Dream Catcher":0,"Anchor":14,"Molten Egg 2":45,"Fusion Hammer":34,"Bag of Marbles":12,"Art of War":36,"Cracked Core":0,"Runic Pyramid":17},{"Regal Pillow":11,"Pear":11,"Oddly Smooth Stone":18,"Whetstone":25,"Bottled Tornado":19,"Ancient Tea Set":13,"Akabeko":4,"Dream Catcher":0,"Anchor":7,"Molten Egg 2":20,"Fusion Hammer":14,"Bag of Marbles":6,"Art of War":15,"Cracked Core":0,"Runic Pyramid":8},{"Regal Pillow":53,"Pear":53,"Oddly Smooth Stone":94,"Whetstone":157,"Bottled Tornado":99,"Ancient Tea Set":66,"Akabeko":14,"Dream Catcher":0,"Anchor":29,"Molten Egg 2":105,"Fusion Hammer":76,"Bag of Marbles":22,"Art of War":78,"Cracked Core":0,"Runic Pyramid":40}]},"card_choices":[{"not_picked":["Turbo","Streamline"],"picked":"Conserve Battery","floor":1},{"not_picked":["Force Field","Turbo"],"picked":"Sweeping Beam","floor":2},{"not_picked":["Gash","Streamline"],"picked":"Glacier","floor":4},{"not_picked":["Heatsinks","Genetic Algorithm"],"picked":"Electrodynamics","floor":8},{"not_picked":["Steam","Streamline"],"picked":"Capacitor","floor":14},{"not_picked":["Thunder Strike","Electrodynamics"],"picked":"Hyperbeam","floor":16},{"not_picked":["Ball Lightning","Sweeping Beam"],"picked":"Melter+1","floor":20},{"not_picked":["Compile Driver","Gash+1"],"picked":"Cold Snap+1","floor":27},{"not_picked":["Sunder","Sweeping Beam"],"picked":"Biased Cognition","floor":30},{"not_picked":["Electrodynamics","Reboot"],"picked":"Echo Form","floor":33},{"not_picked":["Go for the Eyes","Capacitor+1"],"picked":"BootSequence","floor":35},{"not_picked":["Aggregate","Stack"],"picked":"Conserve Battery+1","floor":39},{"not_picked":["Scrape","Streamline+1"],"picked":"Coolheaded","floor":41},{"not_picked":["Streamline","Consume"],"picked":"Coolheaded+1","floor":42},{"not_picked":["Sweeping Beam+1","Beam Cell+1"],"picked":"Rainbow","floor":47},{"not_picked":["Reprogram+1","Chaos","FTL+1"],"picked":"SKIP","floor":55}],"player_experience":2559507,"relics_obtained":[{"floor":9,"key":"Akabeko"},{"floor":12,"key":"Bag of Marbles"},{"floor":14,"key":"Anchor"},{"floor":24,"key":"Regal Pillow"},{"floor":26,"key":"Pear"},{"floor":30,"key":"Ancient Tea Set"},{"floor":40,"key":"Oddly Smooth Stone"},{"floor":42,"key":"Bottled Tornado"},{"floor":45,"key":"Molten Egg 2"},{"floor":55,"key":"Whetstone"}],"event_choices":[{"damage_healed":23,"gold_gain":0,"player_choice":"Banana","damage_taken":0,"max_hp_gain":0,"max_hp_loss":0,"event_name":"Big Fish","floor":5,"gold_loss":0},{"damage_healed":0,"gold_gain":75,"player_choice":"Gather Gold","damage_taken":11,"max_hp_gain":0,"max_hp_loss":0,"event_name":"World of Goop","floor":7,"gold_loss":0},{"damage_healed":0,"gold_gain":0,"player_choice":"Upgraded","damage_taken":0,"max_hp_gain":0,"max_hp_loss":0,"event_name":"Upgrade Shrine","floor":19,"gold_loss":0,"cards_upgraded":["Dualcast"]},{"cards_removed":["Strike_B"],"damage_healed":0,"gold_gain":0,"player_choice":"Gave Gold","damage_taken":0,"max_hp_gain":0,"max_hp_loss":0,"event_name":"Beggar","floor":22,"gold_loss":75},{"damage_healed":0,"gold_gain":0,"player_choice":"Ignored","damage_taken":0,"max_hp_gain":0,"max_hp_loss":0,"event_name":"The Mausoleum","floor":29,"gold_loss":0},{"damage_healed":0,"gold_gain":0,"player_choice":"Shed Blood","damage_taken":28,"max_hp_gain":5,"max_hp_loss":0,"event_name":"Forgotten Altar","floor":31,"gold_loss":0},{"damage_healed":0,"gold_gain":0,"player_choice":"Paid Gold","damage_taken":0,"relics_obtained":["Art of War"],"max_hp_gain":0,"max_hp_loss":0,"event_name":"WeMeetAgain","floor":36,"gold_loss":89}],"is_beta":false,"boss_relics":[{"not_picked":["FrozenCore","Runic Dome"],"picked":"Runic Pyramid"},{"not_picked":["Coffee Dripper","Pandora\u0027s Box"],"picked":"Fusion Hammer"}],"items_purged_floors":[21,54],"is_endless":false,"potions_floor_spawned":[4,14,16,20,24,30,33,35,40,48],"killed_by":"The Heart","ascension_level":20}}