{"host":"rolltorest","time":1612665639,"event":{"mods":["BaseMod","Minty Spire (QoL Compilation)","Relic Stats","Slay the Relics Exporter","StSLib"],"gold_per_floor":[115,135,161,175,175,207,207,207,207],"floor_reached":8,"language":"ENG","playtime":266,"items_purged":[],"score":112,"play_id":"a338b405-aab9-4bfd-a2c8-ae5d76826b60","local_time":"20210206184039","is_ascension_mode":true,"campfire_choices":[{"floor":7,"key":"REST"}],"circlet_count":0,"master_deck":["AscendersBane","Strike_B+1","Defend_B","Defend_B","Defend_B","Defend_B","Zap","Dualcast","Stack+1","Consume+1","Conserve Battery+1","Gash","Doom and Gloom+1","Genetic Algorithm","Hologram"],"relics":["Astrolabe","Bronze Scales","Whetstone"],"acts_visited":["Exordium"],"potions_floor_usage":[6],"damage_taken":[{"damage":6,"enemies":"Cultist","floor":1,"turns":5},{"damage":16,"enemies":"Jaw Worm","floor":2,"turns":8},{"damage":4,"enemies":"Small Slimes","floor":4,"turns":4},{"damage":24,"enemies":"3 Sentries","floor":6,"turns":6},{"damage":6,"enemies":"Gremlin Nob","floor":8,"turns":3}],"seed_played":"-707778477917000485","potions_obtained":[{"floor":1,"key":"LiquidMemories"},{"floor":2,"key":"BlessingOfTheForge"}],"is_trial":false,"path_per_floor":["M","M","T","M","$","E","R","E"],"character_chosen":"DEFECT","items_purchased":[],"campfire_rested":1,"item_purchase_floors":[],"current_hp_per_floor":[58,42,42,38,38,14,35,29,29],"gold":207,"neow_bonus":"BOSS_RELIC","is_daily":false,"chose_seed":false,"campfire_upgraded":0,"win_rate":0.0,"timestamp":1612665639,"path_taken":["M","M","?","?","$","E","R","E"],"items_purchased_type":[],"build_version":"2020-12-18","purchased_purges":0,"victory":false,"max_hp_per_floor":[71,71,71,71,71,71,71,71,71],"relic_stats":{"counters":[5,26],"Astrolabe":["Stack","Consume","Conserve Battery"],"Bronze Scales":[27],"Whetstone":["Strike_B","Doom and Gloom"],"obtain_stats":[{"Astrolabe":0,"Bronze Scales":3,"Whetstone":6,"Cracked Core":0},{"Astrolabe":0,"Bronze Scales":2,"Whetstone":4,"Cracked Core":0},{"Astrolabe":0,"Bronze Scales":13,"Whetstone":23,"Cracked Core":0}]},"card_choices":[{"not_picked":["Leap","Conserve Battery"],"picked":"Gash","floor":1},{"not_picked":["Sweeping Beam","Static Discharge"],"picked":"Doom and Gloom","floor":2},{"not_picked":["Reprogram","Heatsinks"],"picked":"Genetic Algorithm","floor":4},{"not_picked":["Consume","Reprogram"],"picked":"Hologram","floor":6}],"player_experience":1901577,"relics_obtained":[{"floor":3,"key":"Bronze Scales"},{"floor":6,"key":"Whetstone"}],"event_choices":[],"is_beta":true,"boss_relics":[],"items_purged_floors":[],"is_endless":false,"potions_floor_spawned":[1,2],"killed_by":"Gremlin Nob","ascension_level":20}}