{"host":"takgv9cv6xf64vhq","time":1612736009,"event":{"mods":["BaseMod","Colored Powertips","Conspire","Decade(王小明)","Downfall","Energized Spire","Hermit","Hubris","LagranYue(拉格朗・月)","Marisa（F雨　魔理沙）","Minty Spire (QoL Compilation)","Replay The Spire","StSLib","The Cursed","The Hierophant","The Jungle","The Servant 0.9.4","TheHeartMod"],"gold_per_floor":[118,136,136,136,154,187,187,187,187,187,199,227,86,112,112,12,12],"floor_reached":16,"language":"ZHS","playtime":733,"items_purged":[],"score":173,"play_id":"78febb95-30fd-494d-a0fe-2ff02f416b04","local_time":"20210208061329","is_ascension_mode":true,"campfire_choices":[{"data":"Mirror Shield","floor":7.0,"key":"SMITH"},{"floor":15,"key":"REST"}],"circlet_count":0,"master_deck":["conspire:GhostlyStrike","conspire:GhostlyStrike","conspire:GhostlyStrike","conspire:GhostlyDefend+1","conspire:GhostlyDefend+1","conspire:GhostlyDefend","conspire:GhostlyDefend","Zap","Dualcast","BasicCrystalCard+1","Mirror Shield+1","Conserve Battery","Leap","Master of Strategy+1","Turbo","ReplayTheSpireMod:System Scan","Apotheosis","ReplayTheSpireMod:IOU","Loop","Force Field"],"relics":["Cracked Core","NeowsBlessing","hubris:BallOfYels","Oddly Smooth Stone","Replay:Wax Seal","hubris:Teleporter"],"acts_visited":["Exordium"],"potions_floor_usage":[16],"damage_taken":[{"damage":0.0,"enemies":"Small Slimes","floor":1.0,"turns":1.0},{"damage":0.0,"enemies":"Jaw Worm","floor":2.0,"turns":1.0},{"damage":0.0,"enemies":"2 Louse","floor":5.0,"turns":1.0},{"damage":12.0,"enemies":"Lagavulin","floor":6.0,"turns":5.0},{"damage":3.0,"enemies":"Exordium Wildlife","floor":11.0,"turns":4.0},{"damage":24.0,"enemies":"3 Sentries","floor":12.0,"turns":8.0},{"damage":9.0,"enemies":"Lagavulin","floor":14.0,"turns":6.0},{"damage":49,"enemies":"Fading Forest","floor":16,"turns":10}],"seed_played":"-4313894286103484392","potions_obtained":[{"floor":2.0,"key":"PotionOfCapacity"},{"floor":5.0,"key":"ColorlessPotion"},{"floor":11.0,"key":"DuplicationPotion"}],"is_trial":false,"path_per_floor":["M","M","?","?","M","E","R","?","T","?","M","E","$","E","R","B"],"character_chosen":"DEFECT","items_purchased":["Replay:Wax Seal","Apotheosis","Loop"],"campfire_rested":1,"item_purchase_floors":[13,13,13],"current_hp_per_floor":[75,75,75,75,75,63,63,48,48,48,45,21,21,12,34,0,0],"gold":12,"neow_bonus":"THREE_ENEMY_KILL","is_daily":false,"chose_seed":false,"campfire_upgraded":1,"win_rate":0.0,"timestamp":1612736009,"path_taken":["M","M","?","?","M","E","R","?","T","?","M","E","$","E","R","BOSS"],"items_purchased_type":["Relic","Card","Card"],"build_version":"2020-12-22","purchased_purges":0,"victory":false,"max_hp_per_floor":[75,75,75,75,75,75,75,75,75,75,75,75,75,75,75,75,75],"card_choices":[{"not_picked":["Sweeping Beam","Compile Driver"],"picked":"BasicCrystalCard","floor":1.0},{"not_picked":["Stack","Rebound"],"picked":"Mirror Shield","floor":2.0},{"not_picked":["Rebound","Streamline"],"picked":"Conserve Battery","floor":5.0},{"not_picked":["Gash","hubris:Prefetch"],"picked":"Leap","floor":6.0},{"not_picked":["Ball Lightning","Rip and Tear"],"picked":"Turbo","floor":11.0},{"not_picked":["Compile Driver","ReplayTheSpireMod:Repulse"],"picked":"ReplayTheSpireMod:System Scan","floor":12.0},{"not_picked":["Conserve Battery","Hologram"],"picked":"Force Field","floor":14.0}],"player_experience":471616,"relics_obtained":[{"floor":6.0,"key":"hubris:BallOfYels"},{"floor":12.0,"key":"Oddly Smooth Stone"},{"floor":14.0,"key":"hubris:Teleporter"}],"event_choices":[{"damage_healed":0.0,"max_hp_gain":0.0,"max_hp_loss":0.0,"gold_gain":0.0,"event_name":"conspire:LoneGhost","player_choice":"Agree","floor":4.0,"gold_loss":0.0,"damage_taken":0.0},{"damage_healed":0.0,"max_hp_gain":0.0,"max_hp_loss":0.0,"gold_gain":0.0,"event_name":"Shining Light","player_choice":"Entered Light","floor":8.0,"gold_loss":0.0,"damage_taken":15.0,"cards_upgraded":["conspire:GhostlyDefend","conspire:GhostlyDefend"]}],"is_beta":false,"boss_relics":[],"items_purged_floors":[],"is_endless":false,"potions_floor_spawned":[2,5,11],"killed_by":"Fading Forest","ascension_level":5}}