{"host":"i70yit5z0kpl303k","time":1612682165,"event":{"mods":["2.2 Compatiblity","Act Like it!","BaseMod","BetterRewards","Infinite Spire","Ironclad Rager","Koishi","Marked Mod","Minty Spire (QoL Compilation)","Relic Stats","Replay The Spire","StSLib","The Marked"],"gold_per_floor":[20,31,31,31,45,72,92,42,88,88,102,102,118,135,210,312,362,375,358,369,385,385,385,385],"floor_reached":23,"language":"ENG","playtime":624,"items_purged":[],"score":247,"play_id":"27729a0f-2799-4ce5-8c55-671f0bfc5090","local_time":"20210206231605","is_ascension_mode":false,"campfire_choices":[{"data":"Searing Blow","floor":10,"key":"SMITH"}],"circlet_count":0,"master_deck":["Bash","Twin Strike","Twin Strike","Twin Strike","Twin Strike","Twin Strike+1","Iron Wave","Iron Wave","Iron Wave","Iron Wave","Headbutt+1","Searing Blow+1","Shrug It Off","Juggernaut","Perfected Strike","Twin Strike+1","Twin Strike","Pommel Strike","infinitespire:OneForAll","Perfected Strike","Replay:Many Hands","Pommel Strike","Cleave","Pummel","Feed","Havoc"],"relics":["Burning Blood","Shuriken","Strawberry","Gremlin Food","Tiny House"],"acts_visited":["Exordium","TheCity"],"potions_floor_usage":[16,16,23,23],"damage_taken":[{"damage":6,"enemies":"Jaw Worm","floor":1,"turns":2},{"damage":0,"enemies":"Small Slimes","floor":2,"turns":2},{"damage":6,"enemies":"Cultist","floor":5,"turns":3},{"damage":10,"enemies":"Gremlin Nob","floor":6,"turns":4},{"damage":0,"enemies":"Exordium Thugs","floor":7,"turns":2},{"damage":0,"enemies":"Large Slime","floor":11,"turns":3},{"damage":8,"enemies":"Red Slaver","floor":13,"turns":2},{"damage":1,"enemies":"Exordium Thugs","floor":14,"turns":3},{"damage":0,"enemies":"Slime Boss","floor":16,"turns":5},{"damage":22,"enemies":"3 Byrds","floor":18,"turns":4},{"damage":30,"enemies":"2 Thieves","floor":19,"turns":4},{"damage":0,"enemies":"Snecko","floor":20,"turns":3},{"damage":42,"enemies":"Snake Plant","floor":21,"turns":4},{"damage":18,"enemies":"Book of Stabbing","floor":23,"turns":3}],"seed_played":"-8557395043649908848","potions_obtained":[{"floor":2,"key":"Energy Potion"},{"floor":6,"key":"SkillPotion"},{"floor":14,"key":"AttackPotion"},{"floor":17,"key":"ColorlessPotion"},{"floor":20,"key":"ElixirPotion"}],"is_trial":false,"path_per_floor":["M","M","?","?","M","E","M","?","T","R","M","?","M","M","R","B",null,"M","M","M","M","?","E"],"character_chosen":"IRONCLAD","items_purchased":[],"campfire_rested":0,"item_purchase_floors":[],"current_hp_per_floor":[51,57,43,43,43,39,45,45,52,52,58,58,56,61,30,36,84,68,44,50,14,14,0,0],"gold":385,"neow_bonus":"IRONCLAD_BERSERKER","is_daily":false,"chose_seed":false,"campfire_upgraded":1,"win_rate":0.0,"timestamp":1612682165,"path_taken":["M","M","?","?","M","E","M","?","T","R","M","?","M","?","R","BOSS","M","M","M","M","?","E"],"items_purchased_type":[],"build_version":"2020-12-22","purchased_purges":0,"victory":false,"max_hp_per_floor":[72,72,72,72,72,72,72,72,79,79,79,79,79,79,79,79,84,84,84,84,84,84,84,84],"relic_stats":{"counters":[14,44],"Shuriken":[22],"obtain_stats":[{"Gremlin Food":15,"Tiny House":17,"Shuriken":6,"Strawberry":9,"Burning Blood":0},{"Gremlin Food":8,"Tiny House":9,"Shuriken":4,"Strawberry":5,"Burning Blood":0},{"Gremlin Food":21,"Tiny House":26,"Shuriken":11,"Strawberry":13,"Burning Blood":0}],"Burning Blood":78},"card_choices":[{"not_picked":["Dark Embrace","Sever Soul"],"picked":"Headbutt","floor":1},{"not_picked":["Armaments","Rupture"],"picked":"Searing Blow","floor":2},{"not_picked":["True Grit","Entrench"],"picked":"Shrug It Off","floor":5},{"not_picked":["Bloodletting","Warcry"],"picked":"Juggernaut","floor":6},{"not_picked":["Havoc","Cleave"],"picked":"Perfected Strike","floor":7},{"not_picked":["Run Through","ReplayReversal"],"picked":"Twin Strike","floor":11},{"not_picked":["Wild Strike","Anger"],"picked":"Twin Strike","floor":13},{"not_picked":["Body Slam","True Grit"],"picked":"Pommel Strike","floor":14},{"not_picked":["Searing Blow","Thunderclap"],"picked":"infinitespire:OneForAll","floor":15},{"not_picked":["Heavy Blade","Shockwave"],"picked":"Perfected Strike","floor":15},{"not_picked":["Brutality","Feed"],"picked":"Replay:Many Hands","floor":16},{"not_picked":["Wild Strike","Ghostly Armor"],"picked":"Pommel Strike","floor":17},{"not_picked":["Shrug It Off","ReplayTheSpireMod:Strike From Hell"],"picked":"Cleave","floor":18},{"not_picked":["Shrug It Off","Wild Strike"],"picked":"Pummel","floor":19},{"not_picked":["Headbutt+1","Warcry"],"picked":"Feed","floor":20},{"not_picked":["Flame Barrier","True Grit"],"picked":"Havoc","floor":21}],"player_experience":250885,"relics_obtained":[{"floor":6,"key":"Shuriken"},{"floor":9,"key":"Strawberry"},{"floor":15,"key":"Gremlin Food"}],"event_choices":[{"damage_healed":0,"gold_gain":0,"player_choice":"Entered Light","damage_taken":14,"max_hp_gain":0,"max_hp_loss":0,"event_name":"Shining Light","floor":3,"gold_loss":0,"cards_upgraded":["Twin Strike","Headbutt"]},{"damage_healed":0,"gold_gain":0,"player_choice":"Ignored","damage_taken":0,"max_hp_gain":0,"max_hp_loss":0,"event_name":"Liars Game","floor":4,"gold_loss":0},{"cards_removed":["Amnesia"],"damage_healed":0,"gold_gain":0,"player_choice":"Card Removal","damage_taken":0,"max_hp_gain":0,"max_hp_loss":0,"event_name":"The Cleric","floor":8,"gold_loss":50},{"damage_healed":0,"gold_gain":0,"player_choice":"Ignored","damage_taken":0,"max_hp_gain":0,"max_hp_loss":0,"event_name":"NoteForYourself","floor":12,"gold_loss":0},{"damage_healed":0,"gold_gain":0,"player_choice":"Ignored","damage_taken":0,"max_hp_gain":0,"max_hp_loss":0,"event_name":"Ghosts","floor":22,"gold_loss":0}],"is_beta":false,"boss_relics":[{"not_picked":["Coffee Dripper","Ectoplasm"],"picked":"Tiny House"}],"items_purged_floors":[],"is_endless":false,"potions_floor_spawned":[2,6,14,20],"killed_by":"Book of Stabbing","ascension_level":0}}