{"host":"rwmcmr2m88k7tuzm","time":1612709472,"event":{"mods":["A Magickal Journey","Aspiration","BaseMod","BetterRewards","Conspire","Downfall","Hubris","Infinite Spire","Minty Spire (QoL Compilation)","Quick Restart","Replay The Spire","Shop Mod","StSLib","SuperFastMode","The Hayseed","The Necromancer"],"gold_per_floor":[109,109,13,13,25,25,25,45,45,71,71,84,84,84,84,188,188,198,198,198,198],"floor_reached":20,"language":"ENG","playtime":548,"items_purged":["Summon_Lich+1"],"score":170,"play_id":"69049eb6-061b-4149-9d76-fba2b744468f","local_time":"20210207145112","is_ascension_mode":false,"campfire_choices":[{"floor":6,"key":"REST"},{"floor":11,"key":"REST"},{"floor":13,"key":"REST"}],"circlet_count":0,"master_deck":["Strike_W","Strike_W","Defend_W","Defend_W","Defend_W","Negative_Energy_Arrows","Bone_Wall+1","Apotheosis+1","Negative_Energy_Mist","Bone_Armory+1","Exploit","Bone_Armory+1","Bone_Shift+1"],"relics":["Vampire_Amulet","hubris:MedicalManual","Lantern","hubris:EmptyBottle","Mercury Hourglass","Replay:Bottled Eggs","hubris:Towel","Empty Cage"],"acts_visited":["Exordium","TheCity"],"potions_floor_usage":[10,10,10,16,16],"damage_taken":[{"damage":1,"enemies":"Jaw Worm","floor":1,"turns":5},{"damage":0,"enemies":"Cultist","floor":5,"turns":4},{"damage":0,"enemies":"2 Louse","floor":8,"turns":4},{"damage":27,"enemies":"Lagavulin","floor":10,"turns":6},{"damage":14,"enemies":"Exordium Wildlife","floor":12,"turns":5},{"damage":62,"enemies":"Fading Forest","floor":16,"turns":11},{"damage":5,"enemies":"Chosen","floor":18,"turns":6},{"damage":0,"enemies":"2 Thieves","floor":20,"turns":1}],"seed_played":"3462405288190804692","potions_obtained":[{"floor":5,"key":"BlessingOfTheForge"},{"floor":8,"key":"Adrenaline Potion"}],"is_trial":false,"path_per_floor":["M","?","$","$","M","R","$","M","T","E","R","M","R","?","R","B",null,"M","?","M"],"character_chosen":"NECROMANCER","items_purchased":["hubris:MedicalManual","Lantern","hubris:EmptyBottle","Apotheosis","Slimebound:ThreeZeroPotion"],"campfire_rested":3,"item_purchase_floors":[0,0,0,0,3],"current_hp_per_floor":[41,41,41,41,43,65,65,69,69,44,66,56,75,60,60,16,75,72,72,72,72],"gold":198,"neow_bonus":"","is_daily":false,"chose_seed":false,"campfire_upgraded":0,"win_rate":0.0,"timestamp":1612709472,"path_taken":["M","?","?","$","M","R","?","M","T","E","R","M","R","?","R","BOSS","M","?","M"],"items_purchased_type":["Relic","Relic","Relic","Card","Potion"],"build_version":"2020-12-22","purchased_purges":1,"victory":false,"max_hp_per_floor":[75,75,75,75,75,75,75,75,75,75,75,75,75,75,75,75,75,75,75,75,75],"card_choices":[{"not_picked":["Bone_Shift","Bone_Spikes","Deaths_Shadow"],"picked":"SKIP","floor":1},{"not_picked":["Violent_Necrosis","Negative_Energy_Sphere"],"picked":"Negative_Energy_Mist","floor":5},{"not_picked":["Negative_Energy_Javelin","Summon_Lich"],"picked":"Bone_Armory","floor":8},{"not_picked":["Bone_Armor","Negative_Energy_Bomb"],"picked":"Exploit","floor":10},{"not_picked":["Consume_Illness","Summon_Undead"],"picked":"Bone_Armory","floor":12},{"not_picked":["Consume_Illness","Blood_Is_Power"],"picked":"Bone_Shift+1","floor":18}],"player_experience":238886,"relics_obtained":[{"floor":9,"key":"Mercury Hourglass"},{"floor":10,"key":"Replay:Bottled Eggs"}],"event_choices":[{"cards_removed":["Strike_W"],"damage_healed":0,"gold_gain":0,"player_choice":"Purged","damage_taken":0,"max_hp_gain":0,"max_hp_loss":0,"event_name":"Purifier","floor":2,"gold_loss":0},{"damage_healed":0,"gold_gain":0,"player_choice":"Entered Light","damage_taken":15,"max_hp_gain":0,"max_hp_loss":0,"event_name":"Shining Light","floor":14,"gold_loss":0,"cards_upgraded":["Bone_Wall","Apotheosis"]}],"is_beta":false,"boss_relics":[{"not_picked":["ReplayTheSpireMod:SealedPack","Kintsugi"],"picked":"Empty Cage"}],"items_purged_floors":[0],"is_endless":false,"potions_floor_spawned":[5,8],"killed_by":"2 Thieves","ascension_level":0}}