{"host":"c02dmb09vpgjjjz3","time":1612734441,"event":{"mods":["100% Spire Juice","Act Like it!","Astrologer","BaseMod","Better Note","Better Sensory Stone","CapriCore","Colored Map","Conspire","Elementarium","Gensokyo","GifTheSpireLib","GungeonMod","Hallownest","Jorbs\u0027s Wanderer Trilogy","Magitek Elite","Marisa????????","Minty Spire (QoL Compilation)","Permanent Neow","Replay The Spire","Robot Space Explorer","Somnambulant","StSLib","Stuff the Spire","The Animator","The Elementalist","The Forsaken","The Hierophant","The Immortal","The Jungle","The Marked","The Runesmith","TheFirefly"],"gold_per_floor":[211,231,231,255,286,330,330,330,330,362,394,394,437,473,473,588,588,640,640,694,769,769],"floor_reached":21,"language":"ENG","playtime":1367,"items_purged":[],"score":218,"play_id":"71ce9f74-356a-4eaa-9f06-6db905630760","local_time":"20210207154721","is_ascension_mode":false,"campfire_choices":[{"floor":8,"key":"REST"},{"floor":12,"key":"REST"},{"data":"hierophant:ChurchCoffers","floor":15,"key":"SMITH"}],"circlet_count":0,"master_deck":["hierophant:Strike_Hierophant","hierophant:Strike_Hierophant","hierophant:Strike_Hierophant","hierophant:Punish","hierophant:Defend_Hierophant","hierophant:Defend_Hierophant","hierophant:Defend_Hierophant","hierophant:Defend_Hierophant","hierophant:ChurchCoffers+1","hierophant:FieryStrike","hierophant:Community","StuffTheSpire:FreeRealEstate","hierophant:OrnateBuckler","hierophant:Doubloon+1","hierophant:Remorse","hierophant:MintersHammer","hierophant:Doubloon+1","hierophant:Refuge","hierophant:Community","hierophant:Invocation","AbeCurse","hierophant:Doubloon","hierophant:Remorse+1","hierophant:Endure","hierophant:Doubloon","hierophant:CoinFling"],"relics":["Replay:Wanted Poster","Mythril_Glove","DemoMod:PoisonVial","Replay:Baseball","Abe\u0027s Treasure","DemoMod:GlassGuonStoneRelic"],"acts_visited":["Exordium","TheCity"],"potions_floor_usage":[6,6,16],"damage_taken":[{"damage":7,"enemies":"Jaw Worm","floor":1,"turns":4},{"damage":2,"enemies":"2 Louse","floor":2,"turns":3},{"damage":0,"enemies":"Small Slimes","floor":4,"turns":2},{"damage":1,"enemies":"Exordium Wildlife","floor":5,"turns":7},{"damage":30,"enemies":"Lagavulin","floor":6,"turns":8},{"damage":46,"enemies":"Gremlin Nob","floor":10,"turns":5},{"damage":0,"enemies":"Large Slime","floor":11,"turns":3},{"damage":7,"enemies":"Looter","floor":13,"turns":5},{"damage":0,"enemies":"Lots of Slimes","floor":14,"turns":2},{"damage":20,"enemies":"Hexaghost","floor":16,"turns":15},{"damage":60,"enemies":"3 Byrds","floor":18,"turns":12},{"damage":8,"enemies":"Spheric Guardian","floor":20,"turns":12}],"seed_played":"-6731731389130664573","potions_obtained":[{"floor":1,"key":"Dexterity Potion"},{"floor":2,"key":"Milkshake"},{"floor":4,"key":"Elixir"},{"floor":10,"key":"Fire Potion"},{"floor":16,"key":"Milkshake"}],"is_trial":false,"path_per_floor":["M","M","?","M","M","E","$","R","T","E","M","R","M","M","R","B",null,"M","?","M","?"],"character_chosen":"HIEROPHANT","items_purchased":[],"campfire_rested":2,"item_purchase_floors":[],"current_hp_per_floor":[68,66,66,66,65,35,35,57,57,11,11,33,26,26,26,6,75,15,15,7,0,0],"gold":769,"neow_bonus":"BOSS_RELIC","is_daily":false,"chose_seed":false,"campfire_upgraded":1,"win_rate":0.0,"timestamp":1612734441,"path_taken":["M","M","?","M","M","E","$","R","T","E","M","R","M","M","R","BOSS","M","?","M","?"],"items_purchased_type":[],"build_version":"2020-12-22","purchased_purges":0,"victory":false,"max_hp_per_floor":[75,75,75,75,75,75,75,75,75,75,75,75,75,75,75,75,75,75,75,75,75,75],"card_choices":[{"not_picked":["hierophant:Upheaval","hierophant:Zeal"],"picked":"hierophant:FieryStrike","floor":1},{"not_picked":["hierophant:PassingBell","hierophant:Smite"],"picked":"hierophant:Community","floor":2},{"not_picked":["Panacea","Replay:Sssssssssshield"],"picked":"StuffTheSpire:FreeRealEstate","floor":3},{"not_picked":["hierophant:SealAway","hierophant:Rebuild"],"picked":"hierophant:OrnateBuckler","floor":4},{"not_picked":["hierophant:Smite","hierophant:FaithHealing","hierophant:HolyVerse"],"picked":"SKIP","floor":5},{"not_picked":["hierophant:Zeal","hierophant:Doubloon"],"picked":"hierophant:Remorse","floor":6},{"not_picked":["hierophant:PristineSoul","hierophant:MorningPrayer"],"picked":"hierophant:MintersHammer","floor":10},{"not_picked":["hierophant:Remorse","hierophant:Shelter"],"picked":"hierophant:Refuge","floor":11},{"not_picked":["hierophant:Bribe","hierophant:DisplayOfPower","hierophant:SolarFlare"],"picked":"SKIP","floor":13},{"not_picked":["hierophant:Encroach","hierophant:FieryStrike"],"picked":"hierophant:Community","floor":14},{"not_picked":["hierophant:AuricForm","hierophant:Anathema"],"picked":"hierophant:Invocation","floor":16},{"not_picked":["hierophant:Embezzle","hierophant:FlamingChariot+1"],"picked":"hierophant:Remorse+1","floor":18},{"not_picked":["hierophant:Remorse","hierophant:Prophecy+1"],"picked":"hierophant:CoinFling","floor":20}],"player_experience":427547,"relics_obtained":[{"floor":6,"key":"Mythril_Glove"},{"floor":9,"key":"DemoMod:PoisonVial"},{"floor":10,"key":"Replay:Baseball"}],"event_choices":[{"damage_healed":0,"gold_gain":1,"player_choice":"1","damage_taken":0,"max_hp_gain":0,"max_hp_loss":0,"event_name":"betterStone:BetterStone","floor":3,"gold_loss":0},{"damage_healed":0,"gold_gain":0,"cards_transformed":["hierophant:Strike_Hierophant"],"player_choice":"Transformed","damage_taken":0,"max_hp_gain":0,"max_hp_loss":0,"event_name":"Transmorgrifier","floor":19,"gold_loss":0,"cards_obtained":["hierophant:Endure"]},{"damage_healed":0,"gold_gain":75,"player_choice":"Touch","damage_taken":7,"max_hp_gain":0,"max_hp_loss":0,"event_name":"FaceTrader","floor":21,"gold_loss":0}],"is_beta":false,"boss_relics":[{"not_picked":["Ring of Chaos","Runic Dome"],"picked":"Abe\u0027s Treasure"}],"items_purged_floors":[],"is_endless":false,"potions_floor_spawned":[1,2,4,10,16],"ascension_level":0}}