{"host":"skr63qsdfgeey3it","time":1612741970,"event":{"mods":["BaseMod","Colored Map","Hubris","Minty Spire (QoL Compilation)","Monster B Gone","Reliquary","Replay The Spire","Spicy Shops","StSLib"],"gold_per_floor":[366,366,366,421,478,478,511,511,511,539,556,568,23,82,82,161,161,177,177,177,177,211,20,20,20,54,13,84,98,98,111,111,121,121,199,199,218,218,238,1237,1248,1248,459,504,504,519,538,538,538,551,551,551],"floor_reached":53,"language":"ENG","playtime":3534,"items_purged":["Normality","Normality","Normality"],"score":1405,"play_id":"620138ac-3c23-4ff0-9c58-afac11c0ac2b","local_time":"20210207175250","is_ascension_mode":true,"campfire_choices":[{"floor":6,"key":"REST"},{"data":"Doom and Gloom","floor":8,"key":"SMITH"},{"data":"Double Energy","floor":15,"key":"SMITH"},{"floor":25,"key":"DIG"},{"data":"Shame","floor":30,"key":"PURGE"},{"data":"ReplayUltimateDefense","floor":32,"key":"SMITH"},{"data":"Madness","floor":42,"key":"SMITH"},{"data":"Pain","floor":49,"key":"PURGE"}],"circlet_count":0,"master_deck":["AscendersBane","Strike_B","Strike_B","Strike_B","Strike_B+1","Defend_B","Defend_B","Defend_B","Defend_B","Zap","Dualcast","Dualcast","hubris:Defend_Merchant","Cold Snap","Doom and Gloom+1","Static Discharge","Double Energy+1","Amplify","Skim","Mayhem+1","Defragment","Rebound+1","Panacea","ReplayUltimateDefense+1","Good Instincts","Replay:Sssssssssshield","Buffer+1","Doom and Gloom+1","Hologram","Turbo","ReplayTheSpireMod:Brewmster","Recycle+1","Loop","Mirror Shield","Enlightenment","Compile Driver+1","Echo Form+1","Consume","Madness+1","Madness","Redo","Multi-Cast","Heatsinks","ReplaySort","Delirium","Conserve Battery"],"relics":["Cracked Core","ReplayTheSpireMod:Ring of Collecting","ReplayTheSpireMod:Ring of Challenge","Spirit Poop","TungstenRod","Ring of Peace","ReplayTheSpireMod:Shallot","Replay:Multitool","Membership Card","Molten Egg 2","Iron Hammer","ReplayTheSpireMod:ShopPack","Nuclear Battery","Toy Ornithopter","hubris:TenFootPole","Anchor","ReplayFunnel","Replay:Bottled Eggs","ReplayTheSpireMod:Ring of Addiction","SacredBark","White Beast Statue","hubris:Towel","Cursed Key","reliquary:Buckler","Sling","Geode","Replay:Accelerometer","HandDrill","reliquary:PurpleTingedLeaf","Replay:Kaleidoscope","Shuriken","WarpedTongs"],"acts_visited":["Exordium","TheCity","TheBeyond"],"potions_floor_usage":[7,12,16,26,29,29,31,31,33,33,33,33,33,33,35,35,35,35,35,35,35,37,39,41,44,46,46,46,46,47,47,50,50,50,52,52,52,52,52,52,52,52,52,52,52,52],"damage_taken":[{"damage":0,"enemies":"2 Louse","floor":1,"turns":2},{"damage":14,"enemies":"Jaw Worm","floor":4,"turns":8},{"damage":3,"enemies":"Cultist","floor":5,"turns":3},{"damage":15,"enemies":"Lagavulin","floor":7,"turns":5},{"damage":4,"enemies":"Replay:BlueRogue","floor":10,"turns":5},{"damage":0,"enemies":"3 Louse","floor":11,"turns":3},{"damage":3,"enemies":"Exordium Thugs","floor":12,"turns":6},{"damage":0,"enemies":"Large Slime","floor":14,"turns":6},{"damage":12,"enemies":"The Guardian","floor":16,"turns":10},{"damage":0,"enemies":"Spheric Guardian","floor":18,"turns":6},{"damage":2,"enemies":"Shell Parasite","floor":22,"turns":7},{"damage":27,"enemies":"Book of Stabbing","floor":26,"turns":5},{"damage":0,"enemies":"Snecko","floor":29,"turns":6},{"damage":0,"enemies":"Snake Plant","floor":31,"turns":6},{"damage":23,"enemies":"Sentry and Sphere","floor":33,"turns":6},{"damage":0,"enemies":"Automaton","floor":35,"turns":13},{"damage":0,"enemies":"3 Darklings","floor":37,"turns":5},{"damage":0,"enemies":"Orb Walker","floor":39,"turns":7},{"damage":4,"enemies":"Jaw Worm Horde","floor":41,"turns":6},{"damage":48,"enemies":"2 Orb Walkers","floor":44,"turns":5},{"damage":0,"enemies":"Sphere and 2 Shapes","floor":46,"turns":2},{"damage":0,"enemies":"Spire Growth","floor":47,"turns":10},{"damage":0,"enemies":"Writhing Mass","floor":50,"turns":5},{"damage":0,"enemies":"Donu and Deca","floor":52,"turns":12}],"seed_played":"-627607275311060440","potions_obtained":[{"floor":4,"key":"Strength Potion"},{"floor":10,"key":"Swift Potion"},{"floor":12,"key":"LiquidMemories"},{"floor":16,"key":"SpeedPotion"},{"floor":18,"key":"Energy Potion"},{"floor":26,"key":"Doom Potion"},{"floor":28,"key":"Fire Potion"},{"floor":29,"key":"Ancient Potion"},{"floor":31,"key":"Ancient Potion"},{"floor":33,"key":"Regen Potion"},{"floor":35,"key":"PotionOfCapacity"},{"floor":37,"key":"EssenceOfSteel"},{"floor":41,"key":"Dexterity Potion"},{"floor":46,"key":"Energy Potion"},{"floor":47,"key":"Adrenaline Potion"}],"is_trial":false,"path_per_floor":["M","?","?","M","M","R","E","R","T","E","M","M","$","M","R_BF","B",null,"M","?","PTL","PTL","M","$","?","R","E","$","T","M","R","M","R","M","R_BF","B",null,"M","?","M","?","M","R","$","R","T","M","M","?","R","M","R_BF","B",null],"character_chosen":"DEFECT","items_purchased":["Membership Card","Mayhem","Defragment","Molten Egg 2","Iron Hammer","Rebound+1","ReplayTheSpireMod:ShopPack","Panacea","Turbo","ReplayTheSpireMod:Brewmster","Recycle+1","Loop","Enlightenment","Multi-Cast","Heatsinks","reliquary:Buckler","Sling","Geode","Replay:Accelerometer","HandDrill","reliquary:PurpleTingedLeaf"],"campfire_rested":1,"item_purchase_floors":[13,13,13,13,13,13,13,13,23,23,23,23,27,43,43,43,43,43,43,43,43],"current_hp_per_floor":[64,64,64,50,47,68,53,53,53,49,49,46,46,46,46,34,62,62,62,62,62,60,60,60,60,38,38,38,48,48,58,58,63,63,71,71,71,67,71,71,67,67,67,25,25,46,58,58,58,71,71,71],"gold":551,"neow_bonus":"TWO_FIFTY_GOLD","is_daily":false,"chose_seed":false,"campfire_upgraded":4,"win_rate":0.0,"timestamp":1612741970,"path_taken":["M","?","?","M","M","R","E","R","T","E","?","M","$","M","R_BF","BOSS","M","?","PTL","PTL","M","?","?","R","E","?","T","M","R","M","R","M","R_BF","BOSS","M","?","M","?","M","R","$","R","T","M","?","?","R","M","R_BF","BOSS"],"items_purchased_type":["Relic","Card","Card","Relic","Relic","Card","Relic","Card","Card","Card","Card","Card","Card","Card","Card","Relic","Relic","Relic","Relic","Relic","Relic"],"build_version":"2020-12-22","purchased_purges":3,"victory":true,"max_hp_per_floor":[71,71,71,71,71,71,71,71,71,71,71,71,71,71,71,71,71,71,71,71,71,71,71,71,71,71,71,71,71,71,71,71,71,71,71,71,71,71,71,71,71,71,71,71,71,71,71,71,71,71,71,71],"card_choices":[{"not_picked":["Sweeping Beam","ReplayGash"],"picked":"Cold Snap","floor":1},{"not_picked":["Gash","Stack"],"picked":"Doom and Gloom","floor":4},{"not_picked":["ReplayGash","Beam Cell"],"picked":"Static Discharge","floor":5},{"not_picked":["Coolheaded","Force Field"],"picked":"Double Energy","floor":7},{"not_picked":["Sweeping Beam","Barrage","Stack"],"picked":"SKIP","floor":10},{"not_picked":["Hologram","Tempest"],"picked":"Amplify","floor":11},{"not_picked":["Rip and Tear","ReplayTheSpireMod:Repulse"],"picked":"Skim","floor":12},{"not_picked":["Secret Technique","Sadistic Nature"],"picked":"ReplayUltimateDefense","floor":13},{"not_picked":["Trip","PanicButton"],"picked":"Good Instincts","floor":13},{"not_picked":["ReplayTheSpireMod:Uncanny Aura","Swift Strike"],"picked":"Replay:Sssssssssshield","floor":13},{"not_picked":["Rebound+1","Barrage+1","Gash+1"],"picked":"SKIP","floor":14},{"not_picked":["Thunder Strike+1","hubris:Prefetch"],"picked":"Buffer","floor":16},{"not_picked":["Rebound+1","Turbo","Gash+1"],"picked":"SKIP","floor":18},{"not_picked":["Redo","Cold Snap+1"],"picked":"Hologram","floor":22},{"not_picked":["Genetic Algorithm","ReplayGash+1"],"picked":"Mirror Shield","floor":26},{"not_picked":["Gash+1","Darkness","Coolheaded"],"picked":"SKIP","floor":29},{"not_picked":["ReplayTheSpireMod:GoodbyeWorld","Beam Cell+1","Stack"],"picked":"SKIP","floor":31},{"not_picked":["Leap","Beam Cell+1"],"picked":"Compile Driver+1","floor":33},{"not_picked":["Meteor Strike+1","Reboot"],"picked":"Echo Form","floor":35},{"not_picked":["BasicCrystalCard","Chill"],"picked":"Consume","floor":37},{"not_picked":["Turbo","Cold Snap+1"],"picked":"Redo","floor":39},{"not_picked":["Barrage+1","Beam Cell+1","Steam"],"picked":"SKIP","floor":41},{"not_picked":["Go for the Eyes+1","Streamline+1"],"picked":"ReplaySort","floor":44},{"not_picked":["FTL+1","Barrage+1","Redo"],"picked":"SKIP","floor":46},{"not_picked":["Sweeping Beam+1","BootSequence","Turbo"],"picked":"SKIP","floor":47},{"not_picked":["Turbo","Gash+1"],"picked":"Conserve Battery","floor":50}],"player_experience":907673,"relics_obtained":[{"floor":2,"key":"ReplayTheSpireMod:Ring of Collecting"},{"floor":2,"key":"ReplayTheSpireMod:Ring of Challenge"},{"floor":7,"key":"TungstenRod"},{"floor":9,"key":"Ring of Peace"},{"floor":9,"key":"ReplayTheSpireMod:Shallot"},{"floor":10,"key":"reliquary:FerryPass"},{"floor":12,"key":"Replay:Multitool"},{"floor":22,"key":"Toy Ornithopter"},{"floor":25,"key":"Anchor"},{"floor":26,"key":"ReplayFunnel"},{"floor":28,"key":"Replay:Bottled Eggs"},{"floor":28,"key":"ReplayTheSpireMod:Ring of Addiction"},{"floor":28,"key":"SacredBark"},{"floor":28,"key":"White Beast Statue"},{"floor":44,"key":"Replay:Kaleidoscope"},{"floor":45,"key":"Shuriken"}],"event_choices":[{"cards_removed":["Hallucinations"],"damage_healed":0,"gold_gain":0,"player_choice":"Offered Curse","damage_taken":0,"relics_obtained":["Spirit Poop"],"max_hp_gain":0,"max_hp_loss":0,"event_name":"Bonfire Elementals","floor":3,"gold_loss":0},{"damage_healed":0,"gold_gain":0,"player_choice":"1 cards matched","damage_taken":0,"max_hp_gain":0,"max_hp_loss":0,"event_name":"Match and Keep!","floor":19,"gold_loss":0,"cards_obtained":["Doom and Gloom"]},{"damage_healed":0,"gold_gain":0,"player_choice":"Stole Relic","damage_taken":0,"relics_obtained":["hubris:TenFootPole"],"max_hp_gain":0,"max_hp_loss":0,"event_name":"Addict","floor":24,"gold_loss":0,"cards_obtained":["Shame"]},{"damage_healed":0,"gold_gain":0,"player_choice":"Embrace Madness","damage_taken":9,"max_hp_gain":0,"max_hp_loss":0,"event_name":"Winding Halls","floor":38,"gold_loss":0,"cards_obtained":["Madness","Madness"]},{"damage_healed":0,"gold_gain":999,"player_choice":"Gold","damage_taken":0,"max_hp_gain":0,"max_hp_loss":0,"event_name":"MindBloom","floor":40,"gold_loss":0,"cards_obtained":["Normality","Normality"]},{"damage_healed":0,"gold_gain":0,"player_choice":"Fight","damage_taken":0,"max_hp_gain":0,"max_hp_loss":0,"event_name":"Mysterious Sphere","floor":44,"gold_loss":0},{"damage_healed":0,"gold_gain":0,"player_choice":"Rummage","damage_taken":0,"relics_obtained":["WarpedTongs"],"max_hp_gain":0,"max_hp_loss":0,"event_name":"Accursed Blacksmith","floor":48,"gold_loss":0,"cards_obtained":["Pain"]}],"is_beta":false,"boss_relics":[{"not_picked":["hubris:Stopwatch","hubris:ScarierMask"],"picked":"Nuclear Battery"},{"not_picked":["Velvet Choker","hubris:GrandSneckoEye"],"picked":"Cursed Key"}],"items_purged_floors":[13,43,43],"is_endless":false,"potions_floor_spawned":[4,10,12,16,18,26,29,31,33,35,37,39,41,44,46,47,50],"ascension_level":14}}