{"host":"d5ps7ycxg96ad5ys","time":1612697400,"event":{"mods":["AchievementEnabler","BaseMod","Colored Powertips","Minty Spire (QoL Compilation)","Quick Restart","Slay-I","StSLib","The Animator"],"gold_per_floor":[116,191,211,211,211,240,256,256,256],"floor_reached":8,"language":"ZHS","playtime":244,"items_purged":[],"score":93,"play_id":"b544ff9d-ef5d-46fb-bdfc-73e67816f164","local_time":"20210207193000","is_ascension_mode":true,"campfire_choices":[],"circlet_count":0,"master_deck":["Strike_B","Strike_B","Strike_B","Strike_B","Defend_B","Defend_B","Defend_B+1","Defend_B","Zap","Dualcast","Steam","Self Repair+1"],"relics":["Cracked Core","NeowsBlessing","Gambling Chip","Singing Bowl"],"acts_visited":["Exordium"],"potions_floor_usage":[8],"damage_taken":[{"damage":0,"enemies":"Jaw Worm","floor":1,"turns":1},{"damage":0,"enemies":"2 Louse","floor":3,"turns":1},{"damage":0,"enemies":"Lagavulin","floor":6,"turns":1},{"damage":1,"enemies":"Small Slimes","floor":7,"turns":4},{"damage":76,"enemies":"Gremlin Nob","floor":8,"turns":5}],"seed_played":"5699642509207851172","potions_obtained":[{"floor":1,"key":"Dexterity Potion"}],"is_trial":false,"path_per_floor":["M","?","M","?","?","E","M","E"],"character_chosen":"DEFECT","items_purchased":[],"campfire_rested":0,"item_purchase_floors":[],"current_hp_per_floor":[75,64,64,49,42,44,55,0,0],"gold":256,"neow_bonus":"THREE_ENEMY_KILL","is_daily":false,"chose_seed":false,"campfire_upgraded":0,"win_rate":0.0,"timestamp":1612697400,"path_taken":["M","?","M","?","?","E","M","E"],"items_purchased_type":[],"build_version":"2020-12-22","purchased_purges":0,"victory":false,"max_hp_per_floor":[75,75,75,75,75,77,79,79,79],"card_choices":[{"not_picked":["FTL","Gash"],"picked":"Steam","floor":1},{"not_picked":["Reprogram","Compile Driver"],"picked":"Self Repair","floor":3},{"not_picked":["Loop","BootSequence","Chaos"],"picked":"Singing Bowl","floor":6},{"not_picked":["Gash","Force Field","Conserve Battery"],"picked":"Singing Bowl","floor":7}],"player_experience":331345,"relics_obtained":[{"floor":6,"key":"Singing Bowl"}],"event_choices":[{"damage_healed":0,"gold_gain":75,"player_choice":"Gather Gold","damage_taken":11,"max_hp_gain":0,"max_hp_loss":0,"event_name":"World of Goop","floor":2,"gold_loss":0},{"damage_healed":0,"gold_gain":0,"player_choice":"Entered Light","damage_taken":15,"max_hp_gain":0,"max_hp_loss":0,"event_name":"Shining Light","floor":4,"gold_loss":0,"cards_upgraded":["Defend_B","Self Repair"]},{"damage_healed":0,"gold_gain":0,"player_choice":"Success","damage_taken":7,"relics_obtained":["Gambling Chip"],"max_hp_gain":0,"max_hp_loss":0,"event_name":"Scrap Ooze","floor":5,"gold_loss":0}],"is_beta":false,"boss_relics":[],"items_purged_floors":[],"is_endless":false,"potions_floor_spawned":[1],"killed_by":"Gremlin Nob","ascension_level":3}}