{"host":"f5gffvlv6a66yqkd","time":1612687214,"event":{"mods":["2.2 Compatiblity","BaseMod","Colored Map","Custom Start","DeckTracker","Keyboard Shortcuts","Minty Spire (QoL Compilation)","Permanent Neow","Quick Restart","Relic Stats","StSLib","SuperFastMode"],"gold_per_floor":[35,35,80,80,94,109,109,126,126,159,159,176,0,45,45,118,118,135,154,154,191,191,191,220,220,220,261,261,292,292,303,303,377,377,391,411,411,428,448,448,483,483,483,408,449,468,510,106,106,106,106,106],"floor_reached":51,"language":"KOR","playtime":1828,"items_purged":["Strike_P","Defend_P"],"score":1346,"play_id":"fd64380c-5fc2-444e-9dfa-494d09b429f4","local_time":"20210207174014","is_ascension_mode":true,"campfire_choices":[{"data":"WheelKick","floor":7.0,"key":"SMITH"},{"floor":11.0,"key":"REST"},{"data":"Wallop","floor":15.0,"key":"SMITH"},{"data":"EmptyFist","floor":23.0,"key":"SMITH"},{"floor":25.0,"key":"REST"},{"data":"MentalFortress","floor":28.0,"key":"SMITH"},{"floor":30.0,"key":"REST"},{"data":"Wish","floor":32.0,"key":"SMITH"},{"floor":40.0,"key":"REST"},{"floor":42.0,"key":"REST"},{"floor":49.0,"key":"RECALL"}],"circlet_count":0,"master_deck":["AscendersBane","Defend_P","Defend_P","Defend_P","Eruption+1","Vigilance","Indignation","Wish+1","WheelKick+1","FlurryOfBlows","MentalFortress","Halt","Wallop+1","InnerPeace","EmptyFist+1","MentalFortress+1","Vault","FearNoEvil+1","Vault","Ragnarok","Worship","MentalFortress","Halt","Tantrum","InnerPeace","Tantrum"],"relics":["HolyWater","Eternal Feather","Shuriken","Oddly Smooth Stone","Ancient Tea Set","Sozu","Happy Flower","Art of War","Anchor"],"acts_visited":["Exordium","TheCity","TheBeyond"],"potions_floor_usage":[],"damage_taken":[{"damage":0.0,"enemies":"Jaw Worm","floor":1.0,"turns":6.0},{"damage":14.0,"enemies":"Cultist","floor":3.0,"turns":5.0},{"damage":5.0,"enemies":"2 Louse","floor":5.0,"turns":3.0},{"damage":15.0,"enemies":"Lots of Slimes","floor":6.0,"turns":3.0},{"damage":3.0,"enemies":"Blue Slaver","floor":8.0,"turns":2.0},{"damage":10.0,"enemies":"3 Sentries","floor":10.0,"turns":4.0},{"damage":6.0,"enemies":"Red Slaver","floor":12.0,"turns":2.0},{"damage":15.0,"enemies":"Exordium Thugs","floor":14.0,"turns":2.0},{"damage":16.0,"enemies":"Hexaghost","floor":16.0,"turns":8.0},{"damage":17.0,"enemies":"Spheric Guardian","floor":18.0,"turns":5.0},{"damage":0.0,"enemies":"Shell Parasite","floor":19.0,"turns":1.0},{"damage":14.0,"enemies":"Sentry and Sphere","floor":21.0,"turns":6.0},{"damage":32.0,"enemies":"Gremlin Leader","floor":24.0,"turns":4.0},{"damage":0.0,"enemies":"Centurion and Healer","floor":27.0,"turns":8.0},{"damage":37.0,"enemies":"Slavers","floor":29.0,"turns":8.0},{"damage":11.0,"enemies":"Snake Plant","floor":31.0,"turns":6.0},{"damage":15.0,"enemies":"Collector","floor":33.0,"turns":9.0},{"damage":17.0,"enemies":"3 Shapes","floor":35.0,"turns":4.0},{"damage":5.0,"enemies":"3 Darklings","floor":36.0,"turns":6.0},{"damage":33.0,"enemies":"Maw","floor":38.0,"turns":7.0},{"damage":0.0,"enemies":"Spire Growth","floor":39.0,"turns":3.0},{"damage":24.0,"enemies":"Nemesis","floor":41.0,"turns":4.0},{"damage":0.0,"enemies":"Sphere and 2 Shapes","floor":45.0,"turns":6.0},{"damage":16.0,"enemies":"3 Darklings","floor":46.0,"turns":9.0},{"damage":0.0,"enemies":"Transient","floor":47.0,"turns":8.0},{"damage":28.0,"enemies":"Awakened One","floor":50.0,"turns":10.0},{"damage":9,"enemies":"Donu and Deca","floor":51,"turns":3}],"seed_played":"7375447042098721717","potions_obtained":[{"floor":5.0,"key":"Strength Potion"},{"floor":6.0,"key":"LiquidMemories"},{"floor":14.0,"key":"Strength Potion"},{"floor":16.0,"key":"FearPotion"},{"floor":18.0,"key":"BottledMiracle"},{"floor":21.0,"key":"BottledMiracle"},{"floor":22.0,"key":"DuplicationPotion"},{"floor":24.0,"key":"Block Potion"},{"floor":33.0,"key":"SpeedPotion"}],"is_trial":false,"path_per_floor":["M","?","M","?","M","M","R","M","T","E","R","M","$","M","R","B",null,"M","M","?","M","?","R","E","R","T","M","R","E","R","M","R","B",null,"M","M","?","M","M","R","E","R","T","$","M","M","M","$","R","B","B"],"character_chosen":"WATCHER","items_purchased":["InnerPeace","EmptyFist","MentalFortress","InnerPeace","Anchor","Tantrum"],"campfire_rested":5,"item_purchase_floors":[13,13,13,48,48,48],"current_hp_per_floor":[61,61,47,47,42,27,27,24,24,14,43,37,37,22,31,15,55,38,38,38,24,24,36,4,36,36,36,48,11,43,32,44,29,58,41,36,36,3,3,35,11,46,46,46,46,30,30,30,45,17,8,8],"gold":106,"neow_bonus":"TRANSFORM_TWO_CARDS","is_daily":false,"chose_seed":false,"campfire_upgraded":5,"win_rate":0.0,"timestamp":1612687214,"path_taken":["M","?","?","?","M","M","R","M","T","E","R","M","$","M","R","BOSS","M","M","?","?","?","R","E","R","T","M","R","E","R","M","R","BOSS","M","?","?","M","M","R","E","R","T","$","?","M","M","?","R","BOSS","BOSS"],"items_purchased_type":["Card","Card","Card","Card","Relic","Card"],"build_version":"2020-12-22","purchased_purges":2,"victory":false,"max_hp_per_floor":[68,68,68,68,68,68,68,68,68,68,68,68,68,68,68,68,68,68,68,68,68,68,68,68,68,68,68,68,68,68,68,68,68,68,68,68,68,68,68,68,68,68,68,68,68,68,68,68,68,68,68,68],"relic_stats":{"Sozu":4,"Happy Flower":[12],"counters":[27,142],"Shuriken":[47],"Eternal Feather":120,"Art of War":[1],"obtain_stats":[{"Sozu":34,"Anchor":48,"Happy Flower":41,"Shuriken":10,"HolyWater":17,"Oddly Smooth Stone":24,"Eternal Feather":9,"Art of War":43,"PureWater":0,"Ancient Tea Set":29},{"Sozu":17,"Anchor":25,"Happy Flower":22,"Shuriken":6,"HolyWater":9,"Oddly Smooth Stone":13,"Eternal Feather":5,"Art of War":22,"PureWater":0,"Ancient Tea Set":15},{"Sozu":82,"Anchor":129,"Happy Flower":106,"Shuriken":23,"HolyWater":35,"Oddly Smooth Stone":51,"Eternal Feather":19,"Art of War":106,"PureWater":0,"Ancient Tea Set":67}]},"card_choices":[{"not_picked":["EmptyBody","ReachHeaven","Evaluate"],"picked":"SKIP","floor":1.0},{"not_picked":["Prostrate","DeceiveReality"],"picked":"WheelKick","floor":3.0},{"not_picked":["Nirvana","LikeWater"],"picked":"FlurryOfBlows","floor":5.0},{"not_picked":["Halt","Crescendo"],"picked":"MentalFortress","floor":6.0},{"not_picked":["PathToVictory","WindmillStrike"],"picked":"Halt","floor":8.0},{"not_picked":["Devotion","Crescendo","SpiritShield"],"picked":"SKIP","floor":10.0},{"not_picked":["Protect","WindmillStrike"],"picked":"Wallop","floor":12.0},{"not_picked":["LikeWater","SashWhip","FollowUp"],"picked":"SKIP","floor":14.0},{"not_picked":["Blasphemy","Brilliance"],"picked":"Vault","floor":16.0},{"not_picked":["EmptyFist","CutThroughFate"],"picked":"FearNoEvil+1","floor":18.0},{"not_picked":["Meditate","EmptyFist+1","SashWhip"],"picked":"SKIP","floor":19.0},{"not_picked":["FlurryOfBlows+1","FollowUp","LikeWater"],"picked":"SKIP","floor":21.0},{"not_picked":["Consecrate","CarveReality","FlyingSleeves"],"picked":"SKIP","floor":24.0},{"not_picked":["LikeWater+1","Worship","FearNoEvil+1"],"picked":"SKIP","floor":27.0},{"not_picked":["FlyingSleeves","Evaluate","Halt"],"picked":"SKIP","floor":29.0},{"not_picked":["WaveOfTheHand","Wallop+1","Consecrate"],"picked":"SKIP","floor":31.0},{"not_picked":["ConjureBlade","Vault"],"picked":"Ragnarok","floor":33.0},{"not_picked":["FlyingSleeves+1","SignatureMove","Prostrate"],"picked":"SKIP","floor":35.0},{"not_picked":["Worship","Pray","WheelKick"],"picked":"SKIP","floor":36.0},{"not_picked":["BowlingBash+1","ThirdEye","WheelKick"],"picked":"SKIP","floor":38.0},{"not_picked":["CutThroughFate","PathToVictory+1"],"picked":"MentalFortress","floor":39.0},{"not_picked":["SandsOfTime","Halt","BattleHymn"],"picked":"SKIP","floor":41.0},{"not_picked":["SandsOfTime","BattleHymn"],"picked":"Halt","floor":41.0},{"not_picked":["Sanctity","DeceiveReality","FlyingSleeves"],"picked":"SKIP","floor":45.0},{"not_picked":["FearNoEvil","Protect"],"picked":"Tantrum","floor":46.0},{"not_picked":["ClearTheMind","FlyingSleeves","Prostrate"],"picked":"SKIP","floor":47.0}],"player_experience":1692940,"relics_obtained":[{"floor":9.0,"key":"Eternal Feather"},{"floor":10.0,"key":"Shuriken"},{"floor":24.0,"key":"Oddly Smooth Stone"},{"floor":29.0,"key":"Ancient Tea Set"},{"floor":41.0,"key":"Happy Flower"},{"floor":43.0,"key":"Art of War"}],"event_choices":[{"damage_healed":0.0,"max_hp_gain":0.0,"max_hp_loss":0.0,"gold_gain":0.0,"event_name":"Upgrade Shrine","player_choice":"Upgraded","floor":2.0,"gold_loss":0.0,"damage_taken":0.0,"cards_upgraded":["Eruption"]},{"damage_healed":0.0,"max_hp_gain":0.0,"max_hp_loss":0.0,"gold_gain":0.0,"event_name":"Liars Game","player_choice":"Ignored","floor":4.0,"gold_loss":0.0,"damage_taken":0.0},{"damage_healed":0.0,"max_hp_gain":0.0,"max_hp_loss":0.0,"gold_gain":0.0,"event_name":"Duplicator","player_choice":"Copied","floor":20.0,"gold_loss":0.0,"damage_taken":0.0,"cards_obtained":["Vault"]},{"damage_healed":0.0,"max_hp_gain":0.0,"max_hp_loss":0.0,"gold_gain":0.0,"event_name":"Lab","player_choice":"Got Potions","floor":22.0,"gold_loss":0.0,"damage_taken":0.0},{"damage_healed":0.0,"max_hp_gain":0.0,"max_hp_loss":0.0,"gold_gain":0.0,"cards_transformed":["Strike_P"],"event_name":"Transmorgrifier","player_choice":"Transformed","floor":37.0,"gold_loss":0.0,"damage_taken":0.0,"cards_obtained":["Worship"]}],"is_beta":false,"boss_relics":[{"not_picked":["Busted Crown","Tiny House"],"picked":"HolyWater"},{"not_picked":["Fusion Hammer","Coffee Dripper"],"picked":"Sozu"}],"items_purged_floors":[44,48],"is_endless":false,"potions_floor_spawned":[5,6,14,16,18,21,24,33,35,36,41,45],"killed_by":"Donu and Deca","ascension_level":20}}