{"host":"zlqt5v02sur1j944","time":1612674145,"event":{"mods":["BaseMod","Highlight Path","Minty Spire (QoL Compilation)","Relic Stats","StSLib"],"gold_per_floor":[111,125,50,65,65,97,97,128,174,174,192,208,222,242,242,319,319,335,353,353,363,155,182,182,212,236,236,72,89,139,150,150,150,150],"floor_reached":33,"language":"ENG","playtime":1891,"items_purged":["Strike_G"],"score":598,"play_id":"95e64ff8-5bd0-44bb-9bf9-4bafba20ac48","local_time":"20210206210225","is_ascension_mode":true,"campfire_choices":[{"data":"Noxious Fumes","floor":10,"key":"SMITH"},{"floor":15,"key":"REST"},{"data":"Dagger Spray","floor":24,"key":"SMITH"},{"data":"Bouncing Flask","floor":27,"key":"SMITH"},{"data":"Catalyst","floor":32,"key":"SMITH"}],"circlet_count":0,"master_deck":["AscendersBane","Strike_G","Strike_G","Strike_G","Defend_G","Defend_G","Defend_G+1","Defend_G","Survivor","Neutralize","Quick Slash+1","Dagger Throw","Noxious Fumes+1","PiercingWail","Dagger Spray+1","Bouncing Flask+1","Backstab","Adrenaline+1","Quick Slash+1","Terror+1","Bane+1","Catalyst+1","Concentrate+1"],"relics":["Ring of the Snake","Ninja Scroll","Anchor","PreservedInsect","Vajra","Runic Pyramid","Art of War","Prayer Wheel","War Paint","Bag of Preparation","Medical Kit"],"acts_visited":["Exordium","TheCity"],"potions_floor_usage":[6,6,6,19,25,31,33,33],"damage_taken":[{"damage":0,"enemies":"Cultist","floor":1,"turns":4},{"damage":0,"enemies":"Small Slimes","floor":2,"turns":4},{"damage":0,"enemies":"2 Louse","floor":4,"turns":3},{"damage":21,"enemies":"Gremlin Nob","floor":6,"turns":4},{"damage":7,"enemies":"3 Sentries","floor":8,"turns":7},{"damage":8,"enemies":"Exordium Wildlife","floor":11,"turns":5},{"damage":0,"enemies":"Blue Slaver","floor":12,"turns":2},{"damage":0,"enemies":"Gremlin Gang","floor":13,"turns":4},{"damage":0,"enemies":"Red Slaver","floor":14,"turns":1},{"damage":14,"enemies":"The Guardian","floor":16,"turns":8},{"damage":9,"enemies":"Shell Parasite","floor":18,"turns":4},{"damage":0,"enemies":"2 Thieves","floor":19,"turns":3},{"damage":0,"enemies":"3 Cultists","floor":21,"turns":5},{"damage":3,"enemies":"Book of Stabbing","floor":23,"turns":4},{"damage":2,"enemies":"Slavers","floor":25,"turns":3},{"damage":0,"enemies":"Snake Plant","floor":29,"turns":3},{"damage":22,"enemies":"Cultist and Chosen","floor":31,"turns":5},{"damage":26,"enemies":"Automaton","floor":33,"turns":6}],"seed_played":"5810270314672276095","potions_obtained":[{"floor":2,"key":"EssenceOfSteel"},{"floor":4,"key":"EntropicBrew"},{"floor":12,"key":"Ancient Potion"},{"floor":14,"key":"SpeedPotion"},{"floor":29,"key":"Regen Potion"},{"floor":31,"key":"AttackPotion"}],"is_trial":false,"path_per_floor":["M","M","?","M","?","E","?","E","T","R","M","M","M","M","R","B",null,"M","M","?","M","$","E","R","E","T","R","$","M","?","M","R","B"],"character_chosen":"THE_SILENT","items_purchased":["BlessingOfTheForge","DuplicationPotion","Medical Kit"],"campfire_rested":1,"item_purchase_floors":[22,22,28],"current_hp_per_floor":[59,59,59,59,59,38,20,13,13,13,5,5,5,5,24,10,52,43,43,43,43,43,40,40,38,38,38,38,38,38,25,25,0,0],"gold":150,"neow_bonus":"REMOVE_CARD","is_daily":false,"chose_seed":false,"campfire_upgraded":4,"win_rate":0.0,"timestamp":1612674145,"path_taken":["M","M","?","M","?","E","?","E","T","R","?","M","M","M","R","BOSS","M","M","?","M","$","E","R","E","T","R","$","?","?","?","R","BOSS"],"items_purchased_type":["Potion","Potion","Relic"],"build_version":"2020-12-22","purchased_purges":1,"victory":false,"max_hp_per_floor":[66,66,66,66,66,66,66,66,66,66,66,66,66,66,66,66,66,66,66,66,66,66,66,66,66,66,66,66,66,66,66,66,66,66],"relic_stats":{"counters":[18,75],"Prayer Wheel":2,"PreservedInsect":84,"Art of War":[3],"Bag of Preparation":[0],"War Paint":["Adrenaline","Defend_G"],"Medical Kit":[0],"obtain_stats":[{"Anchor":7,"Ninja Scroll":6,"Vajra":9,"Prayer Wheel":23,"PreservedInsect":8,"Art of War":20,"Bag of Preparation":26,"War Paint":25,"Medical Kit":28,"Ring of the Snake":0,"Runic Pyramid":17},{"Anchor":4,"Ninja Scroll":4,"Vajra":5,"Prayer Wheel":14,"PreservedInsect":5,"Art of War":12,"Bag of Preparation":15,"War Paint":15,"Medical Kit":15,"Ring of the Snake":0,"Runic Pyramid":10},{"Anchor":15,"Ninja Scroll":15,"Vajra":22,"Prayer Wheel":58,"PreservedInsect":22,"Art of War":49,"Bag of Preparation":61,"War Paint":61,"Medical Kit":61,"Ring of the Snake":0,"Runic Pyramid":42}],"Ring of the Snake":[36]},"card_choices":[{"not_picked":["Underhanded Strike","Cloak And Dagger"],"picked":"Quick Slash","floor":1},{"not_picked":["Accuracy","Quick Slash"],"picked":"Dagger Throw","floor":2},{"not_picked":["Setup","Cloak And Dagger"],"picked":"Noxious Fumes","floor":4},{"not_picked":["Expertise","Masterful Stab","Cloak And Dagger"],"picked":"SKIP","floor":6},{"not_picked":["Quick Slash","Setup"],"picked":"PiercingWail","floor":8},{"not_picked":["Deflect","Dodge and Roll"],"picked":"Dagger Spray","floor":11},{"not_picked":["All Out Attack","Reflex"],"picked":"Bouncing Flask","floor":12},{"not_picked":["Slice","Dagger Spray","Flechettes"],"picked":"SKIP","floor":13},{"not_picked":["Outmaneuver","Crippling Poison"],"picked":"Backstab","floor":14},{"not_picked":["Doppelganger","Storm of Steel"],"picked":"Adrenaline","floor":16},{"not_picked":["Eviscerate+1","Flying Knee"],"picked":"Quick Slash+1","floor":18},{"not_picked":["Finisher","Catalyst"],"picked":"Terror+1","floor":19},{"not_picked":["Bane","Poisoned Stab","Prepared"],"picked":"SKIP","floor":21},{"not_picked":["Infinite Blades","Crippling Poison","Night Terror"],"picked":"SKIP","floor":23},{"not_picked":["A Thousand Cuts","Poisoned Stab"],"picked":"Bane+1","floor":25},{"not_picked":["Deflect","Outmaneuver"],"picked":"Catalyst","floor":29},{"not_picked":["Dodge and Roll","Underhanded Strike","Backflip"],"picked":"SKIP","floor":29},{"not_picked":["Calculated Gamble","Dagger Throw"],"picked":"Concentrate+1","floor":31},{"not_picked":["Bouncing Flask","Well Laid Plans","Escape Plan"],"picked":"SKIP","floor":31}],"player_experience":1228514,"relics_obtained":[{"floor":6,"key":"Ninja Scroll"},{"floor":8,"key":"PreservedInsect"},{"floor":9,"key":"Vajra"},{"floor":23,"key":"Prayer Wheel"},{"floor":25,"key":"War Paint"},{"floor":26,"key":"Bag of Preparation"}],"event_choices":[{"cards_removed":["Strike_G"],"damage_healed":0,"gold_gain":0,"player_choice":"Card Removal","damage_taken":0,"max_hp_gain":0,"max_hp_loss":0,"event_name":"The Cleric","floor":3,"gold_loss":75},{"damage_healed":0,"gold_gain":0,"player_choice":"Grow","damage_taken":0,"max_hp_gain":0,"max_hp_loss":0,"event_name":"Living Wall","floor":5,"gold_loss":0,"cards_upgraded":["Quick Slash"]},{"damage_healed":0,"gold_gain":0,"player_choice":"Success","damage_taken":18,"relics_obtained":["Anchor"],"max_hp_gain":0,"max_hp_loss":0,"event_name":"Scrap Ooze","floor":7,"gold_loss":0},{"damage_healed":0,"gold_gain":0,"player_choice":"Gave Potion","damage_taken":0,"relics_obtained":["Art of War"],"max_hp_gain":0,"max_hp_loss":0,"event_name":"WeMeetAgain","floor":20,"gold_loss":0},{"damage_healed":0,"gold_gain":100,"player_choice":"Bet on Murderer","damage_taken":0,"max_hp_gain":0,"max_hp_loss":0,"event_name":"The Joust","floor":30,"gold_loss":50}],"is_beta":false,"boss_relics":[{"not_picked":["Busted Crown","Philosopher\u0027s Stone"],"picked":"Runic Pyramid"}],"items_purged_floors":[22],"is_endless":false,"potions_floor_spawned":[2,4,12,14,23,29,31],"killed_by":"Automaton","ascension_level":20}}