{"host":"bf5upntvbdompq33","time":1612736756,"event":{"mods":["BaseMod","Colored Map","Colored Powertips","Curses Come First","Minty Spire (QoL Compilation)","StSLib","The Dragon Tamer","The Hierophant","The Marked","The Mystic","The Servant 0.9.4"],"gold_per_floor":[114,125,141,159,159,159,186,186,186,216,236,2,2,2,2,100,100,80,80,80,80],"floor_reached":20,"language":"ENG","playtime":671,"items_purged":[],"score":282,"play_id":"4d83d3ea-6153-4642-99b5-4235851f0ca4","local_time":"20210207152556","is_ascension_mode":true,"campfire_choices":[{"data":"Zap","floor":6,"key":"SMITH"},{"data":"Consume","floor":8,"key":"SMITH"},{"floor":15,"key":"REST"}],"circlet_count":0,"master_deck":["AscendersBane","Strike_B","Strike_B","Strike_B","Strike_B","Defend_B","Defend_B","Defend_B","Defend_B","Zap+1","Dualcast","Streamline","Ball Lightning","Sweeping Beam","Consume+1","Zap","Biased Cognition","Fusion","Leap","Rainbow","Consume","Coolheaded"],"relics":["Cracked Core","NeowsBlessing","Kunai","Mercury Hourglass","The Courier","Prayer Wheel","Inserter"],"acts_visited":["Exordium","TheCity"],"potions_floor_usage":[10,20,20],"damage_taken":[{"damage":0,"enemies":"Jaw Worm","floor":1,"turns":1},{"damage":0,"enemies":"Cultist","floor":2,"turns":1},{"damage":0,"enemies":"Small Slimes","floor":3,"turns":1},{"damage":18,"enemies":"3 Louse","floor":4,"turns":2},{"damage":20,"enemies":"3 Sentries","floor":7,"turns":5},{"damage":20,"enemies":"Gremlin Nob","floor":10,"turns":3},{"damage":6,"enemies":"Blue Slaver","floor":11,"turns":3},{"damage":47,"enemies":"Hexaghost","floor":16,"turns":9},{"damage":37,"enemies":"2 Thieves","floor":18,"turns":4},{"damage":20,"enemies":"Shell Parasite","floor":20,"turns":3}],"seed_played":"-4092706115495989350","potions_obtained":[{"floor":2,"key":"GamblersBrew"},{"floor":4,"key":"Energy Potion"},{"floor":11,"key":"SpeedPotion"},{"floor":19,"key":"Explosive Potion"}],"is_trial":false,"path_per_floor":["M","M","M","M","?","R","E","R","T","E","M","$","?","?","R","B",null,"M","?","M"],"character_chosen":"DEFECT","items_purchased":["Prayer Wheel"],"campfire_rested":1,"item_purchase_floors":[12],"current_hp_per_floor":[68,68,68,50,50,50,30,30,30,10,4,4,4,29,51,4,57,20,20,0,0],"gold":80,"neow_bonus":"THREE_ENEMY_KILL","is_daily":false,"chose_seed":false,"campfire_upgraded":2,"win_rate":0.0,"timestamp":1612736756,"path_taken":["M","M","M","M","?","R","E","R","T","E","M","?","?","?","R","BOSS","M","?","M"],"items_purchased_type":["Relic"],"build_version":"2020-12-22","purchased_purges":0,"victory":false,"max_hp_per_floor":[75,75,75,75,75,75,75,75,75,75,75,75,75,75,75,75,75,75,75,75,75],"card_choices":[{"not_picked":["Redo","Coolheaded"],"picked":"Streamline","floor":1},{"not_picked":["Machine Learning","Loop"],"picked":"Ball Lightning","floor":2},{"not_picked":["Steam","Loop"],"picked":"Sweeping Beam","floor":3},{"not_picked":["Rip and Tear","Compile Driver"],"picked":"Consume","floor":4},{"not_picked":["Streamline","Rip and Tear"],"picked":"Biased Cognition","floor":7},{"not_picked":["Streamline","FTL"],"picked":"Fusion","floor":10},{"not_picked":["Reprogram","Sweeping Beam"],"picked":"Leap","floor":11},{"not_picked":["Meteor Strike","Reboot"],"picked":"Rainbow","floor":16},{"not_picked":["Go for the Eyes+1","Barrage+1"],"picked":"Consume","floor":18},{"not_picked":["Sweeping Beam","Steam"],"picked":"Coolheaded","floor":18}],"player_experience":1506910,"relics_obtained":[{"floor":7,"key":"Kunai"},{"floor":9,"key":"Mercury Hourglass"},{"floor":10,"key":"The Courier"}],"event_choices":[{"damage_healed":0,"gold_gain":0,"player_choice":"1 cards matched","damage_taken":0,"max_hp_gain":0,"max_hp_loss":0,"event_name":"Match and Keep!","floor":5,"gold_loss":0,"cards_obtained":["Zap"]},{"damage_healed":0,"gold_gain":0,"player_choice":"Ignored","damage_taken":0,"max_hp_gain":0,"max_hp_loss":0,"event_name":"Shining Light","floor":13,"gold_loss":0},{"damage_healed":25,"gold_gain":0,"player_choice":"Banana","damage_taken":0,"max_hp_gain":0,"max_hp_loss":0,"event_name":"Big Fish","floor":14,"gold_loss":0},{"damage_healed":0,"gold_gain":0,"player_choice":"Got Potions","damage_taken":0,"max_hp_gain":0,"max_hp_loss":0,"event_name":"Lab","floor":19,"gold_loss":0}],"is_beta":false,"boss_relics":[{"not_picked":["Pandora\u0027s Box","SacredBark"],"picked":"Inserter"}],"items_purged_floors":[],"is_endless":false,"potions_floor_spawned":[2,4,7,11,18],"killed_by":"Shell Parasite","ascension_level":11}}