{"host":"o5lch9xvacbb0fa4","time":1612718671,"event":{"mods":["AchievementEnabler","Act Like it!","Aspiration","Bard","BaseMod","Better Altar","Better Match","Better Note","Better Sensory Stone","Better Skull","Better Third Choice","Better Vampires","BetterRewards","CCEM","Colored Map","Conspire","Downfall","GifTheSpireLib","Googly Eyes","GungeonMod","Halation","Hermit","Highlight Path","Hubris","Infinite Spire","Jedi Mod","Jorbs\u0027s Wanderer Trilogy","Marisa????????","Marked Mod","Mimic Mod","Minty Spire (QoL Compilation)","Permanent Neow","Relic Filter","Relic Sorter","Relic Stats","Replay The Spire","Shade Mod","Shop Mod","Small Relic Pack","StSLib","Stuff the Spire","The Blackbeard","The Runesmith","Unceasing Turn Reminder","everything is the same but u backflip on backflip","slay the spire mod where everything is the same but ironclad has a cowboy hat"],"gold_per_floor":[112,112,128,128,128,128,155,155,180,212,228,241,253,24,24,127,127,143,143,143,154,154,154,184,184,184,196,196,196],"floor_reached":28,"playtime":1101,"items_purged":[],"score":246,"play_id":"b373025d-165c-4391-8999-0e268b81fa53","local_time":"20210208012431","is_ascension_mode":false,"campfire_choices":[{"data":"hermit:Desperado","floor":6,"key":"SMITH"},{"data":"hermit:Covet","floor":8,"key":"SMITH"},{"floor":15,"key":"REST"},{"floor":23,"key":"REST"},{"data":"blackbeard:BeatUp","floor":25,"key":"SMITH"}],"circlet_count":0,"master_deck":["hermit:Strike_Hermit","hermit:Strike_Hermit","hermit:Strike_Hermit","hermit:Defend_Hermit","hermit:Defend_Hermit","hermit:Defend_Hermit","hermit:Defend_Hermit","hermit:Snapshot","hermit:Covet+1","hermit:Desperado+1","NonDirectionalLaser+1","Regret","GrandCross","Sword Boomerang","bard:Sift","sneckomod:SnakeSap","hermit:TakeAim","bard:PowerWordStun","CurseOfTheBell","ThirdEye","Pummel+1","blackbeard:BeatUp+1","SporeBomb+1"],"relics":["hermit:Momento","DemoMod:LamentConfigurum","aspiration:DSix","aspiration:Nostalgia","MiniHakkero","PrismaticShard","StuffTheSpire:RedRose","HornCleat","Regal Pillow","jedi:cryingmask","Calling Bell","StuffTheSpire:Expresso","conspire:DeflatedDodgeball","Replay:Baseball","PreservedInsect","DemoMod:GlassGuonStoneRelic"],"acts_visited":["Exordium","TheCity"],"potions_floor_usage":[16,16,18,24],"damage_taken":[{"damage":0,"enemies":"conspire:RoseBush","floor":1,"turns":3},{"damage":6,"enemies":"2 Louse","floor":3,"turns":3},{"damage":16,"enemies":"Replay:BlueRogue","floor":7,"turns":4},{"damage":21,"enemies":"Gremlin Nob","floor":10,"turns":4},{"damage":2,"enemies":"Small Slimes","floor":11,"turns":2},{"damage":0,"enemies":"Blue Slaver","floor":12,"turns":3},{"damage":6,"enemies":"Gremlin Gang","floor":13,"turns":4},{"damage":47,"enemies":"The Guardian","floor":16,"turns":9},{"damage":33,"enemies":"Shell Parasite","floor":18,"turns":7},{"damage":16,"enemies":"3 Byrds","floor":21,"turns":4},{"damage":18,"enemies":"Slavers","floor":24,"turns":5},{"damage":39,"enemies":"Shelled Parasite and Fungi","floor":27,"turns":8},{"damage":6,"enemies":"Sentry and Sphere","floor":28,"turns":3}],"seed_played":"53285317195552431","potions_obtained":[{"floor":1,"key":"DemoMod:LeadSkinPotion"},{"floor":3,"key":"jedi:wingpotion"},{"floor":7,"key":"BlessingOfTheForge"},{"floor":13,"key":"SkillPotion"},{"floor":18,"key":"infinitespire:BlackPotion"}],"is_trial":false,"path_per_floor":["M","?","M","?","?","R","E","R","T","E","M","M","M","$","R","B",null,"M","?","?","M","?","R","E","R","T","M","M"],"character_chosen":"HERMIT","items_purchased":["hermit:TakeAim","DemoMod:LamentConfigurum"],"campfire_rested":2,"item_purchase_floors":[14,14],"current_hp_per_floor":[75,75,69,69,69,69,53,53,53,32,30,30,24,24,61,14,75,42,42,42,26,26,63,45,45,45,6,0,0],"gold":196,"neow_bonus":"NOSTALGIA","is_daily":false,"chose_seed":false,"campfire_upgraded":3,"win_rate":0.0,"timestamp":1612718671,"path_taken":["M","?","M","?","?","R","E","R","T","E","?","M","?","$","R","BOSS","M","?","?","?","?","R","E","R","T","M","M"],"items_purchased_type":["Card","Relic"],"build_version":"2020-12-13","purchased_purges":0,"victory":false,"max_hp_per_floor":[75,75,75,75,75,75,75,75,75,75,75,75,75,75,75,75,75,75,75,75,75,75,75,75,75,75,75,75,75],"relic_stats":{"Regal Pillow":30,"counters":[13,59],"PreservedInsect":0,"obtain_stats":[{"Regal Pillow":9,"aspiration:Nostalgia":0,"StuffTheSpire:Expresso":17,"DemoMod:GlassGuonStoneRelic":1,"PreservedInsect":24,"PrismaticShard":2,"Calling Bell":17,"Replay:Baseball":17,"HornCleat":7,"jedi:cryingmask":10,"DemoMod:LamentConfigurum":14,"MiniHakkero":0,"StuffTheSpire:RedRose":5,"conspire:DeflatedDodgeball":17,"aspiration:DSix":18,"hermit:Momento":0},{"Regal Pillow":3,"aspiration:Nostalgia":0,"StuffTheSpire:Expresso":8,"DemoMod:GlassGuonStoneRelic":1,"PreservedInsect":11,"PrismaticShard":1,"Calling Bell":8,"Replay:Baseball":8,"HornCleat":3,"jedi:cryingmask":4,"DemoMod:LamentConfigurum":7,"MiniHakkero":0,"StuffTheSpire:RedRose":2,"conspire:DeflatedDodgeball":8,"aspiration:DSix":9,"hermit:Momento":0},{"Regal Pillow":10,"aspiration:Nostalgia":0,"StuffTheSpire:Expresso":32,"DemoMod:GlassGuonStoneRelic":3,"PreservedInsect":48,"PrismaticShard":3,"Calling Bell":32,"Replay:Baseball":32,"HornCleat":10,"jedi:cryingmask":14,"DemoMod:LamentConfigurum":23,"MiniHakkero":0,"StuffTheSpire:RedRose":6,"conspire:DeflatedDodgeball":32,"aspiration:DSix":34,"hermit:Momento":0}]},"card_choices":[{"not_picked":["hermit:Scavenge","hermit:LowProfile"],"picked":"hermit:Desperado","floor":1},{"not_picked":["Aggregate","Barrage","DemoMod:Ejector"],"picked":"SKIP","floor":3},{"not_picked":["Runesmith:PerfectChisel","champ:RecklessLeap"],"picked":"GrandCross","floor":7},{"not_picked":["champ:ArenaPreparation","Shade:Premonition","hexamod:Hexaguard"],"picked":"SKIP","floor":10},{"not_picked":["Runesmith:ChiselStab","stsjorbsmod:Haunt"],"picked":"Sword Boomerang","floor":11},{"not_picked":["Guardian:ShieldSpikes","jedi:unlimitedpower"],"picked":"bard:Sift","floor":12},{"not_picked":["hexamod:ThermalTransfer","Shade:FingerOfDeath"],"picked":"sneckomod:SnakeSap","floor":13},{"not_picked":["blackbeard:ReapersScythe","conspire:Purge"],"picked":"bard:PowerWordStun","floor":16},{"not_picked":["ReplayTheSpireMod:System Scan","stsjorbsmod:Prepare+1"],"picked":"ThirdEye","floor":18},{"not_picked":["champ:Duel","DemoMod:BlackBlade+1"],"picked":"Pummel+1","floor":21},{"not_picked":["Sadistic Nature","StuffTheSpire:SnapShoot"],"picked":"blackbeard:BeatUp","floor":24},{"not_picked":["expansioncontent:DarkVoid","StuffTheSpire:Coldhearted"],"picked":"SporeBomb+1","floor":27}],"player_experience":46995,"relics_obtained":[{"floor":7,"key":"HornCleat"},{"floor":9,"key":"Regal Pillow"},{"floor":10,"key":"jedi:cryingmask"},{"floor":17,"key":"StuffTheSpire:Expresso"},{"floor":17,"key":"conspire:DeflatedDodgeball"},{"floor":17,"key":"Replay:Baseball"},{"floor":24,"key":"PreservedInsect"}],"event_choices":[{"damage_healed":0,"gold_gain":1,"player_choice":"4","damage_taken":0,"max_hp_gain":0,"max_hp_loss":0,"event_name":"betterStone:BetterStone","floor":4,"gold_loss":0,"cards_obtained":["NonDirectionalLaser"]},{"cards_removed":["hermit:Strike_Hermit"],"damage_healed":0,"gold_gain":0,"player_choice":"Purged","damage_taken":0,"max_hp_gain":0,"max_hp_loss":0,"event_name":"Purifier","floor":19,"gold_loss":0},{"cards_removed":["NonDirectionalLaser"],"damage_healed":0,"gold_gain":0,"player_choice":"Give","damage_taken":0,"max_hp_gain":0,"max_hp_loss":0,"event_name":"betterNote:BetterNote","floor":20,"gold_loss":0,"cards_obtained":["None"]},{"damage_healed":0,"gold_gain":0,"player_choice":"Leave","damage_taken":0,"max_hp_gain":0,"max_hp_loss":0,"event_name":"conspire:Investor","floor":22,"gold_loss":0}],"is_beta":false,"boss_relics":[{"not_picked":["Velvet Choker","hubris:GrandSneckoEye"],"picked":"Calling Bell"}],"items_purged_floors":[],"is_endless":false,"potions_floor_spawned":[1,3,7,13,18],"killed_by":"Sentry and Sphere","ascension_level":0}}