{"host":"l7l2v2zs4hqku4vk","time":1612696917,"event":{"mods":["Act Like it!","BaseMod","Colored Powertips","Highlight Path","Minty Spire (QoL Compilation)","Replay The Spire","RumiaBox-露米娅的神秘盒子","StSLib","TestMod","The Servant 0.9.4","篝火指南"],"gold_per_floor":[109,109,109,109,34,66,66,84,84,100,100,126,126,126,126,199,199,178,103,3,78,78,78,78],"floor_reached":23,"language":"ZHS","playtime":2280,"items_purged":["Voices","Strike_R"],"score":386,"play_id":"32825f3e-bd65-45a6-b931-2c673587ed9d","local_time":"20210207192157","is_ascension_mode":true,"campfire_choices":[{"data":"Body Slam","floor":15,"key":"SMITH"}],"circlet_count":0,"master_deck":["AscendersBane","Strike_R","Defend_R","Defend_R","Defend_R","Bash","Barricade","Flex","Flame Barrier","Body Slam+1","Shrug It Off","Offering","Entrench","Armaments"],"relics":["Burning Blood","testmod-TestBox","testmod-TurbochargingSystem","Ring of Panic","Frozen Egg 2","Omamori","testmod-ArcanaOfDestiny","Matryoshka","Mercury Hourglass","Replay:WaspNest","testmod-BatchProcessingSystem","Pear","Pen Nib"],"acts_visited":["Exordium","TheCity"],"potions_floor_usage":[12,16,23],"damage_taken":[{"damage":1,"enemies":"Cultist","floor":1,"turns":3},{"damage":14,"enemies":"Replay:BlueRogue","floor":6,"turns":8},{"damage":13,"enemies":"Small Slimes","floor":8,"turns":3},{"damage":0,"enemies":"Jaw Worm","floor":10,"turns":4},{"damage":18,"enemies":"Lagavulin","floor":12,"turns":5},{"damage":8,"enemies":"The Guardian","floor":16,"turns":7},{"damage":21,"enemies":"2 Thieves","floor":18,"turns":4},{"damage":57,"enemies":"Slavers","floor":23,"turns":8}],"seed_played":"-157240683921825313","potions_obtained":[{"floor":6,"key":"LiquidMemories"},{"floor":8,"key":"FearPotion"},{"floor":12,"key":"Dexterity Potion"},{"floor":21,"key":"LifebloodPotion"}],"is_trial":false,"path_per_floor":["M","?","?","T","$","E","?","M","T","M","?","E","?","T","R","B",null,"M","?","$","?","?","E"],"character_chosen":"IRONCLAD","items_purchased":[],"campfire_rested":0,"item_purchase_floors":[],"current_hp_per_floor":[73,73,73,73,73,65,65,58,58,64,64,52,75,75,75,73,75,60,60,60,40,40,0,0],"gold":78,"neow_bonus":"TRANSFORM_CARD","is_daily":false,"chose_seed":false,"campfire_upgraded":1,"win_rate":0.0,"timestamp":1612696917,"path_taken":["M","?","?","?","?","E","?","?","T","M","?","E","?","?","R","BOSS","M","?","$","?","?","E"],"items_purchased_type":[],"build_version":"2020-12-22","purchased_purges":2,"victory":false,"max_hp_per_floor":[75,75,75,75,75,75,75,75,75,75,75,75,75,75,75,75,75,75,75,75,85,85,85,85],"card_choices":[{"not_picked":["Wild Strike","Combust"],"picked":"Flex","floor":1},{"not_picked":["Perfected Strike","Flex","Havoc"],"picked":"SKIP","floor":6},{"not_picked":["Spot Weakness","Inflame+1"],"picked":"Flame Barrier","floor":8},{"not_picked":["Uppercut","Shrug It Off"],"picked":"Body Slam","floor":10},{"not_picked":["Run Through","Heavy Blade"],"picked":"Shrug It Off","floor":12},{"not_picked":["Berserk+1","Hemogenesis"],"picked":"Offering","floor":16},{"not_picked":["Cleave","Flex"],"picked":"Entrench","floor":18},{"not_picked":["Shrug It Off+1","Havoc+1"],"picked":"Armaments","floor":21}],"player_experience":1752719,"relics_obtained":[{"floor":3,"key":"Ring of Panic"},{"floor":4,"key":"Frozen Egg 2"},{"floor":6,"key":"Omamori"},{"floor":9,"key":"testmod-ArcanaOfDestiny"},{"floor":12,"key":"Matryoshka"},{"floor":14,"key":"Mercury Hourglass"},{"floor":14,"key":"Replay:WaspNest"},{"floor":21,"key":"Pear"},{"floor":21,"key":"Pen Nib"}],"event_choices":[{"cards_removed":["Strike_R"],"damage_healed":0,"gold_gain":0,"player_choice":"Purged","damage_taken":0,"max_hp_gain":0,"max_hp_loss":0,"event_name":"Purifier","floor":7,"gold_loss":0},{"damage_healed":0,"gold_gain":0,"player_choice":"Ignored","damage_taken":0,"max_hp_gain":0,"max_hp_loss":0,"event_name":"Liars Game","floor":11,"gold_loss":0},{"damage_healed":25,"gold_gain":0,"player_choice":"Banana","damage_taken":0,"max_hp_gain":0,"max_hp_loss":0,"event_name":"Big Fish","floor":13,"gold_loss":0},{"cards_removed":["Strike_R"],"damage_healed":0,"gold_gain":0,"player_choice":"Gave Gold","damage_taken":0,"max_hp_gain":0,"max_hp_loss":0,"event_name":"Beggar","floor":19,"gold_loss":75},{"damage_healed":0,"gold_gain":0,"player_choice":"Ignored","damage_taken":0,"max_hp_gain":0,"max_hp_loss":0,"event_name":"The Mausoleum","floor":22,"gold_loss":0}],"is_beta":false,"boss_relics":[{"not_picked":["testmod-DreamHouse","SlaversCollar"],"picked":"testmod-BatchProcessingSystem"}],"items_purged_floors":[5,20],"is_endless":false,"potions_floor_spawned":[6,8,12],"killed_by":"Slavers","ascension_level":20}}