{"host":"1ooxfz79hmpvpehx","time":1612664394,"event":{"mods":["BaseMod","Minty Spire (QoL Compilation)","Quick Restart","Replay The Spire","StSLib","SuperFastMode"],"gold_per_floor":[118,118,129,149,47,47,78,98,98,98,118,146,146,146,146,243,243,257,356,356,155,167,167,186,204,204,204,204,234,23,43,43,143,143,158,173,101,119,119,150,150,150,150],"floor_reached":42,"language":"ENG","playtime":862,"items_purged":["Strike_B","Strike_B","Dualcast"],"score":506,"play_id":"76e79f86-5b28-4f6d-8d25-bd6203d3202f","local_time":"20210206231954","is_ascension_mode":false,"campfire_choices":[{"data":"Ball Lightning","floor":6,"key":"SMITH"},{"data":"Ball Lightning","floor":10,"key":"SMITH"},{"data":"Regret","floor":15,"key":"PURGE"},{"data":"Capacitor","floor":23,"key":"SMITH"},{"data":"Echo Form","floor":28,"key":"SMITH"},{"data":"Loop","floor":32,"key":"SMITH"},{"floor":41,"key":"REST"}],"circlet_count":0,"master_deck":["Strike_B+1","Defend_B+1","Defend_B+1","Defend_B+1","Defend_B+1","Zap+1","Ball Lightning+1","Ball Lightning+1","Ball Lightning","Ball Lightning","Capacitor+1","Echo Form+1","Loop+1","Loop+1","Loop","Echo Form","Streamline+1","Storm","Purity","Loop+1"],"relics":["Cracked Core","NeowsBlessing","Mercury Hourglass","Incense Burner","Turnip","Replay:Baseball","SacredBark","BargainBundle","Solar Panel","Nuclear Battery","Blue Doll"],"acts_visited":["Exordium","TheCity","TheBeyond"],"potions_floor_usage":[12,16,16,24,25,25,29,31,33,40,40,40],"damage_taken":[{"damage":0,"enemies":"Small Slimes","floor":1,"turns":1},{"damage":0,"enemies":"Cultist","floor":3,"turns":1},{"damage":0,"enemies":"2 Louse","floor":4,"turns":1},{"damage":14,"enemies":"Gremlin Nob","floor":7,"turns":3},{"damage":6,"enemies":"Large Slime","floor":8,"turns":3},{"damage":2,"enemies":"2 Fungi Beasts","floor":11,"turns":2},{"damage":9,"enemies":"Lagavulin","floor":12,"turns":3},{"damage":38,"enemies":"The Guardian","floor":16,"turns":6},{"damage":5,"enemies":"Shell Parasite","floor":18,"turns":3},{"damage":5,"enemies":"Chosen","floor":22,"turns":3},{"damage":0,"enemies":"3 Cultists","floor":24,"turns":2},{"damage":19,"enemies":"Snecko","floor":25,"turns":4},{"damage":20,"enemies":"Slavers","floor":29,"turns":5},{"damage":0,"enemies":"Snake Plant","floor":31,"turns":3},{"damage":23,"enemies":"Champ","floor":33,"turns":8},{"damage":17,"enemies":"Orb Walker","floor":35,"turns":4},{"damage":19,"enemies":"3 Shapes","floor":36,"turns":4},{"damage":23,"enemies":"Sphere and 2 Shapes","floor":38,"turns":4},{"damage":31,"enemies":"Nemesis","floor":40,"turns":5},{"damage":42,"enemies":"Jaw Worm Horde","floor":42,"turns":2}],"seed_played":"6232320755268935011","potions_obtained":[{"floor":7,"key":"Strength Potion"},{"floor":11,"key":"ColorlessPotion"},{"floor":12,"key":"LiquidMemories"},{"floor":16,"key":"Explosive Potion"},{"floor":24,"key":"Languid Potion"},{"floor":25,"key":"Fire Potion"},{"floor":31,"key":"GamblersBrew"},{"floor":36,"key":"Fire Potion"},{"floor":38,"key":"FocusPotion"}],"is_trial":false,"path_per_floor":["M","?","M","M","$","R","E","M","T","R","M","E","?","?","R","B",null,"M","?","?","$","M","R","M","M","T","?","R","E","$","M","R","B",null,"M","M","$","M","?","E","R","M"],"character_chosen":"DEFECT","items_purchased":["Ball Lightning","BargainBundle","Ball Lightning","Reflective Coating","Elixir","Capacitor","Loop","Fire Potion","Storm"],"campfire_rested":1,"item_purchase_floors":[5,21,21,21,21,21,30,30,37],"current_hp_per_floor":[75,75,75,75,75,75,61,55,55,55,53,44,44,44,44,6,75,70,70,70,70,65,65,65,46,46,46,46,26,26,34,34,29,75,64,55,55,38,38,13,35,0,0],"gold":150,"neow_bonus":"THREE_ENEMY_KILL","is_daily":false,"chose_seed":false,"campfire_upgraded":5,"win_rate":0.0,"timestamp":1612664394,"path_taken":["M","?","?","M","$","R","E","M","T","R","M","E","?","?","R","BOSS","M","?","?","$","M","R","M","M","T","?","R","E","?","M","R","BOSS","M","M","$","?","?","E","R","M"],"items_purchased_type":["Card","Relic","Card","Potion","Potion","Card","Card","Potion","Card"],"build_version":"2020-12-22","purchased_purges":3,"victory":false,"max_hp_per_floor":[75,75,75,75,75,75,75,75,75,75,75,75,75,75,75,75,75,75,75,75,75,75,75,75,75,75,75,75,75,75,75,75,75,75,75,75,75,75,75,75,75,75,75],"card_choices":[{"not_picked":["Steam","Go for the Eyes","Beam Cell"],"picked":"SKIP","floor":1},{"not_picked":["Aggregate","Conserve Battery"],"picked":"Ball Lightning","floor":3},{"not_picked":["Hologram","Streamline","Redo"],"picked":"SKIP","floor":4},{"not_picked":["Genetic Algorithm","Steam","Heatsinks"],"picked":"SKIP","floor":7},{"not_picked":["Barrage","Aggregate"],"picked":"Ball Lightning","floor":8},{"not_picked":["Stack","Compile Driver","ReplayTheSpireMod:Repulse"],"picked":"SKIP","floor":11},{"not_picked":["Aggregate","FTL","BasicCrystalCard"],"picked":"SKIP","floor":12},{"not_picked":["Redo+1","ReplayGash","Genetic Algorithm"],"picked":"SKIP","floor":18},{"not_picked":["Hologram","Stack+1","Panic Button"],"picked":"SKIP","floor":22},{"not_picked":["Conserve Battery","Beam Cell+1"],"picked":"Echo Form","floor":24},{"not_picked":["Coolheaded","Undo","Heatsinks"],"picked":"SKIP","floor":25},{"not_picked":["Tempest+1","Barrage"],"picked":"Loop+1","floor":29},{"not_picked":["Hello World","Compile Driver"],"picked":"Loop","floor":31},{"not_picked":["Reboot","Buffer"],"picked":"Echo Form","floor":33},{"not_picked":["Go for the Eyes+1","Sweeping Beam","Turbo"],"picked":"SKIP","floor":35},{"not_picked":["ReplayGash+1","Compile Driver"],"picked":"Streamline+1","floor":36},{"not_picked":["Barrage+1","Cold Snap","Coolheaded"],"picked":"SKIP","floor":38},{"not_picked":["Swift Strike","Sadistic Nature"],"picked":"Purity","floor":39},{"not_picked":["Heatsinks+1","Go for the Eyes+1"],"picked":"Loop+1","floor":40}],"player_experience":23673,"relics_obtained":[{"floor":7,"key":"Mercury Hourglass"},{"floor":9,"key":"Incense Burner"},{"floor":12,"key":"Turnip"},{"floor":29,"key":"Solar Panel"},{"floor":40,"key":"Blue Doll"}],"event_choices":[{"damage_healed":0,"gold_gain":0,"player_choice":"Upgraded","damage_taken":0,"max_hp_gain":0,"max_hp_loss":0,"event_name":"Upgrade Shrine","floor":2,"gold_loss":0,"cards_upgraded":["Zap"]},{"cards_removed":["Strike_B"],"damage_healed":0,"gold_gain":0,"player_choice":"Forget","damage_taken":0,"max_hp_gain":0,"max_hp_loss":0,"event_name":"Living Wall","floor":13,"gold_loss":0},{"damage_healed":0,"gold_gain":0,"player_choice":"Box","damage_taken":0,"relics_obtained":["Replay:Baseball"],"max_hp_gain":0,"max_hp_loss":0,"event_name":"Big Fish","floor":14,"gold_loss":0,"cards_obtained":["Regret"]},{"damage_healed":0,"gold_gain":99,"player_choice":"Stole From Cult","damage_taken":0,"max_hp_gain":0,"max_hp_loss":0,"event_name":"Nest","floor":19,"gold_loss":0},{"damage_healed":0,"gold_gain":0,"player_choice":"Simplicity","damage_taken":0,"max_hp_gain":0,"max_hp_loss":0,"event_name":"Back to Basics","floor":27,"gold_loss":0,"cards_upgraded":["Strike_B","Defend_B","Defend_B","Defend_B","Defend_B"]},{"damage_healed":0,"gold_gain":0,"player_choice":"Memory 1","damage_taken":0,"max_hp_gain":0,"max_hp_loss":0,"event_name":"SensoryStone","floor":39,"gold_loss":0}],"is_beta":false,"boss_relics":[{"not_picked":["Painkiller Herb","ReplayTheSpireMod:DimensionalGlitch"],"picked":"SacredBark"},{"not_picked":["Astrolabe","FrozenCore"],"picked":"Nuclear Battery"}],"items_purged_floors":[5,21,30],"is_endless":false,"potions_floor_spawned":[7,11,12,16,24,25,31,36,38],"killed_by":"Jaw Worm Horde","ascension_level":0}}