{"host":"53w25izqmiakdcya","time":1612679704,"event":{"mods":["BaseMod","Colored Powertips","Downfall","Minty Spire (QoL Compilation)","Quick Restart","Rare Cards Sparkle","StSLib"],"gold_per_floor":[99,110,121,139,139,151,151,51,64,77,97,97,132,142,159,264,264,164,181,181,181,248,261,261,274,274,274,274],"floor_reached":26,"language":"ENG","playtime":1819,"items_purged":[],"score":216,"play_id":"251f022b-fd06-4d82-9638-03381f42e779","local_time":"20210207003504","is_ascension_mode":false,"campfire_choices":[{"floor":1.0,"key":"RECALL"},{"data":"champ:MurderStrike","floor":8.0,"key":"SMITH"},{"floor":12.0,"key":"REST"},{"data":"champ:GladiatorForm","floor":18.0,"key":"SMITH"}],"circlet_count":0,"master_deck":["champ:Strike","champ:Strike","champ:Strike","champ:Strike","champ:Defend","champ:Defend","champ:Defend","champ:Defend","champ:Execute","champ:Taunt+1","champ:Shatter","champ:StanceDance","champ:StanceDance","champ:Taunt","champ:HeartStrike","champ:TripleStrike","Trip","champ:BladeFlurry","champ:MurderStrike+1","champ:BerserkersShout","champ:IronFortress","champ:CrownThrow","champ:IronFortress","champ:BerserkersShout","champ:GladiatorForm+1","champ:StanceDance","champ:IronFortress+1","champ:Shatter+1","champ:FalseCounter"],"relics":["champ:ChampionCrown","Bottled Flame","downfall:HeartBlessingRed","Omamori","SlaversCollar","downfall:HeartBlessingGreen","Blue Candle","SsserpentHead","Gremlin Horn"],"acts_visited":["Exordium","TheCity"],"potions_floor_usage":[25,25],"damage_taken":[{"damage":10.0,"enemies":"2 Louse","floor":2.0,"turns":3.0},{"damage":21.0,"enemies":"Cultist","floor":3.0,"turns":4.0},{"damage":12.0,"enemies":"Small Slimes","floor":4.0,"turns":3.0},{"damage":12.0,"enemies":"2 Fungi Beasts","floor":6.0,"turns":3.0},{"damage":19.0,"enemies":"Red Slaver","floor":9.0,"turns":3.0},{"damage":32.0,"enemies":"Lots of Slimes","floor":10.0,"turns":4.0},{"damage":32.0,"enemies":"Blue Slaver","floor":11.0,"turns":2.0},{"damage":39.0,"enemies":"3 Sentries","floor":13.0,"turns":7.0},{"damage":32.0,"enemies":"Large Slime","floor":14.0,"turns":3.0},{"damage":0.0,"enemies":"Exordium Wildlife","floor":15.0,"turns":3.0},{"damage":62.0,"enemies":"SI_SHIV_ARCHETYPE","floor":16.0,"turns":5.0},{"damage":63.0,"enemies":"3 Byrds","floor":19.0,"turns":5.0},{"damage":10.0,"enemies":"Spheric Guardian","floor":22.0,"turns":3.0},{"damage":68.0,"enemies":"Snecko","floor":23.0,"turns":6.0},{"damage":13,"enemies":"3 Cultists","floor":25,"turns":6},{"damage":4,"enemies":"Cultist and Chosen","floor":26,"turns":1}],"seed_played":"-2664331060788337110","potions_obtained":[{"floor":2.0,"key":"Slimebound:ThreeZeroPotion"},{"floor":4.0,"key":"SkillPotion"},{"floor":6.0,"key":"CultistPotion"},{"floor":15.0,"key":"LiquidBronze"},{"floor":19.0,"key":"BlessingOfTheForge"},{"floor":23.0,"key":"champ:TechniquePotion"}],"is_trial":false,"path_per_floor":["R","M","M","M","?","M","T","R","M","M","M","R","E","M","M","B",null,"R","M","?","?","M","M","T","M","M"],"character_chosen":"THE_CHAMP","items_purchased":[],"campfire_rested":1,"item_purchase_floors":[],"current_hp_per_floor":[90,90,89,87,87,80,80,80,71,64,52,79,75,68,68,51,90,90,62,57,57,57,14,14,2,0,0,0],"gold":274,"neow_bonus":"UPGRADE_CARD","is_daily":false,"chose_seed":false,"campfire_upgraded":2,"win_rate":0.0,"timestamp":1612679704,"path_taken":["R","M","M","M","?","M","T","R","M","M","?","R","E","M","M","BOSS","R","M","?","?","?","M","T","M","M"],"items_purchased_type":[],"build_version":"2020-12-22","purchased_purges":0,"victory":false,"max_hp_per_floor":[90,90,90,90,90,90,90,90,90,90,90,90,90,90,90,90,90,90,90,90,90,90,90,90,90,90,90,90],"card_choices":[{"not_picked":["champ:TornadoPunch","champ:BladeFlurry"],"picked":"champ:Shatter","floor":2.0},{"not_picked":["champ:EnragedBash","champ:EnGarde"],"picked":"champ:StanceDance","floor":3.0},{"not_picked":["champ:DeathBlow","champ:BladeFlurry"],"picked":"champ:StanceDance","floor":4.0},{"not_picked":["champ:BladeFlurry","champ:BerserkersShout"],"picked":"champ:MurderStrike","floor":6.0},{"not_picked":["champ:CrookedStrike","champ:BladeFlurry","champ:Haymaker"],"picked":"SKIP","floor":9.0},{"not_picked":["champ:DeathBlow","champ:Lariat"],"picked":"champ:BerserkersShout","floor":10.0},{"not_picked":["champ:EndlessRage","champ:PreciseThrust"],"picked":"champ:IronFortress","floor":11.0},{"not_picked":["champ:FlashCut","champ:SetATrap"],"picked":"champ:CrownThrow","floor":13.0},{"not_picked":["champ:HeartStrike","champ:BringItOn"],"picked":"champ:IronFortress","floor":14.0},{"not_picked":["champ:Backstep","champ:AdrenalArmor"],"picked":"champ:BerserkersShout","floor":15.0},{"not_picked":["champ:Improvising","champ:UltimateStance"],"picked":"champ:GladiatorForm","floor":16.0},{"not_picked":["champ:FlashCut","champ:Circumvent+1"],"picked":"champ:StanceDance","floor":19.0},{"not_picked":["champ:Duel","champ:CrookedStrike"],"picked":"champ:IronFortress+1","floor":22.0},{"not_picked":["champ:Encircle","champ:TornadoPunch"],"picked":"champ:Shatter+1","floor":23.0},{"not_picked":["champ:Endure","champ:Haymaker"],"picked":"champ:FalseCounter","floor":25}],"player_experience":572178,"relics_obtained":[{"floor":7.0,"key":"Bottled Flame"},{"floor":13.0,"key":"Omamori"},{"floor":24.0,"key":"Gremlin Horn"}],"event_choices":[{"damage_healed":0.0,"max_hp_gain":0.0,"max_hp_loss":0.0,"gold_gain":0.0,"event_name":"FaceTrader","player_choice":"Trade","floor":21.0,"gold_loss":0.0,"damage_taken":0.0,"relics_obtained":["SsserpentHead"]}],"is_beta":false,"boss_relics":[{"not_picked":["Cursed Key","bronze:MakeshiftBattery"],"picked":"SlaversCollar"}],"items_purged_floors":[],"is_endless":false,"potions_floor_spawned":[2,4,6,10,15,19,23],"killed_by":"Cultist and Chosen","ascension_level":0}}