{"host":"bcxgpd1eu8czocm9","time":1612722437,"event":{"mods":["BaseMod","Downfall","Minty Spire (QoL Compilation)","Quick Restart","Replay The Spire","Spicy Shops","StSLib","¡¾ÒÅÎï¿¨ÅÆ¡¿REMEMod"],"gold_per_floor":[113,113,126,126,126,159,159,177,177,208,250,280,294,311,311,410,410,444,48,48,70,70,102,133,70,163,193,230,242,271,303,315,423,485,524,556,584,646,658,703,715,788,800,812,844,263,263,285,285,297,297,297,42,77,86,86],"floor_reached":55,"language":"ZHS","playtime":1540,"items_purged":["Sentinel","Perfected Strike"],"score":1081,"play_id":"06252939-e708-48ed-8762-eaf700b7fd68","local_time":"20210208022717","is_ascension_mode":false,"campfire_choices":[{"floor":7.0,"key":"REST"},{"data":"Phantasmal Killer","floor":15.0,"key":"SMITH"},{"floor":32.0,"key":"RECALL"},{"data":"Inflame","floor":41.0,"key":"SMITH"},{"data":"Flex","floor":44.0,"key":"SMITH"},{"floor":49.0,"key":"DIG"},{"floor":52.0,"key":"DIG"}],"circlet_count":0,"master_deck":["Bash","Phantasmal Killer+1","ReplayTheSpireMod:Limb From Limb","Headbutt","Replay:Many Hands","Inflame+1","Flex+1","Reaper+1","Second Wind","Reaper","Hemokinesis","Sword Boomerang","Immolate","ReplayTheSpireMod:Limb From Limb","Heavy Blade","Pummel+1","Whirlwind","Whirlwind","REME_ACTH","Flex+1","Fiend Fire","Headbutt","Life Link","Flex+1"],"relics":["Burning Blood","REME_ComplimentaryCards","NeowsBlessing","Singing Bowl","Regal Pillow","REME_ArchaeologicalTools","Mercury Hourglass","Replay:Grab Bag","Philosopher\u0027s Stone","Pandora\u0027s Box","Chemical X","Omamori","MawBank","Replay:Wax Seal","Tiny House","Shovel","REME_PuzzleBoxRelic","Darkstone Periapt","Replay:Bottled Steam","Meat on the Bone","Lantern","King of Hearts","Orichalcum","REME_LimitBreaker","ClockworkSouvenir"],"acts_visited":["Exordium","TheCity","TheBeyond","TheEnding"],"potions_floor_usage":[55,55,55],"damage_taken":[{"damage":0.0,"enemies":"Small Slimes","floor":1.0,"turns":1.0},{"damage":0.0,"enemies":"Jaw Worm","floor":3.0,"turns":1.0},{"damage":0.0,"enemies":"3 Sentries","floor":6.0,"turns":2.0},{"damage":0.0,"enemies":"Cultist","floor":8.0,"turns":2.0},{"damage":4.0,"enemies":"Exordium Wildlife","floor":10.0,"turns":2.0},{"damage":20.0,"enemies":"Lagavulin","floor":11.0,"turns":4.0},{"damage":8.0,"enemies":"Large Slime","floor":12.0,"turns":4.0},{"damage":5.0,"enemies":"Exordium Thugs","floor":13.0,"turns":3.0},{"damage":0.0,"enemies":"2 Fungi Beasts","floor":14.0,"turns":2.0},{"damage":7.0,"enemies":"Slime Boss","floor":16.0,"turns":5.0},{"damage":19.0,"enemies":"2 Thieves","floor":18.0,"turns":2.0},{"damage":18.0,"enemies":"3 Byrds","floor":21.0,"turns":3.0},{"damage":10.0,"enemies":"Gremlin Leader","floor":23.0,"turns":2.0},{"damage":24.0,"enemies":"Snake Plant","floor":24.0,"turns":2.0},{"damage":14.0,"enemies":"3 Cultists","floor":27.0,"turns":4.0},{"damage":44.0,"enemies":"Slavers","floor":28.0,"turns":3.0},{"damage":15.0,"enemies":"Centurion and Healer","floor":30.0,"turns":3.0},{"damage":0.0,"enemies":"Snecko","floor":31.0,"turns":2.0},{"damage":59.0,"enemies":"Pondfish","floor":33.0,"turns":5.0},{"damage":20.0,"enemies":"3 Shapes","floor":35.0,"turns":2.0},{"damage":24.0,"enemies":"3 Darklings","floor":36.0,"turns":3.0},{"damage":34.0,"enemies":"Transient","floor":37.0,"turns":5.0},{"damage":0.0,"enemies":"Mind Bloom Boss Battle","floor":38.0,"turns":3.0},{"damage":14.0,"enemies":"Giant Head","floor":40.0,"turns":3.0},{"damage":38.0,"enemies":"R_Hoarder","floor":42.0,"turns":5.0},{"damage":28.0,"enemies":"4 Shapes","floor":45.0,"turns":2.0},{"damage":22.0,"enemies":"Maw","floor":48.0,"turns":5.0},{"damage":128.0,"enemies":"Awakened One","floor":50.0,"turns":7.0},{"damage":46,"enemies":"Shield and Spear","floor":54,"turns":3},{"damage":71,"enemies":"The Heart","floor":55,"turns":3}],"seed_played":"1674031186392226961","potions_obtained":[{"floor":10.0,"key":"Milkshake"},{"floor":11.0,"key":"SteroidPotion"},{"floor":12.0,"key":"GamblersBrew"},{"floor":16.0,"key":"Elixir"},{"floor":21.0,"key":"GamblersBrew"},{"floor":34.0,"key":"SpeedPotion"},{"floor":37.0,"key":"champ:CounterPotion"},{"floor":40.0,"key":"BlessingOfTheForge"},{"floor":42.0,"key":"PowerPotion"},{"floor":54,"key":"PowerPotion"}],"is_trial":false,"path_per_floor":["M","?","M","?","?","E","R","M","T","M","E","M","M","M","R","B",null,"M","$","?","M","$","E","M","?","T","M","E","?","M","M","R","B",null,"M","M","M","?","?","E","R","E","T","R","M","$","?","M","R","B",null,"R","$","E","B"],"character_chosen":"IRONCLAD","items_purchased":["Chemical X","Omamori","ReplayTheSpireMod:Limb From Limb","Headbutt","Meat on the Bone","Lantern","King of Hearts","ClockworkSouvenir"],"campfire_rested":1,"item_purchase_floors":[19,19,19,46,46,46,46,53],"current_hp_per_floor":[80,80,80,55,39,45,80,80,80,80,66,66,69,77,77,76,86,88,88,88,85,85,83,75,75,75,81,70,70,61,82,82,41,101,89,94,87,103,103,107,107,96,96,96,100,100,100,99,99,49,111,111,111,71,0,0],"gold":86,"neow_bonus":"THREE_ENEMY_KILL","is_daily":false,"chose_seed":false,"campfire_upgraded":3,"win_rate":0.0,"timestamp":1612722437,"path_taken":["M","?","M","?","?","E","R","M","T","M","E","?","M","M","R","BOSS","M","$","?","?","$","E","M","?","T","M","E","?","M","M","R","BOSS","M","M","M","?","?","E","R","E","T","R","M","$","?","M","R","BOSS","R","$","E","BOSS"],"items_purchased_type":["Relic","Relic","Card","Card","Relic","Relic","Relic","Relic"],"build_version":"2020-12-22","purchased_purges":2,"victory":false,"max_hp_per_floor":[80,80,80,80,80,80,80,80,80,80,80,82,84,86,86,86,86,88,88,88,88,88,90,92,92,92,94,94,94,94,94,94,94,101,103,105,107,107,107,107,107,109,109,109,111,111,111,111,111,111,111,111,111,111,111,111],"card_choices":[{"not_picked":["Pommel Strike","True Grit","Iron Wave"],"picked":"SKIP","floor":1.0},{"not_picked":["Perfected Strike","Cleave"],"picked":"ReplayTheSpireMod:Limb From Limb","floor":3.0},{"not_picked":["Pommel Strike","Sentinel"],"picked":"Headbutt","floor":6.0},{"not_picked":["Pommel Strike","Shrug It Off"],"picked":"Replay:Many Hands","floor":8.0},{"not_picked":["Defy Death","Iron Wave"],"picked":"Inflame","floor":10.0},{"not_picked":["Run Through","Reckless Charge"],"picked":"Flex","floor":11.0},{"not_picked":["Anger","REME_Scribble","Metallicize"],"picked":"Singing Bowl","floor":12.0},{"not_picked":["Clothesline","Thunderclap","Havoc"],"picked":"Singing Bowl","floor":13.0},{"not_picked":["ReplayTheSpireMod:Limb From Limb","Uppercut","Iron Wave"],"picked":"Singing Bowl","floor":14.0},{"not_picked":["Impervious","Juggernaut"],"picked":"Reaper","floor":16.0},{"not_picked":["Clothesline+1","Sentinel","Seeing Red"],"picked":"Singing Bowl","floor":18.0},{"not_picked":["Uppercut+1","ReplayTheSpireMod:Corrosion Curse"],"picked":"Heavy Blade","floor":21.0},{"not_picked":["Flame Barrier","ReplayTheSpireMod:Corrosion Curse","Disarm+1"],"picked":"Singing Bowl","floor":23.0},{"not_picked":["Run Through","Havoc","Heavy Blade+1"],"picked":"Singing Bowl","floor":24.0},{"not_picked":["Evolve","Inflame","ReplayTheSpireMod:Corrosion Curse"],"picked":"Singing Bowl","floor":27.0},{"not_picked":["Havoc","Body Slam+1"],"picked":"Pummel+1","floor":28.0},{"not_picked":["Armaments","Pummel"],"picked":"Whirlwind","floor":30.0},{"not_picked":["Spot Weakness","Twin Strike"],"picked":"Whirlwind","floor":31.0},{"not_picked":["Berserk","Bludgeon"],"picked":"REME_ACTH","floor":33.0},{"not_picked":["REME_Scribble+1","Rage+1","Dropkick"],"picked":"Singing Bowl","floor":34.0},{"not_picked":["Anger+1","Rampage","Heavy Blade"],"picked":"Singing Bowl","floor":35.0},{"not_picked":["Headbutt+1","True Grit","ReplayTheSpireMod:Strike From Hell"],"picked":"Singing Bowl","floor":36.0},{"not_picked":["Sever Soul+1","Flex","Searing Blow+1"],"picked":"Singing Bowl","floor":37.0},{"not_picked":["Run Through+1","Iron Wave+1"],"picked":"Flex+1","floor":38.0},{"not_picked":["Ghostly Armor","True Grit"],"picked":"Fiend Fire","floor":40.0},{"not_picked":["Infernal Blade","Shrug It Off","Evolve+1"],"picked":"Singing Bowl","floor":42.0},{"not_picked":["Evolve","Clash","Massacre"],"picked":"Singing Bowl","floor":45.0},{"not_picked":["Evolve","Clash+1"],"picked":"Life Link","floor":48.0},{"not_picked":["Headbutt+1","Dropkick"],"picked":"Flex+1","floor":54}],"player_experience":445341,"relics_obtained":[{"floor":6.0,"key":"Regal Pillow"},{"floor":9.0,"key":"REME_ArchaeologicalTools"},{"floor":11.0,"key":"Mercury Hourglass"},{"floor":23.0,"key":"MawBank"},{"floor":28.0,"key":"Replay:Wax Seal"},{"floor":38.0,"key":"Shovel"},{"floor":40.0,"key":"REME_PuzzleBoxRelic"},{"floor":42.0,"key":"Darkstone Periapt"},{"floor":43.0,"key":"Replay:Bottled Steam"},{"floor":49.0,"key":"Orichalcum"},{"floor":52.0,"key":"REME_LimitBreaker"}],"event_choices":[{"cards_removed":["Defend_R"],"damage_healed":0.0,"max_hp_gain":0.0,"max_hp_loss":0.0,"gold_gain":0.0,"event_name":"Living Wall","player_choice":"Forget","floor":2.0,"gold_loss":0.0,"damage_taken":0.0},{"damage_healed":0.0,"max_hp_gain":0.0,"max_hp_loss":0.0,"gold_gain":0.0,"event_name":"Scrap Ooze","player_choice":"Success","floor":4.0,"gold_loss":0.0,"damage_taken":25.0,"relics_obtained":["Singing Bowl"]},{"damage_healed":0.0,"max_hp_gain":0.0,"max_hp_loss":0.0,"gold_gain":0.0,"event_name":"Shining Light","player_choice":"Entered Light","floor":5.0,"gold_loss":0.0,"damage_taken":16.0,"cards_upgraded":["Strike_R","Defend_R"]},{"cards_removed":["Eclipse"],"damage_healed":0.0,"max_hp_gain":0.0,"max_hp_loss":0.0,"gold_gain":0.0,"event_name":"NoteForYourself","player_choice":"Took Card","floor":20.0,"gold_loss":0.0,"damage_taken":0.0,"cards_obtained":["Strike_P"]},{"cards_removed":["Strike_P"],"damage_healed":0.0,"max_hp_gain":0.0,"max_hp_loss":0.0,"gold_gain":0.0,"event_name":"Beggar","player_choice":"Gave Gold","floor":25.0,"gold_loss":75.0,"damage_taken":0.0},{"damage_healed":0.0,"max_hp_gain":0.0,"max_hp_loss":0.0,"gold_gain":0.0,"event_name":"FaceTrader","player_choice":"Leave","floor":29.0,"gold_loss":0.0,"damage_taken":0.0},{"damage_healed":0.0,"max_hp_gain":0.0,"max_hp_loss":0.0,"gold_gain":0.0,"event_name":"MindBloom","player_choice":"Fight","floor":38.0,"gold_loss":0.0,"damage_taken":0.0},{"damage_healed":0.0,"max_hp_gain":0.0,"max_hp_loss":0.0,"gold_gain":0.0,"event_name":"Tomb of Lord Red Mask","player_choice":"Ignored","floor":47.0,"gold_loss":0.0,"damage_taken":0.0}],"is_beta":false,"boss_relics":[{"not_picked":["Busted Crown","Replay:Wanted Poster"],"picked":"Replay:Grab Bag"},{"not_picked":["Sozu","Runic Dome"],"picked":"Philosopher\u0027s Stone"},{"not_picked":["Kintsugi","Black Blood"],"picked":"Pandora\u0027s Box"},{"not_picked":["REME_DuelDisc","Honey Jar"],"picked":"Tiny House"}],"items_purged_floors":[46,53],"is_endless":false,"potions_floor_spawned":[10,11,12,16,18,21,23,33,36,37,40,42,54],"killed_by":"The Heart","ascension_level":0}}