{"host":"92wx9z21c4p52du4","time":1612681172,"event":{"mods":["Arknights","BaseMod","Infinite Spire","Lobotomy","Minty Spire (QoL Compilation)","Reliquary","Robot Space Explorer","StSLib","The Blue Laboratory","The Disciple","The Jungle","The Runesmith","TheSurvivalist"],"gold_per_floor":[110,110,110,122,140,140,173,190,190,190,208,208,208,224,224,319,319,338,348,358,374,384,402,402,402,402,402,437,437,451,142,142,237,237,247,247,260,17,32,32,32,61,85,104,124,140,166,184,184,184,184],"floor_reached":50,"language":"ENG","playtime":3631,"items_purged":["ats:Defend","ats:Strike V","ats:Strike C"],"score":500,"play_id":"1178f2bc-bc51-436b-b353-c93d744d5fcc","local_time":"20210207005932","is_ascension_mode":false,"campfire_choices":[{"data":"ats:Armor Crushing Shot","floor":6,"key":"SMITH"},{"floor":10,"key":"REST"},{"data":"ats:Emotion Absorption","floor":15,"key":"SMITH"},{"data":"ats:Magnetic Hammer","floor":24,"key":"SMITH"},{"data":"infinitespire:Collect","floor":29,"key":"SMITH"},{"floor":32,"key":"RECALL"},{"data":"ats:Wolf Pack","floor":40,"key":"SMITH"},{"floor":49,"key":"REST"}],"circlet_count":0,"master_deck":["ats:Strike G","ats:Strike S","ats:Armor Crushing Shot+1","ats:Defend+1","ats:Defend+1","ats:Emotion Absorption+1","ats:Magnetic Hammer+1","ats:Shell Defense+1","ats:Blood Oath","ats:Blood Oath","ats:Collapsing Strike","ats:Soul Rend","ats:Shell Defense+1","ats:Guard Mode+1","ats:Flexible Camouflage+1","ats:Closed Bolt Burst Fire","infinitespire:Collect+1","ats:Flexible Camouflage+1","ats:Wolf Pack+1","ats:Absolute Focus","ats:Spore Proliferation+1","ats:Blood Oath","ats:Nebulous Foxfire","CurseOfTheBell","ats:Consecutive Shot Auto","ats:Guard Mode","ats:True Silver Slash","ats:Hammer On","ats:Soul Absorption+1","ats:Overload+1","Parasite"],"relics":["PureWater","NeowsBlessing","infinitespire:Bottled Soul","infinitespire:ShieldingShard","ats:Originium","War Paint","StrikeDummy","infinitespire:Cubic Diamond","SlaversCollar","White Beast Statue","reliquary:HotPoker","Lantern","Orrery","Calling Bell","Toy Ornithopter","Meat on the Bone","Thread and Needle","reliquary:Boomerang","PreservedInsect"],"acts_visited":["Exordium","Exordium","TheBeyond"],"potions_floor_usage":[16,16,23,28,33,35,39,39,42,44,48,50,50],"damage_taken":[{"damage":0,"enemies":"2 Louse","floor":1,"turns":1},{"damage":0,"enemies":"Small Slimes","floor":4,"turns":1},{"damage":0,"enemies":"Cultist","floor":5,"turns":1},{"damage":32,"enemies":"Gremlin Nob","floor":7,"turns":5},{"damage":27,"enemies":"Gremlin Gang","floor":8,"turns":5},{"damage":1,"enemies":"Blue Slaver","floor":11,"turns":4},{"damage":0,"enemies":"Exordium Thugs","floor":14,"turns":6},{"damage":44,"enemies":"Hexaghost","floor":16,"turns":11},{"damage":0,"enemies":"theJungle:5_Spyders","floor":18,"turns":10},{"damage":15,"enemies":"theJungle:GiantWrat","floor":19,"turns":6},{"damage":14,"enemies":"theJungle:Lyon","floor":20,"turns":5},{"damage":22,"enemies":"theJungle:SlimyTreeVines","floor":21,"turns":9},{"damage":32,"enemies":"Snake Plant","floor":22,"turns":5},{"damage":0,"enemies":"theJungle:Lyon","floor":23,"turns":6},{"damage":15,"enemies":"theJungle:MamaSnecko","floor":28,"turns":7},{"damage":11,"enemies":"theJungle:2_Snecko_Cultists","floor":30,"turns":5},{"damage":15,"enemies":"theJungle:FunGuy","floor":33,"turns":11},{"damage":0,"enemies":"Orb Walker","floor":35,"turns":3},{"damage":0,"enemies":"3 Shapes","floor":37,"turns":2},{"damage":3,"enemies":"3 Darklings","floor":39,"turns":5},{"damage":12,"enemies":"Reptomancer","floor":42,"turns":8},{"damage":70,"enemies":"Maw","floor":44,"turns":11},{"damage":6,"enemies":"4 Shapes","floor":45,"turns":1},{"damage":23,"enemies":"Writhing Mass","floor":46,"turns":9},{"damage":56,"enemies":"Spire Growth","floor":48,"turns":7},{"damage":184,"enemies":"Time Eater","floor":50,"turns":18}],"seed_played":"43093941518137079","potions_obtained":[{"floor":7,"key":"blueLaboratory:PhilterOfMotion"},{"floor":8,"key":"Block Potion"},{"floor":11,"key":"AttackPotion"},{"floor":16,"key":"DuplicationPotion"},{"floor":18,"key":"blueLaboratory:AbyssPotion"},{"floor":19,"key":"Strength Potion"},{"floor":23,"key":"Block Potion"},{"floor":28,"key":"blueLaboratory:RecallPotion"},{"floor":33,"key":"blueLaboratory:PyrophylliteBrew"},{"floor":35,"key":"blueLaboratory:EmptyBottle"},{"floor":39,"key":"CultistPotion"},{"floor":42,"key":"blueLaboratory:FruitPunch"},{"floor":44,"key":"ats:Emergency Sanity Potion"},{"floor":45,"key":"DuplicationPotion"},{"floor":46,"key":"blueLaboratory:PolymorphPotion"},{"floor":48,"key":"blueLaboratory:SavagePotion"}],"is_trial":false,"path_per_floor":["M","?","?","M","M","R","E","M","T","R","M","?","?","M","R","B",null,"M","M","M","M","M","M","R","?","T","AVR","E","R","M","$","R","B",null,"M","?","M","$","M","R","?","E","T","M","M","M","T","M","R","B"],"character_chosen":"DOCTOR_CLASS","items_purchased":["ats:Wolf Pack","Orrery","ats:True Silver Slash"],"campfire_rested":2,"item_purchase_floors":[31,31,38],"current_hp_per_floor":[72,65,65,65,65,65,39,18,18,39,43,43,43,51,51,33,72,72,62,60,70,51,56,56,56,56,56,66,66,61,61,61,67,72,72,72,72,72,72,72,72,72,72,56,50,59,59,36,58,0,0],"gold":184,"neow_bonus":"THREE_ENEMY_KILL","is_daily":false,"chose_seed":false,"campfire_upgraded":5,"win_rate":0.0,"timestamp":1612681172,"path_taken":["M","?","?","M","M","R","E","M","T","R","M","?","?","M","R","BOSS","M","?","M","M","?","M","R","?","T","AVR","E","R","M","$","R","BOSS","M","?","M","$","M","R","?","E","T","M","M","M","?","M","R","BOSS"],"items_purchased_type":["Card","Relic","Card"],"build_version":"2020-12-22","purchased_purges":3,"victory":false,"max_hp_per_floor":[72,72,72,72,72,72,72,72,72,72,72,72,72,72,72,72,72,72,72,72,72,72,72,72,72,72,72,72,72,72,72,72,72,72,72,72,72,72,72,72,72,72,72,74,74,74,74,74,74,74,74],"card_choices":[{"not_picked":["ats:Shell Defense","ats:Defend Order"],"picked":"ats:Magnetic Hammer","floor":1},{"not_picked":["ats:Powerful Strike","ats:Part Time Job"],"picked":"ats:Shell Defense","floor":4},{"not_picked":["ats:Fractured Body","ats:Defend Order"],"picked":"ats:Blood Oath","floor":5},{"not_picked":["ats:Serious Mode","ats:Poison Spread","ats:Encircling Forest"],"picked":"SKIP","floor":7},{"not_picked":["ats:Cat Scratch","ats:Phantom","ats:Assault Order"],"picked":"SKIP","floor":8},{"not_picked":["ats:Curse Doll","ats:Revitalization"],"picked":"ats:Blood Oath","floor":11},{"not_picked":["ats:Very Hot Blade","ats:Ignite"],"picked":"ats:Collapsing Strike","floor":14},{"not_picked":["ats:Echo Reverb","ats:Rat Pack"],"picked":"ats:Soul Rend","floor":16},{"not_picked":["ats:Curse Doll","ats:Magnetic Hammer","ats:Flame Of Heaven+1"],"picked":"SKIP","floor":18},{"not_picked":["ats:Poison Spread+1","ats:Burning Ground"],"picked":"ats:Shell Defense+1","floor":19},{"not_picked":["ats:Phantom","ats:Powerful Strike"],"picked":"ats:Guard Mode+1","floor":20},{"not_picked":["ats:Ignite","ats:Sashimi Platter"],"picked":"ats:Flexible Camouflage+1","floor":21},{"not_picked":["ats:Automatic Cover+1","ats:Thermite Blade"],"picked":"ats:Closed Bolt Burst Fire","floor":22},{"not_picked":["ats:Sunburst","ats:Apocalypse","ats:Cat Scratch"],"picked":"SKIP","floor":23},{"not_picked":["ats:Defend Order+1","ats:Ambush"],"picked":"ats:Flexible Camouflage+1","floor":28},{"not_picked":["ats:Very Hot Blade","ats:Flexible Camouflage","ats:Explosion Area Strengthen"],"picked":"SKIP","floor":30},{"not_picked":["ats:Very Hot Blade+1","ats:Cat Scratch"],"picked":"ats:Absolute Focus","floor":31},{"not_picked":["ats:Poison Spread","ats:Flexible Camouflage"],"picked":"ats:Spore Proliferation+1","floor":31},{"not_picked":["ats:Automatic Cover","ats:Absolute Focus"],"picked":"ats:Nebulous Foxfire","floor":31},{"not_picked":["ats:Volcano","ats:Guardian Obelisk"],"picked":"ats:Blood Oath","floor":31},{"not_picked":["ats:Volcano","ats:Dogmatic Field"],"picked":"ats:Nebulous Foxfire","floor":33},{"not_picked":["ats:Leaping Hammer+1","ats:Shadow Raid"],"picked":"ats:Consecutive Shot Auto","floor":35},{"not_picked":["ats:Leaping Hammer","ats:Powerful Strike"],"picked":"ats:Guard Mode","floor":37},{"not_picked":["ats:Defend Order","ats:Ambush"],"picked":"ats:Hammer On","floor":39},{"not_picked":["ats:Very Hot Blade+1","ats:Rapid Magazine+1","ats:Blood Oath"],"picked":"SKIP","floor":42},{"not_picked":["ats:Very Hot Blade","ats:Assault Order"],"picked":"ats:Soul Absorption+1","floor":44},{"not_picked":["ats:Flexible Camouflage","ats:Beaten Up+1"],"picked":"ats:Overload+1","floor":45},{"not_picked":["ats:Healing Drone","ats:Closed Bolt Burst Fire","ats:Durian"],"picked":"SKIP","floor":46},{"not_picked":["ats:Leaping Hammer","ats:Ignite","ats:Encircling Forest+1"],"picked":"SKIP","floor":48}],"player_experience":204287,"relics_obtained":[{"floor":3,"key":"infinitespire:ShieldingShard"},{"floor":7,"key":"ats:Originium"},{"floor":7,"key":"War Paint"},{"floor":9,"key":"StrikeDummy"},{"floor":26,"key":"White Beast Statue"},{"floor":28,"key":"ats:Originium"},{"floor":28,"key":"Lantern"},{"floor":34,"key":"Toy Ornithopter"},{"floor":34,"key":"Meat on the Bone"},{"floor":34,"key":"Thread and Needle"},{"floor":42,"key":"ats:Originium"},{"floor":42,"key":"reliquary:Boomerang"},{"floor":47,"key":"PreservedInsect"}],"event_choices":[{"damage_healed":0,"gold_gain":0,"player_choice":"Success","damage_taken":7,"relics_obtained":["infinitespire:Bottled Soul"],"max_hp_gain":0,"max_hp_loss":0,"event_name":"Scrap Ooze","floor":2,"gold_loss":0},{"cards_removed":["ats:Defend"],"damage_healed":0,"gold_gain":0,"player_choice":"Offered Basic","damage_taken":0,"max_hp_gain":0,"max_hp_loss":0,"event_name":"Bonfire Elementals","floor":13,"gold_loss":0},{"damage_healed":0,"gold_gain":0,"player_choice":"Forge","damage_taken":0,"max_hp_gain":0,"max_hp_loss":0,"event_name":"Accursed Blacksmith","floor":25,"gold_loss":0,"cards_upgraded":["ats:Shell Defense"]},{"damage_healed":0,"gold_gain":0,"player_choice":"Ignored","damage_taken":0,"max_hp_gain":0,"max_hp_loss":0,"event_name":"Tomb of Lord Red Mask","floor":36,"gold_loss":0},{"cards_removed":["ats:Nebulous Foxfire"],"damage_healed":0,"gold_gain":0,"player_choice":"Removed Skill","damage_taken":0,"max_hp_gain":0,"max_hp_loss":0,"event_name":"Falling","floor":41,"gold_loss":0}],"is_beta":false,"boss_relics":[{"not_picked":["Empty Cage","reliquary:WritOfMandamus"],"picked":"SlaversCollar"},{"not_picked":["reliquary:Ember","Coffee Dripper"],"picked":"Calling Bell"}],"items_purged_floors":[27,31,38],"is_endless":false,"potions_floor_spawned":[7,8,11,16,18,19,23,28,30,33,35,37,39,42,44,45,46,48],"killed_by":"Time Eater","ascension_level":0}}