{"host":"fauqrvll5t0ss0vm","time":1612723552,"event":{"mods":["2.2 Compatiblity","Act Like it!","Aspiration","Bard","BaseMod","Beaked The Cultist","Better Altar","Better Match","Better Note","Better Sensory Stone","Better Skull","Better Third Choice","Better Vampires","Card Filter","Clockwork Mod","Colored Map","Conspire","Displayed Cursed Tome","Downfall","Emptier Cage","Energized Spire","Friendly Minions","GifTheSpireLib","Glutton Mod","Gremlin Mod","Gremlin Skip","Halation","Hermit","Highlight Path","Hubris","Jorbs\u0027s Wanderer Trilogy","Mad Scientist","Marked Mod","Minty Spire (QoL Compilation)","Permanent Neow","Random Character Button","Relic Filter","Reorder Act Four","Replay The Spire","Shop Mod","Somnambulant","Spikes Relics","StSLib","Stuff the Spire","SuperFastMode","The Construct","The Cursed","The Disciple","The Elementalist","The Judge","The Juggle","The Mystic","The Runesmith","The Sage","The Servant 0.9.4","The Valiant","Trackpad","Uncapped"],"gold_per_floor":[113,131,56,76,89,89,118,118,142,172,13,13,13,23,23,125,125,139,156,172,185,199,199,226,151,178,88,88,102,102,136,136,232,232,246,260,260,260,276,276,100,127,152,152,180,198,198,217,217,217,217,92,92,127,127],"floor_reached":56,"language":"ENG","playtime":11413,"items_purged":["mysticmod:Strike_Mystic","mysticmod:Strike_Mystic","mysticmod:Strike_Mystic"],"score":1331,"play_id":"204e80fa-5629-47c6-985e-03f0b8385fc1","local_time":"20210207194552","is_ascension_mode":true,"campfire_choices":[{"data":"mysticmod:HeavyStrike","floor":6,"key":"SMITH"},{"data":"mysticmod:LightningBolt","floor":8,"key":"SMITH"},{"data":"mysticmod:PowerAttack","floor":13,"key":"SMITH"},{"data":"mysticmod:SummonFamiliar","floor":15,"key":"SMITH"},{"data":"BarbarianYell","floor":23,"key":"SMITH"},{"data":"mysticmod:SuddenClarity","floor":28,"key":"SMITH"},{"data":"Dual Wield","floor":30,"key":"SMITH"},{"data":"mysticmod:Discipline","floor":32,"key":"SMITH"},{"data":"Demon Form","floor":40,"key":"SMITH"},{"data":"mysticmod:CureLightWounds","floor":44,"key":"SMITH"},{"floor":47,"key":"RECALL"},{"data":"Heavy Blade","floor":49,"key":"SMITH"},{"data":"mysticmod:SuddenClarity","floor":53,"key":"SMITH"}],"circlet_count":0,"master_deck":["Glutton:EatAlive+1","mysticmod:Strike_Mystic","mysticmod:Defend_Mystic","mysticmod:Defend_Mystic","mysticmod:Defend_Mystic","mysticmod:Defend_Mystic+1","mysticmod:ArcaneDodge","mysticmod:ShockingGrasp","mysticmod:LightningBolt+1","mysticmod:SuddenClarity+1","mysticmod:HeavyStrike+1","mysticmod:SuddenClarity+1","mysticmod:PowerAttack+1","mysticmod:ObscuringMist","mysticmod:SummonFamiliar+1","mysticmod:Discipline+1","Dual Wield+1","BarbarianYell+1","mysticmod:CureLightWounds+1","Enlightenment+1","mysticmod:Fireball+1","mysticmod:TomeOfSpells+1","Demon Form+1","Heavy Blade+1","mysticmod:CureLightWounds+1","mysticmod:SummonFamiliar+1","StuffTheSpire:Slingshot"],"relics":["mysticmod:SpellBook","WingedGreaves","mysticmod:RabbitsFoot","Anchor","hubris:DisguiseKit","ReplayTheSpireMod:Ring of Collecting","ReplayTheSpireMod:Ring of Exchange","conspire:SlowCooker","Ornamental Fan","Ring of Fury","Guardian:PocketSentry","Omamori","energizedSpire:MagnifyingGlass","downfall:ExtraCursedKey","Pen Nib","ReplayTheSpireMod:Ring of Addiction","Potion Belt","White Beast Statue","hubris:Reverence","Blood Vial"],"acts_visited":["Exordium","TheCity","TheBeyond","TheEnding"],"potions_floor_usage":[10,10,16,20,21,42,42,48,55,55,55,55,55],"damage_taken":[{"damage":0,"enemies":"2 Louse","floor":1,"turns":42},{"damage":3,"enemies":"conspire:RoseBush","floor":2,"turns":3},{"damage":1,"enemies":"Cultist","floor":4,"turns":3},{"damage":11,"enemies":"Exordium Wildlife","floor":5,"turns":4},{"damage":26,"enemies":"Replay:BlueRogue","floor":7,"turns":8},{"damage":27,"enemies":"Gremlin Nob","floor":10,"turns":5},{"damage":4,"enemies":"Blue Slaver","floor":14,"turns":9},{"damage":34,"enemies":"Slime Boss","floor":16,"turns":11},{"damage":16,"enemies":"Shell Parasite","floor":18,"turns":9},{"damage":5,"enemies":"3 Byrds","floor":19,"turns":8},{"damage":2,"enemies":"Snake Plant","floor":20,"turns":4},{"damage":64,"enemies":"3 Cultists","floor":21,"turns":8},{"damage":3,"enemies":"Snecko","floor":22,"turns":5},{"damage":37,"enemies":"conspire:SneckoGhost","floor":24,"turns":11},{"damage":34,"enemies":"Cultist and Chosen","floor":29,"turns":8},{"damage":0,"enemies":"Gremlin Leader","floor":31,"turns":5},{"damage":48,"enemies":"hubris:MusketHawk","floor":33,"turns":10},{"damage":23,"enemies":"3 Darklings","floor":35,"turns":10},{"damage":14,"enemies":"3 Shapes","floor":36,"turns":7},{"damage":32,"enemies":"Sphere and 2 Shapes","floor":39,"turns":10},{"damage":9,"enemies":"Nemesis","floor":42,"turns":7},{"damage":2,"enemies":"Giant Head","floor":45,"turns":6},{"damage":6,"enemies":"Transient","floor":46,"turns":5},{"damage":18,"enemies":"Spire Growth","floor":48,"turns":4},{"damage":46,"enemies":"hubris:GrandSnecko","floor":50,"turns":9},{"damage":34,"enemies":"Shield and Spear","floor":54,"turns":8},{"damage":127,"enemies":"The Heart","floor":55,"turns":9}],"seed_played":"-3224068147516268359","potions_obtained":[{"floor":2,"key":"PowerPotion"},{"floor":5,"key":"Languid Potion"},{"floor":7,"key":"Explosive Potion"},{"floor":10,"key":"LifebloodPotion"},{"floor":18,"key":"sneckomod:MuddlingPotion"},{"floor":21,"key":"EssenceOfSteel"},{"floor":33,"key":"SpeedPotion"},{"floor":35,"key":"Swift Potion"},{"floor":38,"key":"Flashbang"},{"floor":38,"key":"Flashbang"},{"floor":42,"key":"Swift Potion"},{"floor":43,"key":"Explosive Potion"},{"floor":43,"key":"AttackPotion"},{"floor":43,"key":"Weak Potion"},{"floor":45,"key":"conspire:TimeTravelPotion"},{"floor":46,"key":"PowerPotion"},{"floor":48,"key":"conspire:TimeTravelPotion"}],"is_trial":false,"path_per_floor":["M","M","$","M","M","R","E","R","T","E","$","?","R","M","R","B",null,"M","M","M","M","M","R","E","?","T","?","R","M","R","E","R","B",null,"M","M","?","?","M","R","$","E","T","R","E","M","R","M","R","B",null,"$","R","E","B",null],"character_chosen":"MYSTIC_CLASS","items_purchased":["mysticmod:ObscuringMist","mysticmod:CureLightWounds"],"campfire_rested":0,"item_purchase_floors":[11,41],"current_hp_per_floor":[66,73,73,82,81,81,65,65,65,48,48,48,48,54,54,30,157,149,149,147,97,108,108,85,85,85,85,85,117,117,123,123,124,315,324,334,334,334,383,383,383,386,386,386,433,447,447,454,454,441,512,510,510,515,498],"gold":127,"neow_bonus":"ONE_RARE_RELIC","is_daily":false,"chose_seed":false,"campfire_upgraded":12,"win_rate":0.0,"timestamp":1612723552,"path_taken":["M","M","$","M","M","R","E","R","T","E","$","?","R","M","R","BOSS","M","M","M","M","M","R","E","?","T","?","R","?","R","E","R","BOSS","M","M","?","?","M","R","$","E","T","R","E","M","R","M","R","BOSS","$","R","E","BOSS"],"items_purchased_type":["Card","Card"],"build_version":"2020-12-22","purchased_purges":3,"victory":true,"max_hp_per_floor":[87,97,97,107,117,117,127,127,127,137,137,137,137,147,147,157,157,165,170,170,184,198,198,212,212,212,212,212,272,272,272,272,315,315,344,362,362,362,437,437,437,437,437,437,474,474,472,494,494,512,512,510,510,542,552],"card_choices":[{"not_picked":["mysticmod:ComponentsPouch","mysticmod:EarthenWall"],"picked":"mysticmod:LightningBolt","floor":1},{"not_picked":["mysticmod:Shield","mysticmod:MirrorStrike"],"picked":"mysticmod:SuddenClarity","floor":2},{"not_picked":["mysticmod:Riposte","mysticmod:Flurry"],"picked":"mysticmod:HeavyStrike","floor":4},{"not_picked":["mysticmod:Riposte","mysticmod:DiviningBlow"],"picked":"mysticmod:SuddenClarity","floor":7},{"not_picked":["mysticmod:BladedDash","mysticmod:MightyMagic"],"picked":"mysticmod:PowerAttack","floor":10},{"not_picked":["mysticmod:Haste","mysticmod:Shield","Sentinel"],"picked":"mysticmod:SummonFamiliar","floor":14},{"not_picked":["mysticmod:Disintegrate","mysticmod:MirrorEntity","Brutality"],"picked":"mysticmod:Discipline","floor":16},{"not_picked":["mysticmod:BladeMaster","mysticmod:CorrosiveTouch","mysticmod:ComponentsPouch"],"picked":"Dual Wield","floor":18},{"not_picked":["mysticmod:Shield","mysticmod:LightningBolt","mysticmod:BladeMaster","Havoc"],"picked":"SKIP","floor":19},{"not_picked":["mysticmod:LightningBolt+1","mysticmod:HeavyStrike+1","mysticmod:PowerSlash","ReplayTheSpireMod:Strike From Hell"],"picked":"SKIP","floor":20},{"not_picked":["mysticmod:CorrosiveTouch+1","mysticmod:PowerSlash","mysticmod:Snowball","Anger"],"picked":"SKIP","floor":21},{"not_picked":["mysticmod:CorrosiveTouch+1","mysticmod:PowerSlash","mysticmod:Snowball","Anger"],"picked":"SKIP","floor":21},{"not_picked":["mysticmod:Dedication","mysticmod:SuddenClarity","mysticmod:BulkUp"],"picked":"BarbarianYell","floor":22},{"not_picked":["mysticmod:BladeMaster","mysticmod:GeminiForm","Blood for Blood"],"picked":"mysticmod:CureLightWounds+1","floor":24},{"not_picked":["sagemod:Refine+1","Specialist+1","Replay:Sssssssssstrike+1"],"picked":"Enlightenment+1","floor":25},{"not_picked":["mysticmod:Probe+1","mysticmod:CorrosiveTouch","Flex"],"picked":"mysticmod:Fireball+1","floor":29},{"not_picked":["mysticmod:EnergizedRift","mysticmod:HeavyStrike","StuffTheSpire:Incineration"],"picked":"mysticmod:TomeOfSpells+1","floor":31},{"not_picked":["mysticmod:SpellRecall","mysticmod:GeminiForm","mysticmod:Lunge"],"picked":"Demon Form","floor":33},{"not_picked":["mysticmod:FloatingDisk","mysticmod:MirrorStrike+1","mysticmod:VorpalThrust+1"],"picked":"Heavy Blade","floor":35},{"not_picked":["mysticmod:Riposte","mysticmod:PureInstinct","mysticmod:EbbAndFlow+1","Rupture"],"picked":"SKIP","floor":36},{"not_picked":["mysticmod:ChargedParry","mysticmod:Shield","mysticmod:LightningBolt","ReplayTheSpireMod:Strike From Hell"],"picked":"SKIP","floor":39},{"not_picked":["mysticmod:MagicMissile","mysticmod:EarthenWall","mysticmod:Shield+1","Clash"],"picked":"SKIP","floor":42},{"not_picked":["mysticmod:GreaterInvisibility","mysticmod:Riposte+1","mysticmod:Fly","Shrug It Off"],"picked":"SKIP","floor":45},{"not_picked":["mysticmod:CorrosiveTouch","mysticmod:PreparedCaster","Ghostly Armor"],"picked":"mysticmod:SummonFamiliar+1","floor":46},{"not_picked":["mysticmod:ComponentsPouch+1","mysticmod:Alacrity","mysticmod:PunishingArmor","Pommel Strike"],"picked":"SKIP","floor":48},{"not_picked":["mysticmod:Spellstrike","mysticmod:Riposte+1","mysticmod:SpellCombat"],"picked":"StuffTheSpire:Slingshot","floor":54}],"player_experience":7393176,"relics_obtained":[{"floor":7,"key":"mysticmod:RabbitsFoot"},{"floor":9,"key":"Anchor"},{"floor":10,"key":"hubris:DisguiseKit"},{"floor":12,"key":"ReplayTheSpireMod:Ring of Collecting"},{"floor":12,"key":"ReplayTheSpireMod:Ring of Exchange"},{"floor":24,"key":"Ornamental Fan"},{"floor":26,"key":"Ring of Fury"},{"floor":26,"key":"Guardian:PocketSentry"},{"floor":31,"key":"Omamori"},{"floor":42,"key":"Pen Nib"},{"floor":43,"key":"ReplayTheSpireMod:Ring of Addiction"},{"floor":43,"key":"Potion Belt"},{"floor":43,"key":"White Beast Statue"},{"floor":45,"key":"hubris:Reverence"},{"floor":54,"key":"Blood Vial"}],"event_choices":[{"damage_healed":0,"gold_gain":0,"player_choice":"2","damage_taken":0,"max_hp_gain":0,"max_hp_loss":0,"event_name":"betterMatch:BetterMatch","floor":25,"gold_loss":0,"cards_obtained":["betterMatch:ColorlessUncommonCard"]},{"cards_removed":["Delirium"],"damage_healed":0,"gold_gain":0,"player_choice":"Upgrade and Remove","damage_taken":0,"max_hp_gain":0,"max_hp_loss":0,"event_name":"Designer","floor":27,"gold_loss":90,"cards_upgraded":["mysticmod:Defend_Mystic"]},{"damage_healed":0,"gold_gain":0,"player_choice":"Got Potions","damage_taken":0,"max_hp_gain":0,"max_hp_loss":0,"event_name":"Lab","floor":38,"gold_loss":0}],"is_beta":false,"boss_relics":[{"not_picked":["conspire:RoyalGoblet","hubris:HerbalPaste"],"picked":"conspire:SlowCooker"},{"not_picked":["aspiration:MobileForge","Pandora\u0027s Box"],"picked":"energizedSpire:MagnifyingGlass"}],"items_purged_floors":[3,41,52],"is_endless":false,"potions_floor_spawned":[2,5,7,10,18,21,33,35,42,45,46,48,54],"ascension_level":1}}