{"host":"gobyjzz6xbwq9f9i","time":1612670132,"event":{"mods":["AchievementEnabler","BaseMod","Bestiary","Colored Map","Minty Spire (QoL Compilation)","Relic Stats"],"gold_per_floor":[113,188,199,214,277,277,296,311,311,338,350,39,49,75,75,170,170,189,202,301,39,53,53,82,95,164,164,190,201,212,245,245,343,343,357,357,374,385,401,401,42,69,139,173,192,203,203,219,219,219],"floor_reached":51,"language":"ENG","playtime":3149,"items_purged":["Strike_G"],"score":1210,"play_id":"979d184e-01af-444a-b6c3-348485e62ba0","local_time":"20210206195532","is_ascension_mode":true,"campfire_choices":[{"data":"Predator","floor":6.0,"key":"SMITH"},{"data":"Deadly Poison","floor":15,"key":"SMITH"},{"data":"Glass Knife","floor":23,"key":"SMITH"},{"data":"Envenom","floor":27,"key":"SMITH"},{"data":"Catalyst","floor":32,"key":"SMITH"},{"data":"Wraith Form v2","floor":40,"key":"SMITH"},{"data":"Well Laid Plans","floor":47,"key":"SMITH"},{"data":"Malaise","floor":49,"key":"SMITH"}],"circlet_count":0,"master_deck":["AscendersBane","Strike_G","Defend_G","Defend_G","Defend_G","Defend_G","Defend_G","Survivor","Neutralize","Predator+1","Deadly Poison+1","Well Laid Plans+1","Quick Slash","Infinite Blades","Slice","Catalyst+1","Envenom+1","Dagger Throw+1","PiercingWail+1","Glass Knife+1","Skewer+1","Infinite Blades","Corpse Explosion","Blade Dance+1","Backflip","Footwork","Wraith Form v2+1","Backflip+1","Burst+1","Slice+1","Acrobatics","Outmaneuver+1","Malaise+1","PiercingWail","Prepared+1","A Thousand Cuts","Acrobatics","Night Terror","Blade Dance+1"],"relics":["Ring of the Snake","Ninja Scroll","Happy Flower","Eternal Feather","Thread and Needle","Coffee Dripper","Mummified Hand","Kunai","StrikeDummy","Red Mask","Mango","Astrolabe","Prayer Wheel","Paper Crane","Gremlin Horn","PreservedInsect"],"acts_visited":["Exordium","TheCity","TheBeyond"],"potions_floor_usage":[14,19,28,33,39],"damage_taken":[{"damage":0.0,"enemies":"Small Slimes","floor":1.0,"turns":5.0},{"damage":0.0,"enemies":"2 Louse","floor":3.0,"turns":2.0},{"damage":2.0,"enemies":"Jaw Worm","floor":4.0,"turns":3.0},{"damage":15.0,"enemies":"Gremlin Gang","floor":7.0,"turns":4.0},{"damage":4.0,"enemies":"Red Slaver","floor":8.0,"turns":4.0},{"damage":16.0,"enemies":"Gremlin Nob","floor":10.0,"turns":4.0},{"damage":1.0,"enemies":"Blue Slaver","floor":11.0,"turns":3.0},{"damage":3.0,"enemies":"Looter","floor":13.0,"turns":2.0},{"damage":2,"enemies":"3 Sentries","floor":14,"turns":6},{"damage":9,"enemies":"The Guardian","floor":16,"turns":9},{"damage":0,"enemies":"Chosen","floor":18,"turns":4},{"damage":0,"enemies":"Spheric Guardian","floor":19,"turns":3},{"damage":8,"enemies":"Centurion and Healer","floor":22,"turns":6},{"damage":15,"enemies":"Book of Stabbing","floor":24,"turns":4},{"damage":4,"enemies":"Shelled Parasite and Fungi","floor":25,"turns":5},{"damage":0,"enemies":"Masked Bandits","floor":28,"turns":4},{"damage":0,"enemies":"Cultist and Chosen","floor":29,"turns":3},{"damage":0,"enemies":"Snake Plant","floor":30,"turns":3},{"damage":3,"enemies":"Slavers","floor":31,"turns":4},{"damage":4,"enemies":"Automaton","floor":33,"turns":5},{"damage":0,"enemies":"3 Shapes","floor":35,"turns":3},{"damage":0,"enemies":"3 Darklings","floor":37,"turns":3},{"damage":0,"enemies":"Spire Growth","floor":38,"turns":6},{"damage":30,"enemies":"Writhing Mass","floor":39,"turns":7},{"damage":9,"enemies":"Nemesis","floor":42,"turns":5},{"damage":3,"enemies":"Reptomancer","floor":44,"turns":5},{"damage":3,"enemies":"3 Darklings","floor":45,"turns":5},{"damage":0,"enemies":"Maw","floor":46,"turns":7},{"damage":0,"enemies":"Writhing Mass","floor":48,"turns":4},{"damage":43,"enemies":"Donu and Deca","floor":50,"turns":6}],"seed_played":"-7897088277079343410","potions_obtained":[{"floor":4.0,"key":"DuplicationPotion"},{"floor":10.0,"key":"ColorlessPotion"},{"floor":14,"key":"Ancient Potion"},{"floor":16,"key":"SpeedPotion"},{"floor":18,"key":"SteroidPotion"},{"floor":19,"key":"DuplicationPotion"},{"floor":22,"key":"DistilledChaos"},{"floor":33,"key":"ColorlessPotion"},{"floor":35,"key":"SpeedPotion"},{"floor":38,"key":"AttackPotion"},{"floor":44,"key":"SmokeBomb"},{"floor":46,"key":"Weak Potion"},{"floor":48,"key":"LiquidMemories"}],"is_trial":false,"path_per_floor":["M","?","M","M","?","R","M","M","T","E","M","$","M","E","R","B",null,"M","M","?","$","M","R","E","M","T","R","?","M","M","E","R","B",null,"M","?","M","M","M","R","$","E","T","E","M","M","R","M","R","B",null],"character_chosen":"THE_SILENT","items_purchased":["Eternal Feather","BlessingOfTheForge","Mummified Hand","Paper Crane","PiercingWail"],"campfire_rested":0,"item_purchase_floors":[12,12,21,41,41],"current_hp_per_floor":[70,59,59,57,57,57,42,38,38,22,21,21,18,16,28,19,63,63,63,63,63,55,67,52,48,48,63,63,63,63,74,91,87,90,90,90,90,90,60,78,78,69,69,66,63,63,84,84,91,48],"gold":219,"neow_bonus":"TEN_PERCENT_HP_BONUS","is_daily":false,"chose_seed":false,"campfire_upgraded":8,"win_rate":0.0,"timestamp":1612670132,"path_taken":["M","?","M","M","?","R","M","M","T","E","M","$","M","E","R","BOSS","M","M","?","$","M","R","E","M","T","R","?","M","M","E","R","BOSS","M","?","M","M","?","R","?","E","T","E","M","M","R","M","R","BOSS"],"items_purchased_type":["Relic","Potion","Relic","Relic","Card"],"build_version":"2020-12-22","purchased_purges":1,"victory":true,"max_hp_per_floor":[77,77,77,77,77,77,77,77,77,77,77,77,77,77,77,77,77,77,77,77,77,77,77,77,77,77,77,77,77,77,91,91,91,91,91,91,91,91,91,91,91,91,91,91,91,91,91,91,91,91],"relic_stats":{"Happy Flower":[37],"Gremlin Horn":[6,6],"counters":[30,134],"Mummified Hand":[80],"Astrolabe":["Backflip","Burst","Slice"],"Eternal Feather":102,"Prayer Wheel":6,"PreservedInsect":0,"Kunai":[60],"obtain_stats":[{"Happy Flower":10,"Gremlin Horn":42,"Astrolabe":34,"Eternal Feather":12,"Thread and Needle":14,"Mango":31,"PreservedInsect":44,"Paper Crane":41,"Ninja Scroll":9,"Mummified Hand":21,"Prayer Wheel":36,"Coffee Dripper":17,"Red Mask":28,"Kunai":24,"StrikeDummy":26,"Ring of the Snake":0},{"Happy Flower":6,"Gremlin Horn":25,"Astrolabe":20,"Eternal Feather":7,"Thread and Needle":9,"Mango":19,"PreservedInsect":26,"Paper Crane":24,"Ninja Scroll":5,"Mummified Hand":12,"Prayer Wheel":21,"Coffee Dripper":10,"Red Mask":16,"Kunai":14,"StrikeDummy":15,"Ring of the Snake":0},{"Happy Flower":22,"Gremlin Horn":107,"Astrolabe":83,"Eternal Feather":25,"Thread and Needle":33,"Mango":78,"PreservedInsect":112,"Paper Crane":102,"Ninja Scroll":18,"Mummified Hand":49,"Prayer Wheel":86,"Coffee Dripper":42,"Red Mask":68,"Kunai":59,"StrikeDummy":64,"Ring of the Snake":0}],"Ring of the Snake":[60]},"card_choices":[{"not_picked":["Sucker Punch","Reflex"],"picked":"Predator","floor":1.0},{"not_picked":["Dagger Throw","Backflip"],"picked":"Deadly Poison","floor":3.0},{"not_picked":["Cloak And Dagger","Calculated Gamble"],"picked":"Well Laid Plans","floor":4.0},{"not_picked":["Escape Plan","Reflex","Heel Hook"],"picked":"SKIP","floor":7.0},{"not_picked":["Escape Plan","Reflex","Heel Hook"],"picked":"SKIP","floor":7.0},{"not_picked":["Prepared","Acrobatics"],"picked":"Quick Slash","floor":8.0},{"not_picked":["Flying Knee","Setup"],"picked":"Infinite Blades","floor":10.0},{"not_picked":["Venomology","Outmaneuver"],"picked":"Slice","floor":11.0},{"not_picked":["Underhanded Strike","Acrobatics"],"picked":"Catalyst","floor":13.0},{"not_picked":["Quick Slash","Skewer","Eviscerate"],"picked":"SKIP","floor":14},{"not_picked":["Venomology","Tools of the Trade"],"picked":"Envenom","floor":16},{"not_picked":["Prepared","Deadly Poison"],"picked":"Dagger Throw+1","floor":18},{"not_picked":["Underhanded Strike","Blur+1"],"picked":"PiercingWail+1","floor":19},{"not_picked":["Crippling Poison","Underhanded Strike"],"picked":"Glass Knife","floor":22},{"not_picked":["Poisoned Stab+1","Dodge and Roll"],"picked":"Skewer+1","floor":24},{"not_picked":["Quick Slash","Cloak And Dagger"],"picked":"Infinite Blades","floor":25},{"not_picked":["All Out Attack","Sucker Punch"],"picked":"Corpse Explosion","floor":28},{"not_picked":["Sucker Punch","Flying Knee"],"picked":"Blade Dance+1","floor":29},{"not_picked":["Noxious Fumes","Concentrate+1"],"picked":"Backflip","floor":30},{"not_picked":["Deflect","Dagger Throw"],"picked":"Footwork","floor":31},{"not_picked":["Tools of the Trade","Burst"],"picked":"Wraith Form v2","floor":33},{"not_picked":["Masterful Stab","Prepared"],"picked":"Acrobatics","floor":35},{"not_picked":["Endless Agony","Outmaneuver+1","Dagger Spray"],"picked":"SKIP","floor":37},{"not_picked":["Cloak And Dagger","Flying Knee+1","Quick Slash+1"],"picked":"SKIP","floor":37},{"not_picked":["Flechettes","Dagger Spray"],"picked":"Outmaneuver+1","floor":38},{"not_picked":["Choke+1","Bane+1","Sucker Punch"],"picked":"SKIP","floor":38},{"not_picked":["Dodge and Roll+1","Dagger Throw"],"picked":"Malaise","floor":39},{"not_picked":["Caltrops","Bane","Quick Slash"],"picked":"SKIP","floor":39},{"not_picked":["Concentrate+1","Skewer"],"picked":"Prepared+1","floor":42},{"not_picked":["Underhanded Strike","Poisoned Stab+1"],"picked":"A Thousand Cuts","floor":44},{"not_picked":["Quick Slash","Doppelganger"],"picked":"Acrobatics","floor":45},{"not_picked":["Deflect","Underhanded Strike","Distraction+1"],"picked":"SKIP","floor":45},{"not_picked":["Dodge and Roll+1","Terror"],"picked":"Night Terror","floor":46},{"not_picked":["Underhanded Strike","Bane","Flying Knee+1"],"picked":"SKIP","floor":46},{"not_picked":["Finisher+1","Dagger Throw"],"picked":"Blade Dance+1","floor":48},{"not_picked":["Quick Slash+1","Sucker Punch","Well Laid Plans"],"picked":"SKIP","floor":48}],"player_experience":1289337,"relics_obtained":[{"floor":9.0,"key":"Ninja Scroll"},{"floor":10.0,"key":"Happy Flower"},{"floor":14,"key":"Thread and Needle"},{"floor":24,"key":"Kunai"},{"floor":26,"key":"StrikeDummy"},{"floor":28,"key":"Red Mask"},{"floor":31,"key":"Mango"},{"floor":42,"key":"Gremlin Horn"},{"floor":44,"key":"PreservedInsect"}],"event_choices":[{"damage_healed":0.0,"max_hp_gain":0.0,"max_hp_loss":0.0,"gold_gain":75.0,"event_name":"World of Goop","player_choice":"Gather Gold","floor":2.0,"gold_loss":0.0,"damage_taken":11.0},{"damage_healed":0.0,"max_hp_gain":0.0,"max_hp_loss":0.0,"gold_gain":63.0,"event_name":"Golden Wing","player_choice":"Gained Gold","floor":5.0,"gold_loss":0.0,"damage_taken":0.0},{"damage_healed":0,"gold_gain":99,"player_choice":"Stole From Cult","damage_taken":0,"max_hp_gain":0,"max_hp_loss":0,"event_name":"Nest","floor":20,"gold_loss":0},{"damage_healed":0,"gold_gain":0,"player_choice":"Fought Bandits","damage_taken":0,"max_hp_gain":0,"max_hp_loss":0,"event_name":"Masked Bandits","floor":28,"gold_loss":0},{"damage_healed":0,"gold_gain":0,"player_choice":"Gave Potion","damage_taken":0,"relics_obtained":["Prayer Wheel"],"max_hp_gain":0,"max_hp_loss":0,"event_name":"WeMeetAgain","floor":36,"gold_loss":0}],"is_beta":false,"boss_relics":[{"not_picked":["Fusion Hammer","WristBlade"],"picked":"Coffee Dripper"},{"not_picked":["Runic Pyramid","Empty Cage"],"picked":"Astrolabe"}],"items_purged_floors":[41],"is_endless":false,"potions_floor_spawned":[4,10,14,16,18,19,22,33,35,38,44,46,48],"ascension_level":10}}