{"host":"iwx63wjdqe91ab4t","time":1612740784,"event":{"mods":["AchievementEnabler","Act Like it!","BaseMod","BetterRewards","Downfall","Friendly Minions","Hermit","Hubris","Infinite Spire","Jorbs\u0027s Wanderer Trilogy","Lobotomy","Marisa????????","Mimic Mod","Minty Spire (QoL Compilation)","Replay The Spire","StSLib","The Animator","The Bug Knight","The Construct","The Cursed","The Hierophant","The Jungle","The Necromancer","The Runesmith","The Servant 0.9.4"],"gold_per_floor":[118,37,81,81,81,81,114,144,144,175,207,207,253,279,279,293,293],"floor_reached":16,"language":"ENG","playtime":1054,"items_purged":[],"score":110,"play_id":"b147ec42-a308-4ee7-8f3a-4fbb68873dd6","local_time":"20210207173304","is_ascension_mode":false,"campfire_choices":[{"data":"Bone_Prison","floor":6,"key":"SMITH"}],"circlet_count":0,"master_deck":["Strike_W","Strike_W","Strike_W","Defend_W","Defend_W","Negative_Energy_Arrows","Bone_Wall","Pandemic","Necrotic_Claws","Negative_Energy_Bomb","Bone_Prison+1","Hellfire","Life_Tap","Negative_Energy_Shield","Negative_Energy_Javelin","Exploit","Necrotic_Claws","Violent_Necrosis"],"relics":["Vampire_Amulet","Replay:Bottled Snecko","ReplayTheSpireMod:Ring of Challenge","ReplayTheSpireMod:Ring of Exchange","hubris:Towel","Replay:Bandana","hubris:TinFlute","hubris:OldNail"],"acts_visited":["Exordium"],"potions_floor_usage":[7,13,13],"damage_taken":[{"damage":0,"enemies":"Small Slimes","floor":1,"turns":4},{"damage":22,"enemies":"Lagavulin","floor":7,"turns":6},{"damage":0,"enemies":"Jaw Worm","floor":8,"turns":2},{"damage":0,"enemies":"Cultist","floor":10,"turns":3},{"damage":8,"enemies":"Gremlin Gang","floor":11,"turns":5},{"damage":19,"enemies":"3 Sentries","floor":13,"turns":9},{"damage":1,"enemies":"2 Fungi Beasts","floor":14,"turns":3},{"damage":53,"enemies":"Slime Boss","floor":16,"turns":6}],"seed_played":"819006271876342438","potions_obtained":[{"floor":1,"key":"ColorlessPotion"},{"floor":7,"key":"LifebloodPotion"},{"floor":11,"key":"Ancient Potion"}],"is_trial":false,"path_per_floor":["M","$","?","?","?","R","E","M","T","M","M","?","E","M","R","B"],"character_chosen":"NECROMANCER","items_purchased":["Necrotic_Claws"],"campfire_rested":0,"item_purchase_floors":[2],"current_hp_per_floor":[75,75,75,75,75,75,55,57,57,59,59,59,46,49,49,0,0],"gold":293,"neow_bonus":"REMOVE_CARD","is_daily":false,"chose_seed":false,"campfire_upgraded":1,"win_rate":0.0,"timestamp":1612740784,"path_taken":["M","$","?","?","?","R","E","M","T","?","?","?","E","M","R","BOSS"],"items_purchased_type":["Card"],"build_version":"2020-12-22","purchased_purges":0,"victory":false,"max_hp_per_floor":[75,75,75,75,75,75,75,75,75,75,75,75,75,75,75,75,75],"card_choices":[{"not_picked":["Bone_Armor","Consume_Illness"],"picked":"Pandemic","floor":1},{"not_picked":["Negative_Energy_Sphere","Death_March_Dance"],"picked":"Negative_Energy_Bomb","floor":3},{"not_picked":["Finger_Of_Death","Blood_Curse"],"picked":"Bone_Prison","floor":3},{"not_picked":["Consume_Illness","Corrupt"],"picked":"Hellfire","floor":7},{"not_picked":["Epidemic","Toxic_Smoke_Screen"],"picked":"Life_Tap","floor":8},{"not_picked":["Blood_Curse","Finger_Of_Death"],"picked":"Negative_Energy_Shield","floor":10},{"not_picked":["Death_March_Dance","Spectral_Walk"],"picked":"Negative_Energy_Javelin","floor":11},{"not_picked":["Toxic_Smoke_Screen","Bone_Bullets"],"picked":"Exploit","floor":13},{"not_picked":["Acid_Javelin","Toxic_Smoke_Screen"],"picked":"Necrotic_Claws","floor":14}],"player_experience":276038,"relics_obtained":[{"floor":3,"key":"Replay:Bottled Snecko"},{"floor":4,"key":"ReplayTheSpireMod:Ring of Challenge"},{"floor":4,"key":"ReplayTheSpireMod:Ring of Exchange"},{"floor":7,"key":"Replay:Bandana"},{"floor":9,"key":"hubris:TinFlute"},{"floor":13,"key":"hubris:OldNail"}],"event_choices":[{"cards_removed":["Strike_W"],"damage_healed":0,"gold_gain":0,"player_choice":"Card Removal","damage_taken":0,"max_hp_gain":0,"max_hp_loss":0,"event_name":"Wheel of Change","floor":12,"gold_loss":0}],"is_beta":false,"boss_relics":[],"items_purged_floors":[],"is_endless":false,"potions_floor_spawned":[1,7,11],"killed_by":"Slime Boss","ascension_level":0}}