{"host":"i2ntsfwoh5q5m216","time":1612666790,"event":{"mods":["BaseMod","Colored Map","Downfall","Minty Spire (QoL Compilation)","StSLib"],"gold_per_floor":[118,137,156,156,80,111,35,66,134,149,183,194,209,159,159,259,259,270,1,1,1,1,1,29,48,124,138,157,157,157,176,176,276,276,287,61,72,84,84,84],"floor_reached":39,"language":"ENG","playtime":1537,"items_purged":[],"score":469,"play_id":"b98835a9-3551-40a0-ac06-d3d7b705cf79","local_time":"20210206205950","is_ascension_mode":true,"campfire_choices":[{"floor":15.0,"key":"REST"},{"data":"Fire Breathing","floor":23.0,"key":"SMITH"},{"data":"Reaper","floor":29.0,"key":"SMITH"},{"data":"Metallicize","floor":32.0,"key":"SMITH"}],"circlet_count":0,"master_deck":["Defend_R","Defend_R","Defend_R","Defend_R","Bash","Jack Of All Trades","Dual Wield+1","Feel No Pain","Infernal Blade","Disarm","Second Wind","Wild Strike","Metallicize","Wild Strike","Armaments+1","Fire Breathing+1","True Grit+1","Inflame","Dropkick","Panacea+1","Metamorphosis+1","Slimebound:Tackle+1","Slimebound:Tackle+1","Slimebound:Tackle+1","Entrench+1","Metallicize+1","Wild Strike","Reckless Charge","Reaper+1","Rage+1","Metallicize+1","Feed","Clash","Evolve","Intimidate+1","Pummel","Shrug It Off+1"],"relics":["Burning Blood","Prayer Wheel","Bag of Marbles","Toxic Egg 2","Paper Frog","SacredBark","Potion Belt","Letter Opener","Black Star","Orichalcum"],"acts_visited":["Exordium","TheCity","TheBeyond"],"potions_floor_usage":[],"damage_taken":[{"damage":0.0,"enemies":"Small Slimes","floor":1.0,"turns":3.0},{"damage":6.0,"enemies":"Jaw Worm","floor":2.0,"turns":6.0},{"damage":16.0,"enemies":"2 Louse","floor":3.0,"turns":4.0},{"damage":12.0,"enemies":"Gremlin Nob","floor":6.0,"turns":3.0},{"damage":19.0,"enemies":"3 Sentries","floor":8.0,"turns":15.0},{"damage":39.0,"enemies":"Exordium Thugs","floor":10.0,"turns":9.0},{"damage":13.0,"enemies":"Lagavulin","floor":11.0,"turns":10.0},{"damage":0.0,"enemies":"3 Louse","floor":12.0,"turns":1.0},{"damage":11.0,"enemies":"Gremlin Gang","floor":13.0,"turns":7.0},{"damage":16.0,"enemies":"The Guardian","floor":16.0,"turns":4.0},{"damage":4.0,"enemies":"Chosen","floor":18.0,"turns":5.0},{"damage":52.0,"enemies":"Book of Stabbing","floor":24.0,"turns":7.0},{"damage":18.0,"enemies":"Shell Parasite","floor":25.0,"turns":6.0},{"damage":2.0,"enemies":"Snecko","floor":27.0,"turns":4.0},{"damage":12.0,"enemies":"Cultist and Chosen","floor":28.0,"turns":8.0},{"damage":18.0,"enemies":"Centurion and Healer","floor":31.0,"turns":8.0},{"damage":41.0,"enemies":"Champ","floor":33.0,"turns":15.0},{"damage":25.0,"enemies":"Orb Walker","floor":35.0,"turns":5.0},{"damage":30,"enemies":"3 Darklings","floor":37,"turns":10},{"damage":49,"enemies":"Transient","floor":38,"turns":5},{"damage":10,"enemies":"4 Shapes","floor":39,"turns":2}],"seed_played":"-6738497347987210974","potions_obtained":[{"floor":1.0,"key":"Ancient Potion"},{"floor":3.0,"key":"Dexterity Potion"},{"floor":10.0,"key":"SteroidPotion"},{"floor":18.0,"key":"Block Potion"},{"floor":24.0,"key":"AttackPotion"},{"floor":25.0,"key":"DistilledChaos"}],"is_trial":false,"path_per_floor":["M","M","M","?","$","E","$","E","T","M","E","M","M","?","R","B",null,"M","$","?","$","?","R","E","M","T","M","M","R","?","M","R","B",null,"M","$","M","M","M"],"character_chosen":"IRONCLAD","items_purchased":["Disarm","Second Wind","Panacea+1","Metamorphosis+1","Evolve","Orichalcum"],"campfire_rested":1,"item_purchase_floors":[5,7,19,19,36,36],"current_hp_per_floor":[80,80,70,70,70,64,64,51,51,18,11,17,12,12,36,26,80,80,80,80,80,80,80,34,22,22,26,20,20,80,68,68,40,80,61,61,53,10,0,0],"gold":84,"neow_bonus":"RANDOM_COLORLESS","is_daily":false,"chose_seed":false,"campfire_upgraded":3,"win_rate":0.0,"timestamp":1612666790,"path_taken":["M","M","M","?","$","E","$","E","T","M","E","M","M","?","R","BOSS","M","$","?","?","?","R","E","M","T","?","M","R","?","M","R","BOSS","M","$","?","M","M"],"items_purchased_type":["Card","Card","Card","Card","Card","Relic"],"build_version":"2020-12-22","purchased_purges":0,"victory":false,"max_hp_per_floor":[80,80,80,80,80,80,80,80,80,80,80,80,80,80,80,80,80,80,80,80,80,80,80,80,80,80,80,80,80,80,80,80,80,80,80,80,80,80,80,80],"card_choices":[{"not_picked":["Purity","Forethought"],"picked":"Jack Of All Trades","floor":0.0},{"not_picked":["Headbutt","Body Slam"],"picked":"Dual Wield","floor":1.0},{"not_picked":["Clothesline","Spot Weakness"],"picked":"Feel No Pain","floor":2.0},{"not_picked":["Shrug It Off","Sword Boomerang"],"picked":"Infernal Blade","floor":3.0},{"not_picked":["Clothesline","Whirlwind","Shrug It Off"],"picked":"SKIP","floor":6.0},{"not_picked":["Body Slam","Blood for Blood"],"picked":"Wild Strike","floor":8.0},{"not_picked":["Rampage","Juggernaut"],"picked":"Metallicize","floor":10.0},{"not_picked":["Pommel Strike","Heavy Blade"],"picked":"Wild Strike","floor":10.0},{"not_picked":["Wild Strike","True Grit+1"],"picked":"Armaments+1","floor":11.0},{"not_picked":["Flex+1","Headbutt"],"picked":"Fire Breathing","floor":12.0},{"not_picked":["Headbutt","Fiend Fire","Uppercut"],"picked":"SKIP","floor":12.0},{"not_picked":["Body Slam","Cleave"],"picked":"True Grit+1","floor":13.0},{"not_picked":["Searing Blow","Twin Strike"],"picked":"Inflame","floor":13.0},{"not_picked":["Combust","Iron Wave+1"],"picked":"Dropkick","floor":18.0},{"not_picked":["Anger","Pommel Strike"],"picked":"Carnage","floor":18.0},{"not_picked":["Body Slam","Pommel Strike"],"picked":"Entrench+1","floor":24.0},{"not_picked":["Heavy Blade+1","Twin Strike+1"],"picked":"Metallicize+1","floor":25.0},{"not_picked":["Anger","Offering+1"],"picked":"Wild Strike","floor":25.0},{"not_picked":["Warcry+1","Iron Wave"],"picked":"Reckless Charge","floor":27.0},{"not_picked":["Headbutt","Perfected Strike+1","Thunderclap"],"picked":"SKIP","floor":27.0},{"not_picked":["Pummel+1","Sword Boomerang+1"],"picked":"Reaper","floor":28.0},{"not_picked":["Anger","Cleave","Perfected Strike"],"picked":"SKIP","floor":28.0},{"not_picked":["Headbutt+1","Seeing Red+1"],"picked":"Rage+1","floor":31.0},{"not_picked":["Combust","Body Slam"],"picked":"Metallicize","floor":31.0},{"not_picked":["Juggernaut","Offering+1"],"picked":"Feed","floor":33.0},{"not_picked":["Shrug It Off+1","Thunderclap+1"],"picked":"Clash","floor":35.0},{"not_picked":["Combust+1","Shockwave+1","Iron Wave+1"],"picked":"SKIP","floor":35.0},{"not_picked":["Clothesline","Sword Boomerang+1"],"picked":"Intimidate+1","floor":37},{"not_picked":["Clash","Twin Strike+1"],"picked":"Pummel","floor":37},{"not_picked":["Clash","Thunderclap+1"],"picked":"Shrug It Off+1","floor":38},{"not_picked":["Immolate","Hemokinesis","Shockwave+1"],"picked":"SKIP","floor":38}],"player_experience":39755,"relics_obtained":[{"floor":6.0,"key":"Prayer Wheel"},{"floor":8.0,"key":"Bag of Marbles"},{"floor":9.0,"key":"Toxic Egg 2"},{"floor":11.0,"key":"Paper Frog"},{"floor":24.0,"key":"Potion Belt"},{"floor":26.0,"key":"Letter Opener"}],"event_choices":[{"damage_healed":0.0,"max_hp_gain":0.0,"max_hp_loss":0.0,"gold_gain":0.0,"event_name":"Living Wall","player_choice":"Grow","floor":4.0,"gold_loss":0.0,"damage_taken":0.0,"cards_upgraded":["Dual Wield"]},{"cards_removed":["Strike_R"],"damage_healed":0.0,"max_hp_gain":0.0,"max_hp_loss":0.0,"gold_gain":0.0,"event_name":"The Cleric","player_choice":"Card Removal","floor":14.0,"gold_loss":50.0,"damage_taken":0.0},{"cards_removed":["Carnage"],"damage_healed":0.0,"max_hp_gain":0.0,"max_hp_loss":0.0,"gold_gain":0.0,"event_name":"Bonfire Elementals","player_choice":"Offered Uncommon","floor":22.0,"gold_loss":0.0,"damage_taken":0.0},{"damage_healed":60.0,"max_hp_gain":0.0,"max_hp_loss":0.0,"gold_gain":0.0,"event_name":"Wheel of Change","player_choice":"Full Heal","floor":30.0,"gold_loss":0.0,"damage_taken":0.0}],"is_beta":false,"boss_relics":[{"not_picked":["Runic Dome","SlaversCollar"],"picked":"SacredBark"},{"not_picked":["Runic Pyramid","Sozu"],"picked":"Black Star"}],"items_purged_floors":[],"is_endless":false,"potions_floor_spawned":[1,3,10,12,13,18,24,25],"killed_by":"4 Shapes","ascension_level":1}}