{"host":"r53pw7z744tg3fxg","time":1612707546,"event":{"mods":["AchievementEnabler","BaseMod","Colored Map","Colored Powertips","Highlight Path","Minty Spire (QoL Compilation)","Quick Restart","Transform Curses"],"gold_per_floor":[5112,4530,4547,4293,4368,4398,4398,4398,4398,4426,3619,3619,3619,3619,3619,3748,3748,3766,3766,3866,3879,3893,3893,3926,3940,3940,3954,3975,3998,4029,3944,3944,4075,4075,4089,3488,3513,3513,3513,3546,3546,3587,3587,3603,3659,3018,3031,3046,3046,3046,3046,3046,1792,1830,1830],"floor_reached":56,"language":"ENG","playtime":2818,"items_purged":["Defend_B","Strike_B","Dualcast+1","Meteor Strike+1"],"score":2281,"play_id":"f5664c56-856f-4521-a119-7969d15e8a51","local_time":"20210207071906","is_ascension_mode":true,"campfire_choices":[{"data":"Zap","floor":8.0,"key":"SMITH"},{"data":"Dualcast","floor":13.0,"key":"SMITH"},{"data":"Defend_B","floor":15.0,"key":"SMITH"},{"floor":23.0,"key":"RECALL"},{"floor":32,"key":"REST"},{"floor":41,"key":"REST"},{"data":"1","floor":49,"key":"LIFT"},{"data":"2","floor":52,"key":"LIFT"}],"circlet_count":0,"master_deck":["Strike_B+1","Strike_B+1","Defend_B+1","Defend_B+1","Defend_B+1","Zap+1","DevaForm+1","Cold Snap+1","Static Discharge+1","White Noise+1","Coolheaded+1","Doom and Gloom+1","Rainbow+1","Conserve Battery+1","Go for the Eyes+1","Auto Shields+1","Leap+1","Defragment+1","Redo+1","Echo Form+1","Jack Of All Trades+1","Cold Snap+1","Electrodynamics+1","Coolheaded+1","Storm+1","Glacier+1","Amplify+1","All For One+1","Redo+1","BootSequence+1","Cold Snap+1","Cold Snap+1","Barrage+1","Dark Shackles+1","Transmutation+1","Meteor Strike+1"],"relics":["FrozenCore","Boot","Frozen Egg 2","Molten Egg 2","Toxic Egg 2","Bronze Scales","Juzu Bracelet","Lantern","Oddly Smooth Stone","Potion Belt","PreservedInsect","Regal Pillow","Happy Flower","DataDisk","Cables","Symbiotic Virus","FossilizedHelix","Ginger","Ice Cream","Incense Burner","Turnip","Emotion Chip","ClockworkSouvenir","Medical Kit","Runic Capacitor","Inserter","Nuclear Battery","Nloth\u0027s Gift","Mummified Hand","Sling","Orrery","Pantograph","StrikeDummy","TungstenRod","Ornamental Fan","Cauldron","Golden Idol","Busted Crown","Omamori","Pear","DataDisk","Kunai","Art of War","Bottled Lightning","Girya","Vajra","Torii","Prayer Wheel","Toolbox","StoneCalendar","Sundial","TheAbacus","Bottled Tornado"],"acts_visited":["Exordium","TheCity","TheBeyond","TheEnding"],"potions_floor_usage":[33,33,33,45,50,50,55,55,55,55],"damage_taken":[{"damage":0.0,"enemies":"Cultist","floor":1.0,"turns":4.0},{"damage":0.0,"enemies":"Jaw Worm","floor":3.0,"turns":2.0},{"damage":0.0,"enemies":"Lagavulin","floor":6.0,"turns":5.0},{"damage":0.0,"enemies":"Gremlin Nob","floor":10.0,"turns":2.0},{"damage":0.0,"enemies":"Slime Boss","floor":16.0,"turns":6.0},{"damage":0.0,"enemies":"Shell Parasite","floor":18.0,"turns":2.0},{"damage":0.0,"enemies":"Spheric Guardian","floor":21.0,"turns":2.0},{"damage":0.0,"enemies":"Shelled Parasite and Fungi","floor":22.0,"turns":3.0},{"damage":0.0,"enemies":"Book of Stabbing","floor":24.0,"turns":4.0},{"damage":0.0,"enemies":"Sentry and Sphere","floor":25.0,"turns":2.0},{"damage":0.0,"enemies":"Snake Plant","floor":27.0,"turns":3.0},{"damage":0.0,"enemies":"3 Cultists","floor":28.0,"turns":4.0},{"damage":0.0,"enemies":"Shelled Parasite and Fungi","floor":29.0,"turns":4.0},{"damage":0.0,"enemies":"Gremlin Leader","floor":30.0,"turns":5.0},{"damage":0,"enemies":"Champ","floor":33,"turns":5},{"damage":0,"enemies":"Orb Walker","floor":35,"turns":2},{"damage":0,"enemies":"3 Darklings","floor":37,"turns":4},{"damage":0,"enemies":"Giant Head","floor":40,"turns":6},{"damage":0,"enemies":"Reptomancer","floor":42,"turns":4},{"damage":8,"enemies":"Sphere and 2 Shapes","floor":44,"turns":3},{"damage":0,"enemies":"2 Orb Walkers","floor":45,"turns":3},{"damage":0,"enemies":"Writhing Mass","floor":47,"turns":3},{"damage":0,"enemies":"3 Darklings","floor":48,"turns":2},{"damage":15,"enemies":"Time Eater","floor":50,"turns":4},{"damage":0,"enemies":"Shield and Spear","floor":54,"turns":3},{"damage":19,"enemies":"The Heart","floor":55,"turns":6}],"seed_played":"7403780932692181989","potions_obtained":[{"floor":3.0,"key":"ColorlessPotion"},{"floor":10.0,"key":"Weak Potion"},{"floor":11.0,"key":"EntropicBrew"},{"floor":11.0,"key":"Fruit Juice"},{"floor":11.0,"key":"Strength Potion"},{"floor":11.0,"key":"PowerPotion"},{"floor":18.0,"key":"Regen Potion"},{"floor":33,"key":"FairyPotion"},{"floor":45,"key":"Fruit Juice"},{"floor":48,"key":"ColorlessPotion"}],"is_trial":false,"path_per_floor":["M","$","M","$","?","E","?","R","T","E","$","?","R","?","R","B",null,"M","?","?","M","M","R","E","M","T","M","M","M","E","?","R","B",null,"M","$","M","?","?","E","R","E","T","M","?","$","M","M","R","B",null,"R","$","E","B",null],"character_chosen":"DEFECT","items_purchased":["Mummified Hand","Sling","Static Discharge+1","White Noise+1","Coolheaded+1","Orrery","Leap+1","TungstenRod","Ornamental Fan","Cauldron","Kunai","Art of War","Storm+1","Prayer Wheel","Toolbox","Meteor Strike+1","BootSequence+1","StoneCalendar","Sundial","TheAbacus","Dark Shackles+1","Transmutation+1","DistilledChaos","Ancient Potion"],"campfire_rested":2,"item_purchase_floors":[2,2,2,2,2,4,4,11,11,11,36,36,36,46,46,46,46,53,53,53,53,53,53,53],"current_hp_per_floor":[293,293,293,293,282,282,287,287,287,287,292,292,292,292,292,310,310,310,310,310,310,310,310,310,310,320,320,320,320,320,320,320,320,320,320,320,320,320,304,304,304,304,304,296,301,301,301,301,301,294,305,305,305,305,290],"gold":1830,"neow_bonus":"RANDOM_COMMON_RELIC","is_daily":false,"chose_seed":false,"campfire_upgraded":3,"win_rate":0.0,"timestamp":1612707546,"path_taken":["M","?","M","$","?","E","?","R","T","E","$","?","R","?","R","BOSS","M","?","?","M","M","R","E","M","T","M","M","M","E","?","R","BOSS","M","$","M","?","?","E","R","E","T","M","?","$","M","M","R","BOSS","R","$","E","BOSS"],"items_purchased_type":["Relic","Relic","Card","Card","Card","Relic","Card","Relic","Relic","Relic","Relic","Relic","Card","Relic","Relic","Card","Card","Relic","Relic","Relic","Card","Card","Potion","Potion"],"build_version":"2020-12-22","purchased_purges":4,"victory":true,"max_hp_per_floor":[300,300,300,300,300,300,305,305,305,305,310,310,310,310,310,310,310,310,310,310,310,310,310,310,310,320,320,320,320,320,320,320,320,320,320,320,320,320,304,304,304,304,304,304,309,309,309,309,309,309,309,309,309,309,309],"card_choices":[{"not_picked":["Hologram+1","Stack+1"],"picked":"Cold Snap+1","floor":1.0},{"not_picked":["Sunder+1","Scrape+1"],"picked":"Doom and Gloom+1","floor":3.0},{"not_picked":["Steam+1","Aggregate+1"],"picked":"Rainbow+1","floor":4.0},{"not_picked":["Stack+1","Multi-Cast+1"],"picked":"Conserve Battery+1","floor":4.0},{"not_picked":["White Noise+1","Coolheaded+1"],"picked":"Go for the Eyes+1","floor":4.0},{"not_picked":["Ball Lightning+1","Fusion+1"],"picked":"Auto Shields+1","floor":4.0},{"not_picked":["Gash+1","Streamline+1"],"picked":"Defragment+1","floor":6.0},{"not_picked":["Sweeping Beam+1","Rainbow+1"],"picked":"Redo+1","floor":10.0},{"not_picked":["Core Surge+1","Creative AI+1"],"picked":"Fission+1","floor":16.0},{"not_picked":["Biased Cognition+1"],"picked":"SKIP","floor":18.0},{"not_picked":["Biased Cognition+1"],"picked":"SKIP","floor":18.0},{"not_picked":[],"picked":"Cold Snap+1","floor":21.0},{"not_picked":["Hologram+1"],"picked":"SKIP","floor":22.0},{"not_picked":["Skim+1"],"picked":"SKIP","floor":24.0},{"not_picked":["Gash+1"],"picked":"SKIP","floor":25.0},{"not_picked":["Compile Driver+1"],"picked":"SKIP","floor":27.0},{"not_picked":["Stack+1"],"picked":"SKIP","floor":28.0},{"not_picked":["Auto Shields+1"],"picked":"SKIP","floor":29.0},{"not_picked":[],"picked":"Electrodynamics+1","floor":30.0},{"not_picked":[],"picked":"Coolheaded+1","floor":35},{"not_picked":[],"picked":"Glacier+1","floor":37},{"not_picked":[],"picked":"Amplify+1","floor":40},{"not_picked":[],"picked":"All For One+1","floor":42},{"not_picked":[],"picked":"Redo+1","floor":44},{"not_picked":[],"picked":"Cold Snap+1","floor":47},{"not_picked":[],"picked":"Cold Snap+1","floor":47},{"not_picked":[],"picked":"Barrage+1","floor":48},{"not_picked":["Hologram+1"],"picked":"SKIP","floor":48},{"not_picked":[],"picked":"Meteor Strike+1","floor":54}],"player_experience":1451438,"relics_obtained":[{"floor":6.0,"key":"Pantograph"},{"floor":9.0,"key":"StrikeDummy"},{"floor":10.0,"key":"Regal Pillow"},{"floor":24.0,"key":"Omamori"},{"floor":26.0,"key":"Pear"},{"floor":40,"key":"Bottled Lightning"},{"floor":42,"key":"Vajra"},{"floor":45,"key":"Torii"},{"floor":54,"key":"Bottled Tornado"}],"event_choices":[{"damage_healed":0.0,"max_hp_gain":0.0,"max_hp_loss":0.0,"gold_gain":75.0,"event_name":"World of Goop","player_choice":"Gather Gold","floor":5.0,"gold_loss":0.0,"damage_taken":11.0},{"damage_healed":0.0,"max_hp_gain":5.0,"max_hp_loss":0.0,"gold_gain":0.0,"event_name":"Big Fish","player_choice":"Donut","floor":7.0,"gold_loss":0.0,"damage_taken":0.0},{"damage_healed":0.0,"max_hp_gain":0.0,"max_hp_loss":0.0,"gold_gain":0.0,"event_name":"Match and Keep!","player_choice":"2 cards matched","floor":12.0,"gold_loss":0.0,"damage_taken":0.0,"cards_obtained":["Echo Form","Jack Of All Trades"]},{"damage_healed":0.0,"max_hp_gain":0.0,"max_hp_loss":0.0,"gold_gain":0.0,"event_name":"Golden Idol","player_choice":"Take Wound","floor":14.0,"gold_loss":0.0,"damage_taken":0.0,"relics_obtained":["Golden Idol"],"cards_obtained":["Injury"]},{"damage_healed":0.0,"max_hp_gain":0.0,"max_hp_loss":0.0,"gold_gain":0.0,"event_name":"Back to Basics","player_choice":"Simplicity","floor":19.0,"gold_loss":0.0,"damage_taken":0.0,"cards_upgraded":["Strike_B","Strike_B","Strike_B","Defend_B","Defend_B"]},{"damage_healed":0.0,"max_hp_gain":0.0,"max_hp_loss":0.0,"gold_gain":100.0,"event_name":"Golden Shrine","player_choice":"Pray","floor":20.0,"gold_loss":0.0,"damage_taken":0.0},{"damage_healed":0.0,"max_hp_gain":0.0,"max_hp_loss":0.0,"gold_gain":0.0,"event_name":"Addict","player_choice":"Obtained Relic","floor":31.0,"gold_loss":85.0,"damage_taken":0.0,"relics_obtained":["DataDisk"]},{"cards_removed":["Strike_B"],"damage_healed":0,"gold_gain":0,"player_choice":"Removed Attack","damage_taken":0,"max_hp_gain":0,"max_hp_loss":0,"event_name":"Falling","floor":38,"gold_loss":0},{"damage_healed":0,"gold_gain":0,"player_choice":"Max HP","damage_taken":0,"max_hp_gain":0,"max_hp_loss":16,"event_name":"Winding Halls","floor":39,"gold_loss":0},{"damage_healed":0,"gold_gain":0,"player_choice":"Fight","damage_taken":0,"max_hp_gain":0,"max_hp_loss":0,"event_name":"Mysterious Sphere","floor":45,"gold_loss":0}],"is_beta":false,"boss_relics":[{"not_picked":["Inserter","Pandora\u0027s Box"],"picked":"Busted Crown"},{"not_picked":["Coffee Dripper","Nuclear Battery"],"picked":"FrozenCore"}],"items_purged_floors":[4,11,36,53],"is_endless":false,"potions_floor_spawned":[3,10,18,27,29,30,33,35,40,45,48],"ascension_level":9}}