{"host":"a5lz0e76zb3fcwkm","time":1612690096,"event":{"mods":["AchievementEnabler","BaseMod","Colored Map","Colored Powertips","Minty Spire (QoL Compilation)","StSLib","SuperFastMode"],"gold_per_floor":[112,387,398,152,152,152,177,187,187,187,187,206,220,32,32,109,109,129,4,54,102,118,118,134,134,134,134,165,165,165,165],"floor_reached":30,"language":"KOR","playtime":465,"items_purged":["Regret","Strike_R","Strike_R"],"score":542,"play_id":"103f1e1c-b37f-4e96-9013-611cbd6c64dc","local_time":"20210207182816","is_ascension_mode":true,"campfire_choices":[{"data":"Body Slam","floor":6.0,"key":"SMITH"},{"data":"Spot Weakness","floor":11.0,"key":"SMITH"},{"data":"Shockwave","floor":15,"key":"SMITH"},{"data":"Pommel Strike","floor":23,"key":"SMITH"},{"data":"Sword Boomerang","floor":29,"key":"SMITH"}],"circlet_count":0,"master_deck":["AscendersBane","Strike_R","Strike_R","Strike_R","Defend_R","Defend_R","Defend_R","Defend_R","Bash","Body Slam+1","Spot Weakness+1","Shrug It Off","Feel No Pain","Pommel Strike+1","Shockwave+1","Impervious","Sword Boomerang+1"],"relics":["Burning Blood","NeowsBlessing","Darkstone Periapt","Strawberry","Pear","Coffee Dripper","MealTicket","Gremlin Horn"],"acts_visited":["Exordium","TheCity"],"potions_floor_usage":[13,16,16,24,30],"damage_taken":[{"damage":0.0,"enemies":"Jaw Worm","floor":1.0,"turns":1.0},{"damage":0.0,"enemies":"Cultist","floor":3.0,"turns":1.0},{"damage":0.0,"enemies":"3 Sentries","floor":7.0,"turns":2.0},{"damage":4.0,"enemies":"Small Slimes","floor":8.0,"turns":4.0},{"damage":23.0,"enemies":"Exordium Thugs","floor":12.0,"turns":6.0},{"damage":11,"enemies":"Large Slime","floor":13,"turns":5},{"damage":45,"enemies":"Hexaghost","floor":16,"turns":8},{"damage":17,"enemies":"Shell Parasite","floor":18,"turns":5},{"damage":17,"enemies":"Chosen","floor":22,"turns":6},{"damage":0,"enemies":"3 Cultists","floor":24,"turns":4},{"damage":68,"enemies":"Book of Stabbing","floor":28,"turns":7},{"damage":35,"enemies":"Slavers","floor":30,"turns":3}],"seed_played":"-7746289506183400761","potions_obtained":[{"floor":8.0,"key":"DistilledChaos"},{"floor":12.0,"key":"AttackPotion"},{"floor":13,"key":"Strength Potion"},{"floor":22,"key":"AttackPotion"},{"floor":28,"key":"Block Potion"}],"is_trial":false,"path_per_floor":["M","?","M","$","?","R","E","M","T","?","R","M","M","$","R","B",null,"M","$","?","T","M","R","M","$","T","$","E","R","E"],"character_chosen":"IRONCLAD","items_purchased":["Shrug It Off","Feel No Pain","Explosive Potion","Shockwave"],"campfire_rested":0,"item_purchase_floors":[4,4,4,14],"current_hp_per_floor":[74,74,75,75,75,75,75,75,82,92,92,75,70,70,70,31,77,66,66,66,66,55,55,61,76,76,91,29,29,0,0],"gold":165,"neow_bonus":"THREE_ENEMY_KILL","is_daily":false,"chose_seed":false,"campfire_upgraded":5,"win_rate":0.0,"timestamp":1612690096,"path_taken":["M","?","M","?","?","R","E","?","T","?","R","M","?","?","R","BOSS","M","$","?","?","?","R","M","?","T","$","E","R","E"],"items_purchased_type":["Card","Card","Potion","Card"],"build_version":"2020-12-22","purchased_purges":3,"victory":false,"max_hp_per_floor":[75,75,75,75,75,75,75,75,82,92,92,92,92,92,92,92,92,92,92,92,92,92,92,92,92,92,92,92,92,92,92],"card_choices":[{"not_picked":["Clash","Metallicize"],"picked":"Body Slam","floor":1.0},{"not_picked":["Twin Strike","Thunderclap"],"picked":"Spot Weakness","floor":3.0},{"not_picked":["Body Slam","Spot Weakness","Feel No Pain"],"picked":"SKIP","floor":7.0},{"not_picked":["Twin Strike","Feel No Pain","Dual Wield"],"picked":"SKIP","floor":8.0},{"not_picked":["Headbutt","Anger"],"picked":"Pommel Strike","floor":12.0},{"not_picked":["Clothesline","Warcry","Bloodletting"],"picked":"SKIP","floor":13},{"not_picked":["Berserk","Exhume"],"picked":"Impervious","floor":16},{"not_picked":["Fire Breathing","Cleave","Metallicize"],"picked":"SKIP","floor":18},{"not_picked":["Infernal Blade","Heavy Blade","Flex"],"picked":"SKIP","floor":22},{"not_picked":["Anger","Twin Strike","Pummel"],"picked":"SKIP","floor":24},{"not_picked":["Carnage","Iron Wave"],"picked":"Sword Boomerang","floor":28}],"player_experience":1846904,"relics_obtained":[{"floor":7.0,"key":"Darkstone Periapt"},{"floor":9.0,"key":"Strawberry"},{"floor":21,"key":"MealTicket"},{"floor":28,"key":"Gremlin Horn"}],"event_choices":[{"damage_healed":0.0,"max_hp_gain":0.0,"max_hp_loss":0.0,"gold_gain":275.0,"event_name":"Golden Shrine","player_choice":"Desecrate","floor":2.0,"gold_loss":0.0,"damage_taken":0.0,"cards_obtained":["Regret"]},{"damage_healed":0.0,"max_hp_gain":0.0,"max_hp_loss":0.0,"gold_gain":0.0,"event_name":"Wheel of Change","player_choice":"Full Heal","floor":5.0,"gold_loss":0.0,"damage_taken":0.0},{"damage_healed":0.0,"max_hp_gain":0.0,"max_hp_loss":0.0,"gold_gain":0.0,"event_name":"WeMeetAgain","player_choice":"Gave Potion","floor":10.0,"gold_loss":0.0,"damage_taken":0.0,"relics_obtained":["Pear"]},{"damage_healed":0,"gold_gain":50,"player_choice":"Stole From Cult","damage_taken":0,"max_hp_gain":0,"max_hp_loss":0,"event_name":"Nest","floor":20,"gold_loss":0}],"is_beta":false,"boss_relics":[{"not_picked":["Runic Dome","Fusion Hammer"],"picked":"Coffee Dripper"}],"items_purged_floors":[4,14,19],"is_endless":false,"potions_floor_spawned":[8,12,13,22,28],"killed_by":"Slavers","ascension_level":20}}