{"host":"4par9lyhj7bf4dsa","time":1612684031,"event":{"mods":["AchievementEnabler","BaseMod","Colored Map","Minty Spire (QoL Compilation)","Relic Stats","StSLib"],"gold_per_floor":[362,362,37,49,65,100,100,114,114,11,11,25,25,53,53,126,126,141,91,110,10,24,24,56,56,56,56,56,56],"floor_reached":28,"language":"ENG","playtime":1301,"items_purged":["Strike_P","Strike_P"],"score":447,"play_id":"9acd5b9e-02ed-4d1a-b858-e8a2ce31bd6c","local_time":"20210207184711","is_ascension_mode":true,"campfire_choices":[{"data":"EmptyFist","floor":7,"key":"SMITH"},{"data":"LikeWater","floor":11,"key":"SMITH"},{"data":"WheelKick","floor":13,"key":"SMITH"},{"data":"Consecrate","floor":15,"key":"SMITH"},{"data":"Eruption","floor":23,"key":"SMITH"},{"data":"Halt","floor":25,"key":"SMITH"}],"circlet_count":0,"master_deck":["AscendersBane","Strike_P","Strike_P","Defend_P","Defend_P","Defend_P","Defend_P","Eruption+1","Vigilance","FlurryOfBlows+1","EmptyFist+1","Adaptation","CarveReality","InnerPeace","WheelKick+1","LikeWater+1","Consecrate+1","DeusExMachina","Tantrum","Halt+1"],"relics":["PureWater","TheAbacus","Dead Branch","Pantograph","Singing Bowl","Runic Pyramid","Bronze Scales","Vajra"],"acts_visited":["Exordium","TheCity"],"potions_floor_usage":[6,8,16,24],"damage_taken":[{"damage":6,"enemies":"2 Louse","floor":1,"turns":3},{"damage":0,"enemies":"Small Slimes","floor":4,"turns":3},{"damage":0,"enemies":"Cultist","floor":5,"turns":2},{"damage":2,"enemies":"3 Sentries","floor":6,"turns":4},{"damage":2,"enemies":"Exordium Wildlife","floor":8,"turns":2},{"damage":2,"enemies":"Looter","floor":12,"turns":3},{"damage":0,"enemies":"Gremlin Nob","floor":14,"turns":2},{"damage":9,"enemies":"Hexaghost","floor":16,"turns":8},{"damage":12,"enemies":"2 Thieves","floor":18,"turns":2},{"damage":0,"enemies":"Spheric Guardian","floor":20,"turns":3},{"damage":23,"enemies":"Centurion and Healer","floor":22,"turns":4},{"damage":14,"enemies":"Slavers","floor":24,"turns":5},{"damage":54,"enemies":"Snecko","floor":28,"turns":3}],"seed_played":"-6905483959925275881","potions_obtained":[{"floor":4,"key":"Fire Potion"},{"floor":5,"key":"AttackPotion"},{"floor":12,"key":"SneckoOil"},{"floor":16,"key":"LiquidBronze"},{"floor":20,"key":"SpeedPotion"}],"is_trial":false,"path_per_floor":["M","?","$","M","M","E","R","M","T","$","R","M","R","E","R","B",null,"M","?","M","$","M","R","E","R","T","$","M"],"character_chosen":"WATCHER","items_purchased":["EmptyFist","Adaptation","TheAbacus","BlessingOfTheForge","Consecrate"],"campfire_rested":0,"item_purchase_floors":[3,3,3,10,10],"current_hp_per_floor":[41,41,41,41,41,39,39,37,37,37,37,35,35,37,37,53,69,57,57,59,59,36,36,24,24,24,24,0,0],"gold":56,"neow_bonus":"TWO_FIFTY_GOLD","is_daily":false,"chose_seed":false,"campfire_upgraded":6,"win_rate":0.0,"timestamp":1612684031,"path_taken":["M","?","$","M","M","E","R","M","T","$","R","M","R","E","R","BOSS","M","?","M","?","M","R","E","R","T","?","M"],"items_purchased_type":["Card","Card","Relic","Potion","Card"],"build_version":"2020-12-22","purchased_purges":2,"victory":false,"max_hp_per_floor":[72,72,72,72,72,72,72,72,72,72,72,72,72,74,74,74,74,74,74,76,76,76,76,78,78,78,78,78,78],"relic_stats":{"TheAbacus":[30],"Singing Bowl":6,"counters":[13,44],"Dead Branch":[27],"Pantograph":25,"Bronze Scales":[3],"obtain_stats":[{"TheAbacus":3,"Singing Bowl":14,"Dead Branch":6,"Pantograph":9,"Bronze Scales":24,"Vajra":26,"PureWater":0,"Runic Pyramid":17},{"TheAbacus":1,"Singing Bowl":7,"Dead Branch":4,"Pantograph":5,"Bronze Scales":12,"Vajra":12,"PureWater":0,"Runic Pyramid":8},{"TheAbacus":3,"Singing Bowl":19,"Dead Branch":12,"Pantograph":14,"Bronze Scales":41,"Vajra":41,"PureWater":0,"Runic Pyramid":27}]},"card_choices":[{"not_picked":["Halt","FlyingSleeves"],"picked":"FlurryOfBlows","floor":1},{"not_picked":["Prostrate","FlurryOfBlows"],"picked":"CarveReality","floor":4},{"not_picked":["EmptyFist","FearNoEvil"],"picked":"InnerPeace","floor":5},{"not_picked":["EmptyBody","JustLucky"],"picked":"WheelKick","floor":6},{"not_picked":["FearNoEvil","PathToVictory"],"picked":"LikeWater","floor":8},{"not_picked":["Ragnarok","Protect","Halt"],"picked":"SKIP","floor":12},{"not_picked":["EmptyBody","JustLucky","Evaluate"],"picked":"Singing Bowl","floor":14},{"not_picked":["Scrawl","Wish"],"picked":"DeusExMachina","floor":16},{"not_picked":["Prostrate","SashWhip"],"picked":"Tantrum","floor":18},{"not_picked":["SashWhip+1","EmptyMind","BowlingBash"],"picked":"Singing Bowl","floor":20},{"not_picked":["SashWhip","CutThroughFate"],"picked":"Halt","floor":22},{"not_picked":["EmptyBody","DeceiveReality","Protect"],"picked":"Singing Bowl","floor":24}],"player_experience":1000431,"relics_obtained":[{"floor":6,"key":"Dead Branch"},{"floor":9,"key":"Pantograph"},{"floor":14,"key":"Singing Bowl"},{"floor":24,"key":"Bronze Scales"},{"floor":26,"key":"Vajra"}],"event_choices":[{"damage_healed":0,"gold_gain":0,"player_choice":"Grow","damage_taken":0,"max_hp_gain":0,"max_hp_loss":0,"event_name":"Living Wall","floor":2,"gold_loss":0,"cards_upgraded":["FlurryOfBlows"]},{"damage_healed":0,"gold_gain":0,"player_choice":"Bet on Owner","damage_taken":0,"max_hp_gain":0,"max_hp_loss":0,"event_name":"The Joust","floor":19,"gold_loss":50}],"is_beta":false,"boss_relics":[{"not_picked":["HolyWater","Snecko Eye"],"picked":"Runic Pyramid"}],"items_purged_floors":[3,21],"is_endless":false,"potions_floor_spawned":[4,5,12,16,20],"killed_by":"Snecko","ascension_level":13}}