{"host":"gop1q6bv59twswbp","time":1612676362,"event":{"mods":["AlwaysNeverKeys","BaseMod","Downfall","Hermit","Minty Spire (QoL Compilation)","Permanent Neow","Rare Cards Sparkle","StSLib","The Cursed"],"gold_per_floor":[117,128,144,94,114,114,114,114,141,159,184,184,215,290,290,393,393,412,412,431,445,445,452,452],"floor_reached":23,"language":"ENG","playtime":1311,"items_purged":[],"score":201,"play_id":"b2aa864a-8116-4c7d-a68e-d14628ff16e5","local_time":"20210207003922","is_ascension_mode":false,"campfire_choices":[{"data":"hermit:Maintenance","floor":6.0,"key":"SMITH"},{"data":"hermit:EyeOfTheStorm","floor":8,"key":"SMITH"},{"data":"hermit:Manifest","floor":12,"key":"SMITH"},{"floor":15,"key":"REST"}],"circlet_count":0,"master_deck":["hermit:Strike_Hermit","hermit:Strike_Hermit","hermit:Strike_Hermit","hermit:Defend_Hermit","hermit:Defend_Hermit","hermit:Defend_Hermit","hermit:Snapshot","hermit:Covet","hermit:EyeOfTheStorm+1","hermit:Maintenance+1","hermit:Manifest+1","hermit:ShadowCloak","Parasite","hermit:Spite","hermit:Deadeye","hermit:OverwhelmingPower+1","hermit:Snipe+1","hermit:Scavenge+1","hermit:Shortfuse+1","hermit:TakeCover","hermit:Combo"],"relics":["hermit:Momento","hermit:CharredGlove","Lantern","Ancient Tea Set","MealTicket","Astrolabe","Tiny Chest","Singing Bowl"],"acts_visited":["Exordium","TheCity"],"potions_floor_usage":[11,20],"damage_taken":[{"damage":0.0,"enemies":"2 Louse","floor":1.0,"turns":3.0},{"damage":15.0,"enemies":"Small Slimes","floor":2.0,"turns":5.0},{"damage":5.0,"enemies":"Jaw Worm","floor":3.0,"turns":4.0},{"damage":6.0,"enemies":"Gremlin Gang","floor":5.0,"turns":8.0},{"damage":4,"enemies":"Looter","floor":10,"turns":4},{"damage":11,"enemies":"3 Sentries","floor":11,"turns":7},{"damage":10,"enemies":"Lagavulin","floor":13,"turns":7},{"damage":3,"enemies":"Slime Boss","floor":16,"turns":14},{"damage":0,"enemies":"Shell Parasite","floor":18,"turns":7},{"damage":10,"enemies":"3 Byrds","floor":20,"turns":8},{"damage":23,"enemies":"Snecko","floor":21,"turns":8},{"damage":43,"enemies":"Slavers","floor":23,"turns":4}],"seed_played":"2582358695138146776","potions_obtained":[{"floor":1.0,"key":"Dexterity Potion"},{"floor":3.0,"key":"SpeedPotion"},{"floor":5.0,"key":"LiquidBronze"},{"floor":18,"key":"FearPotion"},{"floor":20,"key":"FearPotion"}],"is_trial":false,"path_per_floor":["M","M","M","?","M","R","?","R","T","M","E","R","E","?","R","B",null,"M","?","M","M","?","E"],"character_chosen":"HERMIT","items_purchased":[],"campfire_rested":1,"item_purchase_floors":[],"current_hp_per_floor":[75,60,55,55,49,49,67,67,67,63,52,52,42,31,53,50,75,75,75,65,42,42,0,0],"gold":452,"neow_bonus":"ONE_RARE_RELIC","is_daily":false,"chose_seed":false,"campfire_upgraded":3,"win_rate":0.0,"timestamp":1612676362,"path_taken":["M","M","M","?","M","R","?","R","T","M","E","R","E","?","R","BOSS","M","?","?","M","?","E"],"items_purchased_type":[],"build_version":"2020-12-22","purchased_purges":0,"victory":false,"max_hp_per_floor":[75,75,75,75,75,75,75,75,75,75,75,75,75,75,75,75,75,75,75,75,75,75,75,75],"card_choices":[{"not_picked":["hermit:ShadowCloak","hermit:Vantage"],"picked":"hermit:EyeOfTheStorm","floor":1.0},{"not_picked":["hermit:Quickdraw","hermit:EyeOfTheStorm"],"picked":"hermit:Maintenance","floor":2.0},{"not_picked":["hermit:FromBeyond","hermit:EyeOfTheStorm"],"picked":"hermit:Manifest","floor":3.0},{"not_picked":["hermit:LowProfile","hermit:Headshot"],"picked":"hermit:ShadowCloak","floor":5.0},{"not_picked":["hermit:Dive","hermit:Headshot"],"picked":"hermit:Spite","floor":10},{"not_picked":["hermit:Maintenance","hermit:Virtue"],"picked":"hermit:Deadeye","floor":11},{"not_picked":["hermit:BigShot","hermit:Determination","hermit:Snipe"],"picked":"SKIP","floor":13},{"not_picked":["hermit:FromBeyond","hermit:BlackWind"],"picked":"hermit:Gambit","floor":16},{"not_picked":["hermit:Dive","hermit:ShadowCloak"],"picked":"hermit:Shortfuse+1","floor":18},{"not_picked":["hermit:Desperado+1","hermit:HighCaliber+1"],"picked":"hermit:TakeCover","floor":20},{"not_picked":["hermit:LowProfile","hermit:Gestalt"],"picked":"hermit:Combo","floor":21}],"player_experience":889290,"relics_obtained":[{"floor":9,"key":"Lantern"},{"floor":11,"key":"Ancient Tea Set"},{"floor":13,"key":"MealTicket"}],"event_choices":[{"cards_removed":["downfall:Bewildered"],"damage_healed":0.0,"max_hp_gain":0.0,"max_hp_loss":0.0,"gold_gain":0.0,"event_name":"The Cleric","player_choice":"Card Removal","floor":4.0,"gold_loss":50.0,"damage_taken":0.0},{"damage_healed":18,"gold_gain":0,"player_choice":"Healed and dodged fight","damage_taken":0,"max_hp_gain":0,"max_hp_loss":0,"event_name":"Mushrooms","floor":7,"gold_loss":0,"cards_obtained":["Parasite"]},{"damage_healed":0,"gold_gain":75,"player_choice":"Gather Gold","damage_taken":11,"max_hp_gain":0,"max_hp_loss":0,"event_name":"World of Goop","floor":14,"gold_loss":0},{"damage_healed":0,"gold_gain":0,"player_choice":"Gave Potion","damage_taken":0,"relics_obtained":["Tiny Chest"],"max_hp_gain":0,"max_hp_loss":0,"event_name":"WeMeetAgain","floor":19,"gold_loss":0},{"damage_healed":0,"gold_gain":0,"player_choice":"Opened","damage_taken":0,"relics_obtained":["Singing Bowl"],"max_hp_gain":0,"max_hp_loss":0,"event_name":"The Mausoleum","floor":22,"gold_loss":0}],"is_beta":false,"boss_relics":[{"not_picked":["expansioncontent:StudyCardRelic","SlaversCollar"],"picked":"Astrolabe"}],"items_purged_floors":[],"is_endless":false,"potions_floor_spawned":[1,3,5,18,20],"killed_by":"Slavers","ascension_level":0}}