{"host":"sq533724ysd7e9og","time":1612711788,"event":{"mods":["AchievementEnabler","Act Like it!","Aspiration","Astrologer","BaseMod","Better Note","Better Third Choice","Bossed Relics","CapriCore","Colored Map","Conspire","Custom Start","Dio Mod","Dota2Spire","Friendly Minions","Gensokyo","Halation","Hermit","HololiveMod","Hubris","Infinite Spire","Koishi","KomeijiMod","Lobotomy","LobotomyExtend","Mad Scientist","Marisa????????","Minty Spire (QoL Compilation)","MostiFishMod","Replay The Spire","SOS???????","Shade Mod","Small Relic Pack","StSLib","The Administrix","The Animator","The Cursed","The Exalted","The Forsaken","The Gatherer","The Immortal","The Servant 0.9.4","The Wild Card","Waifu the Spire","Yakumo Yukari mod","Yohane!","Yuyuko","??????REMEMod"],"gold_per_floor":[110,129,129,145,145,145,165,165,165,415,427,427,491,507,507,507,507],"floor_reached":16,"language":"ENG","playtime":836,"items_purged":[],"score":102,"play_id":"585f9a21-2b8e-4453-9b24-177bd51a773c","local_time":"25640207222948","daily_mods":["Diverse"],"is_ascension_mode":false,"campfire_choices":[{"data":"astrologer:TheFool","floor":6,"key":"SMITH"},{"data":"Lunch","floor":8,"key":"SMITH"},{"floor":15,"key":"DIG"}],"circlet_count":0,"master_deck":["astrologer:Strike","astrologer:Strike","astrologer:Strike","astrologer:Strike","astrologer:Defend","astrologer:Defend","astrologer:Defend","astrologer:Defend","astrologer:NorthStar","astrologer:TheFool+1","Sadistic Nature","hermit:Desperado","RedEyes","Yohane:Inspiration","Lunch+1","Strike_Koishi","Replay:Light Bash","Yohane:Impressive_Display","Go for the Eyes","dioMod:Donut","astrologer:Fate","ReplayTheSpireMod:Tripwire","Regret_ego","MostiFishMod:Galeforce","Forethought","PowerUp","Bromod:SlashDash"],"relics":["DaveBox","REME_ComplimentaryCards","DiscerningMonocle","SynthV:TestCard","LetterFromLob","halation:SimulatedSpire","aspiration:StickyExplosives_weak","halation:Thesaurus","conspire:DeflatedDodgeball","Gremlin Horn","theForsaken:Gavel","Dota2Spire:Vanguard","Dota2Spire:ArcaneBoots"],"acts_visited":["Exordium"],"potions_floor_usage":[13,13,16],"damage_taken":[{"damage":12,"enemies":"conspire:RoseBush","floor":1,"turns":3},{"damage":0,"enemies":"2 Louse","floor":2,"turns":3},{"damage":11,"enemies":"Small Slimes","floor":4,"turns":3},{"damage":12,"enemies":"Blue Slaver","floor":7,"turns":3},{"damage":11,"enemies":"Looter","floor":11,"turns":3},{"damage":14,"enemies":"3 Sentries","floor":13,"turns":8},{"damage":0,"enemies":"2 Fungi Beasts","floor":14,"turns":3},{"damage":76,"enemies":"Fading Forest","floor":16,"turns":10}],"seed_played":"6499644563027388252","potions_obtained":[{"floor":1,"key":"EssenceOfSteel"},{"floor":11,"key":"REME_GoldPotion"},{"floor":14,"key":"Elixir"}],"is_trial":true,"path_per_floor":["M","M","WH","M","?","R","M","R","T","WH","M","$","E","M","R_BF","B"],"character_chosen":"ASTROLOGER","items_purchased":["halation:Thesaurus","Gremlin Horn","theForsaken:Gavel","FairyPotion","Go for the Eyes","dioMod:Donut","astrologer:Fate","ReplayTheSpireMod:Tripwire","Regret_ego","MostiFishMod:Galeforce","Forethought"],"campfire_rested":0,"item_purchase_floors":[12,12,12,12,12,12,12,12,12,12,12],"current_hp_per_floor":[58,58,58,47,47,47,35,35,35,35,24,24,10,10,10,0,0],"gold":507,"neow_bonus":"TWO_FIFTY_GOLD","is_daily":false,"chose_seed":false,"campfire_upgraded":2,"win_rate":0.0,"timestamp":1612711788,"path_taken":["M","M","WH","M","?","R","M","R","T","WH","M","$","E","M","R_BF","BOSS"],"items_purchased_type":["Relic","Relic","Relic","Potion","Card","Card","Card","Card","Card","Card","Card"],"build_version":"2020-12-22","purchased_purges":0,"victory":false,"max_hp_per_floor":[70,70,70,70,70,70,70,70,70,70,70,70,70,70,70,70,70],"card_choices":[{"not_picked":["dioMod:Freeze","astrologer:Conjunction"],"picked":"hermit:Desperado","floor":1},{"not_picked":["DemonsDinnerFork_Remiria","EbonyIvory","AdministrixMod:Katabasis","MadScienceMod:ShrinkRay"],"picked":"RedEyes","floor":2},{"not_picked":["hermit:Feint","Wild Strike","astrologer:CometStrike","TheCursedMod:CircleOfAbyss"],"picked":"Yohane:Inspiration","floor":4},{"not_picked":["theWildCard:SacrificialStroke","Koishi:StingingMind","astrologer:Shine","MokouMod:Extinguish"],"picked":"Lunch","floor":7},{"not_picked":["astrologer:GlassStar","Clothesline","Extrememeaning_purpleEX","Hightail"],"picked":"Yohane:Impressive_Display","floor":11},{"not_picked":["TheCursedMod:CircleOfCorruption","RuleDissolution_purple","Shade:LichForm","Chargeshoot"],"picked":"PowerUp","floor":13},{"not_picked":["animator:Gillette","TheCursedMod:FleshFromBone","theForsaken:RainingSunlight","Yohane:Hell_Zone"],"picked":"Bromod:SlashDash","floor":14}],"player_experience":173584,"relics_obtained":[{"floor":1,"key":"SynthV:TestCard"},{"floor":1,"key":"LetterFromLob"},{"floor":5,"key":"Letter Opener"},{"floor":9,"key":"aspiration:StickyExplosives_weak"},{"floor":13,"key":"Dota2Spire:Vanguard"},{"floor":15,"key":"Dota2Spire:ArcaneBoots"}],"event_choices":[],"is_beta":false,"boss_relics":[],"items_purged_floors":[],"is_endless":false,"potions_floor_spawned":[1,11,14],"killed_by":"Fading Forest","ascension_level":0}}