{"host":"sgot3i7m08vsvri4","time":1612739058,"event":{"mods":["AchievementEnabler","BaseMod","BetterRewards","Clockwork Mod","Colorless Booster Pack","Custom Start","DNKmod","Downfall","Duelist Mod","Friendly Minions","GifTheSpireLib","Gremlin Skip","Grow up Mod","Hubris","Infinite Spire","Mimic Mod","Minty Spire (QoL Compilation)","Relic Sorter","Remove Card Discount Mod","Replay The Spire","Shop Mod","StSLib","The Alterego","The Animator","The Construct","The Runesmith","The Saiyan","The Servant 0.9.4","The Vixen","Treasure Hunter"],"gold_per_floor":[10019,10019,8441,8453,7392,7418,7438,7438,7486,7497,7511,6334,6387,6401,6401,6504,6504,6524,5738,5837,5837,5856,5856,4913,4928,4953,4969,4979,4009,4021,4060,4060,4164,4164,4176,3358,3374,2591,2624,2679,2749,2762,2782,2816,2818,2818,2840,2862,2862,2862,2862,2862,2079,2133,2140],"floor_reached":56,"language":"ENG","playtime":4072,"items_purged":["theDuelist:GravekeeperCurse"],"score":1335,"play_id":"d3b7509c-3f17-46cd-8a4d-5fbf5d5ff300","local_time":"20210207170418","is_ascension_mode":false,"campfire_choices":[{"floor":15,"key":"RECALL"},{"data":"TH:Mimic","floor":23,"key":"SMITH"},{"data":"theDuelist:MiraculousDescent","floor":23,"key":"SMITH"},{"data":"theDuelist:ImperialOrder","floor":32,"key":"SMITH"},{"data":"TH:Mimic","floor":32,"key":"SMITH"},{"data":"theDuelist:OnslaughtFireKings","floor":46,"key":"SMITH"},{"data":"theDuelist:RainbowOverdragon","floor":46,"key":"SMITH"},{"data":"theDuelist:RainbowKuriboh","floor":49,"key":"SMITH"},{"data":"Panache","floor":49,"key":"SMITH"},{"data":"theDuelist:RainbowKuriboh","floor":52,"key":"SMITH"},{"data":"theDuelist:RainbowKuriboh","floor":52,"key":"SMITH"}],"circlet_count":0,"master_deck":["theDuelist:BeaverWarrior","theDuelist:BeaverWarrior","theDuelist:CastleWalls","theDuelist:CastleWalls","theDuelist:FinalFlame","theDuelist:GiantSoldier","theDuelist:GiantSoldier","theDuelist:ScrapFactory+1","theDuelist:Sparks","theDuelist:Sparks","theDuelist:GreyGreedOni+1","theDuelist:ImperialOrder+1","theDuelist:FusionFire","TH:Mimic+1","theDuelist:MiraculousDescent+1","theDuelist:GiantTrunade+1","TH:Mimic+1","Panache+1","theDuelist:EarthGiant","theDuelist:WhiteHowling+1","theDuelist:Tuningware+1","theDuelist:PowerWall+1","theDuelist:FusionWeapon+1","theDuelist:SlotMachine+1","theDuelist:DoubleTool+1","theDuelist:HappyLover","theDuelist:OnslaughtFireKings+1","theDuelist:YamiForm+1","theDuelist:CombinationAttack","theDuelist:DoubleTool","theDuelist:Fissure","theDuelist:PowerKaishin+1","theDuelist:Hinotama+1","theDuelist:CombinationAttack+1","Secret Weapon+1","Madness+1","theDuelist:FrontierWiseman","theDuelist:AncientGearFist","theDuelist:RainbowOverdragon+1","theDuelist:RainbowKuriboh+1","theDuelist:RainbowNeos","theDuelist:CircleFireKings+1","theDuelist:GoldenApples+1","TH:EnergyPotion+1","theDuelist:SpiritHarp","theDuelist:BigFire+1","theDuelist:Metronome+1","theDuelist:RadiantMirrorForce+1","theDuelist:RainbowKuriboh+1","theDuelist:WormApocalypse","Self Repair","theDuelist:BattleFootballer+1","theDuelist:Wildfire+1","theDuelist:HaneHane+1","theDuelist:CombinationAttack+1","theDuelist:ImperialOrder+1","theDuelist:MillenniumShield+1","theDuelist:EvilswarmHeliotrope+1","theDuelist:RainbowKuriboh+1","theDuelist:RainbowKuriboh","theDuelist:SangaEarth+1","theDuelist:Electrowhip+1","theDuelist:SolarWindJammer+1","theDuelist:SangaEarth+1","theDuelist:LabyrinthWall","theDuelist:FrontierWiseman+1","theDuelist:ElectromagneticShield+1","theDuelist:RainbowKuriboh+1","theDuelist:SangaEarth+1","infinitespire:Starlight","theDuelist:WhiteMagicalHat+1","theDuelist:Eva","theDuelist:RainbowKuriboh+1","theDuelist:UnderworldCannon+1"],"relics":["theDuelist:MillenniumPuzzle","theDuelist:CardPoolRelic","theDuelist:CardPoolBasicRelic","theDuelist:BoosterPackPoolRelic","theDuelist:CardPoolAddRelic","theDuelist:CardPoolMinusRelic","theDuelist:CardPoolSaveRelic","theDuelist:CardPoolOptionsRelic","NeowsBlessing","theDuelist:DuelistTeaSet","Snake Skull","Pondfish Scales","theDuelist:MerchantPendant","MerchantsRug","Red Skull","Carrot","Golden Egg","Vampiric Spirits","theDuelist:ShopToken","Ancient Tea Set","theDuelist:MillenniumArmor","War Paint","Replay:Arrowhead","Mango","Chemical X","theDuelist:ElectricToken","Ice Cream","hubris:Potato","ReplayTheSpireMod:DimensionalGlitch","hubris:MedicalManual","theDuelist:DuelistPrismaticShard","MutagenicStrength","Another Sword","StoneCalendar","TwistedFunnel","Bird Faced Urn","ReplayTheSpireMod:Shallot","infinitespire:Midas Blood","Runic Cube","Runesmith:Locket","hubris:BundleOfHerbs","Brimstone","Incense Burner","theDuelist:KaibaToken","Strange Spoon","theDuelist:MillenniumPrayerbook","ReplayTheSpireMod:TigerMarble","hubris:TinFlute","Replay:Towering Pillar of Hats","hubris:AstralHammer","Replay:Lucky Slots","theDuelist:ArmorPlateC"],"acts_visited":[],"potions_floor_usage":[13,13,13,39,40,41,48,48],"damage_taken":[{"damage":0,"enemies":"Small Slimes","floor":1,"turns":1},{"damage":0,"enemies":"Cultist","floor":4,"turns":1},{"damage":1,"enemies":"Lagavulin","floor":6,"turns":1},{"damage":2,"enemies":"Jaw Worm","floor":7,"turns":2},{"damage":0,"enemies":"2 Fungi Beasts","floor":10,"turns":3},{"damage":0,"enemies":"Exordium Thugs","floor":11,"turns":5},{"damage":0,"enemies":"Exordium Thugs","floor":13,"turns":5},{"damage":0,"enemies":"Exordium Wildlife","floor":14,"turns":2},{"damage":34,"enemies":"Hexaghost","floor":16,"turns":3},{"damage":0,"enemies":"2 Thieves","floor":18,"turns":2},{"damage":0,"enemies":"Chosen","floor":22,"turns":3},{"damage":0,"enemies":"Centurion and Healer","floor":25,"turns":2},{"damage":0,"enemies":"Snake Plant","floor":27,"turns":2},{"damage":0,"enemies":"Snecko","floor":28,"turns":2},{"damage":0,"enemies":"Centurion and Healer","floor":30,"turns":3},{"damage":0,"enemies":"Cultist and Chosen","floor":31,"turns":5},{"damage":0,"enemies":"hubris:MusketHawk","floor":33,"turns":4},{"damage":0,"enemies":"Orb Walker","floor":35,"turns":3},{"damage":0,"enemies":"3 Darklings","floor":37,"turns":3},{"damage":0,"enemies":"Maw","floor":39,"turns":4},{"damage":0,"enemies":"Transient","floor":40,"turns":4},{"damage":0,"enemies":"R_Hoarder","floor":41,"turns":5},{"damage":0,"enemies":"Spire Growth","floor":42,"turns":3},{"damage":0,"enemies":"Sphere and 2 Shapes","floor":44,"turns":2},{"damage":0,"enemies":"Jaw Worm Horde","floor":47,"turns":2},{"damage":0,"enemies":"4 Shapes","floor":48,"turns":2},{"damage":0,"enemies":"Replay:Hell Engine","floor":50,"turns":5},{"damage":0,"enemies":"Shield and Spear","floor":54,"turns":4},{"damage":0,"enemies":"The Heart","floor":55,"turns":5}],"seed_played":"-5038683686958406003","potions_obtained":[{"floor":4,"key":"theDuelist:ElectricBrew"},{"floor":10,"key":"SkillPotion"},{"floor":11,"key":"theDuelist:CoolBottle"},{"floor":14,"key":"SpeedPotion"},{"floor":22,"key":"Fire Potion"},{"floor":25,"key":"theDuelist:TokenPotionB"},{"floor":33,"key":"SkillPotion"},{"floor":37,"key":"Strength Potion"},{"floor":39,"key":"theDuelist:IcePotion"},{"floor":42,"key":"SpeedPotion"},{"floor":44,"key":"theDuelist:TokenPotionB"}],"is_trial":false,"path_per_floor":["M","?","$","M","$","E","M","?","T","M","M","$","?","M","R","B",null,"M","$","?","?","M","R","$","M","T","M","M","$","M","MIM","R","B",null,"M","$","M","$","M","M","E","M","T","M","?","R","M","M","R","B",null,"R","$","E","B",null],"character_chosen":"THE_DUELIST","items_purchased":["Snake Skull","Pondfish Scales","theDuelist:ImperialOrder","theDuelist:FusionFire","TH:Mimic","theDuelist:MerchantPendant","theDuelist:MiraculousDescent","theDuelist:GiantTrunade+1","MerchantsRug","Red Skull","Carrot","TH:Mimic","Panache","Golden Egg","Vampiric Spirits","theDuelist:ShopToken","theDuelist:WhiteHowling","theDuelist:Tuningware","theDuelist:PowerWall","theDuelist:FusionWeapon","theDuelist:SlotMachine","theDuelist:DoubleTool","Replay:Arrowhead","Mango","Chemical X","theDuelist:PowerKaishin+1","theDuelist:Hinotama","theDuelist:CombinationAttack","Secret Weapon","Madness","hubris:MedicalManual","theDuelist:CircleFireKings","theDuelist:GoldenApples","TH:EnergyPotion","theDuelist:DuelistPrismaticShard","Another Sword","StoneCalendar","TwistedFunnel","theDuelist:BigFire+1","theDuelist:Metronome","Bird Faced Urn","ReplayTheSpireMod:Shallot","theDuelist:BattleFootballer","theDuelist:Wildfire","theDuelist:HaneHane","theDuelist:CombinationAttack","theDuelist:ImperialOrder","Runesmith:Locket","hubris:BundleOfHerbs","Brimstone","theDuelist:DestructPotionPotB","Incense Burner","theDuelist:KaibaToken","Strange Spoon","theDuelist:Electrowhip","Replay:Towering Pillar of Hats","hubris:AstralHammer","Replay:Lucky Slots"],"campfire_rested":0,"item_purchase_floors":[3,3,3,3,3,3,3,3,3,3,3,3,3,5,5,5,5,5,5,5,5,5,12,12,12,12,12,12,12,12,19,19,19,19,19,24,24,24,24,24,29,29,29,29,29,29,29,36,36,36,36,38,38,38,38,53,53,53],"current_hp_per_floor":[120,130,140,150,160,167,174,184,194,201,208,232,244,254,264,240,284,294,304,314,324,334,344,354,364,374,384,394,404,414,424,434,444,454,464,474,484,494,504,514,524,534,544,554,358,368,396,426,436,472,624,634,644,654,664],"gold":2140,"neow_bonus":"THREE_ENEMY_KILL","is_daily":false,"chose_seed":false,"campfire_upgraded":10,"win_rate":0.0,"timestamp":1612739058,"path_taken":["M","?","$","M","?","E","M","?","T","M","?","$","?","M","R","BOSS","M","$","?","?","M","R","?","M","T","M","M","$","M","?","R","BOSS","M","$","M","$","M","M","E","M","T","?","?","R","M","M","R","BOSS","R","$","E","BOSS"],"items_purchased_type":["Relic","Relic","Card","Card","Card","Relic","Card","Card","Relic","Relic","Relic","Card","Card","Relic","Relic","Relic","Card","Card","Card","Card","Card","Card","Relic","Relic","Relic","Card","Card","Card","Card","Card","Relic","Card","Card","Card","Relic","Relic","Relic","Relic","Card","Card","Relic","Relic","Card","Card","Card","Card","Card","Relic","Relic","Relic","Potion","Relic","Relic","Relic","Card","Relic","Relic","Relic"],"build_version":"2020-12-22","purchased_purges":1,"victory":true,"max_hp_per_floor":[120,130,140,150,160,167,174,184,194,201,208,232,244,254,264,274,284,294,304,314,324,334,344,354,364,374,384,394,404,414,424,434,444,454,464,474,484,494,504,514,524,534,544,554,564,574,584,594,604,614,624,634,644,654,664],"card_choices":[{"not_picked":["theDuelist:DestroyerGolem","theDuelist:DianKeto","theDuelist:Polymerization","theDuelist:GaiaMidNightSun"],"picked":"theDuelist:GreyGreedOni","floor":1},{"not_picked":["theDuelist:GraniteLoyalist","theDuelist:GaiaMidNightSun","theDuelist:DarkFactory","theDuelist:EarthEffigy"],"picked":"theDuelist:EarthGiant","floor":4},{"not_picked":["theDuelist:RainbowNeos","theDuelist:KamionTimelord","theDuelist:Eva","theDuelist:RainbowOverdragon"],"picked":"theDuelist:HappyLover","floor":6},{"not_picked":["theDuelist:BigFire","theDuelist:Tuningware","theDuelist:PowerWall","theDuelist:WhiteHowling"],"picked":"theDuelist:OnslaughtFireKings","floor":6},{"not_picked":["theDuelist:ClearKuriboh","theDuelist:Kuribohrn","theDuelist:PotForbidden","theDuelist:SmashingGround"],"picked":"theDuelist:YamiForm","floor":7},{"not_picked":["theDuelist:SpellShatteringArrow","theDuelist:BigFire","theDuelist:RainbowNeos","theDuelist:CrossAttack"],"picked":"theDuelist:CombinationAttack","floor":9},{"not_picked":["theDuelist:DarkBurningAttack","theDuelist:WormApocalypse","theDuelist:EgoBoost","theDuelist:CoreBlaster"],"picked":"theDuelist:DoubleTool","floor":10},{"not_picked":["theDuelist:AttackTheMoon","theDuelist:GilfordLegend","theDuelist:MudragonSwamp","theDuelist:GaiaMidNightSun"],"picked":"theDuelist:Fissure","floor":11},{"not_picked":["theDuelist:BlackPendant","theDuelist:Tuningware","theDuelist:PreventRat","theDuelist:GilfordLegend"],"picked":"theDuelist:FrontierWiseman","floor":13},{"not_picked":["theDuelist:CombinationAttack","theDuelist:MythicalBeast","theDuelist:AssaultArmor","theDuelist:GravityLash"],"picked":"theDuelist:AncientGearFist","floor":14},{"not_picked":["theDuelist:RainbowNeos","theDuelist:KamionTimelord","theDuelist:HappyLover","theDuelist:Eva"],"picked":"theDuelist:RainbowOverdragon","floor":16},{"not_picked":["theDuelist:RainbowNeos","theDuelist:KamionTimelord","theDuelist:HappyLover","theDuelist:Eva"],"picked":"theDuelist:RainbowKuriboh","floor":16},{"not_picked":["theDuelist:CoreBlaster","theDuelist:SpiralSpearStrike","theDuelist:DoubleTool","theDuelist:AncientGearFist"],"picked":"theDuelist:RainbowNeos","floor":18},{"not_picked":["theDuelist:CombinationAttack+1","Dualcast","theDuelist:FluteKuriboh","Glacier"],"picked":"theDuelist:SpiritHarp","floor":22},{"not_picked":["theDuelist:WormKing+1","theDuelist:LabyrinthWall","theDuelist:PreventRat+1","theDuelist:PotDichotomy"],"picked":"theDuelist:RadiantMirrorForce+1","floor":25},{"not_picked":["theDuelist:RainbowNeos","theDuelist:HappyLover","theDuelist:Eva","theDuelist:RainbowOverdragon"],"picked":"theDuelist:RainbowKuriboh","floor":26},{"not_picked":["theDuelist:CoreBlaster","theDuelist:EgoBoost","theDuelist:DarkBurningAttack","theDuelist:MeteorDestruction"],"picked":"theDuelist:WormApocalypse","floor":27},{"not_picked":["theDuelist:WhiteHowling+1","Defragment","Storm","Heatsinks+1"],"picked":"Self Repair","floor":28},{"not_picked":["theDuelist:ClearKuriboh+1","theDuelist:ForbiddenChalice","theDuelist:Mathematician","theDuelist:Raigeki"],"picked":"theDuelist:MillenniumShield","floor":30},{"not_picked":["theDuelist:FuryFire","theDuelist:MudragonSwamp","theDuelist:PowerGiant","theDuelist:LightningRodLord"],"picked":"theDuelist:EvilswarmHeliotrope+1","floor":31},{"not_picked":["theDuelist:RainbowNeos+1","theDuelist:KamionTimelord","theDuelist:Eva","theDuelist:RainbowOverdragon"],"picked":"theDuelist:RainbowKuriboh","floor":33},{"not_picked":["theDuelist:RainbowNeos+1","theDuelist:KamionTimelord+1","theDuelist:HappyLover","theDuelist:RainbowOverdragon"],"picked":"theDuelist:RainbowKuriboh","floor":33},{"not_picked":["theDuelist:MythicalBeast+1","theDuelist:FrontierWiseman","theDuelist:RainbowNeos","theDuelist:HappyLover+1"],"picked":"theDuelist:SangaEarth+1","floor":35},{"not_picked":["theDuelist:HappyLover+1","theDuelist:DummyGolem","theDuelist:GemElephant","theDuelist:GraniteLoyalist","theDuelist:WeepingIdol+1"],"picked":"SKIP","floor":37},{"not_picked":["theDuelist:MythicalBeast","theDuelist:MiracleFertilizer+1","theDuelist:WhiteNinja","theDuelist:ChaosSeed"],"picked":"theDuelist:SolarWindJammer+1","floor":39},{"not_picked":["theDuelist:LegendarySword","theDuelist:CrossAttack+1"],"picked":"theDuelist:SangaEarth+1","floor":40},{"not_picked":["theDuelist:BlockGolem+1","theDuelist:DestroyerGolem","theDuelist:GiantSoldierSteel+1","theDuelist:MagicHoleGolem"],"picked":"theDuelist:LabyrinthWall","floor":41},{"not_picked":["theDuelist:Hinotama","theDuelist:BreakDraw+1","theDuelist:LegendHeart","theDuelist:SparkBlaster+2"],"picked":"theDuelist:FrontierWiseman+1","floor":41},{"not_picked":["theDuelist:WhiteHowling","theDuelist:GravityAxe","theDuelist:Electrowhip","theDuelist:MiraculousDescent"],"picked":"theDuelist:ElectromagneticShield+1","floor":42},{"not_picked":["theDuelist:KamionTimelord","theDuelist:HappyLover","theDuelist:Eva+1","theDuelist:RainbowOverdragon+1"],"picked":"theDuelist:RainbowKuriboh+1","floor":43},{"not_picked":["theDuelist:WhiteMagicalHat","theDuelist:SpiritHarp","theDuelist:MythicalBeast+1","theDuelist:RainbowNeos"],"picked":"theDuelist:SangaEarth+1","floor":44},{"not_picked":["infinitespire:Gouge","infinitespire:Menacing"],"picked":"infinitespire:Starlight","floor":45},{"not_picked":["theDuelist:SparkBlaster+1","theDuelist:DoubleTool","theDuelist:PowerWall+1","theDuelist:BreakDraw"],"picked":"theDuelist:WhiteMagicalHat+1","floor":47},{"not_picked":["theDuelist:CombinationAttack","theDuelist:SpiritHarp+1","theDuelist:MeteorDestruction+1","theDuelist:DeltaAttacker+1"],"picked":"theDuelist:Eva","floor":48},{"not_picked":["theDuelist:KamionTimelord+1","theDuelist:HappyLover+1","theDuelist:Eva+1","theDuelist:RainbowOverdragon+1"],"picked":"theDuelist:RainbowKuriboh+1","floor":54},{"not_picked":["theDuelist:MeteorDestruction+4","theDuelist:OnslaughtFireKings+1","theDuelist:Eva+1","theDuelist:EgoBoost+1"],"picked":"theDuelist:UnderworldCannon+1","floor":54}],"player_experience":201534,"relics_obtained":[{"floor":2,"key":"theDuelist:DuelistTeaSet"},{"floor":6,"key":"Ancient Tea Set"},{"floor":9,"key":"War Paint"},{"floor":13,"key":"theDuelist:ElectricToken"},{"floor":13,"key":"Ice Cream"},{"floor":13,"key":"hubris:Potato"},{"floor":31,"key":"infinitespire:Midas Blood"},{"floor":41,"key":"ReplayTheSpireMod:TigerMarble"},{"floor":43,"key":"hubris:TinFlute"},{"floor":54,"key":"theDuelist:ArmorPlateC"}],"event_choices":[{"damage_healed":0,"gold_gain":0,"player_choice":"Relic","damage_taken":0,"max_hp_gain":0,"max_hp_loss":0,"event_name":"Wheel of Change","floor":2,"gold_loss":0},{"damage_healed":0,"gold_gain":0,"player_choice":"Took item - Received: Millennium Armor","duelist":true,"damage_taken":0,"max_hp_gain":0,"max_hp_loss":0,"event_name":"Millennium Items","floor":8,"gold_loss":0},{"damage_healed":0,"gold_gain":0,"player_choice":"Fight","duelist":true,"damage_taken":0,"max_hp_gain":0,"max_hp_loss":0,"event_name":"Battle City","floor":13,"gold_loss":0},{"damage_healed":0,"gold_gain":99,"player_choice":"Stole From Cult","damage_taken":0,"max_hp_gain":0,"max_hp_loss":0,"event_name":"Nest","floor":20,"gold_loss":0},{"damage_healed":0,"gold_gain":0,"player_choice":"Inject Mutagens","damage_taken":0,"relics_obtained":["MutagenicStrength"],"max_hp_gain":0,"max_hp_loss":0,"event_name":"Drug Dealer","floor":21,"gold_loss":0}],"is_beta":false,"boss_relics":[{"not_picked":["hubris:RunicObelisk","hubris:BlackHole"],"picked":"ReplayTheSpireMod:DimensionalGlitch"},{"not_picked":["hubris:ScarierMask","Fusion Hammer"],"picked":"Runic Cube"}],"items_purged_floors":[38],"is_endless":false,"potions_floor_spawned":[4,10,11,14,22,25,33,37,39,42,44],"ascension_level":0}}