{"host":"w8xisjf5mgmfjvmt","time":1612679117,"event":{"mods":["BaseMod","BetterRewards","Challenge The Spire","Conspire","Energized Spire","Filter the Spire","Minty Spire (QoL Compilation)","Quarter Circle Forward PUNCH!","Quick Restart","Relic Filter Mod","Relic Stats","Reliquary","Replay The Spire","Shop Mod","Spicy Shops","StSLib","Thieving Mod","¡¾ÒÅÎï¿¨ÅÆ¡¿REMEMod","óô»ðÖ¸ÄÏ"],"gold_per_floor":[113,113,129,144,19,19,46,46,73,73,88,88,15,43,43,118,118,78,78],"floor_reached":18,"language":"ZHS","playtime":564,"items_purged":["Strike_B"],"score":336,"play_id":"20ec1cff-80ee-477d-9885-bff49f5a303a","local_time":"20210207142517","is_ascension_mode":true,"campfire_choices":[{"data":"Dualcast","floor":6,"key":"SMITH"},{"data":"Coolheaded","floor":12,"key":"SMITH"},{"floor":15,"key":"REST"}],"circlet_count":0,"master_deck":["AscendersBane","Strike_B","Strike_B+1","Defend_B+1","Defend_B","Defend_B","Defend_B","Zap","Dualcast+1","LessonLearned","Self Repair+1","Ball Lightning","Coolheaded+1","Cold Snap","Capacitor","conspire:SharedLibrary+1","Compile Driver","Echo Form","Biased Cognition"],"relics":["FrozenCore","REME_ComplimentaryCards","Counterbalance","CultistMask","Boot","Juzu Bracelet","REME_HourglassOfDeath","conspire:DeflatedDodgeball"],"acts_visited":["Exordium","TheCity"],"potions_floor_usage":[14],"damage_taken":[{"damage":7,"enemies":"Cultist","floor":1,"turns":4},{"damage":7,"enemies":"Jaw Worm","floor":3,"turns":4},{"damage":0,"enemies":"Small Slimes","floor":4,"turns":3},{"damage":40,"enemies":"3 Sentries","floor":7,"turns":12},{"damage":14,"enemies":"Blue Slaver","floor":11,"turns":4},{"damage":23,"enemies":"Gremlin Nob","floor":14,"turns":4},{"damage":18,"enemies":"Fading Forest","floor":16,"turns":13},{"damage":18,"enemies":"2 Thieves","floor":18,"turns":2}],"seed_played":"3585890348507253967","potions_obtained":[{"floor":7,"key":"Explosive Potion"},{"floor":14,"key":"Milkshake"},{"floor":16,"key":"SkillPotion"}],"is_trial":false,"path_per_floor":["M","?","M","M","$","R","E","$","T","?","M","R","?","E","R","B",null,"M"],"character_chosen":"DEFECT","items_purchased":["Cold Snap"],"campfire_rested":1,"item_purchase_floors":[5],"current_hp_per_floor":[57,57,57,64,64,64,34,34,34,34,30,30,30,17,36,36,57,39,39],"gold":78,"neow_bonus":"ONE_RARE_RELIC","is_daily":false,"chose_seed":false,"campfire_upgraded":2,"win_rate":0.0,"timestamp":1612679117,"path_taken":["M","?","?","M","$","R","E","?","T","?","M","R","?","E","R","BOSS","M"],"items_purchased_type":["Card"],"build_version":"2020-12-22","purchased_purges":1,"victory":false,"max_hp_per_floor":[64,64,64,64,64,64,64,64,64,64,64,64,64,64,64,64,64,64,64],"relic_stats":{"counters":[8,46],"Juzu Bracelet":1,"Boot":[8],"obtain_stats":[{"REME_HourglassOfDeath":13,"Counterbalance":0,"CultistMask":2,"Juzu Bracelet":9,"conspire:DeflatedDodgeball":14,"Cracked Core":0,"Boot":7,"REME_ComplimentaryCards":0,"FrozenCore":17},{"REME_HourglassOfDeath":5,"Counterbalance":0,"CultistMask":1,"Juzu Bracelet":4,"conspire:DeflatedDodgeball":6,"Cracked Core":0,"Boot":4,"REME_ComplimentaryCards":0,"FrozenCore":7},{"REME_HourglassOfDeath":27,"Counterbalance":0,"CultistMask":4,"Juzu Bracelet":23,"conspire:DeflatedDodgeball":31,"Cracked Core":0,"Boot":23,"REME_ComplimentaryCards":0,"FrozenCore":44}],"FrozenCore":[0]},"card_choices":[{"not_picked":["Barrage","Lockon"],"picked":"Self Repair","floor":1},{"not_picked":["Rebound","Panic Button"],"picked":"Ball Lightning","floor":3},{"not_picked":["Compile Driver","Aggregate"],"picked":"Coolheaded","floor":4},{"not_picked":["Crystallizer","Turbo"],"picked":"Capacitor","floor":7},{"not_picked":["Go for the Eyes","Reprogram"],"picked":"Compile Driver","floor":11},{"not_picked":["Barrage","Stack"],"picked":"Echo Form","floor":14},{"not_picked":["Seek","Echo Form"],"picked":"Biased Cognition","floor":16}],"player_experience":1300319,"relics_obtained":[{"floor":7,"key":"Boot"},{"floor":9,"key":"Juzu Bracelet"},{"floor":14,"key":"conspire:DeflatedDodgeball"}],"event_choices":[{"damage_healed":0,"gold_gain":0,"player_choice":"Trade","damage_taken":0,"relics_obtained":["CultistMask"],"max_hp_gain":0,"max_hp_loss":0,"event_name":"FaceTrader","floor":2,"gold_loss":0},{"damage_healed":0,"gold_gain":0,"cards_transformed":["Strike_B"],"player_choice":"Change","damage_taken":0,"max_hp_gain":0,"max_hp_loss":0,"event_name":"Living Wall","floor":10,"gold_loss":0,"cards_obtained":["conspire:SharedLibrary"]},{"damage_healed":0,"gold_gain":0,"player_choice":"Paid Gold","damage_taken":0,"relics_obtained":["REME_HourglassOfDeath"],"max_hp_gain":0,"max_hp_loss":0,"event_name":"WeMeetAgain","floor":13,"gold_loss":73}],"is_beta":false,"boss_relics":[{"not_picked":["Tiny House","SlaversCollar"],"picked":"FrozenCore"}],"items_purged_floors":[5],"is_endless":false,"potions_floor_spawned":[7,14,16],"killed_by":"2 Thieves","ascension_level":20}}