{"host":"CMSolomon","time":1612702526,"event":{"mods":["Act Like it!","BaseMod","Downfall","Minty Spire (QoL Compilation)","StSLib"],"gold_per_floor":[99,116,126,226,239,253,253,253,264,264,164,180,196,214,228,327,327,327,338,357,373,373,389,437,454,468,480,480,480,499,67,78,78,78,78],"floor_reached":33,"language":"ZHS","playtime":2526,"items_purged":["Pride"],"score":276,"play_id":"57f4340e-5894-45ca-9c43-44a356dd50e2","local_time":"20210207205526","is_ascension_mode":false,"campfire_choices":[{"data":"champ:Taunt","floor":1.0,"key":"SMITH"},{"floor":8.0,"key":"RECALL"},{"data":"champ:LastStand","floor":11.0,"key":"SMITH"},{"data":"champ:StrikeOfGenius","floor":18.0,"key":"SMITH"},{"data":"champ:UltimateStance","floor":28,"key":"SMITH"}],"circlet_count":0,"master_deck":["champ:Strike","champ:Strike","champ:Strike","champ:Defend","champ:Defend","champ:Execute","champ:Taunt+1","champ:BringItOn","champ:AdrenalArmor","champ:GutPunch","champ:FanOfKnives","champ:FlashCut","champ:LastStand+1","champ:StrikeOfGenius+1","champ:CrownThrow","champ:Lariat","champ:EnGarde","champ:UltimateStance+1","champ:Backstep+1","champ:PerfectedStrike","champ:ArenaPreparation+1","champ:DeathBlow+1","champ:HoldFirm","champ:TornadoPunch+1","champ:DefensiveShout+1","champ:BringItOn","champ:ShieldWall"],"relics":["champ:ChampionCrown","StrikeDummy","downfall:HeartBlessingRed","Empty Cage","Regal Pillow","The Courier","Strawberry","Guardian:PocketSentry","Bronze Scales"],"acts_visited":["Exordium","TheCity"],"potions_floor_usage":[32],"damage_taken":[{"damage":15.0,"enemies":"2 Louse","floor":2.0,"turns":2.0},{"damage":11.0,"enemies":"Cultist","floor":3.0,"turns":3.0},{"damage":14.0,"enemies":"Jaw Worm","floor":5.0,"turns":4.0},{"damage":33.0,"enemies":"2 Fungi Beasts","floor":6.0,"turns":3.0},{"damage":27.0,"enemies":"Exordium Wildlife","floor":9.0,"turns":4.0},{"damage":10.0,"enemies":"3 Louse","floor":12.0,"turns":3.0},{"damage":15.0,"enemies":"2 Fungi Beasts","floor":13.0,"turns":3.0},{"damage":19.0,"enemies":"Exordium Thugs","floor":14.0,"turns":3.0},{"damage":19.0,"enemies":"Red Slaver","floor":15.0,"turns":2.0},{"damage":56.0,"enemies":"DF_ARCHETYPE_STREAMLINE","floor":16.0,"turns":9.0},{"damage":35.0,"enemies":"3 Byrds","floor":19.0,"turns":5.0},{"damage":25.0,"enemies":"Snake Plant","floor":20.0,"turns":4.0},{"damage":20.0,"enemies":"Centurion and Healer","floor":21.0,"turns":5.0},{"damage":10.0,"enemies":"Chosen and Byrds","floor":23.0,"turns":4.0},{"damage":24.0,"enemies":"Snake Plant","floor":25.0,"turns":4.0},{"damage":45.0,"enemies":"Centurion and Healer","floor":26.0,"turns":4.0},{"damage":10,"enemies":"Shelled Parasite and Fungi","floor":27,"turns":3},{"damage":28,"enemies":"Snake Plant","floor":30,"turns":5},{"damage":0,"enemies":"downfall:FleeingMerchant","floor":31,"turns":4},{"damage":16,"enemies":"Chosen and Byrds","floor":32,"turns":4},{"damage":33,"enemies":"IC_MUSHROOM_ARCHETYPE","floor":33,"turns":6}],"seed_played":"3152119640225865161","potions_obtained":[{"floor":3.0,"key":"Weak Potion"},{"floor":12.0,"key":"Fire Potion"},{"floor":13.0,"key":"champ:CounterPotion"},{"floor":16.0,"key":"EntropicBrew"},{"floor":20.0,"key":"Fire Potion"},{"floor":23.0,"key":"Fire Potion"},{"floor":32,"key":"Weak Potion"}],"is_trial":false,"path_per_floor":["R","M","M","?","M","M","T","R","M","?","R","M","M","M","M","B",null,"R","M","M","M","?","M","T","M","M","M","R","?","M","$","M","B"],"character_chosen":"THE_CHAMP","items_purchased":["Strawberry","Guardian:PocketSentry","Bronze Scales"],"campfire_rested":0,"item_purchase_floors":[31,31,31],"current_hp_per_floor":[99,94,93,93,89,76,76,76,69,69,69,69,69,60,51,15,99,99,94,74,59,59,59,59,55,50,40,40,40,27,34,28,0,0,0],"gold":78,"neow_bonus":"TEN_PERCENT_HP_BONUS","is_daily":false,"chose_seed":false,"campfire_upgraded":4,"win_rate":0.0,"timestamp":1612702526,"path_taken":["R","M","M","?","M","M","T","R","M","?","R","M","?","M","M","BOSS","R","M","M","M","?","M","T","M","M","M","R","?","M","$","M","BOSS"],"items_purchased_type":["Relic","Relic","Relic"],"build_version":"2020-12-18","purchased_purges":1,"victory":false,"max_hp_per_floor":[99,99,99,99,99,99,99,99,99,99,99,99,99,99,99,99,99,99,99,99,99,99,99,99,99,99,99,99,99,99,106,106,106,106,106],"card_choices":[{"not_picked":["champ:TornadoPunch","champ:CrownThrow"],"picked":"champ:BringItOn","floor":2.0},{"not_picked":["champ:PreemptiveStrike","champ:Shatter"],"picked":"champ:AdrenalArmor","floor":3.0},{"not_picked":["champ:Parry","champ:DefensiveShout"],"picked":"champ:GutPunch","floor":5.0},{"not_picked":["champ:CalledShot","champ:Backstep"],"picked":"champ:FanOfKnives","floor":6.0},{"not_picked":["champ:FalseCounter","champ:FocusedDefense"],"picked":"champ:FlashCut","floor":9.0},{"not_picked":["champ:BringItOn","champ:EnGarde"],"picked":"champ:StrikeOfGenius","floor":12.0},{"not_picked":["champ:Encircle","champ:PerfectedStrike"],"picked":"champ:CrownThrow","floor":13.0},{"not_picked":["champ:SetATrap","champ:Shatter"],"picked":"champ:Lariat","floor":14.0},{"not_picked":["champ:RecklessLeap","champ:Lariat"],"picked":"champ:EnGarde","floor":15.0},{"not_picked":["champ:LastStand","champ:CheapShot"],"picked":"champ:UltimateStance","floor":16.0},{"not_picked":["champ:EnGarde","champ:AdrenalArmor"],"picked":"champ:Backstep+1","floor":19.0},{"not_picked":["champ:TornadoPunch","champ:EnGarde"],"picked":"champ:PerfectedStrike","floor":20.0},{"not_picked":["champ:DefensiveShout","champ:BladeFlurry+1"],"picked":"champ:ArenaPreparation+1","floor":21.0},{"not_picked":["champ:RisingSlash","champ:BladeFlurry"],"picked":"champ:DeathBlow+1","floor":23.0},{"not_picked":["champ:Backstep+1","champ:BladeFlurry+1"],"picked":"champ:HoldFirm","floor":25.0},{"not_picked":["champ:BladeFlurry+1","champ:GutPunch+1"],"picked":"champ:TornadoPunch+1","floor":26.0},{"not_picked":["champ:BladeFlurry","champ:RisingSlash"],"picked":"champ:DefensiveShout+1","floor":27},{"not_picked":["champ:FalseCounter","champ:CrownThrow+1","champ:FocusedBerserking+1"],"picked":"SKIP","floor":30},{"not_picked":["champ:StanceDance","champ:CrookedStrike"],"picked":"champ:BringItOn","floor":31},{"not_picked":["champ:DefensiveShout","champ:Parry"],"picked":"champ:ShieldWall","floor":32}],"player_experience":1488289,"relics_obtained":[{"floor":7.0,"key":"StrikeDummy"},{"floor":24.0,"key":"Regal Pillow"}],"event_choices":[{"damage_healed":0,"gold_gain":0,"player_choice":"Stole Relic","damage_taken":0,"relics_obtained":["The Courier"],"max_hp_gain":0,"max_hp_loss":0,"event_name":"Addict","floor":29,"gold_loss":0,"cards_obtained":["Pride"]}],"is_beta":true,"boss_relics":[{"not_picked":["Philosopher\u0027s Stone","Fusion Hammer"],"picked":"Empty Cage"}],"items_purged_floors":[31],"is_endless":false,"potions_floor_spawned":[3,12,13,14,15,16,20,23,26,30,32],"killed_by":"IC_MUSHROOM_ARCHETYPE","ascension_level":0}}