{"host":"i2ntsfwoh5q5m216","time":1612664370,"event":{"mods":["BaseMod","Colored Map","Downfall","Minty Spire (QoL Compilation)","StSLib"],"gold_per_floor":[115,131,131,48,48,78,78,28,51,51,63,93,48,77,77,173,173,189,189,207,220,420,445,445,445],"floor_reached":24,"language":"ENG","playtime":512,"items_purged":[],"score":270,"play_id":"e4fc7db1-ed7c-4916-9fca-c47b15c67a93","local_time":"20210206201930","is_ascension_mode":true,"campfire_choices":[{"data":"Spot Weakness","floor":7,"key":"SMITH"},{"floor":10,"key":"REST"},{"data":"Fire Breathing","floor":15,"key":"SMITH"}],"circlet_count":0,"master_deck":["Strike_R","Strike_R","Strike_R+1","Strike_R","Defend_R+1","Defend_R+1","Defend_R+1","Defend_R","Bash","Spot Weakness+1","Iron Wave","Evolve","Heavy Blade","Rampage","Wild Strike","Thunderclap","Fire Breathing+1","Perfected Strike","Reaper","Ghostly Armor","Fire Breathing","Rampage","Feel No Pain"],"relics":["Burning Blood","NeowsBlessing","Question Card","CaptainsWheel","War Paint","Ginger","Gremlin Horn","Black Star","Boot","Bottled Tornado"],"acts_visited":["Exordium","TheCity"],"potions_floor_usage":[18,23,24],"damage_taken":[{"damage":0,"enemies":"2 Louse","floor":1,"turns":1},{"damage":0,"enemies":"Jaw Worm","floor":2,"turns":1},{"damage":0,"enemies":"Lagavulin","floor":6,"turns":1},{"damage":0,"enemies":"Cultist","floor":11,"turns":2},{"damage":8,"enemies":"Gremlin Nob","floor":12,"turns":3},{"damage":18,"enemies":"Lagavulin","floor":14,"turns":5},{"damage":22,"enemies":"The Guardian","floor":16,"turns":10},{"damage":14,"enemies":"Spheric Guardian","floor":18,"turns":5},{"damage":15,"enemies":"3 Byrds","floor":20,"turns":5},{"damage":30,"enemies":"Sentry and Sphere","floor":21,"turns":5},{"damage":62,"enemies":"Gremlin Leader","floor":23,"turns":8},{"damage":9,"enemies":"Shelled Parasite and Fungi","floor":24,"turns":2}],"seed_played":"548136882240775295","potions_obtained":[{"floor":12,"key":"BloodPotion"},{"floor":14,"key":"hexamod:SoulburnPotion"},{"floor":21,"key":"ElixirPotion"},{"floor":23,"key":"GamblersBrew"}],"is_trial":false,"path_per_floor":["M","M","?","$","?","E","R","$","T","R","M","E","?","E","R","B",null,"M","?","M","M","?","E","M"],"character_chosen":"IRONCLAD","items_purchased":["Evolve","Heavy Blade","Wild Strike"],"campfire_rested":1,"item_purchase_floors":[4,4,8],"current_hp_per_floor":[80,80,64,64,22,28,28,28,28,52,58,56,56,44,44,28,80,72,72,63,39,39,9,0,0],"gold":445,"neow_bonus":"THREE_ENEMY_KILL","is_daily":false,"chose_seed":false,"campfire_upgraded":2,"win_rate":0.0,"timestamp":1612664370,"path_taken":["M","M","?","$","?","E","R","?","T","R","M","E","?","E","R","BOSS","M","?","M","?","?","E","?"],"items_purchased_type":["Card","Card","Card"],"build_version":"2020-12-22","purchased_purges":0,"victory":false,"max_hp_per_floor":[80,80,80,80,80,80,80,80,80,80,80,80,80,80,80,80,80,80,80,80,80,80,80,80,80],"card_choices":[{"not_picked":["Cleave","Seeing Red"],"picked":"Spot Weakness","floor":1},{"not_picked":["Entrench","Dark Embrace"],"picked":"Iron Wave","floor":2},{"not_picked":["Carnage","Flex","Entrench"],"picked":"Rampage","floor":6},{"not_picked":["Shrug It Off","Disarm","Burning Pact"],"picked":"Thunderclap","floor":11},{"not_picked":["Headbutt","Spot Weakness","Thunderclap"],"picked":"Fire Breathing","floor":12},{"not_picked":["Headbutt","Anger","Shockwave"],"picked":"Perfected Strike","floor":14},{"not_picked":["Barricade","Fiend Fire","Impervious"],"picked":"Reaper","floor":16},{"not_picked":["Heavy Blade","Spot Weakness","Flex"],"picked":"Ghostly Armor","floor":18},{"not_picked":["Anger","Rupture","Rampage"],"picked":"Fire Breathing","floor":20},{"not_picked":["Flame Barrier","Ghostly Armor","Clothesline"],"picked":"Rampage","floor":21},{"not_picked":["Pommel Strike","Searing Blow","Anger"],"picked":"Feel No Pain","floor":23}],"player_experience":38505,"relics_obtained":[{"floor":6,"key":"CaptainsWheel"},{"floor":9,"key":"War Paint"},{"floor":12,"key":"Ginger"},{"floor":14,"key":"Gremlin Horn"},{"floor":23,"key":"Boot"},{"floor":23,"key":"Bottled Tornado"}],"event_choices":[{"damage_healed":0,"gold_gain":0,"player_choice":"Entered Light","damage_taken":16,"max_hp_gain":0,"max_hp_loss":0,"event_name":"Shining Light","floor":3,"gold_loss":0,"cards_upgraded":["Strike_R","Defend_R"]},{"damage_healed":0,"gold_gain":0,"player_choice":"Success","damage_taken":42,"relics_obtained":["Question Card"],"max_hp_gain":0,"max_hp_loss":0,"event_name":"Scrap Ooze","floor":5,"gold_loss":0},{"damage_healed":0,"gold_gain":0,"player_choice":"Left Gold","damage_taken":0,"max_hp_gain":0,"max_hp_loss":0,"event_name":"World of Goop","floor":13,"gold_loss":45},{"cards_removed":["Strike_R"],"damage_healed":0,"gold_gain":0,"player_choice":"Purged","damage_taken":0,"max_hp_gain":0,"max_hp_loss":0,"event_name":"Purifier","floor":19,"gold_loss":0},{"damage_healed":0,"gold_gain":250,"player_choice":"Bet on Owner","damage_taken":0,"max_hp_gain":0,"max_hp_loss":0,"event_name":"The Joust","floor":22,"gold_loss":50}],"is_beta":false,"boss_relics":[{"not_picked":["Runic Dome","Snecko Eye"],"picked":"Black Star"}],"items_purged_floors":[],"is_endless":false,"potions_floor_spawned":[12,14,21,23],"killed_by":"Shelled Parasite and Fungi","ascension_level":1}}