{"host":"nia1zwr35jsu5y7h","time":1612690214,"event":{"mods":["2.2 Compatiblity","Abigail Mod","Bard","BaseMod","Colored Map","Conspire","Downfall","Friendly Minions","Hermit","Highlight Path","Hubris","Infinite Spire","Kiyohime????","Koishi","Marisa????????","Minty Spire (QoL Compilation)","Quick Restart","Replay The Spire","Shade Mod","Shop Mod","StSLib","The Administrix","The Animator","The Construct","The Cursed","The Disciple","The Mystic","The Necromancer","The Servant 0.9.4"],"gold_per_floor":[111,111,111,121,121,121,121,17,95,95,95],"floor_reached":10,"language":"ENG","playtime":267,"items_purged":["mysticmod:Defend_Mystic"],"score":108,"play_id":"c414233a-fda3-4169-942e-7f53fdba707c","local_time":"20210207013014","is_ascension_mode":true,"campfire_choices":[{"data":"mysticmod:Flourish","floor":6,"key":"SMITH"}],"circlet_count":0,"master_deck":["AscendersBane","mysticmod:Strike_Mystic","mysticmod:Strike_Mystic","mysticmod:Strike_Mystic","mysticmod:Defend_Mystic","mysticmod:Defend_Mystic","mysticmod:Defend_Mystic","mysticmod:ArcaneDodge","mysticmod:ShockingGrasp","AdministrixMod:Nightfall","hermit:Defend_Hermit","Mayhem","mysticmod:Grapple","mysticmod:Flourish+1","mysticmod:TomeOfSpells"],"relics":["mysticmod:SpellBook","hubris:Towel","hubris:OldNail","hubris:Metronome"],"acts_visited":["Exordium"],"potions_floor_usage":[],"damage_taken":[{"damage":4,"enemies":"Jaw Worm","floor":1,"turns":8},{"damage":12,"enemies":"Cultist","floor":4,"turns":6},{"damage":35,"enemies":"3 Sentries","floor":10,"turns":7}],"seed_played":"-3624944193817473052","potions_obtained":[{"floor":3,"key":"Languid Potion"},{"floor":3,"key":"hexamod:SoulburnPotion"}],"is_trial":false,"path_per_floor":["M","?","?","M","?","R","?","$","T","E"],"character_chosen":"MYSTIC_CLASS","items_purchased":["mysticmod:TomeOfSpells"],"campfire_rested":0,"item_purchase_floors":[8],"current_hp_per_floor":[61,61,61,49,49,49,49,49,49,14,14],"gold":95,"neow_bonus":"RANDOM_COLORLESS_2","is_daily":false,"chose_seed":false,"campfire_upgraded":1,"win_rate":0.0,"timestamp":1612690214,"path_taken":["M","?","?","?","?","R","?","?","T","E"],"items_purchased_type":["Card"],"build_version":"2020-12-22","purchased_purges":1,"victory":false,"max_hp_per_floor":[72,72,72,72,72,72,72,72,72,72,72],"card_choices":[{"not_picked":["Transmutation","ReplayTheSpireMod:Brewmster"],"picked":"Mayhem","floor":0},{"not_picked":["mysticmod:PowerSlash","mysticmod:CorrosiveTouch"],"picked":"mysticmod:Grapple","floor":1},{"not_picked":["mysticmod:DiviningBlow","mysticmod:LightningBolt"],"picked":"mysticmod:Flourish","floor":4}],"player_experience":2322926,"relics_obtained":[{"floor":5,"key":"hubris:OldNail"},{"floor":9,"key":"hubris:Metronome"}],"event_choices":[{"damage_healed":0,"gold_gain":0,"player_choice":"Got Potions","damage_taken":0,"max_hp_gain":0,"max_hp_loss":0,"event_name":"Lab","floor":3,"gold_loss":0}],"is_beta":false,"boss_relics":[],"items_purged_floors":[8],"is_endless":false,"potions_floor_spawned":[4],"killed_by":"3 Sentries","ascension_level":20}}