{"host":"ydg0vn0pu4pubmdt","time":1612657877,"event":{"mods":["AchievementEnabler","BaseMod","Colored Map","Gold Saver","Minty Spire (QoL Compilation)","Quick Restart","SuperFastMode"],"gold_per_floor":[117,42,42,42,55,89,89,99,124,138,158,58,58,73,73,146,146,160,175,185,13,13,13,13,13],"floor_reached":24,"language":"KOR","playtime":567,"items_purged":["Strike_P","Strike_P"],"score":446,"play_id":"95a24ef3-1bdc-4fb0-bef8-6937b3693849","local_time":"20210207093117","is_ascension_mode":true,"campfire_choices":[{"data":"Eruption","floor":7.0,"key":"SMITH"},{"data":"TalkToTheHand","floor":13.0,"key":"SMITH"},{"data":"CrushJoints","floor":15.0,"key":"SMITH"},{"data":"FlurryOfBlows","floor":23.0,"key":"SMITH"}],"circlet_count":0,"master_deck":["AscendersBane","Strike_P","Strike_P+1","Defend_P","Defend_P","Defend_P+1","Defend_P","Eruption+1","Vigilance","Tantrum","Brilliance","FlurryOfBlows+1","TalkToTheHand+1","WheelKick","CrushJoints+1","LessonLearned"],"relics":["HolyWater","NeowsBlessing","Toy Ornithopter","Nunchaku","Chemical X"],"acts_visited":["Exordium","TheCity"],"potions_floor_usage":[24],"damage_taken":[{"damage":0.0,"enemies":"Jaw Worm","floor":1.0,"turns":1.0},{"damage":0.0,"enemies":"2 Louse","floor":5.0,"turns":1.0},{"damage":0.0,"enemies":"Lagavulin","floor":6.0,"turns":1.0},{"damage":0.0,"enemies":"Cultist","floor":8.0,"turns":2.0},{"damage":0.0,"enemies":"Gremlin Gang","floor":10.0,"turns":4.0},{"damage":1.0,"enemies":"Red Slaver","floor":11.0,"turns":2.0},{"damage":0.0,"enemies":"Looter","floor":14.0,"turns":1.0},{"damage":37.0,"enemies":"The Guardian","floor":16.0,"turns":9.0},{"damage":2.0,"enemies":"2 Thieves","floor":18.0,"turns":2.0},{"damage":0.0,"enemies":"Chosen","floor":19.0,"turns":2.0},{"damage":1.0,"enemies":"Sentry and Sphere","floor":20.0,"turns":3.0},{"damage":72,"enemies":"Slavers","floor":24,"turns":5}],"seed_played":"-1264289066183009438","potions_obtained":[{"floor":5.0,"key":"StancePotion"},{"floor":11.0,"key":"StancePotion"},{"floor":14.0,"key":"Fruit Juice"},{"floor":16.0,"key":"EssenceOfSteel"}],"is_trial":false,"path_per_floor":["M","$","?","?","M","E","R","M","T","M","M","$","R","M","R","B",null,"M","M","M","$","$","R","E"],"character_chosen":"WATCHER","items_purchased":["Chemical X"],"campfire_rested":0,"item_purchase_floors":[21],"current_hp_per_floor":[61,61,41,41,41,41,41,41,41,41,40,40,40,50,50,13,58,56,56,60,60,60,60,0,0],"gold":13,"neow_bonus":"THREE_ENEMY_KILL","is_daily":false,"chose_seed":false,"campfire_upgraded":4,"win_rate":0.0,"timestamp":1612657877,"path_taken":["M","$","?","?","?","E","R","M","T","M","M","$","R","M","R","BOSS","M","M","?","$","?","R","E"],"items_purchased_type":["Relic"],"build_version":"2020-12-22","purchased_purges":2,"victory":false,"max_hp_per_floor":[68,68,68,68,68,68,68,68,68,68,68,68,68,73,73,73,73,73,73,73,73,73,73,73,73],"card_choices":[{"not_picked":["Prostrate","PathToVictory"],"picked":"Tantrum","floor":1.0},{"not_picked":["EmptyFist","EmptyMind"],"picked":"FlurryOfBlows","floor":5.0},{"not_picked":["PathToVictory","BowlingBash","Tantrum"],"picked":"SKIP","floor":6.0},{"not_picked":["SashWhip","Perseverance","FollowUp"],"picked":"SKIP","floor":8.0},{"not_picked":["JustLucky","Judgement"],"picked":"TalkToTheHand","floor":10.0},{"not_picked":["Perseverance","CutThroughFate"],"picked":"WheelKick","floor":11.0},{"not_picked":["FollowUp","Protect"],"picked":"CrushJoints","floor":14.0},{"not_picked":["Wish","MasterReality"],"picked":"LessonLearned","floor":16.0},{"not_picked":["FlurryOfBlows+1","Protect","Crescendo"],"picked":"SKIP","floor":18.0},{"not_picked":["CutThroughFate","Halt","ThirdEye"],"picked":"SKIP","floor":19.0},{"not_picked":["Weave","EmptyFist","FlurryOfBlows"],"picked":"SKIP","floor":20.0}],"player_experience":651095,"relics_obtained":[{"floor":6.0,"key":"Toy Ornithopter"},{"floor":9.0,"key":"Nunchaku"}],"event_choices":[{"damage_healed":0.0,"max_hp_gain":0.0,"max_hp_loss":0.0,"gold_gain":0.0,"event_name":"Shining Light","player_choice":"Entered Light","floor":3.0,"gold_loss":0.0,"damage_taken":20.0,"cards_upgraded":["Strike_P","Defend_P"]},{"damage_healed":0.0,"max_hp_gain":0.0,"max_hp_loss":0.0,"gold_gain":0.0,"event_name":"Match and Keep!","player_choice":"1 cards matched","floor":4.0,"gold_loss":0.0,"damage_taken":0.0,"cards_obtained":["Brilliance"]}],"is_beta":false,"boss_relics":[{"not_picked":["Sozu","Calling Bell"],"picked":"HolyWater"}],"items_purged_floors":[2,12],"is_endless":false,"potions_floor_spawned":[5,11,14,16,18,19],"killed_by":"Slavers","ascension_level":20}}