{"host":"tfp298o0a6uof1l0","time":1612683587,"event":{"mods":["BaseMod","Colored Powertips","Friendly Minions","Lobotomy","LobotomyExtend","Minty Spire (QoL Compilation)","StSLib"],"gold_per_floor":[111,111,128,144,9,9,9],"floor_reached":6,"language":"KOR","playtime":5973,"items_purged":[],"score":38,"play_id":"8ead0378-736d-409c-ae9f-87ef9a43123e","local_time":"20210207163947","is_ascension_mode":true,"campfire_choices":[],"circlet_count":0,"master_deck":["SpecialBullet","SpecialBullet","SpecialBullet","SpecialBullet","SpecialBullet","SpecialBullet","SpecialBullet","ControlCode","InformationCode","TrainingCode","FieryBird","RapturousDream","Beak","LongBird","Tough","MeatLantern","ParadiseLost"],"relics":["CogitoBucket","LetterFromLob"],"acts_visited":["Exordium"],"potions_floor_usage":[],"damage_taken":[{"damage":5.0,"enemies":"2 Louse","floor":1.0,"turns":2.0},{"damage":10.0,"enemies":"Cultist","floor":3.0,"turns":3.0},{"damage":8.0,"enemies":"Small Slimes","floor":4.0,"turns":3.0},{"damage":58,"enemies":"3 Sentries","floor":6,"turns":2}],"seed_played":"3056702022785571870","potions_obtained":[{"floor":1.0,"key":"GamblersBrew"},{"floor":4.0,"key":"LiquidBronze"}],"is_trial":false,"path_per_floor":["M","?","M","M","$","E"],"character_chosen":"Angela","items_purchased":["ParadiseLost"],"campfire_rested":0,"item_purchase_floors":[5],"current_hp_per_floor":[72,72,62,54,54,0,0],"gold":9,"neow_bonus":"TEN_PERCENT_HP_BONUS","is_daily":false,"chose_seed":false,"campfire_upgraded":0,"win_rate":0.0,"timestamp":1612683587,"path_taken":["M","?","M","M","$","E"],"items_purchased_type":["Card"],"build_version":"2020-12-22","purchased_purges":0,"victory":false,"max_hp_per_floor":[77,77,77,77,77,77,77],"card_choices":[{"not_picked":["Bloodbath","HeroicMonk"],"picked":"FieryBird","floor":1.0},{"not_picked":["SwordSharpenedByTears"],"picked":"RapturousDream","floor":1.0},{"not_picked":["RedEyes"],"picked":"Beak","floor":3.0},{"not_picked":["BeautyBeast","Woodsman"],"picked":"LongBird","floor":3.0},{"not_picked":["WristCuter"],"picked":"Tough","floor":4.0},{"not_picked":["Laetitia","MHz"],"picked":"MeatLantern","floor":4.0}],"player_experience":218374,"relics_obtained":[{"floor":1.0,"key":"LetterFromLob"}],"event_choices":[{"cards_removed":["SpecialBullet"],"damage_healed":0.0,"max_hp_gain":0.0,"max_hp_loss":0.0,"gold_gain":0.0,"event_name":"Bonfire Elementals","player_choice":"Offered Basic","floor":2.0,"gold_loss":0.0,"damage_taken":0.0}],"is_beta":false,"boss_relics":[],"items_purged_floors":[],"is_endless":false,"potions_floor_spawned":[1,4],"killed_by":"3 Sentries","ascension_level":1}}