{"host":"wbs0wzz0alz01mnq","time":1612736997,"event":{"mods":["BaseMod","Googly Eyes","Highlight Path","Minty Spire (QoL Compilation)","Robot Space Explorer","StSLib"],"gold_per_floor":[16,16,16,116,137,137,161,161,161,185,206,245,269,283,283,283,283],"floor_reached":16,"language":"ENG","playtime":585,"items_purged":[],"score":104,"play_id":"e6957a1e-9555-42ed-85df-3d82c4685bde","local_time":"20210207172957","is_ascension_mode":false,"campfire_choices":[{"data":"RobotSpaceExplorer:BlastShield","floor":6,"key":"SMITH"},{"data":"RobotSpaceExplorer:Blaster","floor":8,"key":"SMITH"},{"data":"RobotSpaceExplorer:Multitool","floor":15,"key":"SMITH"}],"circlet_count":0,"master_deck":["RobotSpaceExplorer:Strike","RobotSpaceExplorer:Strike","RobotSpaceExplorer:Strike","RobotSpaceExplorer:Strike","RobotSpaceExplorer:Defend","RobotSpaceExplorer:Defend","RobotSpaceExplorer:Defend","RobotSpaceExplorer:Defend","RobotSpaceExplorer:Scan","RobotSpaceExplorer:MiniLasers","RobotSpaceExplorer:Blaster+1","RobotSpaceExplorer:StunGrenade","RobotSpaceExplorer:BlastShield+1","RobotSpaceExplorer:SlimeMissile","RobotSpaceExplorer:Blitz","RobotSpaceExplorer:SlimeMissile","RobotSpaceExplorer:Discharger","RobotSpaceExplorer:MakeshiftVolley","RobotSpaceExplorer:Multitool+1"],"relics":["RobotSpaceExplorer:RoboCore","Golden Idol","InkBottle","Bag of Preparation"],"acts_visited":["Exordium"],"potions_floor_usage":[12,12],"damage_taken":[{"damage":3,"enemies":"Jaw Worm","floor":1,"turns":4},{"damage":0,"enemies":"Small Slimes","floor":5,"turns":3},{"damage":0,"enemies":"Cultist","floor":7,"turns":3},{"damage":20,"enemies":"Gremlin Gang","floor":10,"turns":4},{"damage":0,"enemies":"Looter","floor":11,"turns":4},{"damage":10,"enemies":"Gremlin Nob","floor":12,"turns":3},{"damage":0,"enemies":"Exordium Wildlife","floor":13,"turns":2},{"damage":0,"enemies":"Large Slime","floor":14,"turns":5},{"damage":46,"enemies":"Hexaghost","floor":16,"turns":7}],"seed_played":"-4788344066925443631","potions_obtained":[{"floor":5,"key":"AttackPotion"},{"floor":10,"key":"GamblersBrew"},{"floor":12,"key":"RobotSpaceExplorer:PlasmaFlask"},{"floor":13,"key":"Swift Potion"}],"is_trial":false,"path_per_floor":["M","?","?","?","M","R","M","R","T","M","M","E","M","M","R","B"],"character_chosen":"RobotSpaceExplorer","items_purchased":[],"campfire_rested":0,"item_purchase_floors":[],"current_hp_per_floor":[72,69,74,74,74,74,74,74,74,54,54,44,44,44,44,0,0],"gold":283,"neow_bonus":"THREE_RARE_CARDS","is_daily":false,"chose_seed":false,"campfire_upgraded":3,"win_rate":0.0,"timestamp":1612736997,"path_taken":["M","?","?","?","M","R","M","R","T","?","M","E","M","?","R","BOSS"],"items_purchased_type":[],"build_version":"2020-12-22","purchased_purges":0,"victory":false,"max_hp_per_floor":[75,69,74,74,74,74,74,74,74,74,74,74,74,74,74,74,74],"card_choices":[{"not_picked":["RobotSpaceExplorer:Arsenal","RobotSpaceExplorer:ShockMissile"],"picked":"RobotSpaceExplorer:Blaster","floor":0},{"not_picked":["RobotSpaceExplorer:MiniDrones","RobotSpaceExplorer:FranticSearch"],"picked":"RobotSpaceExplorer:StunGrenade","floor":1},{"not_picked":["RobotSpaceExplorer:Counterblock","RobotSpaceExplorer:SurgingStrike"],"picked":"RobotSpaceExplorer:BlastShield","floor":5},{"not_picked":["RobotSpaceExplorer:GearShield","RobotSpaceExplorer:PowerCollector"],"picked":"RobotSpaceExplorer:SlimeMissile","floor":7},{"not_picked":["RobotSpaceExplorer:SurgingShield","RobotSpaceExplorer:ShovelStrike"],"picked":"RobotSpaceExplorer:Blitz","floor":10},{"not_picked":["RobotSpaceExplorer:MetalStrike","RobotSpaceExplorer:Counterblock"],"picked":"RobotSpaceExplorer:SlimeMissile","floor":11},{"not_picked":["RobotSpaceExplorer:FrostMissile","RobotSpaceExplorer:Ammunition"],"picked":"RobotSpaceExplorer:Discharger","floor":12},{"not_picked":["RobotSpaceExplorer:GlueShot","RobotSpaceExplorer:ShovelStrike"],"picked":"RobotSpaceExplorer:MakeshiftVolley","floor":13},{"not_picked":["RobotSpaceExplorer:MiniDrones","RobotSpaceExplorer:ShovelStrike"],"picked":"RobotSpaceExplorer:Multitool","floor":14}],"player_experience":11775,"relics_obtained":[{"floor":9,"key":"InkBottle"},{"floor":12,"key":"Bag of Preparation"}],"event_choices":[{"damage_healed":0,"gold_gain":0,"player_choice":"Lose Max HP","damage_taken":0,"relics_obtained":["Golden Idol"],"max_hp_gain":0,"max_hp_loss":6,"event_name":"Golden Idol","floor":2,"gold_loss":0},{"damage_healed":0,"gold_gain":0,"player_choice":"Donut","damage_taken":0,"max_hp_gain":5,"max_hp_loss":0,"event_name":"Big Fish","floor":3,"gold_loss":0},{"damage_healed":0,"gold_gain":100,"player_choice":"Gold","damage_taken":0,"max_hp_gain":0,"max_hp_loss":0,"event_name":"Wheel of Change","floor":4,"gold_loss":0}],"is_beta":false,"boss_relics":[],"items_purged_floors":[],"is_endless":false,"potions_floor_spawned":[5,10,12,13],"killed_by":"Hexaghost","ascension_level":0}}