{"host":"3n5xmnb54n2y5mb4","time":1612673026,"event":{"mods":["BaseMod","Colored Map","Colored Powertips","Downfall","Minty Spire (QoL Compilation)","Permanent Neow","StSLib","Unceasing Turn Reminder","everything is the same but u backflip on backflip"],"gold_per_floor":[99,110,124,143,143,143,192,212,312,312,331,345,379,379,398,398,398,398],"floor_reached":16,"language":"ENG","playtime":881,"items_purged":[],"score":104,"play_id":"0d50a99d-2ae8-4773-8bc4-4f8e11db6c1a","local_time":"20210206234346","is_ascension_mode":false,"campfire_choices":[{"floor":1.0,"key":"REST"},{"data":"hexamod:Sear","floor":6.0,"key":"SMITH"}],"circlet_count":0,"master_deck":["hexamod:Strike","hexamod:Strike","hexamod:Strike","hexamod:Strike","hexamod:Defend","hexamod:Defend","hexamod:Defend+1","hexamod:Defend","hexamod:Sear+1","hexamod:Float+1","hexamod:FlamesFromBeyond+1","hexamod:Hexaguard","hexamod:InspiringFlames+1","hexamod:RetreatToShadows","hexamod:GhostShield","hexamod:FastForward","hexamod:DynamicBlow","hexamod:ThirdSeal","hexamod:GhostflameBarrier"],"relics":["hexamod:SpiritBrand","Turnip","Tiny Chest","Bottled Lightning","hexamod:InflammatoryLetter"],"acts_visited":["Exordium"],"potions_floor_usage":[],"damage_taken":[{"damage":0.0,"enemies":"2 Louse","floor":2.0,"turns":2.0},{"damage":0.0,"enemies":"Small Slimes","floor":3.0,"turns":3.0},{"damage":0.0,"enemies":"Cultist","floor":4.0,"turns":3.0},{"damage":0.0,"enemies":"Gremlin Gang","floor":8.0,"turns":4.0},{"damage":18.0,"enemies":"downfall:Heads","floor":9.0,"turns":6.0},{"damage":0.0,"enemies":"Blue Slaver","floor":11.0,"turns":3.0},{"damage":10.0,"enemies":"Lots of Slimes","floor":12.0,"turns":3.0},{"damage":11.0,"enemies":"Lagavulin","floor":13.0,"turns":6.0},{"damage":1,"enemies":"Exordium Wildlife","floor":15,"turns":3},{"damage":34,"enemies":"WA_ARCHETYPE_RETAIN","floor":16,"turns":11}],"seed_played":"3441333881949386373","potions_obtained":[{"floor":2.0,"key":"PowerPotion"},{"floor":4.0,"key":"Guardian:BlockOnCardUsePotion"},{"floor":9.0,"key":"SmokeBomb"},{"floor":15,"key":"LiquidBronze"}],"is_trial":false,"path_per_floor":["R","M","M","M","?","R","T","M","?","?","M","M","E","T","M","B"],"character_chosen":"THE_SPIRIT","items_purchased":[],"campfire_rested":1,"item_purchase_floors":[],"current_hp_per_floor":[70,70,70,70,70,70,70,70,52,52,52,42,31,31,30,0,0,0],"gold":398,"neow_bonus":"ONE_RARE_RELIC","is_daily":false,"chose_seed":false,"campfire_upgraded":1,"win_rate":0.0,"timestamp":1612673026,"path_taken":["R","M","M","M","?","R","T","M","?","?","M","?","E","?","M","BOSS"],"items_purchased_type":[],"build_version":"2020-12-22","purchased_purges":0,"victory":false,"max_hp_per_floor":[70,70,70,70,70,70,70,70,70,70,70,70,70,70,70,70,70,70],"card_choices":[{"not_picked":["hexamod:ExtraCrispy","hexamod:SwordOfDarkness"],"picked":"hexamod:GhostOfSpirePast","floor":2.0},{"not_picked":["hexamod:NightmareStrike","hexamod:ChargedBarrage"],"picked":"hexamod:FlamesFromBeyond","floor":3.0},{"not_picked":["hexamod:GhostLash","hexamod:ThermalTransfer"],"picked":"hexamod:Hexaguard","floor":4.0},{"not_picked":["hexamod:SwordOfDarkness","hexamod:ExtraCrispy"],"picked":"hexamod:InspiringFlames","floor":8.0},{"not_picked":["hexamod:Again","hexamod:InspiringFlames"],"picked":"hexamod:GhostShield","floor":9.0},{"not_picked":["hexamod:Hexaguard","hexamod:ThermalTransfer"],"picked":"hexamod:FastForward","floor":11.0},{"not_picked":["hexamod:Toasty","hexamod:BacktrackSmack"],"picked":"hexamod:DynamicBlow","floor":12.0},{"not_picked":["hexamod:HauntingEcho","hexamod:SpectersWail"],"picked":"hexamod:ThirdSeal","floor":13},{"not_picked":["hexamod:NightmareGuise","hexamod:StepThrough"],"picked":"hexamod:GhostflameBarrier","floor":15}],"player_experience":987686,"relics_obtained":[{"floor":7.0,"key":"Tiny Chest"},{"floor":13,"key":"Bottled Lightning"},{"floor":14,"key":"hexamod:InflammatoryLetter"}],"event_choices":[],"is_beta":false,"boss_relics":[],"items_purged_floors":[],"is_endless":false,"potions_floor_spawned":[2,4,9,15],"killed_by":"WA_ARCHETYPE_RETAIN","ascension_level":0}}