{"host":"5ddwedapke4fsx0r","time":1612661748,"event":{"mods":["BaseMod","Downfall","Infinite Spire","Minty Spire (QoL Compilation)","Reliquary","Shade Mod","StSLib","The Clintock","The Construct","The Forsaken","The Gatherer","The Hierophant","The Servant 0.9.4","TheSurvivalist"],"gold_per_floor":[99,115,125,69,69,80,80,114,114,125,125,138,138,169,186,284,284,284,300,318,333,335,368,415,432,466,466,481,491,491,21,45,148,148,148,148,158,158,186,208,255,289,304,304,337,339,239,269,284,400,400,400,411,411,471,471,501,501,605,505,555,582,261,417,447,459,559,559,559,575,625,647,799,949,990,1001,1001,1020,1039,1079,1079,1118,1135,1242,1242,1242,1261,1278,995,752,802,850,867,905,905,922,944,653,668,668,668],"floor_reached":100,"language":"ENG","playtime":7586,"items_purged":["Pain"],"score":2444,"play_id":"e4501d97-882d-49e9-bcfc-3c2473ce1197","local_time":"20210207023548","is_ascension_mode":true,"campfire_choices":[{"data":"Shade:AnimateDead","floor":1.0,"key":"SMITH"},{"data":"Shade:SensePrey","floor":11.0,"key":"SMITH"},{"data":"Shade:DangerousRitual","floor":18.0,"key":"SMITH"},{"data":"Shade:CallOfTheGrave","floor":27.0,"key":"SMITH"},{"data":"Shade:Frenzy","floor":30.0,"key":"SMITH"},{"data":"Shade:OminousRitual","floor":35.0,"key":"SMITH"},{"data":"Shade:LoseControl","floor":44.0,"key":"SMITH"},{"data":"expansioncontent:InvincibleStrength","floor":47.0,"key":"SMITH"},{"floor":52.0,"key":"RECALL"},{"data":"1","floor":60.0,"key":"LIFT"},{"data":"2","floor":69.0,"key":"LIFT"},{"data":"3","floor":77.0,"key":"LIFT"},{"data":"Shade:SoulPierce","floor":81.0,"key":"SMITH"},{"data":"Shade:LichForm","floor":86.0,"key":"SMITH"},{"data":"expansioncontent:Chronoboost","floor":95.0,"key":"SMITH"}],"circlet_count":36,"master_deck":["Shade:Strike_Shade","Shade:Strike_Shade","Shade:Strike_Shade","Shade:Strike_Shade","Shade:Defend_Shade+1","Shade:Defend_Shade+1","Shade:Defend_Shade","Shade:AnimateDead+1","Shade:CarefulCut","Shade:FleshOffering+1","Shade:FleshToFlesh+1","Shade:AuraOfUnlife+1","Shade:DangerousRitual+1","Shade:FuneraryArmor","Shade:SensePrey+1","Shade:FleshOffering+1","Shade:Frenzy+1","Shade:SoulToxin+1","Shade:LoseControl+1","Shade:AuraOfUnlife","Shade:Excise+1","Shade:GreyBargain+1","Shade:CallOfTheGrave+1","Shade:Excise","Shade:StitchTogether","Shade:Carnophage+1","Shade:OminousRitual+1","infinitespire:FutureSight","Shade:Excise+1","downfall:Aged","infinitespire:TheBestDefense","Shade:RitualOffering+1","Shade:FleshOffering+1","Shade:Frenzy","Shade:OminousRitual","expansioncontent:YouAreMine","expansioncontent:InvincibleStrength+1","expansioncontent:Chronoboost+1","Shade:SoulPierce+1","Shade:Brains+1","Shade:LastGasp","Shade:CloudOfShrapnel","downfall:Malfunctioning","Shade:FleshLikeOak","theForsaken:PlagueCurse","Clumsy","Shade:TouchOfTheGrave","Shade:OminousRitual","Shade:LichForm+1","Shade:ExtraLimbs","Shade:SpectralStrikes","Shade:OfferingToTheBeyond","Shade:SensePrey","Shade:CommandSoldier","Shade:AnimateDead","Shade:FreshBones","Shade:FuneraryJewels","Shade:OminousRitual","Flash of Steel","downfall:Malfunctioning","Shade:SanguineRitual","Shade:LoseControl","Shade:DangerousRitual","Shade:SpectralStrikes+1","Shade:Trample","Shade:Premonition+1","Shade:FreshBones+1","Shade:CallWraith+1","Shade:OminousRitual","Shade:Carnophage","Shade:ExtraLimbs","infinitespire:Punishment","Shade:ScuttlingHand+1","Shade:FreshBones+1","Panache","infinitespire:Starlight","Shade:OfferingToTheBeyond","Shade:Carnophage+1","Shade:Coordination","CurseOfTheBell","CurseOfTheBell"],"relics":["construct:Challenge4","infinitespire:Cubic Diamond","TheAbacus","Tingsha","downfall:ExtraCursedBell","Circlet","infinitespire:Chaos","Nunchaku","HornCleat","reliquary:OuijaBoard"],"acts_visited":["Exordium","TheCity","TheBeyond","TheCity","TheBeyond"],"potions_floor_usage":[],"damage_taken":[{"damage":0.0,"enemies":"2 Louse","floor":2.0,"turns":2.0},{"damage":0.0,"enemies":"Jaw Worm","floor":3.0,"turns":2.0},{"damage":0.0,"enemies":"downfall:FleeingMerchant","floor":4.0,"turns":4.0},{"damage":0.0,"enemies":"infinitespire:Voidling","floor":6.0,"turns":4.0},{"damage":27.0,"enemies":"Gremlin Nob","floor":8.0,"turns":5.0},{"damage":0.0,"enemies":"2 Fungi Beasts","floor":10.0,"turns":2.0},{"damage":0.0,"enemies":"Large Slime","floor":12.0,"turns":5.0},{"damage":0.0,"enemies":"Lagavulin","floor":14.0,"turns":6.0},{"damage":0.0,"enemies":"3 Louse","floor":15.0,"turns":2.0},{"damage":0.0,"enemies":"SI_SHIV_ARCHETYPE","floor":16.0,"turns":11.0},{"damage":2.0,"enemies":"Spheric Guardian","floor":19.0,"turns":4.0},{"damage":1.0,"enemies":"3 Byrds","floor":20.0,"turns":4.0},{"damage":0.0,"enemies":"Snake Plant","floor":21.0,"turns":3.0},{"damage":16.0,"enemies":"Slavers","floor":23.0,"turns":6.0},{"damage":0.0,"enemies":"Cultist and Chosen","floor":25.0,"turns":4.0},{"damage":17.0,"enemies":"Book of Stabbing","floor":26.0,"turns":7.0},{"damage":0.0,"enemies":"Centurion and Healer","floor":28.0,"turns":4.0},{"damage":0.0,"enemies":"Chosen and Byrds","floor":29.0,"turns":5.0},{"damage":0.0,"enemies":"downfall:FleeingMerchant","floor":31.0,"turns":4.0},{"damage":12.0,"enemies":"Snake Plant","floor":32.0,"turns":4.0},{"damage":1.0,"enemies":"DF_ARCHETYPE_CLAW","floor":33.0,"turns":8.0},{"damage":0.0,"enemies":"3 Shapes","floor":37.0,"turns":2.0},{"damage":5.0,"enemies":"3 Darklings","floor":39.0,"turns":4.0},{"damage":9.0,"enemies":"Sphere and 2 Shapes","floor":40.0,"turns":8.0},{"damage":2.0,"enemies":"Nightmare","floor":42.0,"turns":6.0},{"damage":0.0,"enemies":"4 Shapes","floor":43.0,"turns":2.0},{"damage":7.0,"enemies":"Nemesis","floor":45.0,"turns":9.0},{"damage":10.0,"enemies":"Giant Head","floor":48.0,"turns":11.0},{"damage":0.0,"enemies":"Jaw Worm Horde","floor":49.0,"turns":3.0},{"damage":64.0,"enemies":"WA_ARCHETYPE_DIVINITY","floor":50.0,"turns":17.0},{"damage":0.0,"enemies":"Cultist","floor":53.0,"turns":2.0},{"damage":0.0,"enemies":"Lagavulin Event","floor":55.0,"turns":4.0},{"damage":1.0,"enemies":"Gremlin Nob","floor":57.0,"turns":5.0},{"damage":2.0,"enemies":"downfall:FaceTrader","floor":59.0,"turns":4.0},{"damage":0.0,"enemies":"3 Sentries","floor":62.0,"turns":3.0},{"damage":3.0,"enemies":"downfall:FleeingMerchant","floor":63.0,"turns":4.0},{"damage":3.0,"enemies":"downfall:Heads","floor":64.0,"turns":5.0},{"damage":0.0,"enemies":"Gremlin Nob","floor":65.0,"turns":3.0},{"damage":0.0,"enemies":"Small Slimes","floor":66.0,"turns":2.0},{"damage":2.0,"enemies":"Hexaghost","floor":67.0,"turns":8.0},{"damage":0.0,"enemies":"3 Byrds","floor":70.0,"turns":3.0},{"damage":1.0,"enemies":"Chosen","floor":72.0,"turns":5.0},{"damage":1.0,"enemies":"Chosen","floor":73.0,"turns":4.0},{"damage":0.0,"enemies":"Colosseum Nobs","floor":74.0,"turns":4.0},{"damage":12.0,"enemies":"Nightmare","floor":75.0,"turns":8.0},{"damage":0.0,"enemies":"Snake Plant","floor":76.0,"turns":3.0},{"damage":13.0,"enemies":"Cultist and Chosen","floor":78.0,"turns":4.0},{"damage":0.0,"enemies":"Sentry and Sphere","floor":79.0,"turns":2.0},{"damage":12.0,"enemies":"Book of Stabbing","floor":80.0,"turns":3.0},{"damage":4.0,"enemies":"Gremlin Leader","floor":82.0,"turns":4.0},{"damage":2.0,"enemies":"Centurion and Healer","floor":83.0,"turns":3.0},{"damage":3.0,"enemies":"Automaton","floor":84.0,"turns":5.0},{"damage":4.0,"enemies":"Orb Walker","floor":87.0,"turns":3.0},{"damage":6.0,"enemies":"3 Shapes","floor":88.0,"turns":2.0},{"damage":0.0,"enemies":"downfall:FleeingMerchant","floor":90.0,"turns":1.0},{"damage":18.0,"enemies":"Nightmare_Alpha","floor":92.0,"turns":8.0},{"damage":10.0,"enemies":"Maw","floor":93.0,"turns":4.0},{"damage":12.0,"enemies":"Giant Head","floor":94.0,"turns":6.0},{"damage":10.0,"enemies":"4 Shapes","floor":96.0,"turns":2.0},{"damage":31.0,"enemies":"Jaw Worm Horde","floor":97.0,"turns":3.0},{"damage":77,"enemies":"Writhing Mass","floor":99,"turns":5},{"damage":64,"enemies":"Transient","floor":100,"turns":1}],"seed_played":"-8343388002295132818","potions_obtained":[{"floor":3.0,"key":"sneckomod:MuddlingPotion"},{"floor":6.0,"key":"hexamod:SoulburnPotion"},{"floor":10.0,"key":"ColorlessPotion"},{"floor":12.0,"key":"Strength Potion"},{"floor":15.0,"key":"Strength Potion"},{"floor":16.0,"key":"Strength Potion"},{"floor":23.0,"key":"Explosive Potion"},{"floor":25.0,"key":"PowerPotion"},{"floor":28.0,"key":"BlessingOfTheForge"},{"floor":29.0,"key":"BlessingOfTheForge"},{"floor":32.0,"key":"AttackPotion"},{"floor":33.0,"key":"ColorlessPotion"},{"floor":40.0,"key":"AttackPotion"},{"floor":42.0,"key":"Energy Potion"},{"floor":43.0,"key":"AttackPotion"},{"floor":49.0,"key":"SpeedPotion"},{"floor":50.0,"key":"Guardian:BlockOnCardUsePotion"},{"floor":53.0,"key":"SneckoOil"},{"floor":55.0,"key":"bronze:BurnAndBuffPotion"},{"floor":62.0,"key":"construct:ShiftPotion"},{"floor":64.0,"key":"bronze:BurnAndBuffPotion"},{"floor":72.0,"key":"Energy Potion"},{"floor":78.0,"key":"SteroidPotion"},{"floor":80.0,"key":"Weak Potion"},{"floor":84.0,"key":"Fire Potion"}],"is_trial":false,"path_per_floor":["R","M","M","$","?","M","T","E","?","M","R","M","?","E","M","B",null,"R","M","M","M","?","E","T","M","E","R","M","M","R","$","M","B",null,"R","AVR","M","?","M","M","T","NM","M","R","E","?","R","E","M","B",null,"R","M","?","?","?","E","T","?","R","?","E","$","?","E","M","B",null,"R","M","?","M","?","?","NM","M","R","M","M","E","R","E","M","B",null,"R","M","M","?","?","?","NM","M","E","R","M","M","$","M","M"],"character_chosen":"SHADE","items_purchased":["Shade:AuraOfUnlife","theForsaken:ScaryMask","Shade:StitchTogether","War Paint","Shade:OminousRitual","Boot","Lee\u0027s Waffle","Lantern","reliquary:PorcupineQuills","Panache","Ancient Tea Set","infinitespire:Chaos"],"campfire_rested":0,"item_purchase_floors":[4,31,31,31,63,63,90,90,90,90,98,98],"current_hp_per_floor":[65,65,65,65,65,65,65,38,38,38,47,47,47,47,47,47,65,65,63,62,62,54,38,38,44,33,48,54,60,65,65,56,64,65,65,65,65,65,63,65,65,64,65,65,65,55,65,63,65,4,65,65,65,65,65,65,64,64,63,65,65,66,65,65,69,70,70,71,71,72,72,73,74,77,73,81,81,72,80,76,90,90,90,90,93,93,94,92,107,117,117,112,121,117,126,119,103,118,41,0,0],"gold":668,"neow_bonus":"BOSS_RELIC","is_daily":false,"chose_seed":false,"campfire_upgraded":11,"win_rate":0.0,"timestamp":1612661748,"path_taken":["R","M","M","$","?","M","T","E","?","M","R","M","?","E","M","BOSS","R","M","M","M","?","E","T","?","E","R","M","M","R","$","M","BOSS","R","AVR","M","?","M","M","T","NM","M","R","E","?","R","E","M","BOSS","R","M","?","?","?","E","T","?","R","?","E","?","?","E","M","BOSS","R","M","?","M","?","?","NM","M","R","M","M","E","R","E","M","BOSS","R","M","M","?","?","?","NM","M","E","R","M","M","$","M","M"],"items_purchased_type":["Card","Relic","Card","Relic","Card","Relic","Relic","Relic","Relic","Card","Relic","Relic"],"build_version":"2020-12-22","purchased_purges":1,"victory":false,"max_hp_per_floor":[65,65,65,65,65,65,65,65,65,65,65,65,65,65,65,65,65,65,65,65,65,65,65,65,65,65,65,65,65,65,65,65,65,65,65,65,65,65,65,65,65,65,65,65,65,65,65,65,65,65,65,65,65,65,65,65,65,65,65,65,65,66,67,68,69,70,71,71,71,72,72,73,74,77,78,81,81,82,87,90,90,91,92,93,93,93,94,95,107,117,117,120,123,126,126,129,132,132,132,132,132],"card_choices":[{"not_picked":["Shade:Bite_Shade","Shade:ExtraLimbs"],"picked":"Shade:FleshOffering","floor":2.0},{"not_picked":["Shade:Bonestorm","Shade:FreshBones"],"picked":"Shade:FleshToFlesh","floor":3.0},{"not_picked":["Shade:AncientSpear","Shade:GraveStillness","Shade:Asphyxiate"],"picked":"SKIP","floor":4.0},{"not_picked":["Shade:ExtraLimbs","Shade:FreshBones"],"picked":"Shade:DangerousRitual","floor":6.0},{"not_picked":["Shade:CloudOfShrapnel","Shade:GoDigging"],"picked":"Shade:FuneraryArmor","floor":8.0},{"not_picked":["Shade:FuneraryArmor","Shade:FleshToFlesh"],"picked":"Shade:SensePrey","floor":10.0},{"not_picked":["Shade:FingerOfDeath","Shade:GreyBargain"],"picked":"Shade:FleshOffering","floor":12.0},{"not_picked":["Shade:ExtraLimbs","Shade:CommandSoldier"],"picked":"Shade:Frenzy","floor":14.0},{"not_picked":["Shade:RavenousHorde","Shade:Premonition"],"picked":"Shade:SoulToxin","floor":15.0},{"not_picked":["Shade:LastGasp","Shade:DarkOfNight"],"picked":"Shade:LoseControl","floor":16.0},{"not_picked":["Shade:FleshToFlesh","Shade:SkeletonHug"],"picked":"Shade:FuneraryJewels","floor":19.0},{"not_picked":["Shade:GraveStillness+1","Shade:CommandSoldier","Shade:Patience+1"],"picked":"SKIP","floor":20.0},{"not_picked":["Shade:FeralStrike","Shade:ClawBack"],"picked":"Shade:AuraOfUnlife","floor":21.0},{"not_picked":["Shade:ClawBack","Shade:GraveStillness"],"picked":"Shade:Excise+1","floor":23.0},{"not_picked":["Shade:LyeBath+1","Shade:BoneShards"],"picked":"Shade:GreyBargain+1","floor":25.0},{"not_picked":["Shade:FingerOfDeath+1","Shade:ClawBack"],"picked":"Shade:CallOfTheGrave","floor":26.0},{"not_picked":["Shade:BoneShards","Shade:GreyBargain","Shade:CoffinDance+1"],"picked":"SKIP","floor":28.0},{"not_picked":["Shade:CoffinDance","Shade:FeralStrike","Shade:GraveStillness"],"picked":"SKIP","floor":29.0},{"not_picked":["Shade:Patience+1","Shade:CoffinDance"],"picked":"Shade:Excise","floor":31.0},{"not_picked":["Shade:FleshToFlesh","Shade:BoneShards+1"],"picked":"Shade:Carnophage+1","floor":32.0},{"not_picked":["Shade:Coordination","Shade:LoseControl"],"picked":"Shade:OminousRitual","floor":33.0},{"not_picked":["Shade:FeralStrike+1","Shade:RavenousHorde+1"],"picked":"Shade:Excise+1","floor":37.0},{"not_picked":["infinitespire:Punishment","infinitespire:SealOfDarkness+"],"picked":"infinitespire:TheBestDefense","floor":38.0},{"not_picked":["Shade:BoneShards+1","Shade:CommandSoldier+1","Shade:Bite_Shade"],"picked":"SKIP","floor":39.0},{"not_picked":["Shade:PoundOfFlesh+1","Shade:FingerOfDeath"],"picked":"Shade:RitualOffering+1","floor":40.0},{"not_picked":["Shade:FleshToFlesh+1","Shade:AncientSpear+1"],"picked":"Shade:FleshOffering+1","floor":42.0},{"not_picked":["Shade:FreshBones","Shade:Bonestorm+1"],"picked":"Shade:Frenzy","floor":43.0},{"not_picked":["Shade:SkeletonArmy+1","Shade:Brains"],"picked":"Shade:OminousRitual","floor":45.0},{"not_picked":["expansioncontent:AwakenDeath","expansioncontent:Hexaburn"],"picked":"expansioncontent:YouAreMine","floor":46.0},{"not_picked":["expansioncontent:GuardianWhirl","expansioncontent:YouAreMine"],"picked":"expansioncontent:InvincibleStrength","floor":46.0},{"not_picked":["expansioncontent:LastStand","expansioncontent:InvincibleStrength"],"picked":"expansioncontent:Chronoboost","floor":46.0},{"not_picked":["Shade:Consume","Shade:PotionOfRestlessness+1"],"picked":"Shade:SoulPierce","floor":48.0},{"not_picked":["Shade:PoundOfFlesh","Shade:ExtraLimbs+1"],"picked":"Shade:Brains+1","floor":49.0},{"not_picked":["Shade:SelfBurial","Shade:MadHubris"],"picked":"Shade:LastGasp","floor":50.0},{"not_picked":["Shade:CoffinDance","Shade:Patience"],"picked":"Shade:CloudOfShrapnel","floor":53.0},{"not_picked":["Shade:Patience","Shade:FeralStrike"],"picked":"Shade:FleshLikeOak","floor":55.0},{"not_picked":["Shade:ClawBack","Shade:PoundOfFlesh","Shade:FeralStrike"],"picked":"SKIP","floor":57.0},{"not_picked":["Shade:CommandSoldier","Shade:FeralStrike","Shade:WallOfFlesh"],"picked":"SKIP","floor":62.0},{"not_picked":["Shade:SpontaneousRitual","Shade:FuneraryArmor"],"picked":"Shade:TouchOfTheGrave","floor":63.0},{"not_picked":["Shade:OneIsEnough","Shade:FleshLikeOak"],"picked":"Shade:ExtraLimbs","floor":64.0},{"not_picked":["Shade:BoneShards","Shade:LastGasp","Shade:AncientSpear"],"picked":"SKIP","floor":65.0},{"not_picked":["Shade:Brains","Shade:ExtraLimbs"],"picked":"Shade:SpectralStrikes","floor":66.0},{"not_picked":["Shade:DarkOfNight","Shade:OneIsEnough"],"picked":"Shade:OfferingToTheBeyond","floor":67.0},{"not_picked":["Shade:FleshToFlesh","Shade:GoDigging"],"picked":"Shade:SensePrey","floor":70.0},{"not_picked":["Shade:Doomsay","Shade:FleshOffering"],"picked":"Shade:CommandSoldier","floor":72.0},{"not_picked":["Shade:Bonestorm","Shade:FuneraryJewels"],"picked":"Shade:SanguineRitual","floor":73.0},{"not_picked":["Shade:CommandSoldier","Shade:Brains","Shade:SkeletonHug"],"picked":"Singing Bowl","floor":74.0},{"not_picked":["Shade:WallOfFlesh+1","Shade:CommandSoldier"],"picked":"Shade:LoseControl","floor":75.0},{"not_picked":["Shade:Bonestorm","Shade:Premonition","Shade:Brains"],"picked":"Singing Bowl","floor":76.0},{"not_picked":["Shade:SpontaneousRitual","Shade:FuneraryArmor"],"picked":"Shade:DangerousRitual","floor":76.0},{"not_picked":["Shade:FuneraryJewels","Shade:FuneraryArmor"],"picked":"Shade:SpectralStrikes+1","floor":78.0},{"not_picked":["Shade:FreshBones+1","Shade:CallOfTheGrave+1"],"picked":"Shade:Trample","floor":78.0},{"not_picked":["Shade:CoffinDance","Shade:Asphyxiate+1","Shade:Bite_Shade+1"],"picked":"Singing Bowl","floor":79.0},{"not_picked":["Shade:WallOfFlesh","Shade:Brains","Shade:OpenGraves+1"],"picked":"Singing Bowl","floor":79.0},{"not_picked":["Shade:Doomsay","Shade:OpenGraves+1","Shade:SkeletonHug+1"],"picked":"Singing Bowl","floor":80.0},{"not_picked":["Shade:ScuttlingHand","Shade:Trample"],"picked":"Shade:Premonition+1","floor":82.0},{"not_picked":["Shade:FingerOfDeath","Shade:ScuttlingHand"],"picked":"Shade:FreshBones+1","floor":83.0},{"not_picked":["Shade:PoundOfFlesh","Shade:Bite_Shade+1"],"picked":"Shade:CallWraith+1","floor":83.0},{"not_picked":["Shade:GreaterAnimation","Shade:SelfBurial"],"picked":"Shade:OminousRitual","floor":84.0},{"not_picked":["Shade:Brains","Shade:CommandSoldier"],"picked":"Shade:Carnophage","floor":87.0},{"not_picked":["Shade:SensePrey","Shade:FleshOffering+1"],"picked":"Shade:ExtraLimbs","floor":87.0},{"not_picked":["infinitespire:TheBestDefense","infinitespire:FutureSight"],"picked":"infinitespire:Punishment","floor":88.0},{"not_picked":["Shade:Trample+1","Shade:AncientSpear+1"],"picked":"Shade:ScuttlingHand+1","floor":88.0},{"not_picked":["Shade:FuneraryArmor","Shade:PressTheAttack+1"],"picked":"Shade:FreshBones+1","floor":88.0},{"not_picked":["Shade:WallOfFlesh","Shade:StitchTogether+1","Shade:AuraOfUnlife"],"picked":"Singing Bowl","floor":90.0},{"not_picked":["infinitespire:FutureSight","infinitespire:TheBestDefense"],"picked":"infinitespire:Starlight","floor":92.0},{"not_picked":["Shade:GreyBargain+1","Shade:AblativeArmor+1","Shade:Bite_Shade"],"picked":"Singing Bowl","floor":92.0},{"not_picked":["Shade:Brains+1","Shade:FeralStrike","Shade:BoneShards"],"picked":"Singing Bowl","floor":93.0},{"not_picked":["Shade:GraveStillness","Shade:SkeletonHug+1"],"picked":"Shade:OfferingToTheBeyond","floor":93.0},{"not_picked":["Shade:Patience","Shade:Frenzy","Shade:FreshBones+1"],"picked":"Singing Bowl","floor":94.0},{"not_picked":["Shade:SpontaneousRitual","Shade:CoffinDance+1"],"picked":"Shade:Carnophage+1","floor":96.0},{"not_picked":["Shade:AncientSpear","Shade:CallWraith+1","Shade:Brains"],"picked":"Singing Bowl","floor":96.0},{"not_picked":["Shade:Premonition+1","Shade:ExtraLimbs+1"],"picked":"Shade:Coordination","floor":97.0},{"not_picked":["Shade:FuneraryArmor","Shade:RavenousHorde+1","Shade:Patience"],"picked":"Singing Bowl","floor":97.0},{"not_picked":["Shade:CoffinDance","Shade:DangerousRitual","Shade:PressTheAttack+1"],"picked":"SKIP","floor":99}],"player_experience":537496,"relics_obtained":[{"floor":5.0,"key":"reliquary:RoseTintedGlasses"},{"floor":7.0,"key":"infinitespire:Midas Blood"},{"floor":8.0,"key":"Eternal Feather"},{"floor":14.0,"key":"Bag of Preparation"},{"floor":23.0,"key":"Potion Belt"},{"floor":24.0,"key":"theForsaken:Lifeblossom"},{"floor":26.0,"key":"MealTicket"},{"floor":41.0,"key":"Bag of Marbles"},{"floor":42.0,"key":"Vajra"},{"floor":42.0,"key":"reliquary:Aerogel"},{"floor":45.0,"key":"reliquary:HotPoker"},{"floor":45.0,"key":"reliquary:Stiletto"},{"floor":48.0,"key":"Dream Catcher"},{"floor":48.0,"key":"Ornamental Fan"},{"floor":58.0,"key":"Girya"},{"floor":59.0,"key":"downfall:CloakOfManyFaces"},{"floor":73.0,"key":"downfall:GremlinSack"},{"floor":74.0,"key":"Prayer Wheel"},{"floor":74.0,"key":"Singing Bowl"},{"floor":98.0,"key":"Nunchaku"},{"floor":98.0,"key":"HornCleat"},{"floor":98.0,"key":"reliquary:OuijaBoard"}],"event_choices":[{"damage_healed":0.0,"max_hp_gain":0.0,"max_hp_loss":0.0,"gold_gain":0.0,"event_name":"Plague Doctor","player_choice":"Obtain Plague Curse","floor":56.0,"gold_loss":0.0,"damage_taken":0.0,"cards_obtained":["theForsaken:PlagueCurse"]},{"damage_healed":0.0,"max_hp_gain":0.0,"max_hp_loss":0.0,"gold_gain":0.0,"event_name":"Accursed Blacksmith","player_choice":"Rummage","floor":61.0,"gold_loss":0.0,"damage_taken":0.0,"relics_obtained":["WarpedTongs"],"cards_obtained":["Pain"]},{"cards_removed":["Shade:FuneraryJewels"],"damage_healed":0.0,"max_hp_gain":0.0,"max_hp_loss":0.0,"gold_gain":0.0,"event_name":"Falling","player_choice":"Removed Skill","floor":91.0,"gold_loss":0.0,"damage_taken":0.0}],"is_beta":false,"boss_relics":[{"not_picked":["Fusion Hammer","Philosopher\u0027s Stone"],"picked":"reliquary:Craggleroot"},{"not_picked":["Pandora\u0027s Box","reliquary:Ember"],"picked":"construct:WeddingRing"},{"not_picked":["Busted Crown","Calling Bell"],"picked":"Cursed Key"},{"not_picked":["Runic Pyramid","theForsaken:PaleLantern"],"picked":"SlaversCollar"},{"not_picked":["reliquary:RedCape","Fusion Hammer"],"picked":"Sozu"}],"items_purged_floors":[63],"is_endless":true,"potions_floor_spawned":[3,6,10,12,15,16,23,25,28,29,32,33,40,42,43,49,50,53,55,62,64,72,78,80,82,83,84,87,88,94,97],"killed_by":"Transient","ascension_level":3}}