{"host":"0kk91h4bq4kgfj0u","time":1612731613,"event":{"mods":["BaseMod","Bestiary","Block Reminder","Colored Map","Colored Powertips","Curses Come First","Highlight Path","Minty Spire (QoL Compilation)","Relic Stats","StSLib"],"gold_per_floor":[114,114,125,145,161,161,177,209,235,310,344,344,361,361,361,466,466,476,249,249,262,262,296,307,307,333,333,47,58,69,84,84,84,84],"floor_reached":33,"language":"ENG","playtime":1138,"items_purged":[],"score":304,"play_id":"eca70315-4b2e-4df6-a5b9-7abaf1efd6b0","local_time":"20210207160013","is_ascension_mode":false,"campfire_choices":[{"data":"Heavy Blade","floor":6.0,"key":"SMITH"},{"floor":15.0,"key":"REST"},{"floor":25.0,"key":"REST"},{"data":"Spot Weakness","floor":27.0,"key":"SMITH"},{"floor":32.0,"key":"REST"}],"circlet_count":0,"master_deck":["Strike_R","Strike_R","Strike_R","Strike_R","Strike_R","Defend_R","Defend_R","Defend_R","Defend_R","Bash+1","Body Slam","Flame Barrier","Heavy Blade+1","Shrug It Off","Spot Weakness+1","Rage","Warcry","Flex","Feed+1","Reckless Charge+1","Anger","Clothesline","Twin Strike","Thunderclap+1","Trip","Searing Blow","Entrench","Pommel Strike"],"relics":["Burning Blood","Dead Branch","Smiling Mask","Bronze Scales","Mark of Pain","Vajra","Happy Flower","Red Skull"],"acts_visited":["Exordium","TheCity"],"potions_floor_usage":[33,33,33],"damage_taken":[{"damage":10.0,"enemies":"Small Slimes","floor":1.0,"turns":3.0},{"damage":6.0,"enemies":"Cultist","floor":3.0,"turns":3.0},{"damage":0.0,"enemies":"2 Louse","floor":4.0,"turns":3.0},{"damage":5.0,"enemies":"Looter","floor":5.0,"turns":4.0},{"damage":21.0,"enemies":"Exordium Thugs","floor":7.0,"turns":7.0},{"damage":24.0,"enemies":"3 Sentries","floor":8.0,"turns":7.0},{"damage":34.0,"enemies":"Gremlin Nob","floor":11.0,"turns":5.0},{"damage":0.0,"enemies":"Large Slime","floor":13.0,"turns":3.0},{"damage":36.0,"enemies":"The Guardian","floor":16.0,"turns":14.0},{"damage":7.0,"enemies":"Shell Parasite","floor":18.0,"turns":4.0},{"damage":17.0,"enemies":"2 Thieves","floor":21.0,"turns":3.0},{"damage":56.0,"enemies":"Gremlin Leader","floor":23.0,"turns":6.0},{"damage":12.0,"enemies":"Cultist and Chosen","floor":24.0,"turns":4.0},{"damage":22.0,"enemies":"Snake Plant","floor":29.0,"turns":3.0},{"damage":16.0,"enemies":"3 Cultists","floor":30.0,"turns":4.0},{"damage":21.0,"enemies":"Centurion and Healer","floor":31.0,"turns":5.0},{"damage":92,"enemies":"Champ","floor":33,"turns":11}],"seed_played":"-250812004619237438","potions_obtained":[{"floor":1.0,"key":"Explosive Potion"},{"floor":4.0,"key":"BlessingOfTheForge"},{"floor":11.0,"key":"EssenceOfSteel"},{"floor":13.0,"key":"AttackPotion"},{"floor":23.0,"key":"Fire Potion"},{"floor":29.0,"key":"Regen Potion"},{"floor":31.0,"key":"AttackPotion"}],"is_trial":false,"path_per_floor":["M","?","M","M","M","R","M","E","T","?","E","?","M","?","R","B",null,"M","$","?","M","?","E","M","R","T","R","$","M","M","M","R","B"],"character_chosen":"IRONCLAD","items_purchased":["Vajra","Anger","BloodPotion","Red Skull","Trip","SkillPotion"],"campfire_rested":3,"item_purchase_floors":[19,19,19,28,28,28],"current_hp_per_floor":[76,76,76,80,80,80,65,47,47,36,8,8,14,14,38,8,80,82,82,82,74,74,24,40,67,67,67,67,51,45,34,63,0,0],"gold":84,"neow_bonus":"UPGRADE_CARD","is_daily":false,"chose_seed":false,"campfire_upgraded":2,"win_rate":0.0,"timestamp":1612731613,"path_taken":["M","?","M","M","M","R","M","E","T","?","E","?","?","?","R","BOSS","M","$","?","M","?","E","M","R","T","R","$","M","M","?","R","BOSS"],"items_purchased_type":["Relic","Card","Potion","Relic","Card","Potion"],"build_version":"2020-12-22","purchased_purges":0,"victory":false,"max_hp_per_floor":[80,80,80,80,80,80,80,80,80,80,80,80,80,80,80,80,80,83,83,83,86,86,86,90,90,90,90,90,90,94,98,98,98,98],"relic_stats":{"Happy Flower":[4],"counters":[1,11],"Dead Branch":[1],"Bronze Scales":[15],"Smiling Mask":0,"obtain_stats":[{"Happy Flower":0,"Dead Branch":0,"Bronze Scales":0,"Vajra":0,"Mark of Pain":0,"Smiling Mask":0,"Burning Blood":0,"Red Skull":0},{"Happy Flower":0,"Dead Branch":0,"Bronze Scales":0,"Vajra":0,"Mark of Pain":0,"Smiling Mask":0,"Burning Blood":0,"Red Skull":0},{"Happy Flower":0,"Dead Branch":0,"Bronze Scales":0,"Vajra":0,"Mark of Pain":0,"Smiling Mask":0,"Burning Blood":0,"Red Skull":0}],"Burning Blood":0},"card_choices":[{"not_picked":["Dark Embrace","Sword Boomerang"],"picked":"Body Slam","floor":1.0},{"not_picked":["Clash","Warcry"],"picked":"Flame Barrier","floor":3.0},{"not_picked":["Barricade","Shrug It Off"],"picked":"Heavy Blade","floor":4.0},{"not_picked":["Seeing Red","Ghostly Armor"],"picked":"Shrug It Off","floor":5.0},{"not_picked":["Feed","Carnage"],"picked":"Spot Weakness","floor":7.0},{"not_picked":["Twin Strike","Sword Boomerang"],"picked":"Rage","floor":8.0},{"not_picked":["Burning Pact","Rage"],"picked":"Ghostly Armor","floor":11.0},{"not_picked":["Havoc","True Grit"],"picked":"Flex","floor":13.0},{"not_picked":["Immolate","Demon Form"],"picked":"Feed","floor":16.0},{"not_picked":["Havoc","Clash"],"picked":"Reckless Charge+1","floor":18.0},{"not_picked":["Havoc","Sword Boomerang","True Grit+1"],"picked":"SKIP","floor":21.0},{"not_picked":["Sever Soul+1","Second Wind+1"],"picked":"Twin Strike","floor":23.0},{"not_picked":["Pummel+1","Heavy Blade"],"picked":"Thunderclap+1","floor":24.0},{"not_picked":["Sword Boomerang+1","Headbutt"],"picked":"Searing Blow","floor":29.0},{"not_picked":["True Grit","Shockwave"],"picked":"Entrench","floor":30.0},{"not_picked":["Feel No Pain","Heavy Blade+1"],"picked":"Pommel Strike","floor":31.0}],"player_experience":857691,"relics_obtained":[{"floor":8.0,"key":"Dead Branch"},{"floor":9.0,"key":"Smiling Mask"},{"floor":11.0,"key":"Bronze Scales"},{"floor":23.0,"key":"Happy Flower"}],"event_choices":[{"damage_healed":0.0,"max_hp_gain":0.0,"max_hp_loss":0.0,"gold_gain":0.0,"event_name":"Liars Game","player_choice":"Ignored","floor":2.0,"gold_loss":0.0,"damage_taken":0.0},{"damage_healed":0.0,"max_hp_gain":0.0,"max_hp_loss":0.0,"gold_gain":75.0,"event_name":"World of Goop","player_choice":"Gather Gold","floor":10.0,"gold_loss":0.0,"damage_taken":11.0},{"damage_healed":0.0,"max_hp_gain":0.0,"max_hp_loss":0.0,"gold_gain":0.0,"cards_transformed":["Ghostly Armor"],"event_name":"Transmorgrifier","player_choice":"Transformed","floor":12.0,"gold_loss":0.0,"damage_taken":0.0,"cards_obtained":["Warcry"]},{"damage_healed":0.0,"max_hp_gain":0.0,"max_hp_loss":0.0,"gold_gain":0.0,"event_name":"Shining Light","player_choice":"Ignored","floor":14.0,"gold_loss":0.0,"damage_taken":0.0},{"damage_healed":0.0,"max_hp_gain":0.0,"max_hp_loss":0.0,"gold_gain":0.0,"event_name":"The Library","player_choice":"Read","floor":20.0,"gold_loss":0.0,"damage_taken":0.0,"cards_obtained":["Clothesline"]},{"damage_healed":0.0,"max_hp_gain":0.0,"max_hp_loss":0.0,"gold_gain":0.0,"event_name":"Accursed Blacksmith","player_choice":"Forge","floor":22.0,"gold_loss":0.0,"damage_taken":0.0,"cards_upgraded":["Feed"]}],"is_beta":false,"boss_relics":[{"not_picked":["Sozu","Ectoplasm"],"picked":"Mark of Pain"}],"items_purged_floors":[],"is_endless":false,"potions_floor_spawned":[1,4,11,13,23,29,31],"killed_by":"Champ","ascension_level":0}}