{"host":"frxf5qncsmta3skc","time":1612663889,"event":{"mods":["BaseMod","Minty Spire (QoL Compilation)","StSLib","The Senshi"],"gold_per_floor":[112,112,128,148,148,148,178,178,178,23,38,38,49,59,59,59,59],"floor_reached":16,"language":"ENG","playtime":992,"items_purged":[],"score":102,"play_id":"6b3d7279-4f75-435d-92bc-df93b92a8dc7","local_time":"20210206211129","is_ascension_mode":false,"campfire_choices":[{"floor":6,"key":"RECALL"},{"floor":8,"key":"REST"},{"floor":15,"key":"REST"}],"circlet_count":0,"master_deck":["theSenshi:SailorKick","theSenshi:SailorKick","theSenshi:SailorKick","theSenshi:SailorKick","theSenshi:SailorBlock","theSenshi:SailorBlock","theSenshi:SailorBlock","theSenshi:RoseThrow","theSenshi:MoonPrismPowerMakeUp","theSenshi:MoonsReflection","theSenshi:SaturnsMystery","theSenshi:MoonSpiralHeartAttack","theSenshi:TuxedoMaskAssists","theSenshi:MoonCrisisMakeUp","theSenshi:MoonTiaraMagic","theSenshi:MoonsReflection","theSenshi:MoonHealingEscalation"],"relics":["theSenshi:TransformationBroochRelic","Pear","Membership Card","FaceOfCleric"],"acts_visited":["Exordium"],"potions_floor_usage":[11,11,14,14,14,16],"damage_taken":[{"damage":6,"enemies":"2 Louse","floor":1,"turns":3},{"damage":0,"enemies":"Cultist","floor":3,"turns":4},{"damage":2,"enemies":"Small Slimes","floor":4,"turns":5},{"damage":40,"enemies":"Lagavulin","floor":7,"turns":8},{"damage":53,"enemies":"Gremlin Gang","floor":11,"turns":5},{"damage":23,"enemies":"Blue Slaver","floor":13,"turns":5},{"damage":0,"enemies":"3 Louse","floor":14,"turns":2},{"damage":78,"enemies":"Hexaghost","floor":16,"turns":12}],"seed_played":"2488179199425344512","potions_obtained":[{"floor":1,"key":"Ancient Potion"},{"floor":3,"key":"EntropicBrew"},{"floor":13,"key":"SkillPotion"},{"floor":14,"key":"LiquidBronze"}],"is_trial":false,"path_per_floor":["M","?","M","M","?","R","E","R","T","$","M","?","M","M","R","B"],"character_chosen":"THE_SENSHI","items_purchased":["Membership Card"],"campfire_rested":2,"item_purchase_floors":[10],"current_hp_per_floor":[69,69,75,73,75,75,46,71,71,71,28,28,21,22,48,0,0],"gold":59,"neow_bonus":"THREE_CARDS","is_daily":false,"chose_seed":false,"campfire_upgraded":0,"win_rate":0.0,"timestamp":1612663889,"path_taken":["M","?","?","M","?","R","E","R","T","?","M","?","M","M","R","BOSS"],"items_purchased_type":["Relic"],"build_version":"2020-12-22","purchased_purges":0,"victory":false,"max_hp_per_floor":[75,75,75,75,75,75,85,85,85,85,85,85,86,87,87,87,87],"card_choices":[{"not_picked":["theSenshi:SteeledNerves","theSenshi:TallSilhouette"],"picked":"theSenshi:MoonsReflection","floor":0},{"not_picked":["theSenshi:LateForSchool","theSenshi:MoonTiaraMagic"],"picked":"theSenshi:SaturnsMystery","floor":1},{"not_picked":["theSenshi:TallSilhouette","theSenshi:MoonKick"],"picked":"theSenshi:MoonSpiralHeartAttack","floor":3},{"not_picked":["theSenshi:SupersonicWaves","theSenshi:LateForSchool"],"picked":"theSenshi:TuxedoMaskAssists","floor":4},{"not_picked":["theSenshi:PlutosSolemnity","theSenshi:SupersonicWaves"],"picked":"theSenshi:MoonCrisisMakeUp","floor":7},{"not_picked":["theSenshi:TallSilhouette","theSenshi:SailorMercuryAssists"],"picked":"theSenshi:MoonTiaraMagic","floor":11},{"not_picked":["theSenshi:MoonCosmicPowerMakeUp","theSenshi:GatheringStrength"],"picked":"theSenshi:MoonsReflection","floor":13},{"not_picked":["theSenshi:MoonCrisisMakeUp","theSenshi:Sidestep"],"picked":"theSenshi:MoonHealingEscalation","floor":14}],"player_experience":74303,"relics_obtained":[{"floor":7,"key":"Pear"}],"event_choices":[{"cards_removed":["theSenshi:SailorBlock"],"damage_healed":0,"gold_gain":0,"player_choice":"Took Card","damage_taken":0,"max_hp_gain":0,"max_hp_loss":0,"event_name":"NoteForYourself","floor":2,"gold_loss":0,"cards_obtained":["Iron Wave"]},{"cards_removed":["Iron Wave"],"damage_healed":5,"gold_gain":0,"player_choice":"Offered Common","damage_taken":0,"max_hp_gain":0,"max_hp_loss":0,"event_name":"Bonfire Elementals","floor":5,"gold_loss":0},{"cards_removed":["Iron Wave"],"damage_healed":5,"gold_gain":0,"player_choice":"Offered Special","damage_taken":0,"max_hp_gain":0,"max_hp_loss":0,"event_name":"Bonfire Elementals","floor":5,"gold_loss":0},{"damage_healed":0,"gold_gain":0,"player_choice":"Trade","damage_taken":0,"relics_obtained":["FaceOfCleric"],"max_hp_gain":0,"max_hp_loss":0,"event_name":"FaceTrader","floor":12,"gold_loss":0}],"is_beta":false,"boss_relics":[],"items_purged_floors":[],"is_endless":false,"potions_floor_spawned":[1,3,13,14],"killed_by":"Hexaghost","ascension_level":0}}