{"host":"51f0ad793vly1w6u","time":1612693419,"event":{"mods":["BaseMod","Colored Map","DeckTracker","Minty Spire (QoL Compilation)","Replay The Spire","StSLib","SuperFastMode"],"gold_per_floor":[109,125,50,67,87,87,100,100,125,125,145,156,170,201,201,303,303,317,332,350,250,269,269,302,302,302,318,353,84,84,102,102,202,252,272,122,141,153,153,153,206,206,233,258,258,258,276,291,291,291],"floor_reached":51,"language":"KOR","playtime":1148,"items_purged":["Defend_G","Strike_G","Strike_G","Strike_G"],"score":864,"play_id":"de13f34c-2940-442e-a82e-e7103a4015e1","local_time":"20210207192339","is_ascension_mode":true,"campfire_choices":[{"data":"Die Die Die","floor":6.0,"key":"SMITH"},{"data":"Cloak And Dagger","floor":10.0,"key":"SMITH"},{"data":"Footwork","floor":15.0,"key":"SMITH"},{"floor":23.0,"key":"REST"},{"data":"Cloak And Dagger","floor":25.0,"key":"SMITH"},{"floor":32.0,"key":"REST"},{"data":"Expertise","floor":40,"key":"SMITH"},{"floor":42,"key":"REST"},{"data":"After Image","floor":46,"key":"SMITH"},{"data":"Backflip","floor":49,"key":"SMITH"}],"circlet_count":0,"master_deck":["Strike_G","Defend_G","Defend_G","Defend_G","Defend_G","Survivor","Neutralize","Die Die Die+1","Footwork+1","Dagger Throw","Cloak And Dagger+1","PiercingWail","Cloak And Dagger+1","Backflip+1","After Image+1","Concentrate+1","Predator+1","Hidden Blade+1","Expertise+1","A Thousand Cuts+1","ReplayTheSpireMod:Scrap Shanks+1","Blade Dance+1","Prepared+1","Writhe","Calculated Gamble+1","Footwork+1"],"relics":["Ring of the Snake","Regal Pillow","Bronze Scales","Potion Belt","WristBlade","ReplayTheSpireMod:TigerMarble","Turnip","Red Mask","Bag of Preparation","Tiny House","TungstenRod","Replay:Rubber Ducky","Calipers"],"acts_visited":["Exordium","TheCity","TheBeyond","TheBeyond"],"potions_floor_usage":[33,38,44,48,50],"damage_taken":[{"damage":4.0,"enemies":"Cultist","floor":1.0,"turns":4.0},{"damage":0.0,"enemies":"2 Louse","floor":2.0,"turns":2.0},{"damage":6.0,"enemies":"Jaw Worm","floor":4.0,"turns":7.0},{"damage":6.0,"enemies":"Blue Slaver","floor":5.0,"turns":4.0},{"damage":6.0,"enemies":"Exordium Wildlife","floor":7.0,"turns":2.0},{"damage":0.0,"enemies":"3 Louse","floor":11.0,"turns":1.0},{"damage":0.0,"enemies":"2 Fungi Beasts","floor":12.0,"turns":2.0},{"damage":11.0,"enemies":"Exordium Thugs","floor":13.0,"turns":3.0},{"damage":17.0,"enemies":"3 Sentries","floor":14.0,"turns":4.0},{"damage":2.0,"enemies":"Hexaghost","floor":16.0,"turns":9.0},{"damage":17.0,"enemies":"3 Byrds","floor":18.0,"turns":4.0},{"damage":1.0,"enemies":"Chosen","floor":19.0,"turns":4.0},{"damage":16.0,"enemies":"Sentry and Sphere","floor":20.0,"turns":6.0},{"damage":8.0,"enemies":"Snake Plant","floor":22.0,"turns":5.0},{"damage":1.0,"enemies":"Book of Stabbing","floor":24.0,"turns":5.0},{"damage":30.0,"enemies":"Snecko","floor":27.0,"turns":5.0},{"damage":0.0,"enemies":"Masked Bandits","floor":28.0,"turns":2.0},{"damage":0.0,"enemies":"3 Cultists","floor":31.0,"turns":3.0},{"damage":55,"enemies":"Collector","floor":33,"turns":14},{"damage":27,"enemies":"3 Shapes","floor":35,"turns":5},{"damage":0,"enemies":"Orb Walker","floor":37,"turns":2},{"damage":0,"enemies":"Spire Growth","floor":38,"turns":3},{"damage":44,"enemies":"2 Orb Walkers","floor":41,"turns":4},{"damage":0,"enemies":"R_Hoarder","floor":44,"turns":7},{"damage":7,"enemies":"Writhing Mass","floor":47,"turns":6},{"damage":2,"enemies":"Jaw Worm Horde","floor":48,"turns":4},{"damage":31,"enemies":"Donu and Deca","floor":50,"turns":8}],"seed_played":"3372992772780716992","potions_obtained":[{"floor":4.0,"key":"Death Potion"},{"floor":11.0,"key":"Strength Potion"},{"floor":12.0,"key":"DuplicationPotion"},{"floor":16.0,"key":"BlessingOfTheForge"},{"floor":20.0,"key":"DistilledChaos"},{"floor":22.0,"key":"Poison Potion"},{"floor":27.0,"key":"CunningPotion"},{"floor":28.0,"key":"ColorlessPotion"},{"floor":34,"key":"Fruit Juice"},{"floor":35,"key":"Block Potion"},{"floor":44,"key":"Languid Potion"},{"floor":47,"key":"Flashbang"}],"is_trial":false,"path_per_floor":["M","M","$","M","M","R","M","?","T","R","M","M","M","E","R","B",null,"M","M","M","$","M","R","E","R","T","M","?","$","?","M","R","B",null,"M","$","M","M","?","R","?","R","T","E","?","R","M","M","R","B",null],"character_chosen":"THE_SILENT","items_purchased":["Bag of Preparation"],"campfire_rested":3,"item_purchase_floors":[29],"current_hp_per_floor":[66,66,66,60,54,54,48,48,48,48,48,48,37,20,20,18,70,53,52,36,36,28,64,63,63,63,33,33,33,33,33,69,14,75,48,48,48,48,67,67,23,60,60,65,65,65,58,56,56,25],"gold":291,"neow_bonus":"ONE_RANDOM_RARE_CARD","is_daily":false,"chose_seed":false,"campfire_upgraded":7,"win_rate":0.0,"timestamp":1612693419,"path_taken":["M","?","$","M","M","R","M","?","T","R","M","M","?","E","R","BOSS","M","?","?","$","M","R","E","R","T","M","?","$","?","M","R","BOSS","M","$","M","M","?","R","?","R","T","E","?","R","M","M","R","BOSS"],"items_purchased_type":["Relic"],"build_version":"2020-12-22","purchased_purges":4,"victory":true,"max_hp_per_floor":[70,70,70,70,70,70,70,70,70,70,70,70,70,70,70,70,70,70,70,70,70,70,70,70,70,70,70,70,70,70,70,70,70,75,75,75,75,75,75,75,75,75,75,80,80,80,80,80,80,80],"card_choices":[{"not_picked":["Prepared","Dagger Spray"],"picked":"Footwork","floor":1.0},{"not_picked":["Dodge and Roll","Deflect","Quick Slash"],"picked":"SKIP","floor":2.0},{"not_picked":["Deadly Poison","Endless Agony"],"picked":"Dagger Throw","floor":4.0},{"not_picked":["Outmaneuver","Deadly Poison"],"picked":"Cloak And Dagger","floor":5.0},{"not_picked":["Slice","All Out Attack"],"picked":"Cloak And Dagger","floor":7.0},{"not_picked":["Acrobatics","Night Terror"],"picked":"PiercingWail","floor":11.0},{"not_picked":["Hidden Blade","Setup"],"picked":"Cloak And Dagger","floor":12.0},{"not_picked":["Setup","Slice","PiercingWail"],"picked":"SKIP","floor":13.0},{"not_picked":["Toxin Wave","Dodge and Roll"],"picked":"Backflip","floor":14.0},{"not_picked":["ReplayTheSpireMod:From All Sides","Poison Darts"],"picked":"After Image","floor":16.0},{"not_picked":["Cloak And Dagger","Deflect","Underhanded Strike"],"picked":"SKIP","floor":18.0},{"not_picked":["Dagger Throw+1","Outmaneuver"],"picked":"Concentrate+1","floor":19.0},{"not_picked":["Draining Mist","Deflect","Dash"],"picked":"SKIP","floor":20.0},{"not_picked":["Blur","Backflip"],"picked":"Predator+1","floor":22.0},{"not_picked":["Bouncing Flask","Cloak And Dagger","Deflect"],"picked":"SKIP","floor":24.0},{"not_picked":["Acrobatics","ReplayTheSpireMod:Shiv Toss"],"picked":"Hidden Blade+1","floor":27.0},{"not_picked":["ReplayTheSpireMod:From All Sides","Bane"],"picked":"Expertise","floor":28.0},{"not_picked":["Hidden Blade","Skewer","Dodge and Roll"],"picked":"SKIP","floor":31.0},{"not_picked":["Storm of Steel","Tools of the Trade"],"picked":"A Thousand Cuts","floor":33},{"not_picked":["Replay:Poison Smokescreen","Quick Slash+1"],"picked":"ReplayTheSpireMod:Scrap Shanks+1","floor":34},{"not_picked":["Sucker Punch","Outmaneuver"],"picked":"Blade Dance+1","floor":35},{"not_picked":["PiercingWail","Crippling Poison"],"picked":"Prepared+1","floor":37},{"not_picked":["Dagger Spray+1","Dodge and Roll","ReplayTheSpireMod:Speed Training"],"picked":"SKIP","floor":38},{"not_picked":["Bane+1","Quick Slash+1","Unload"],"picked":"SKIP","floor":44},{"not_picked":["Deadly Poison","Dagger Throw"],"picked":"Calculated Gamble+1","floor":47},{"not_picked":["Dodge and Roll+1","Dagger Throw+1"],"picked":"Footwork+1","floor":48}],"player_experience":1450560,"relics_obtained":[{"floor":9.0,"key":"Bronze Scales"},{"floor":14.0,"key":"Potion Belt"},{"floor":24.0,"key":"ReplayTheSpireMod:TigerMarble"},{"floor":26.0,"key":"Turnip"},{"floor":28.0,"key":"Red Mask"},{"floor":41,"key":"TungstenRod"},{"floor":43,"key":"Replay:Rubber Ducky"},{"floor":44,"key":"Calipers"}],"event_choices":[{"cards_removed":["Cloak And Dagger"],"damage_healed":0.0,"max_hp_gain":0.0,"max_hp_loss":0.0,"gold_gain":0.0,"event_name":"WeMeetAgain","player_choice":"Gave Card","floor":8.0,"gold_loss":0.0,"damage_taken":0.0,"relics_obtained":["Regal Pillow"]},{"damage_healed":0.0,"max_hp_gain":0.0,"max_hp_loss":0.0,"gold_gain":0.0,"event_name":"Masked Bandits","player_choice":"Fought Bandits","floor":28.0,"gold_loss":0.0,"damage_taken":0.0},{"damage_healed":0.0,"max_hp_gain":0.0,"max_hp_loss":0.0,"gold_gain":0.0,"event_name":"Cursed Tome","player_choice":"Ignored","floor":30.0,"gold_loss":0.0,"damage_taken":0.0},{"damage_healed":19,"gold_gain":0,"player_choice":"Writhe","damage_taken":0,"max_hp_gain":0,"max_hp_loss":0,"event_name":"Winding Halls","floor":39,"gold_loss":0,"cards_obtained":["Writhe"]},{"damage_healed":0,"gold_gain":0,"player_choice":"Fight","damage_taken":0,"max_hp_gain":0,"max_hp_loss":0,"event_name":"Mysterious Sphere","floor":41,"gold_loss":0},{"cards_removed":["Strike_G"],"damage_healed":0,"gold_gain":0,"player_choice":"Removed Attack","damage_taken":0,"max_hp_gain":0,"max_hp_loss":0,"event_name":"Falling","floor":45,"gold_loss":0}],"is_beta":false,"boss_relics":[{"not_picked":["HoveringKite","Replay:Wanted Poster"],"picked":"WristBlade"},{"not_picked":["Coffee Dripper","Abe\u0027s Treasure"],"picked":"Tiny House"}],"items_purged_floors":[3,21,29,36],"is_endless":false,"potions_floor_spawned":[4,11,12,13,16,20,22,27,28,35,44,47],"ascension_level":4}}