{"host":"qm4rv4rkpk76sbxu","time":1612709870,"event":{"mods":["BaseMod","Bestiary","Block Reminder","DeckTracker","Filter the Spire","Keyboard Shortcuts","Minty Spire (QoL Compilation)","MonsterHotkey","Quick Restart","Random Character Button","Relic Stats","Slay-I","StSLib","Unceasing Turn Reminder","ojb\u0027s Better Paths Mod","ojb\u0027s Info Mod"],"gold_per_floor":[150,187,225,225,8,63,136,191,191,191,191],"floor_reached":10,"language":"ENG","playtime":493,"items_purged":[],"score":94,"play_id":"37df3483-49d2-434b-a280-c78f66480986","local_time":"20210207155750","is_ascension_mode":true,"campfire_choices":[],"circlet_count":0,"master_deck":["Strike_G","Strike_G","Strike_G","Strike_G","Strike_G","Defend_G","Defend_G","Defend_G","Defend_G","Defend_G","Survivor","Neutralize","HandOfGreed","Blur","Predator","Night Terror","Terror","Poisoned Stab","Dash","Wraith Form v2"],"relics":["Ring of the Snake","Snake Skull","Happy Flower","Oddly Smooth Stone","Blue Candle"],"acts_visited":["Exordium"],"potions_floor_usage":[10,10],"damage_taken":[{"damage":4.0,"enemies":"Small Slimes","floor":1.0,"turns":4.0},{"damage":0.0,"enemies":"Cultist","floor":2.0,"turns":3.0},{"damage":0.0,"enemies":"Jaw Worm","floor":3.0,"turns":3.0},{"damage":25.0,"enemies":"Lagavulin","floor":6.0,"turns":5.0},{"damage":15.0,"enemies":"Lots of Slimes","floor":7.0,"turns":12.0},{"damage":14.0,"enemies":"Gremlin Nob","floor":8.0,"turns":4.0},{"damage":11,"enemies":"3 Sentries","floor":10,"turns":4}],"seed_played":"3452773780823324752","potions_obtained":[{"floor":2.0,"key":"Block Potion"},{"floor":3.0,"key":"SpeedPotion"},{"floor":7.0,"key":"SkillPotion"}],"is_trial":false,"path_per_floor":["M","M","M","?","$","E","M","E","T","E"],"character_chosen":"THE_SILENT","items_purchased":["Snake Skull","Terror"],"campfire_rested":0,"item_purchase_floors":[5,5],"current_hp_per_floor":[59,59,59,59,59,34,19,5,5,0,0],"gold":191,"neow_bonus":"RANDOM_COLORLESS_2","is_daily":false,"chose_seed":false,"campfire_upgraded":0,"win_rate":0.0,"timestamp":1612709870,"path_taken":["M","M","M","?","?","E","M","E","T","E"],"items_purchased_type":["Relic","Card"],"build_version":"2020-12-22","purchased_purges":0,"victory":false,"max_hp_per_floor":[63,63,63,63,63,63,63,63,63,63,63],"relic_stats":{"Happy Flower":[6],"counters":[7,35],"Blue Candle":[0],"Snake Skull":[2],"obtain_stats":[{"Happy Flower":6,"Blue Candle":9,"Oddly Smooth Stone":8,"Snake Skull":5,"Ring of the Snake":0},{"Happy Flower":4,"Blue Candle":6,"Oddly Smooth Stone":6,"Snake Skull":3,"Ring of the Snake":0},{"Happy Flower":15,"Blue Candle":31,"Oddly Smooth Stone":31,"Snake Skull":10,"Ring of the Snake":0}],"Ring of the Snake":[14]},"card_choices":[{"not_picked":["Apotheosis","Magnetism"],"picked":"HandOfGreed","floor":0.0},{"not_picked":["Acrobatics","Blade Dance"],"picked":"Blur","floor":1.0},{"not_picked":["Deadly Poison","Blade Dance"],"picked":"Predator","floor":2.0},{"not_picked":["Flying Knee","Prepared","Concentrate"],"picked":"SKIP","floor":3.0},{"not_picked":["Dagger Spray","Prepared"],"picked":"Poisoned Stab","floor":6.0},{"not_picked":["Quick Slash","Bane"],"picked":"Dash","floor":7.0},{"not_picked":["Acrobatics","Deflect"],"picked":"Wraith Form v2","floor":8.0}],"player_experience":1520103,"relics_obtained":[{"floor":6.0,"key":"Happy Flower"},{"floor":8.0,"key":"Oddly Smooth Stone"},{"floor":9.0,"key":"Blue Candle"}],"event_choices":[{"damage_healed":0.0,"max_hp_gain":0.0,"max_hp_loss":0.0,"gold_gain":0.0,"event_name":"Match and Keep!","player_choice":"1 cards matched","floor":4.0,"gold_loss":0.0,"damage_taken":0.0,"cards_obtained":["Night Terror"]}],"is_beta":false,"boss_relics":[],"items_purged_floors":[],"is_endless":false,"potions_floor_spawned":[2,3,7],"killed_by":"3 Sentries","ascension_level":4}}