{"host":"75zx7uhsgygk98v8","time":1612723239,"event":{"mods":["BaseMod","Colored Map","Colored Powertips","Downfall","Googly Eyes","Highlight Path","Minty Spire (QoL Compilation)","StSLib"],"gold_per_floor":[99,114,133,133,143,153,153,185,211,11,27,27,27,27,44,146,146,146,165,265,345,245,256,256,281,281,281,281],"floor_reached":26,"language":"ENG","playtime":2011,"items_purged":[],"score":315,"play_id":"2968a2cf-a5c8-4d5b-a88a-df27c5c892a6","local_time":"20210207124039","is_ascension_mode":true,"campfire_choices":[{"floor":1.0,"key":"RECALL"},{"data":"Guardian:SentryBeam","floor":10.0,"key":"SMITH"},{"data":"Guardian:PrismaticBeam","floor":12.0,"key":"SMITH"},{"data":"Guardian:StasisEngine","floor":18.0,"key":"SMITH"}],"circlet_count":0,"master_deck":["Guardian:Strike_Guardian","Guardian:Strike_Guardian","Guardian:Strike_Guardian+1","Guardian:Defend_Guardian+1","Guardian:Defend_Guardian+1","Guardian:Defend_Guardian","Guardian:Defend_Guardian","Guardian:CurlUp+1","Guardian:TwinSlam+1","Guardian:SentryBeam","Guardian:ShieldCharger","Guardian:SentryBeam+1","Guardian:PrismaticBeam+1","downfall:Malfunctioning","Guardian:FuturePlans","Guardian:StasisEngine+1","Guardian:Orbwalk+1","Guardian:MultiBeam+1","Guardian:Planning","Ghostly","Guardian:TemporalShield","Guardian:FastForward"],"relics":["Guardian:ModeShifter","Meat on the Bone","Letter Opener","downfall:HeartBlessingBlue","downfall:HeartBlessingRed","Black Star","downfall:CloakOfManyFaces","CultistMask","FaceOfCleric","NlothsMask","GremlinMask","SsserpentHead","Red Mask","Smiling Mask","War Paint"],"acts_visited":["Exordium","TheCity"],"potions_floor_usage":[21,23],"damage_taken":[{"damage":5.0,"enemies":"Jaw Worm","floor":2.0,"turns":4.0},{"damage":5.0,"enemies":"Cultist","floor":3.0,"turns":4.0},{"damage":0.0,"enemies":"2 Louse","floor":5.0,"turns":3.0},{"damage":21.0,"enemies":"Large Slime","floor":6.0,"turns":8.0},{"damage":46.0,"enemies":"Gremlin Nob","floor":8.0,"turns":6.0},{"damage":8.0,"enemies":"Gremlin Gang","floor":11.0,"turns":4.0},{"damage":5.0,"enemies":"Exordium Thugs","floor":15.0,"turns":4.0},{"damage":0.0,"enemies":"SI_SHIV_ARCHETYPE","floor":16.0,"turns":7.0},{"damage":10.0,"enemies":"Chosen","floor":19.0,"turns":6.0},{"damage":5.0,"enemies":"downfall:FaceTrader","floor":20.0,"turns":9.0},{"damage":24,"enemies":"Masked Bandits","floor":21,"turns":5},{"damage":8,"enemies":"Cultist and Chosen","floor":23,"turns":7},{"damage":57,"enemies":"Gremlin Leader","floor":25,"turns":8},{"damage":15,"enemies":"Snecko","floor":26,"turns":2}],"seed_played":"8522768554850452658","potions_obtained":[{"floor":2.0,"key":"SmokeBomb"},{"floor":8.0,"key":"Guardian:AcceleratePotion"},{"floor":11.0,"key":"Fruit Juice"},{"floor":15.0,"key":"Explosive Potion"},{"floor":19.0,"key":"EssenceOfSteel"},{"floor":21,"key":"Ancient Potion"}],"is_trial":false,"path_per_floor":["R","M","M","?","M","M","T","E","T","R","M","R","?","?","M","B",null,"R","M","?","?","?","M","T","E","M"],"character_chosen":"GUARDIAN","items_purchased":[],"campfire_rested":0,"item_purchase_floors":[],"current_hp_per_floor":[88,83,78,78,78,57,57,23,23,33,42,42,42,42,49,61,103,103,93,88,65,65,58,58,14,0,0,0],"gold":281,"neow_bonus":"TEN_PERCENT_HP_BONUS","is_daily":false,"chose_seed":false,"campfire_upgraded":3,"win_rate":0.0,"timestamp":1612723239,"path_taken":["R","M","M","?","?","?","T","E","?","R","M","R","?","?","M","BOSS","R","M","?","?","?","M","T","E","M"],"items_purchased_type":[],"build_version":"2020-12-22","purchased_purges":0,"victory":false,"max_hp_per_floor":[88,88,88,88,88,88,88,88,88,98,103,103,103,103,103,103,103,103,103,103,104,104,105,105,106,106,106,106],"card_choices":[{"not_picked":["Guardian:Gem_Yellow","Guardian:WalkerClaw"],"picked":"Guardian:Gem_Crimson","floor":2.0},{"not_picked":["Guardian:EvasiveProtocol","Guardian:ChargeCore"],"picked":"Guardian:Gem_Cyan","floor":3.0},{"not_picked":["Guardian:Reroute","Guardian:RollAttack"],"picked":"Guardian:Gem_Purple","floor":5.0},{"not_picked":["Guardian:RollAttack","Guardian:VentSteam"],"picked":"Guardian:ShieldCharger","floor":6.0},{"not_picked":["Guardian:Recover","Guardian:Incinerate"],"picked":"Guardian:SentryBeam","floor":8.0},{"not_picked":["Guardian:TemporalShield","Guardian:Gem_Lightblue"],"picked":"Guardian:PrismaticBeam","floor":11.0},{"not_picked":["Guardian:BodySlam","Guardian:VentSteam"],"picked":"Guardian:FuturePlans","floor":15.0},{"not_picked":["Guardian:StasisStrike","Guardian:RevengeProtocol"],"picked":"Guardian:StasisEngine","floor":16.0},{"not_picked":["Guardian:CrystalBeam","Guardian:TemporalStrike"],"picked":"Guardian:Orbwalk+1","floor":19.0},{"not_picked":["Guardian:RollAttack+1","Guardian:Recover"],"picked":"Guardian:MultiBeam+1","floor":20},{"not_picked":["Guardian:PrimingBeam","Guardian:Incinerate+1"],"picked":"Guardian:Planning","floor":21},{"not_picked":["Guardian:Gem_Green","Guardian:TemporalStrike"],"picked":"Guardian:TemporalShield","floor":23},{"not_picked":["Guardian:MultiBeam","Guardian:Incinerate"],"picked":"Guardian:FastForward","floor":25}],"player_experience":1382996,"relics_obtained":[{"floor":7.0,"key":"Meat on the Bone"},{"floor":8.0,"key":"Letter Opener"},{"floor":20,"key":"downfall:CloakOfManyFaces"},{"floor":21,"key":"Red Mask"},{"floor":25,"key":"Smiling Mask"},{"floor":25,"key":"War Paint"}],"event_choices":[{"damage_healed":0,"gold_gain":0,"player_choice":"Fought Bandits","damage_taken":0,"max_hp_gain":0,"max_hp_loss":0,"event_name":"Masked Bandits","floor":21,"gold_loss":0}],"is_beta":false,"boss_relics":[{"not_picked":["Velvet Choker","Sozu"],"picked":"Black Star"}],"items_purged_floors":[],"is_endless":false,"potions_floor_spawned":[2,8,11,15,19,21],"killed_by":"Snecko","ascension_level":1}}