{"host":"CMSolomon","time":1612704082,"event":{"mods":["Act Like it!","BaseMod","Downfall","Minty Spire (QoL Compilation)","StSLib"],"gold_per_floor":[99,114,124,141,159,172,195,223,223,257,276,288,301,301,319,319,319,319],"floor_reached":16,"language":"ZHS","playtime":1487,"items_purged":[],"score":108,"play_id":"a6a506c4-a581-4945-930a-616634838cae","local_time":"20210207212122","is_ascension_mode":false,"campfire_choices":[{"data":"bronze:Goto","floor":1,"key":"SMITH"}],"circlet_count":0,"master_deck":["bronze:Strike","bronze:Strike","bronze:Strike","bronze:Defend","bronze:Defend","bronze:Defend","bronze:Defend","bronze:Replicate","bronze:Goto+1","bronze:BitShift","bronze:ItsAFeature","bronze:DigitalCarnage","bronze:WhirlingStrike","bronze:FineTuning","bronze:ChildClass","bronze:SpaghettiCode","bronze:DelayedSlice","bronze:SpaghettiCode","bronze:ForLoop"],"relics":["bronze:BronzeCore","Orichalcum","Odd Mushroom","Oddly Smooth Stone","downfall:BrokenWingStatue"],"acts_visited":["Exordium"],"potions_floor_usage":[10,16,16],"damage_taken":[{"damage":6,"enemies":"Jaw Worm","floor":2,"turns":3},{"damage":3,"enemies":"2 Louse","floor":3,"turns":2},{"damage":10,"enemies":"Small Slimes","floor":4,"turns":4},{"damage":3,"enemies":"2 Fungi Beasts","floor":5,"turns":3},{"damage":16,"enemies":"Gremlin Gang","floor":6,"turns":6},{"damage":6,"enemies":"The Mushroom Lair","floor":8,"turns":3},{"damage":17,"enemies":"3 Sentries","floor":10,"turns":6},{"damage":0,"enemies":"Lots of Slimes","floor":11,"turns":2},{"damage":0,"enemies":"3 Louse","floor":12,"turns":3},{"damage":0,"enemies":"Blue Slaver","floor":13,"turns":3},{"damage":0,"enemies":"Exordium Thugs","floor":15,"turns":3},{"damage":16,"enemies":"IC_STATUS_ARCHETYPE","floor":16,"turns":10}],"seed_played":"-5658816709407247129","potions_obtained":[{"floor":5,"key":"Dexterity Potion"},{"floor":6,"key":"EssenceOfSteel"},{"floor":8,"key":"LiquidMemories"},{"floor":10,"key":"LiquidBronze"},{"floor":12,"key":"Swift Potion"},{"floor":15,"key":"Block Potion"}],"is_trial":false,"path_per_floor":["R","M","M","M","M","M","T","?","?","E","M","M","M","?","M","B"],"character_chosen":"THE_AUTOMATON","items_purchased":[],"campfire_rested":0,"item_purchase_floors":[],"current_hp_per_floor":[77,71,68,58,55,39,39,33,33,16,16,16,16,16,16,0,0,0],"gold":319,"neow_bonus":"TEN_PERCENT_HP_BONUS","is_daily":false,"chose_seed":false,"campfire_upgraded":1,"win_rate":0.0,"timestamp":1612704082,"path_taken":["R","M","M","M","M","M","T","?","?","E","M","M","M","?","M","BOSS"],"items_purchased_type":[],"build_version":"2020-12-18","purchased_purges":0,"victory":false,"max_hp_per_floor":[77,77,77,77,77,77,77,77,77,77,77,77,77,77,77,77,77,77],"card_choices":[{"not_picked":["bronze:Deprecate","bronze:Backtrace"],"picked":"bronze:BitShift","floor":2},{"not_picked":["bronze:BitShift","bronze:Shield"],"picked":"bronze:ItsAFeature","floor":3},{"not_picked":["bronze:WildBeam","bronze:DarkDash"],"picked":"bronze:DigitalCarnage","floor":4},{"not_picked":["bronze:DarkDash","bronze:CutThrough"],"picked":"bronze:WhirlingStrike","floor":5},{"not_picked":["bronze:Safeguard","bronze:CloningBeam"],"picked":"bronze:FineTuning","floor":6},{"not_picked":["bronze:CutThrough","bronze:ForLoop"],"picked":"bronze:ChildClass","floor":8},{"not_picked":["bronze:WildBeam","bronze:DelayedGuard"],"picked":"bronze:SpaghettiCode","floor":10},{"not_picked":["bronze:BugBarrage","bronze:Shield","bronze:DelayedGuard"],"picked":"SKIP","floor":11},{"not_picked":["bronze:Iterate","bronze:Flail"],"picked":"bronze:DelayedSlice","floor":12},{"not_picked":["bronze:Turbo","bronze:OilSpill"],"picked":"bronze:SpaghettiCode","floor":13},{"not_picked":["bronze:DigitalCarnage","bronze:Invalidate"],"picked":"bronze:ForLoop","floor":15}],"player_experience":1490815,"relics_obtained":[{"floor":7,"key":"Orichalcum"},{"floor":8,"key":"Odd Mushroom"},{"floor":10,"key":"Oddly Smooth Stone"}],"event_choices":[{"damage_healed":0,"gold_gain":0,"player_choice":"Fought Mushrooms","damage_taken":0,"max_hp_gain":0,"max_hp_loss":0,"event_name":"Mushrooms","floor":8,"gold_loss":0}],"is_beta":true,"boss_relics":[],"items_purged_floors":[],"is_endless":false,"potions_floor_spawned":[5,6,8,10,12,15],"killed_by":"IC_STATUS_ARCHETYPE","ascension_level":0}}