{"host":"gc8h028r85mpey4t","time":1612674286,"event":{"mods":["BaseMod","BetterRewards","Colored Powertips","Minty Spire (QoL Compilation)","StSLib","The Senshi"],"gold_per_floor":[114,28,28,43,20,20,20,20,95,110,110,125,125,125,125,125,125],"floor_reached":16,"language":"ENG","playtime":1267,"items_purged":[],"score":90,"play_id":"285345ec-e7a5-49fb-87e6-a79aae403d19","local_time":"20210206210446","daily_mods":["Heirloom","Purple Cards","Lethality"],"is_ascension_mode":false,"campfire_choices":[{"data":"theSenshi:MoonTiaraMagic","floor":6,"key":"SMITH"},{"data":"theSenshi:SailorMercuryAssists","floor":7,"key":"SMITH"},{"data":"theSenshi:SailorKick","floor":8,"key":"SMITH"},{"data":"theSenshi:SailorKick","floor":11,"key":"SMITH"},{"data":"theSenshi:LunasBite","floor":15,"key":"SMITH"}],"circlet_count":0,"master_deck":["theSenshi:SailorKick","theSenshi:SailorKick+1","theSenshi:SailorKick+1","theSenshi:SailorKick","theSenshi:SailorBlock","theSenshi:SailorBlock","theSenshi:SailorBlock","theSenshi:SailorBlock","theSenshi:RoseThrow","theSenshi:MoonPrismPowerMakeUp","theSenshi:LunasBite+1","theSenshi:Sidestep","theSenshi:KlutzyLuck","theSenshi:SailorMercuryAssists+1","theSenshi:MoonTiaraMagic+1","theSenshi:SailorVenusAssists","theSenshi:SailorMercuryAssists","theSenshi:SailorJupiterAssists"],"relics":["theSenshi:TransformationBroochRelic","WingedGreaves","theSenshi:TransformationPenRelic"],"acts_visited":["Exordium"],"potions_floor_usage":[],"damage_taken":[{"damage":2,"enemies":"2 Louse","floor":1,"turns":4},{"damage":2,"enemies":"Jaw Worm","floor":4,"turns":4},{"damage":0,"enemies":"Cultist","floor":10,"turns":4},{"damage":0,"enemies":"Looter","floor":12,"turns":2},{"damage":35,"enemies":"Gremlin Gang","floor":14,"turns":5},{"damage":41,"enemies":"The Guardian","floor":16,"turns":4}],"seed_played":"8884597751285247366","potions_obtained":[{"floor":4,"key":"DuplicationPotion"}],"is_trial":false,"path_per_floor":["M","$","?","M","$","R","R","R","T","M","R","M","?","M","R","B"],"character_chosen":"THE_SENSHI","items_purchased":["theSenshi:Sidestep","theSenshi:KlutzyLuck","theSenshi:MoonTiaraMagic"],"campfire_rested":0,"item_purchase_floors":[2,2,5],"current_hp_per_floor":[73,73,75,73,73,73,73,73,73,73,73,73,73,38,38,0,0],"gold":125,"neow_bonus":"","is_daily":true,"chose_seed":false,"campfire_upgraded":5,"win_rate":0.0,"timestamp":1612674286,"path_taken":["M","$","?","M","$","R","R","R","T","M","R","M","?","?","R","BOSS"],"items_purchased_type":["Card","Card","Card"],"build_version":"2020-12-22","purchased_purges":0,"victory":false,"max_hp_per_floor":[75,75,75,75,75,75,75,75,75,75,75,75,75,75,75,75,75],"card_choices":[{"not_picked":["theSenshi:MoonPower","theSenshi:SchoolBag"],"picked":"theSenshi:LunasBite","floor":1},{"not_picked":["theSenshi:LunasBite","theSenshi:MoonTiaraMagic"],"picked":"theSenshi:SailorMercuryAssists","floor":4},{"not_picked":["theSenshi:Sidestep","theSenshi:MoonPower"],"picked":"theSenshi:SailorVenusAssists","floor":10},{"not_picked":["theSenshi:MoonPower","theSenshi:GlimpseOfThePast"],"picked":"theSenshi:SailorMercuryAssists","floor":12},{"not_picked":["theSenshi:PlutosSolemnity","theSenshi:TuxedoSmokingBomber"],"picked":"theSenshi:SailorJupiterAssists","floor":14}],"player_experience":110539,"relics_obtained":[{"floor":9,"key":"theSenshi:TransformationPenRelic"}],"event_choices":[{"damage_healed":25,"gold_gain":0,"player_choice":"Banana","damage_taken":0,"max_hp_gain":0,"max_hp_loss":0,"event_name":"Big Fish","floor":3,"gold_loss":0},{"damage_healed":0,"gold_gain":0,"player_choice":"Ignored","damage_taken":0,"max_hp_gain":0,"max_hp_loss":0,"event_name":"Liars Game","floor":13,"gold_loss":0}],"is_beta":false,"boss_relics":[],"items_purged_floors":[],"is_endless":false,"potions_floor_spawned":[4],"killed_by":"The Guardian","ascension_level":0}}