{"host":"bcxgpd1eu8czocm9","time":1612719642,"event":{"mods":["BaseMod","Downfall","Minty Spire (QoL Compilation)","Quick Restart","Replay The Spire","Spicy Shops","StSLib","¡¾ÒÅÎï¿¨ÅÆ¡¿REMEMod"],"gold_per_floor":[119,119,131,56,156,186,255,255,255,255,271,288,304,315,315,420,420,430,56,79,107,123,152,165,190,190,233,233,257,54,54,54,54,54],"floor_reached":33,"language":"ZHS","playtime":1108,"items_purged":["Defend_R","Normality"],"score":466,"play_id":"7ad01fad-0639-4faa-be53-ba559ecba73f","local_time":"20210208014042","is_ascension_mode":false,"campfire_choices":[{"data":"Brutality","floor":8,"key":"SMITH"},{"floor":10,"key":"RECALL"},{"data":"TalkToTheHand","floor":15,"key":"SMITH"},{"data":"Limit Break","floor":28,"key":"SMITH"},{"data":"Pummel","floor":32,"key":"SMITH"}],"circlet_count":0,"master_deck":["Strike_R","Strike_R+1","Strike_R","Strike_R","Strike_R","Defend_R","Defend_R","Defend_R+1","Bash","TalkToTheHand+1","Clash","downfall:Haunted","downfall:Haunted","downfall:Bewildered","Brutality+1","CommonCold","ReplayTheSpireMod:Splinters","Sword Boomerang","Sword Boomerang","Second Wind","Reaper","REME_FirmDetermination","Pummel+1","Flex","Purity","Rupture+1","Limit Break+1","Combust","Shame"],"relics":["Burning Blood","REME_ComplimentaryCards","NeowsBlessing","Darkstone Periapt","Singing Bowl","ReplayTheSpireMod:Lightbulb","REME_LowDesire","CeramicFish","Replay:Rubber Ducky","Bottled Tornado","White Beast Statue","Boot","Gremlin Food","Medical Kit","Bronze Scales","Ring of Panic"],"acts_visited":["Exordium","TheCity"],"potions_floor_usage":[18,23,27,33],"damage_taken":[{"damage":0,"enemies":"Small Slimes","floor":1,"turns":1},{"damage":0,"enemies":"Jaw Worm","floor":3,"turns":1},{"damage":0,"enemies":"Lagavulin","floor":6,"turns":1},{"damage":2,"enemies":"Cultist","floor":11,"turns":3},{"damage":11,"enemies":"2 Fungi Beasts","floor":12,"turns":3},{"damage":16,"enemies":"Blue Slaver","floor":13,"turns":4},{"damage":34,"enemies":"Exordium Wildlife","floor":14,"turns":5},{"damage":42,"enemies":"The Guardian","floor":16,"turns":12},{"damage":58,"enemies":"3 Byrds","floor":18,"turns":8},{"damage":2,"enemies":"Chosen","floor":20,"turns":3},{"damage":11,"enemies":"Shelled Parasite and Fungi","floor":21,"turns":4},{"damage":26,"enemies":"Snake Plant","floor":22,"turns":6},{"damage":67,"enemies":"Book of Stabbing","floor":23,"turns":5},{"damage":13,"enemies":"Snecko","floor":24,"turns":5},{"damage":23,"enemies":"Shelled Parasite and Fungi","floor":25,"turns":5},{"damage":6,"enemies":"Replay:Snechameleon","floor":27,"turns":5},{"damage":2,"enemies":"Snake Plant","floor":29,"turns":3},{"damage":80,"enemies":"Automaton","floor":33,"turns":6}],"seed_played":"8089601633560090765","potions_obtained":[{"floor":7,"key":"BloodPotion"},{"floor":7,"key":"Toxic Potion"},{"floor":12,"key":"ColorlessPotion"},{"floor":14,"key":"ElixirPotion"},{"floor":16,"key":"Regen Potion"},{"floor":20,"key":"Energy Potion"},{"floor":24,"key":"BlessingOfTheForge"},{"floor":27,"key":"FearPotion"}],"is_trial":false,"path_per_floor":["M","?","M","$","?","E","?","R","T","R","M","M","M","M","R","B",null,"M","$","M","M","M","E","M","M","T","E","R","M","$","?","R","B"],"character_chosen":"IRONCLAD","items_purchased":["REME_FirmDetermination","Pummel","Bottled Tornado","Medical Kit","Bronze Scales"],"campfire_rested":0,"item_purchase_floors":[19,19,19,30,30],"current_hp_per_floor":[80,64,70,70,105,113,119,119,119,119,125,120,112,84,84,48,127,93,93,97,98,84,51,52,42,42,42,42,46,52,52,52,0,0],"gold":54,"neow_bonus":"THREE_ENEMY_KILL","is_daily":false,"chose_seed":false,"campfire_upgraded":4,"win_rate":0.0,"timestamp":1612719642,"path_taken":["M","?","M","$","?","E","?","R","T","R","M","M","M","M","R","BOSS","M","$","M","?","M","E","M","M","T","E","R","M","$","?","R","BOSS"],"items_purchased_type":["Card","Card","Relic","Relic","Relic"],"build_version":"2020-12-22","purchased_purges":2,"victory":false,"max_hp_per_floor":[80,80,80,80,115,117,123,123,123,123,125,125,127,127,127,127,127,129,129,129,129,131,133,135,135,135,135,135,135,141,141,141,141,141],"card_choices":[{"not_picked":["Twin Strike","Anger","Replay:Undeath\u0027s Touch"],"picked":"SKIP","floor":1},{"not_picked":["REME_Scribble","Rupture"],"picked":"Clash","floor":3},{"not_picked":["Warcry","Defy Death","Feel No Pain"],"picked":"Singing Bowl","floor":6},{"not_picked":["Dark Embrace","Run Through"],"picked":"Sword Boomerang","floor":7},{"not_picked":["Thunderclap","Seeing Red","ReplayTheSpireMod:Stacked"],"picked":"Singing Bowl","floor":11},{"not_picked":["Cleave","Feed"],"picked":"Sword Boomerang","floor":12},{"not_picked":["Pommel Strike","Feel No Pain","Wild Strike"],"picked":"Singing Bowl","floor":13},{"not_picked":["Infernal Blade","Havoc"],"picked":"Second Wind","floor":14},{"not_picked":["Demon Form","Replay:Many Hands"],"picked":"Reaper","floor":16},{"not_picked":["Twin Strike","Hemokinesis+1","Defy Death","REME_AllRoundStrike"],"picked":"Singing Bowl","floor":18},{"not_picked":["Armaments","Carnage","Swift Strike"],"picked":"Flex","floor":20},{"not_picked":["Pommel Strike","Dark Embrace","Flame Barrier"],"picked":"Purity","floor":21},{"not_picked":["Run Through","Headbutt","Clash","REME_EyeOfCthun"],"picked":"Singing Bowl","floor":22},{"not_picked":["Cleave","True Grit","Sentinel","REME_Flogging"],"picked":"Singing Bowl","floor":23},{"not_picked":["Entrench","Wild Strike","ReplayTheSpireMod:Muscle Training+1","Replay:Parry"],"picked":"Singing Bowl","floor":24},{"not_picked":["Shrug It Off","Warcry","Secret Technique"],"picked":"Rupture+1","floor":25},{"not_picked":["Pommel Strike","Bloodletting","REME_BodyOfCthun"],"picked":"Limit Break","floor":27},{"not_picked":["Perfected Strike","Clothesline","Master of Strategy"],"picked":"Combust","floor":29}],"player_experience":445341,"relics_obtained":[{"floor":6,"key":"Singing Bowl"},{"floor":7,"key":"ReplayTheSpireMod:Lightbulb"},{"floor":17,"key":"CeramicFish"},{"floor":17,"key":"Replay:Rubber Ducky"},{"floor":23,"key":"White Beast Statue"},{"floor":26,"key":"Boot"},{"floor":27,"key":"Gremlin Food"},{"floor":31,"key":"Ring of Panic"}],"event_choices":[{"damage_healed":0,"gold_gain":0,"player_choice":"Entered Light","damage_taken":16,"max_hp_gain":0,"max_hp_loss":0,"event_name":"Shining Light","floor":2,"gold_loss":0,"cards_upgraded":["Defend_R","Strike_R"]}],"is_beta":false,"boss_relics":[{"not_picked":["Fusion Hammer","ReplayTheSpireMod:DimensionalGlitch"],"picked":"REME_LowDesire"}],"items_purged_floors":[4,19],"is_endless":false,"potions_floor_spawned":[12,14,16,20,24,25,27,29],"killed_by":"Automaton","ascension_level":0}}