{"host":"sc0o2qwpf9j16a4i","time":1612706589,"event":{"mods":["AchievementEnabler","BaseMod","BetterRewards","Block Reminder","Colored Map","Colored Powertips","Custom Start","Highlight Path","Minty Spire (QoL Compilation)","Relic Stats"],"gold_per_floor":[117,130,280,3,3,37,50,64,64,94,19,19,48,48,48,122,122,140,140,158,176,192,221,235,267,291,291,391,408,441,366,366,438,438,456,506,506,506,550,550,550],"floor_reached":40,"language":"ENG","playtime":1692,"items_purged":["Doubt"],"score":1028,"play_id":"e4b0af5f-4d64-413c-9347-f1558e083457","local_time":"20210207160309","is_ascension_mode":true,"campfire_choices":[{"data":"Meditate","floor":15,"key":"SMITH"},{"floor":27,"key":"REST"},{"floor":32,"key":"REST"}],"circlet_count":0,"master_deck":["AscendersBane","Strike_P","Defend_P","Defend_P","Defend_P","Defend_P","Eruption","Vigilance","Wallop+1","Consecrate","Meditate+1","Worship+1","Protect","Consecrate","Adaptation","FearNoEvil","LikeWater","SpiritShield","LikeWater","TalkToTheHand","LikeWater+1","Protect","CrushJoints+1","DeusExMachina","Meditate","InnerPeace","Wish"],"relics":["PureWater","NeowsBlessing","Bird Faced Urn","Sundial","The Courier","Nunchaku","StrikeDummy","Snecko Eye","Darkstone Periapt","HornCleat","Potion Belt","CaptainsWheel","Bottled Flame","Bottled Tornado","Busted Crown","Pocketwatch"],"acts_visited":["Exordium","TheCity","TheBeyond"],"potions_floor_usage":[10,23,28,29,30,40],"damage_taken":[{"damage":0,"enemies":"Jaw Worm","floor":1,"turns":1},{"damage":0,"enemies":"Small Slimes","floor":2,"turns":1},{"damage":0,"enemies":"Lagavulin","floor":6,"turns":1},{"damage":0,"enemies":"Cultist","floor":7,"turns":4},{"damage":6,"enemies":"Large Slime","floor":8,"turns":5},{"damage":0,"enemies":"Gremlin Nob","floor":10,"turns":3},{"damage":3,"enemies":"Lagavulin","floor":13,"turns":7},{"damage":14,"enemies":"Slime Boss","floor":16,"turns":8},{"damage":0,"enemies":"Spheric Guardian","floor":18,"turns":1},{"damage":0,"enemies":"2 Thieves","floor":20,"turns":3},{"damage":6,"enemies":"3 Cultists","floor":21,"turns":5},{"damage":0,"enemies":"Centurion and Healer","floor":22,"turns":7},{"damage":33,"enemies":"Slavers","floor":23,"turns":7},{"damage":11,"enemies":"Snake Plant","floor":24,"turns":5},{"damage":10,"enemies":"Book of Stabbing","floor":25,"turns":4},{"damage":0,"enemies":"Colosseum Slavers","floor":28,"turns":5},{"damage":35,"enemies":"Colosseum Nobs","floor":28,"turns":7},{"damage":0,"enemies":"Cultist and Chosen","floor":29,"turns":4},{"damage":32,"enemies":"Slavers","floor":30,"turns":8},{"damage":21,"enemies":"Collector","floor":33,"turns":9},{"damage":0,"enemies":"3 Darklings","floor":35,"turns":5},{"damage":0,"enemies":"Mind Bloom Boss Battle","floor":36,"turns":6},{"damage":2,"enemies":"Orb Walker","floor":39,"turns":4},{"damage":38,"enemies":"Reptomancer","floor":40,"turns":2}],"seed_played":"-7673000781452588276","potions_obtained":[{"floor":1,"key":"Block Potion"},{"floor":10,"key":"Dexterity Potion"},{"floor":13,"key":"Ancient Potion"},{"floor":18,"key":"DistilledChaos"},{"floor":25,"key":"ColorlessPotion"},{"floor":28,"key":"StancePotion"},{"floor":33,"key":"LiquidBronze"},{"floor":35,"key":"BlessingOfTheForge"}],"is_trial":false,"path_per_floor":["M","M","?","$","?","E","M","M","T","E","?","?","E","T","R","B",null,"M","?","M","M","M","E","M","E","T","R","?","M","E","?","R","B",null,"M","?","?","?","M","E"],"character_chosen":"WATCHER","items_purchased":["BattleHymn","Meditate","Worship"],"campfire_rested":2,"item_purchase_floors":[4,4,4],"current_hp_per_floor":[61,61,61,61,61,61,63,59,59,61,61,41,42,42,42,34,60,60,60,64,62,68,39,36,32,32,52,35,39,17,17,37,26,58,68,68,68,65,65,27,27],"gold":550,"neow_bonus":"THREE_ENEMY_KILL","is_daily":false,"chose_seed":false,"campfire_upgraded":1,"win_rate":0.0,"timestamp":1612706589,"path_taken":["M","M","?","$","?","E","?","M","T","E","?","?","E","?","R","BOSS","M","?","M","?","M","E","M","E","T","R","?","M","E","?","R","BOSS","M","?","?","?","M","E"],"items_purchased_type":["Card","Card","Card"],"build_version":"2020-12-22","purchased_purges":1,"victory":false,"max_hp_per_floor":[68,68,68,68,68,68,68,68,68,68,68,68,68,68,68,68,68,68,68,68,68,68,68,68,68,68,68,68,68,68,68,68,68,68,68,68,68,65,65,65,65],"relic_stats":{"Darkstone Periapt":0,"Nunchaku":[17],"Busted Crown":6,"counters":[24,112],"Sundial":[12],"Bird Faced Urn":[102],"Snecko Eye":[130,140,127,121],"obtain_stats":[{"Darkstone Periapt":23,"Potion Belt":26,"NeowsBlessing":0,"The Courier":10,"Bottled Tornado":30,"Nunchaku":13,"CaptainsWheel":28,"Bottled Flame":28,"HornCleat":25,"Busted Crown":34,"Sundial":9,"Bird Faced Urn":6,"Snecko Eye":17,"PureWater":0,"StrikeDummy":14,"Pocketwatch":36},{"Darkstone Periapt":13,"Potion Belt":15,"NeowsBlessing":0,"The Courier":6,"Bottled Tornado":19,"Nunchaku":7,"CaptainsWheel":17,"Bottled Flame":17,"HornCleat":15,"Busted Crown":20,"Sundial":5,"Bird Faced Urn":3,"Snecko Eye":8,"PureWater":0,"StrikeDummy":7,"Pocketwatch":22},{"Darkstone Periapt":53,"Potion Belt":62,"NeowsBlessing":0,"The Courier":15,"Bottled Tornado":86,"Nunchaku":22,"CaptainsWheel":74,"Bottled Flame":74,"HornCleat":62,"Busted Crown":95,"Sundial":12,"Bird Faced Urn":3,"Snecko Eye":30,"PureWater":0,"StrikeDummy":22,"Pocketwatch":106}],"Pocketwatch":[1]},"card_choices":[{"not_picked":["FlyingSleeves","EmptyBody"],"picked":"Wallop","floor":1},{"not_picked":["Fasting2","JustLucky"],"picked":"Consecrate","floor":2},{"not_picked":["EmptyFist","Brilliance"],"picked":"Protect","floor":6},{"not_picked":["EmptyFist","Fasting2"],"picked":"Consecrate","floor":7},{"not_picked":["Halt","Pray"],"picked":"Adaptation","floor":8},{"not_picked":["Pray","JustLucky"],"picked":"FearNoEvil","floor":10},{"not_picked":["Conclude","Halt"],"picked":"LikeWater","floor":13},{"not_picked":["Devotion","Blasphemy"],"picked":"SpiritShield","floor":16},{"not_picked":["Study","Crescendo"],"picked":"LikeWater","floor":18},{"not_picked":["EmptyBody","ClearTheMind"],"picked":"TalkToTheHand","floor":20},{"not_picked":["Evaluate","Adaptation"],"picked":"LikeWater+1","floor":21},{"not_picked":["WaveOfTheHand","ReachHeaven"],"picked":"Protect","floor":22},{"not_picked":["JustLucky","Prostrate"],"picked":"CrushJoints+1","floor":23},{"not_picked":["CarveReality+1","CrushJoints"],"picked":"DeusExMachina","floor":24},{"not_picked":["Consecrate","EmptyBody","WindmillStrike"],"picked":"SKIP","floor":25},{"not_picked":["CutThroughFate","FlurryOfBlows"],"picked":"Meditate","floor":28},{"not_picked":["Consecrate","ReachHeaven","Vengeance"],"picked":"SKIP","floor":29},{"not_picked":["Study","Crescendo"],"picked":"InnerPeace","floor":30},{"not_picked":["Establishment","Ragnarok"],"picked":"Wish","floor":33},{"not_picked":["LikeWater"],"picked":"SKIP","floor":35},{"not_picked":["Nirvana"],"picked":"SKIP","floor":39}],"player_experience":1261946,"relics_obtained":[{"floor":6,"key":"Bird Faced Urn"},{"floor":9,"key":"Sundial"},{"floor":10,"key":"The Courier"},{"floor":13,"key":"Nunchaku"},{"floor":14,"key":"StrikeDummy"},{"floor":23,"key":"Darkstone Periapt"},{"floor":25,"key":"HornCleat"},{"floor":26,"key":"Potion Belt"},{"floor":28,"key":"CaptainsWheel"},{"floor":28,"key":"Bottled Flame"},{"floor":30,"key":"Bottled Tornado"},{"floor":36,"key":"Pocketwatch"}],"event_choices":[{"damage_healed":0,"gold_gain":150,"player_choice":"AGREE","damage_taken":0,"max_hp_gain":0,"max_hp_loss":0,"event_name":"Liars Game","floor":3,"gold_loss":0,"cards_obtained":["Doubt"]},{"cards_removed":["Strike_P"],"damage_healed":0,"gold_gain":0,"player_choice":"Purged","damage_taken":0,"max_hp_gain":0,"max_hp_loss":0,"event_name":"Purifier","floor":5,"gold_loss":0},{"cards_removed":["Strike_P"],"damage_healed":0,"gold_gain":0,"player_choice":"Card Removal","damage_taken":0,"max_hp_gain":0,"max_hp_loss":0,"event_name":"The Cleric","floor":11,"gold_loss":75},{"damage_healed":0,"gold_gain":0,"player_choice":"Entered Light","damage_taken":20,"max_hp_gain":0,"max_hp_loss":0,"event_name":"Shining Light","floor":12,"gold_loss":0,"cards_upgraded":["Wallop","Worship"]},{"damage_healed":0,"gold_gain":0,"player_choice":"0 cards matched","damage_taken":0,"max_hp_gain":0,"max_hp_loss":0,"event_name":"Match and Keep!","floor":19,"gold_loss":0,"cards_obtained":[]},{"damage_healed":0,"gold_gain":0,"player_choice":"Fight","damage_taken":0,"max_hp_gain":0,"max_hp_loss":0,"event_name":"Colosseum","floor":28,"gold_loss":0},{"damage_healed":0,"gold_gain":0,"player_choice":"Fought Nobs","damage_taken":0,"max_hp_gain":0,"max_hp_loss":0,"event_name":"Colosseum","floor":28,"gold_loss":0},{"cards_removed":["Strike_P"],"damage_healed":0,"gold_gain":0,"player_choice":"Gave Gold","damage_taken":0,"max_hp_gain":0,"max_hp_loss":0,"event_name":"Beggar","floor":31,"gold_loss":75},{"damage_healed":0,"gold_gain":0,"player_choice":"Fight","damage_taken":0,"max_hp_gain":0,"max_hp_loss":0,"event_name":"MindBloom","floor":36,"gold_loss":0},{"cards_removed":["BattleHymn"],"damage_healed":0,"gold_gain":0,"player_choice":"Removed Power","damage_taken":0,"max_hp_gain":0,"max_hp_loss":0,"event_name":"Falling","floor":37,"gold_loss":0},{"damage_healed":0,"gold_gain":0,"player_choice":"Max HP","damage_taken":0,"max_hp_gain":0,"max_hp_loss":3,"event_name":"Winding Halls","floor":38,"gold_loss":0}],"is_beta":false,"boss_relics":[{"not_picked":["Calling Bell","Runic Dome"],"picked":"Snecko Eye"},{"not_picked":["Empty Cage","Coffee Dripper"],"picked":"Busted Crown"}],"items_purged_floors":[4],"is_endless":false,"potions_floor_spawned":[1,10,13,18,22,25,28,28,33,35],"killed_by":"Reptomancer","ascension_level":20}}