{"host":"ocllwaoi18j60ltd","time":1612719757,"event":{"mods":["BaseMod","DeckTracker","Minty Spire (QoL Compilation)","Permanent Neow","Quick Restart","StSLib","SuperFastMode"],"gold_per_floor":[111,124,141,153,165,165,195,195,195,195,67,67,77,89,89,163,163,175,175,100,100,112,112,112,112],"floor_reached":24,"language":"KOR","playtime":478,"items_purged":["Strike_G"],"score":421,"play_id":"0ba451a6-0945-4b11-97e7-fd8bf9930874","local_time":"20210208024237","is_ascension_mode":true,"campfire_choices":[{"data":"Eviscerate","floor":6.0,"key":"SMITH"},{"data":"Crippling Poison","floor":8.0,"key":"SMITH"},{"data":"Acrobatics","floor":10.0,"key":"SMITH"},{"data":"Neutralize","floor":12.0,"key":"SMITH"},{"floor":15.0,"key":"REST"},{"data":"Tactician","floor":23,"key":"SMITH"}],"circlet_count":0,"master_deck":["AscendersBane","Defend_G","Defend_G","Defend_G","Defend_G","Defend_G","Survivor","Neutralize+1","Masterful Stab","Acrobatics+1","Crippling Poison+1","Dagger Throw","Eviscerate+1","Reflex","Quick Slash","Backflip","Bullet Time","Concentrate","Bite","Bite","Bite","Bite","Bite","Tactician+1"],"relics":["Ring of the Snake","Orichalcum","Happy Flower","The Courier","Cursed Key"],"acts_visited":["Exordium","TheCity"],"potions_floor_usage":[16,18],"damage_taken":[{"damage":0.0,"enemies":"2 Louse","floor":1.0,"turns":3.0},{"damage":10.0,"enemies":"Small Slimes","floor":2.0,"turns":6.0},{"damage":0.0,"enemies":"Jaw Worm","floor":3.0,"turns":3.0},{"damage":3.0,"enemies":"Blue Slaver","floor":4.0,"turns":6.0},{"damage":0.0,"enemies":"Looter","floor":5.0,"turns":3.0},{"damage":12.0,"enemies":"Lagavulin","floor":7.0,"turns":5.0},{"damage":0.0,"enemies":"2 Fungi Beasts","floor":13.0,"turns":3.0},{"damage":18.0,"enemies":"3 Louse","floor":14.0,"turns":3.0},{"damage":27,"enemies":"Slime Boss","floor":16,"turns":9},{"damage":21,"enemies":"Spheric Guardian","floor":18,"turns":4},{"damage":1,"enemies":"3 Byrds","floor":22,"turns":5},{"damage":36,"enemies":"Book of Stabbing","floor":24,"turns":4}],"seed_played":"-3079881427920094471","potions_obtained":[{"floor":2.0,"key":"SkillPotion"},{"floor":4.0,"key":"GamblersBrew"},{"floor":16,"key":"SpeedPotion"},{"floor":18,"key":"Ancient Potion"}],"is_trial":false,"path_per_floor":["M","M","M","M","M","R","E","R","T","R","$","R","M","M","R","B",null,"M","?","?","?","M","R","E"],"character_chosen":"THE_SILENT","items_purchased":["Reflex"],"campfire_rested":1,"item_purchase_floors":[11],"current_hp_per_floor":[59,49,49,46,46,46,34,34,34,34,34,34,34,16,35,8,52,31,13,13,13,24,24,0,0],"gold":112,"neow_bonus":"RANDOM_COMMON_RELIC","is_daily":false,"chose_seed":false,"campfire_upgraded":5,"win_rate":0.0,"timestamp":1612719757,"path_taken":["M","M","M","M","M","R","E","R","T","R","$","R","M","M","R","BOSS","M","?","?","?","M","R","E"],"items_purchased_type":["Card"],"build_version":"2020-12-22","purchased_purges":1,"victory":false,"max_hp_per_floor":[66,66,66,66,66,66,66,66,66,66,66,66,66,66,66,66,66,66,71,71,49,49,49,49,49],"card_choices":[{"not_picked":["Deflect","Catalyst"],"picked":"Masterful Stab","floor":1.0},{"not_picked":["Footwork","Slice"],"picked":"Acrobatics","floor":2.0},{"not_picked":["PiercingWail","Deadly Poison"],"picked":"Crippling Poison","floor":3.0},{"not_picked":["Heel Hook","Concentrate"],"picked":"Dagger Throw","floor":4.0},{"not_picked":["Catalyst","Caltrops"],"picked":"Eviscerate","floor":5.0},{"not_picked":["Cloak And Dagger","Outmaneuver","Blade Dance"],"picked":"SKIP","floor":7.0},{"not_picked":["Flying Knee","Infinite Blades"],"picked":"Quick Slash","floor":13.0},{"not_picked":["Venomology","Quick Slash"],"picked":"Backflip","floor":14.0},{"not_picked":["Corpse Explosion","Tools of the Trade"],"picked":"Bullet Time","floor":16},{"not_picked":["Catalyst","Bane"],"picked":"Concentrate","floor":18},{"not_picked":["Backstab","Eviscerate"],"picked":"Tactician","floor":22}],"player_experience":847034,"relics_obtained":[{"floor":7.0,"key":"Happy Flower"},{"floor":9.0,"key":"The Courier"}],"event_choices":[{"damage_healed":0,"gold_gain":0,"player_choice":"Shed Blood","damage_taken":23,"max_hp_gain":5,"max_hp_loss":0,"event_name":"Forgotten Altar","floor":19,"gold_loss":0},{"cards_removed":["Strike_G"],"damage_healed":0,"gold_gain":0,"player_choice":"Gave Gold","damage_taken":0,"max_hp_gain":0,"max_hp_loss":0,"event_name":"Beggar","floor":20,"gold_loss":75},{"damage_healed":0,"gold_gain":0,"player_choice":"Became a vampire","damage_taken":0,"max_hp_gain":0,"max_hp_loss":22,"event_name":"Vampires","floor":21,"gold_loss":0,"cards_obtained":["Bite","Bite","Bite","Bite","Bite"]}],"is_beta":false,"boss_relics":[{"not_picked":["Ectoplasm","Busted Crown"],"picked":"Cursed Key"}],"items_purged_floors":[11],"is_endless":false,"potions_floor_spawned":[2,4,16,18],"killed_by":"Book of Stabbing","ascension_level":20}}