{"host":"4cz9gr89nglr7k8k","time":1612726644,"event":{"mods":["BaseMod","Minty Spire (QoL Compilation)","Relic Stats","Slay-I"],"gold_per_floor":[115,27,42,42,57,57,101,119,119,119,7,22,36,71,71,71,71],"floor_reached":16,"language":"DEU","playtime":368,"items_purged":[],"score":224,"play_id":"9be38d44-7ea1-442b-bf73-0f65a1a66e8a","local_time":"20210207203724","is_ascension_mode":true,"campfire_choices":[{"floor":6,"key":"REST"},{"floor":10,"key":"REST"},{"floor":15,"key":"REST"}],"circlet_count":0,"master_deck":["AscendersBane","Strike_R","Strike_R","Strike_R","Strike_R","Strike_R","Defend_R","Defend_R","Defend_R","Defend_R","Bash","Corruption","Twin Strike","Rampage","Clothesline","Reckless Charge","Whirlwind","Clothesline","Anger","Twin Strike","Spot Weakness","Seeing Red","Limit Break"],"relics":["Burning Blood","Golden Idol","Eternal Feather","Mummified Hand","Question Card"],"acts_visited":["Exordium"],"potions_floor_usage":[7,8,14,14],"damage_taken":[{"damage":14,"enemies":"2 Louse","floor":1,"turns":2},{"damage":5,"enemies":"Small Slimes","floor":3,"turns":3},{"damage":6,"enemies":"Cultist","floor":5,"turns":3},{"damage":49,"enemies":"Lagavulin","floor":7,"turns":6},{"damage":21,"enemies":"Large Slime","floor":8,"turns":6},{"damage":13,"enemies":"3 Louse","floor":12,"turns":4},{"damage":6,"enemies":"2 Fungi Beasts","floor":13,"turns":2},{"damage":36,"enemies":"Gremlin Nob","floor":14,"turns":4},{"damage":56,"enemies":"The Guardian","floor":16,"turns":9}],"seed_played":"-6724378282577442750","potions_obtained":[{"floor":3,"key":"SteroidPotion"},{"floor":5,"key":"BloodPotion"},{"floor":7,"key":"GamblersBrew"},{"floor":12,"key":"Regen Potion"}],"is_trial":false,"path_per_floor":["M","$","M","?","M","R","E","M","T","R","$","M","M","E","R","B"],"character_chosen":"IRONCLAD","items_purchased":["Rampage","Anger","Twin Strike"],"campfire_rested":3,"item_purchase_floors":[2,11,11],"current_hp_per_floor":[60,60,61,35,35,57,14,14,14,45,45,38,38,20,54,0,0],"gold":71,"neow_bonus":"ONE_RANDOM_RARE_CARD","is_daily":false,"chose_seed":false,"campfire_upgraded":0,"win_rate":0.0,"timestamp":1612726644,"path_taken":["M","$","M","?","M","R","E","M","T","R","$","M","M","E","R","BOSS"],"items_purchased_type":["Card","Card","Card"],"build_version":"2020-12-22","purchased_purges":0,"victory":false,"max_hp_per_floor":[75,75,75,75,75,75,75,75,75,75,75,75,75,75,75,75,75],"relic_stats":{"counters":[9,39],"Golden Idol":29,"Mummified Hand":[0],"Eternal Feather":21,"Question Card":0,"obtain_stats":[{"Golden Idol":4,"Mummified Hand":9,"Eternal Feather":7,"Question Card":14,"Burning Blood":0},{"Golden Idol":2,"Mummified Hand":5,"Eternal Feather":4,"Question Card":8,"Burning Blood":0},{"Golden Idol":5,"Mummified Hand":20,"Eternal Feather":14,"Question Card":30,"Burning Blood":0}],"Burning Blood":48},"card_choices":[{"not_picked":["Thunderclap","Pummel"],"picked":"Twin Strike","floor":1},{"not_picked":["Pommel Strike","Entrench"],"picked":"Clothesline","floor":3},{"not_picked":["Entrench","Second Wind"],"picked":"Reckless Charge","floor":5},{"not_picked":["Intimidate","Pummel"],"picked":"Whirlwind","floor":7},{"not_picked":["Wild Strike","Iron Wave"],"picked":"Clothesline","floor":8},{"not_picked":["Battle Trance","Entrench"],"picked":"Spot Weakness","floor":12},{"not_picked":["Hemokinesis","Burning Pact"],"picked":"Seeing Red","floor":13},{"not_picked":["Twin Strike","Iron Wave"],"picked":"Limit Break","floor":14}],"player_experience":1544181,"relics_obtained":[{"floor":7,"key":"Eternal Feather"},{"floor":9,"key":"Mummified Hand"},{"floor":14,"key":"Question Card"}],"event_choices":[{"damage_healed":0,"gold_gain":0,"player_choice":"Take Damage","damage_taken":26,"relics_obtained":["Golden Idol"],"max_hp_gain":0,"max_hp_loss":0,"event_name":"Golden Idol","floor":4,"gold_loss":0}],"is_beta":false,"boss_relics":[],"items_purged_floors":[],"is_endless":false,"potions_floor_spawned":[3,5,7,12],"killed_by":"The Guardian","ascension_level":20}}