{"host":"jpcy2bclvs7juczu","time":1612666415,"event":{"mods":["Alarm Clock","BaseMod","Bestiary","Block Reminder","Colored Map","Colored Powertips","Current Relic Mod","Curses Come First","Dark Map","Filter the Spire","Minty Spire (QoL Compilation)","Quick Restart","RNG Fix","Relic Stats","Slay the Relics Exporter","Smile Girya","StSLib","everything is the same but u backflip on backflip","ojb\u0027s Better Paths Mod","ojb\u0027s Info Mod","slay the spire mod where everything is the same but ironclad has a cowboy hat"],"gold_per_floor":[112,112,129,140,153,153,173,184,207,237,237,21,21,32,32,103,103,115,128,3,16,28,28,28],"floor_reached":23,"language":"ENG","playtime":766,"items_purged":[],"score":394,"play_id":"c224841a-5861-48fb-b038-1c9ac284740e","local_time":"20210206215335","is_ascension_mode":true,"campfire_choices":[{"data":"Iron Wave","floor":6,"key":"SMITH"},{"floor":13,"key":"REST"},{"data":"Bash","floor":15,"key":"SMITH"}],"circlet_count":0,"master_deck":["AscendersBane","Strike_R","Strike_R","Strike_R","Strike_R","Strike_R","Defend_R","Defend_R","Defend_R","Defend_R","Bash+1","Iron Wave+1","Decay","Blood for Blood","Anger","Disarm","Flame Barrier","Inflame","Corruption","Sentinel","Spot Weakness","Carnage"],"relics":["Burning Blood","Boot","Red Skull","Ice Cream","Membership Card","Coffee Dripper","Frozen Eye"],"acts_visited":["Exordium","TheCity"],"potions_floor_usage":[8,16,16,18,19,21],"damage_taken":[{"damage":3,"enemies":"2 Louse","floor":1,"turns":4},{"damage":9,"enemies":"Jaw Worm","floor":3,"turns":3},{"damage":9,"enemies":"Cultist","floor":4,"turns":4},{"damage":26,"enemies":"Lots of Slimes","floor":5,"turns":5},{"damage":14,"enemies":"Looter","floor":7,"turns":3},{"damage":4,"enemies":"2 Fungi Beasts","floor":8,"turns":3},{"damage":37,"enemies":"3 Sentries","floor":10,"turns":10},{"damage":6,"enemies":"Exordium Thugs","floor":14,"turns":5},{"damage":22,"enemies":"Hexaghost","floor":16,"turns":9},{"damage":20,"enemies":"Shell Parasite","floor":18,"turns":5},{"damage":6,"enemies":"3 Byrds","floor":19,"turns":4},{"damage":17,"enemies":"Shelled Parasite and Fungi","floor":21,"turns":5},{"damage":1,"enemies":"Snecko","floor":22,"turns":4},{"damage":45,"enemies":"Slavers","floor":23,"turns":3}],"seed_played":"7373090814241496396","potions_obtained":[{"floor":4,"key":"Energy Potion"},{"floor":7,"key":"Weak Potion"},{"floor":10,"key":"FearPotion"},{"floor":16,"key":"SkillPotion"},{"floor":18,"key":"DuplicationPotion"},{"floor":19,"key":"HeartOfIron"}],"is_trial":false,"path_per_floor":["M","?","M","M","M","R","M","M","T","E","?","$","R","M","R","B",null,"M","M","$","M","M","E"],"character_chosen":"IRONCLAD","items_purchased":["Membership Card","Flame Barrier","Frozen Eye","Sentinel"],"campfire_rested":1,"item_purchase_floors":[12,12,20,20],"current_hp_per_floor":[71,71,68,65,45,45,37,39,39,8,8,8,30,30,30,14,60,46,46,46,35,40,0,0],"gold":28,"neow_bonus":"RANDOM_COMMON_RELIC","is_daily":false,"chose_seed":false,"campfire_upgraded":2,"win_rate":0.0,"timestamp":1612666415,"path_taken":["M","?","M","M","M","R","M","?","T","E","?","?","R","M","R","BOSS","M","M","$","M","?","E"],"items_purchased_type":["Relic","Card","Relic","Card"],"build_version":"2020-12-22","purchased_purges":0,"victory":false,"max_hp_per_floor":[75,75,75,75,75,75,75,75,75,75,75,75,75,75,75,75,75,75,75,75,75,75,75,75],"relic_stats":{"counters":[14,67],"Boot":[20],"obtain_stats":[{"Ice Cream":10,"Frozen Eye":20,"Coffee Dripper":17,"Membership Card":12,"Boot":0,"Burning Blood":0,"Red Skull":9},{"Ice Cream":7,"Frozen Eye":11,"Coffee Dripper":9,"Membership Card":7,"Boot":0,"Burning Blood":0,"Red Skull":6},{"Ice Cream":32,"Frozen Eye":55,"Coffee Dripper":46,"Membership Card":32,"Boot":0,"Burning Blood":0,"Red Skull":22}],"Burning Blood":78},"card_choices":[{"not_picked":["Anger","Armaments"],"picked":"Iron Wave","floor":1},{"not_picked":["Sword Boomerang","Dual Wield"],"picked":"Blood for Blood","floor":3},{"not_picked":["Havoc","Exhume","True Grit"],"picked":"SKIP","floor":4},{"not_picked":["Wild Strike","Warcry"],"picked":"Anger","floor":5},{"not_picked":["Limit Break","Headbutt","Armaments"],"picked":"SKIP","floor":7},{"not_picked":["Ghostly Armor","Battle Trance"],"picked":"Disarm","floor":8},{"not_picked":["Havoc","Armaments","Body Slam"],"picked":"SKIP","floor":10},{"not_picked":["Havoc","Iron Wave"],"picked":"Inflame","floor":14},{"not_picked":["Immolate","Fiend Fire"],"picked":"Corruption","floor":16},{"not_picked":["Twin Strike","Perfected Strike","Dual Wield"],"picked":"SKIP","floor":18},{"not_picked":["Anger","Rage","Armaments"],"picked":"SKIP","floor":19},{"not_picked":["Offering","Twin Strike"],"picked":"Spot Weakness","floor":21},{"not_picked":["Perfected Strike","Sword Boomerang"],"picked":"Carnage","floor":22}],"player_experience":1588309,"relics_obtained":[{"floor":9,"key":"Red Skull"},{"floor":10,"key":"Ice Cream"}],"event_choices":[{"damage_healed":0,"gold_gain":0,"player_choice":"Cursed","damage_taken":0,"max_hp_gain":0,"max_hp_loss":0,"event_name":"Wheel of Change","floor":2,"gold_loss":0,"cards_obtained":["Decay"]},{"damage_healed":0,"gold_gain":0,"player_choice":"Ignored","damage_taken":0,"max_hp_gain":0,"max_hp_loss":0,"event_name":"Liars Game","floor":11,"gold_loss":0}],"is_beta":false,"boss_relics":[{"not_picked":["Velvet Choker","Empty Cage"],"picked":"Coffee Dripper"}],"items_purged_floors":[],"is_endless":false,"potions_floor_spawned":[4,7,10,16,18,19],"killed_by":"Slavers","ascension_level":20}}