{"host":"f0dbpmn0khgeoqc0","time":1612683147,"event":{"mods":["2.2 Compatiblity","AchievementEnabler","Act Like it!","Ascension Unlocker","Aspiration","BaseMod","Better Altar","Better Match","Better Sensory Stone","Better Skull","Better Third Choice","BetterRewards","Block Reminder","Colored Map","Colored Powertips","Conspire","DNKmod","Disable Question Mark Monsters","Displayed Cursed Tome","Evolution","Friendly Minions","Hermit","Highlight Path","Humility","Infinite Spire","Jorbs\u0027s Wanderer Trilogy","Koishi","Marisa????????","Minty Spire (QoL Compilation)","Monster B Gone","MostiFishMod","Permanent Neow","Random Character Button","Relic Filter","Relic Stats","Replay The Spire","Spicy Shops","Spire Arcade","StSLib","Td1madao Mod","The Gatherer","Treasure Hunter","Wandering Minibosses","??????REMEMod"],"gold_per_floor":[113,127,146,159,146,174,174,193,193,193,219,15,15,27,27,127,127,145,159,159,327,242,242,470,703,727,753,282,296,216,431,431,737,737,808,808,768,601,652,652,733,882,934,935,935],"floor_reached":44,"language":"ENG","playtime":2450,"items_purged":["Shame"],"score":1121,"play_id":"3d9aa50c-b532-4d2d-abf2-5f0e4f8b795b","local_time":"20210207023227","is_ascension_mode":true,"campfire_choices":[{"data":"hermit:FlashPowder","floor":7,"key":"SMITH"},{"data":"hermit:Glare","floor":13,"key":"SMITH"},{"data":"TH:CursedSword","floor":15,"key":"SMITH"},{"data":"hermit:Gestalt","floor":32,"key":"SMITH"},{"data":"hermit:HeroicBravado","floor":40,"key":"SMITH"}],"circlet_count":0,"master_deck":["AscendersBane","hermit:Strike_Hermit","hermit:Strike_Hermit","hermit:Strike_Hermit","hermit:Strike_Hermit","hermit:Defend_Hermit","hermit:Defend_Hermit","hermit:Defend_Hermit+1","hermit:Defend_Hermit","hermit:Snapshot","hermit:Covet","Vault+1","ReplayTheSpireMod:Faulty Equipment","hermit:Snipe","hermit:TakeAim","hermit:GhostlyPresence+1","hermit:Magnum+1","hermit:FlashPowder+1","hermit:FullyLoaded","hermit:Quickdraw+1","hermit:Deadeye+1","hermit:Glare+1","hermit:CalledShot+1","TH:DeckOfManyThings","hermit:Quickdraw+1","hermit:CursedWeapon+1","TH:CopperCoins","Pot Of Greed","Pot Of Greed","Pot Of Greed","TH:CursedSword+1","hermit:Gestalt+1","hermit:WideOpen+1","TH:CopperCoins","hermit:FinalCanter+1","hermit:Gestalt","hermit:Dive+1","TH:TreasureMap","Pot Of Greed","CommonCold","TH:CopperCoins","TH:CopperCoins","hermit:Magnum+1","Vault+1","hermit:Horror+1","Sickly","AbeCurse","TH:CursedSword","hermit:Adapt","hermit:Scavenge+1","Pot Of Greed","hermit:Showdown+1","hermit:HeroicBravado+1","hermit:Enervate+1","TH:CursedSword","hermit:SprayPray+1","hermit:Spite+1","Replay:AllIn","TH:BikiniMail"],"relics":["EVO:Axolotl","DaveBox","Chemical X","Membership Card","ReplayTheSpireMod:CursedCoin","Chameleon Ring","Molten Egg 2","conspire:TreasureMap","Oddly Smooth Stone","SynthV:TestCard","ThornShield","infinitespire:Satchel","Grinning Jar","Replay:Baseball","Bottled Flame","Replay:Grab Bag","Coffee Dripper","ChewingGum","RhineCircuit","REME_DemonsWealth","MutagenicStrength","conspire:TopHat","PreservedInsect","Red Mask","Nunchaku","Bag of Preparation","Kunai","Blood Vial","Toy Ornithopter","DollysMirror","GuanYuAspect","infinitespire:EvilPickle","MostiFishMod:AdaptiveDefenses","War Paint","wanderingMiniBosses:ThiefScarf","hermit:Momento","REME_ComplimentaryCards","infinitespire:CheckeredPen","Regal Pillow","MawBank"],"acts_visited":["Exordium","TheCity","TheBeyond"],"potions_floor_usage":[11,11,21,24,33,33,42],"damage_taken":[{"damage":0,"enemies":"Cultist","floor":1,"turns":2},{"damage":0,"enemies":"Small Slimes","floor":2,"turns":3},{"damage":0,"enemies":"Jaw Worm","floor":3,"turns":3},{"damage":0,"enemies":"2 Fungi Beasts","floor":4,"turns":4},{"damage":5,"enemies":"Blue Slaver","floor":5,"turns":6},{"damage":0,"enemies":"Lagavulin","floor":6,"turns":6},{"damage":1,"enemies":"Looter","floor":8,"turns":3},{"damage":2,"enemies":"Gremlin Nob","floor":11,"turns":3},{"damage":8,"enemies":"Lots of Slimes","floor":14,"turns":3},{"damage":33,"enemies":"Slime Boss","floor":16,"turns":9},{"damage":16,"enemies":"3 Byrds","floor":18,"turns":3},{"damage":4,"enemies":"2 Thieves","floor":19,"turns":3},{"damage":7,"enemies":"Centurion and Healer","floor":21,"turns":6},{"damage":24,"enemies":"Gremlin Leader","floor":24,"turns":2},{"damage":13,"enemies":"Masked Bandits","floor":25,"turns":4},{"damage":2,"enemies":"Snecko","floor":29,"turns":1},{"damage":2,"enemies":"Snake Plant","floor":30,"turns":1},{"damage":12,"enemies":"Centurion and Healer","floor":31,"turns":2},{"damage":52,"enemies":"Pondfish","floor":33,"turns":9},{"damage":39,"enemies":"3 Darklings","floor":35,"turns":9},{"damage":6,"enemies":"3 Shapes","floor":39,"turns":2},{"damage":3,"enemies":"R_Hoarder","floor":41,"turns":7},{"damage":6,"enemies":"Transient","floor":42,"turns":7},{"damage":49,"enemies":"Sphere and 2 Shapes","floor":44,"turns":4}],"seed_played":"-8723119689742859303","potions_obtained":[{"floor":1,"key":"CultistPotion"},{"floor":4,"key":"LiquidMemories"},{"floor":8,"key":"SmokeBomb"},{"floor":11,"key":"REME_GoldPotion"},{"floor":18,"key":"Dexterity Potion"},{"floor":21,"key":"REME_GoldPotion"},{"floor":23,"key":"conspire:TimeTravelPotion"},{"floor":25,"key":"SkillPotion"},{"floor":30,"key":"infinitespire:BlackPotion"},{"floor":37,"key":"hermit:Tonic"},{"floor":37,"key":"CultistPotion"},{"floor":42,"key":"Strength Potion"}],"is_trial":false,"path_per_floor":["M","M","M","M","M","E","R","M","T","?","E","$","R","M","R","B",null,"M","M","?","M","?","R","E","?","T","T","$","M","M","M","R","B",null,"M","?","?","$","M","R","E","M","T","M"],"character_chosen":"HERMIT","items_purchased":["Membership Card","ReplayTheSpireMod:CursedCoin","Chameleon Ring","hermit:Snipe","hermit:TakeAim","hermit:GhostlyPresence","Molten Egg 2","conspire:TreasureMap","hermit:Magnum+1","Oddly Smooth Stone","Replay:Baseball","Bottled Flame","Kunai","Blood Vial","hermit:Magnum+1","Toy Ornithopter","DollysMirror","hermit:Showdown+1","MostiFishMod:AdaptiveDefenses","hermit:HeroicBravado"],"campfire_rested":0,"item_purchase_floors":[0,0,0,0,0,0,0,0,0,0,12,12,28,28,28,28,28,38,38,38],"current_hp_per_floor":[68,68,68,68,63,63,63,62,62,62,60,60,60,52,52,19,61,45,41,41,34,34,34,32,19,19,19,19,59,59,49,49,14,38,19,19,19,19,27,27,38,38,38,0,0],"gold":935,"neow_bonus":"","is_daily":false,"chose_seed":false,"campfire_upgraded":5,"win_rate":0.0,"timestamp":1612683147,"path_taken":["M","M","M","M","?","E","R","M","T","?","E","$","R","M","R","BOSS","M","M","?","M","?","R","E","?","T","?","$","M","M","?","R","BOSS","M","?","?","$","M","R","E","M","T","?"],"items_purchased_type":["Relic","Relic","Relic","Card","Card","Card","Relic","Relic","Card","Relic","Relic","Relic","Relic","Relic","Card","Relic","Relic","Card","Relic","Card"],"build_version":"2020-12-22","purchased_purges":1,"victory":false,"max_hp_per_floor":[75,75,75,75,75,75,75,75,75,75,75,75,75,75,75,75,75,75,75,75,75,75,75,75,75,75,75,75,75,75,75,75,75,38,38,38,38,38,38,38,38,38,38,38,38],"relic_stats":{"Blood Vial":12,"Nunchaku":[7],"Regal Pillow":0,"counters":[42,153],"PreservedInsect":88,"Bag of Preparation":[18],"Chemical X":[9],"Kunai":[13],"War Paint":["stsjorbsmod:Exhale","stsjorbsmod:Double","hermit:GhostlyPresence","hermit:Defend_Hermit"],"MawBank":0,"obtain_stats":[{"Vajra":55,"BloodWine":22,"MostiFishMod:AdaptiveDefenses":38,"EVO:Axolotl":0,"Whetstone":34,"Blood Vial":63,"GuanYuAspect":34,"DollysMirror":28,"Iron Hammer":10,"Kunai":28,"Jackal-EndForJourney":0,"Replay:Blank Codex":30,"aspiration:StickyExplosives":13,"conspire:TreasureMap":0,"wanderingMiniBosses:ThiefScarf":42,"ReplayTheSpireMod:CursedCoin":0,"Replay:Grab Bag":17,"Oddly Smooth Stone":0,"War Paint":7,"RhineCircuit":17,"infinitespire:EvilPickle":34,"Replay:Baseball":32,"Bottled Flame":12,"MutagenicStrength":20,"Molten Egg 2":25,"ReplayTheSpireMod:TigerMarble":58,"Grinning Jar":11,"hermit:Momento":42,"Regal Pillow":44,"DaveBox":0,"Singing Bowl":9,"Bag of Preparation":27,"conspire:TopHat":22,"REME_DemonsWealth":17,"Nunchaku":26,"Chameleon Ring":0,"Red Mask":26,"Chemical X":36,"BargainBundle":25,"NeowsBlessing":0,"PreservedInsect":24,"infinitespire:CheckeredPen":43,"ThornShield":6,"MawBank":44,"SynthV:TestCard":1,"stsjorbsmod:BookOfTrialsRelic":0,"infinitespire:Satchel":9,"ChewingGum":17,"REME_HandOfSuture":28,"Coffee Dripper":49,"Membership Card":0,"Toy Ornithopter":28,"REME_ComplimentaryCards":0},{"Vajra":16,"BloodWine":6,"MostiFishMod:AdaptiveDefenses":38,"EVO:Axolotl":0,"Whetstone":11,"Blood Vial":17,"GuanYuAspect":37,"DollysMirror":33,"Iron Hammer":4,"Kunai":33,"Jackal-EndForJourney":0,"Replay:Blank Codex":10,"aspiration:StickyExplosives":5,"conspire:TreasureMap":18,"wanderingMiniBosses:ThiefScarf":41,"ReplayTheSpireMod:CursedCoin":18,"Replay:Grab Bag":28,"Oddly Smooth Stone":18,"War Paint":3,"RhineCircuit":28,"infinitespire:EvilPickle":37,"Replay:Baseball":10,"Bottled Flame":26,"MutagenicStrength":30,"Molten Egg 2":8,"ReplayTheSpireMod:TigerMarble":16,"Grinning Jar":26,"hermit:Momento":41,"Regal Pillow":41,"DaveBox":0,"Singing Bowl":3,"Bag of Preparation":33,"conspire:TopHat":31,"REME_DemonsWealth":28,"Nunchaku":33,"Chameleon Ring":18,"Red Mask":9,"Chemical X":11,"BargainBundle":8,"NeowsBlessing":0,"PreservedInsect":32,"infinitespire:CheckeredPen":41,"ThornShield":24,"MawBank":41,"SynthV:TestCard":1,"stsjorbsmod:BookOfTrialsRelic":0,"infinitespire:Satchel":25,"ChewingGum":28,"REME_HandOfSuture":10,"Coffee Dripper":13,"Membership Card":18,"Toy Ornithopter":33,"REME_ComplimentaryCards":0},{"Vajra":44,"BloodWine":15,"MostiFishMod:AdaptiveDefenses":133,"EVO:Axolotl":0,"Whetstone":23,"Blood Vial":49,"GuanYuAspect":124,"DollysMirror":111,"Iron Hammer":7,"Kunai":111,"Jackal-EndForJourney":0,"Replay:Blank Codex":21,"aspiration:StickyExplosives":10,"conspire:TreasureMap":51,"wanderingMiniBosses:ThiefScarf":149,"ReplayTheSpireMod:CursedCoin":51,"Replay:Grab Bag":93,"Oddly Smooth Stone":51,"War Paint":4,"RhineCircuit":93,"infinitespire:EvilPickle":124,"Replay:Baseball":21,"Bottled Flame":81,"MutagenicStrength":99,"Molten Egg 2":17,"ReplayTheSpireMod:TigerMarble":44,"Grinning Jar":81,"hermit:Momento":149,"Regal Pillow":149,"DaveBox":0,"Singing Bowl":4,"Bag of Preparation":111,"conspire:TopHat":105,"REME_DemonsWealth":93,"Nunchaku":111,"Chameleon Ring":51,"Red Mask":19,"Chemical X":23,"BargainBundle":17,"NeowsBlessing":0,"PreservedInsect":107,"infinitespire:CheckeredPen":149,"ThornShield":75,"MawBank":149,"SynthV:TestCard":1,"stsjorbsmod:BookOfTrialsRelic":0,"infinitespire:Satchel":78,"ChewingGum":93,"REME_HandOfSuture":21,"Coffee Dripper":37,"Membership Card":51,"Toy Ornithopter":111,"REME_ComplimentaryCards":0}],"Toy Ornithopter":10},"card_choices":[{"not_picked":["hermit:HoleUp","hermit:Cheat"],"picked":"hermit:FullyLoaded","floor":1},{"not_picked":["hermit:Determination","hermit:Manifest","hermit:GhostlyPresence","hermit:ItchyTrigger+1"],"picked":"hermit:Quickdraw+1","floor":2},{"not_picked":["hermit:BlackWind+1","hermit:Enervate+1","hermit:Headshot+1","hermit:Roulette+1"],"picked":"hermit:Deadeye+1","floor":3},{"not_picked":["hermit:CalledShot+1","hermit:TrackingShot+1","hermit:Dive","hermit:Adapt"],"picked":"hermit:Glare","floor":4},{"not_picked":["hermit:Dive","hermit:LoneWolf","hermit:LowProfile","hermit:Vantage"],"picked":"hermit:CalledShot+1","floor":5},{"not_picked":["TH:Mimic","TH:BikiniMail","TH:EnergyPotion"],"picked":"TH:DeckOfManyThings","floor":6},{"not_picked":["hermit:CalledShot+1","hermit:HighCaliber+1","hermit:Roulette+1","hermit:Headshot+1"],"picked":"hermit:Quickdraw+1","floor":6},{"not_picked":["hermit:Brawl","hermit:Feint","hermit:ItchyTrigger+1","hermit:HoleUp"],"picked":"hermit:CursedWeapon+1","floor":8},{"not_picked":["TH:EnergyPotion","TH:ElvenBoots","TH:BikiniMail"],"picked":"TH:CopperCoins","floor":9},{"not_picked":["TH:ElvenBoots","TH:TreasureMap","TH:Mimic"],"picked":"TH:CursedSword","floor":11},{"not_picked":["hermit:NoHoldsBarred+1","hermit:Headshot+1","hermit:TrackingShot+1","hermit:GhostlyPresence"],"picked":"hermit:Gestalt","floor":11},{"not_picked":["hermit:BodyArmor","hermit:Spite+1","hermit:Feint","hermit:GoldenBullet+1"],"picked":"hermit:WideOpen+1","floor":14},{"not_picked":["TH:EnergyPotion","TH:DeckOfManyThings","TH:BikiniMail"],"picked":"TH:CopperCoins","floor":16},{"not_picked":["hermit:FatalDesire","hermit:EternalForm","hermit:Dissolve","hermit:HighNoon"],"picked":"hermit:FinalCanter+1","floor":16},{"not_picked":["hermit:Dive","hermit:Vantage","hermit:Coalescence","hermit:Misfire+1","Pain"],"picked":"hermit:Gestalt","floor":18},{"not_picked":["hermit:Feint+1","hermit:Purgatory+1","hermit:Manifest","hermit:Maintenance","Replay:Hysterical Blindness"],"picked":"hermit:Dive+1","floor":19},{"not_picked":["hermit:WideOpen+1","hermit:Maintenance","hermit:Dive+1","hermit:BigShot","hermit:Snipe+1"],"picked":"Shame","floor":21},{"not_picked":["TH:EnergyPotion","TH:BikiniMail","TH:ArmorSpikes"],"picked":"TH:TreasureMap","floor":24},{"not_picked":["hermit:TakeCover","hermit:LowProfile+1","hermit:Headshot+1","hermit:TrackingShot+1","hermit:SprayPray+1"],"picked":"CommonCold","floor":24},{"not_picked":["hermit:Coalescence","hermit:BodyArmor","hermit:Quickdraw+1","hermit:Headshot+1","hermit:Ricochet+1"],"picked":"ReplayTheSpireMod:IOU","floor":25},{"not_picked":["TH:TreasureMap","TH:EnergyPotion","TH:Mimic"],"picked":"TH:CopperCoins","floor":26},{"not_picked":["TH:ArmorSpikes","TH:BikiniMail","TH:EnergyPotion"],"picked":"TH:CopperCoins","floor":27},{"not_picked":["hermit:Snipe","hermit:Vantage","hermit:CalledShot+1","hermit:TakeAim","ReplayTheSpireMod:Doomed"],"picked":"hermit:Horror+1","floor":29},{"not_picked":["hermit:Roulette+1","hermit:Dissolve","hermit:BodyArmor","hermit:Quickdraw+1","hermit:TakeAim+1","Replay:Hysterical Blindness"],"picked":"SKIP","floor":30},{"not_picked":["hermit:HoleUp","hermit:TakeCover+1","hermit:Ricochet+1","hermit:Cheat","hermit:Gestalt"],"picked":"Sickly","floor":31},{"not_picked":["TH:CopperCoins","TH:ArmorSpikes","TH:DeckOfManyThings"],"picked":"TH:CursedSword","floor":33},{"not_picked":["hermit:FatalDesire","hermit:FinalCanter+1","hermit:HighNoon","hermit:Purgatory+1","Languid"],"picked":"hermit:Adapt","floor":33},{"not_picked":["hermit:Manifest","hermit:CalledShot+1","hermit:Snipe+1","hermit:BigShot+1","Replay:Hysterical Blindness"],"picked":"hermit:Scavenge+1","floor":35},{"not_picked":["hermit:Malice+1","hermit:EyeOfTheStorm+1","hermit:Snipe","hermit:CalledShot+1","ReplayTheSpireMod:Doomed"],"picked":"hermit:Enervate+1","floor":39},{"not_picked":["TH:DeckOfManyThings","TH:ElvenBoots","TH:TreasureMap"],"picked":"TH:CursedSword","floor":41},{"not_picked":["hermit:Snipe","hermit:Quickdraw+1","hermit:BodyArmor+1","hermit:Roulette+1","Injury"],"picked":"hermit:SprayPray+1","floor":41},{"not_picked":["hermit:Dive+1","hermit:ItchyTrigger+1","hermit:Maintenance+1","hermit:Ricochet+1","Hallucinations"],"picked":"hermit:Spite+1","floor":42},{"not_picked":["TH:ArmorSpikes","TH:TreasureMap","TH:PixieDust"],"picked":"TH:BikiniMail","floor":43}],"player_experience":572538,"relics_obtained":[{"floor":1,"key":"SynthV:TestCard"},{"floor":6,"key":"ThornShield"},{"floor":9,"key":"infinitespire:Satchel"},{"floor":11,"key":"Grinning Jar"},{"floor":24,"key":"PreservedInsect"},{"floor":25,"key":"Red Mask"},{"floor":26,"key":"Nunchaku"},{"floor":27,"key":"Bag of Preparation"},{"floor":41,"key":"War Paint"},{"floor":42,"key":"wanderingMiniBosses:ThiefScarf"},{"floor":42,"key":"hermit:Momento"},{"floor":42,"key":"REME_ComplimentaryCards"},{"floor":43,"key":"infinitespire:CheckeredPen"}],"event_choices":[{"damage_healed":0,"gold_gain":0,"player_choice":"Inject Mutagens","damage_taken":0,"relics_obtained":["MutagenicStrength"],"max_hp_gain":0,"max_hp_loss":0,"event_name":"Drug Dealer","floor":20,"gold_loss":0},{"damage_healed":0,"gold_gain":0,"player_choice":"Obtained Relic","damage_taken":0,"relics_obtained":["conspire:TopHat"],"max_hp_gain":0,"max_hp_loss":0,"event_name":"Addict","floor":22,"gold_loss":85},{"damage_healed":0,"gold_gain":0,"player_choice":"Fought Bandits","damage_taken":0,"max_hp_gain":0,"max_hp_loss":0,"event_name":"Masked Bandits","floor":25,"gold_loss":0},{"damage_healed":0,"gold_gain":0,"player_choice":"Leave","damage_taken":0,"max_hp_gain":0,"max_hp_loss":0,"event_name":"conspire:Investor","floor":36,"gold_loss":0},{"damage_healed":0,"gold_gain":0,"player_choice":"Bought 3 Potions","damage_taken":0,"max_hp_gain":0,"max_hp_loss":0,"event_name":"The Woman in Blue","floor":37,"gold_loss":0}],"is_beta":false,"boss_relics":[{"not_picked":["ReplayTheSpireMod:SealedPack","conspire:SlowCooker"],"picked":"Replay:Grab Bag"},{"not_picked":["Runic Dome","Painkiller Herb"],"picked":"Coffee Dripper"},{"not_picked":["Replay:Wanted Poster","conspire:RoyalGoblet"],"picked":"ChewingGum"},{"not_picked":["BloodWine","aspiration:PoetsPen_weak"],"picked":"RhineCircuit"},{"not_picked":["aspiration:PoetsPen","Astrolabe"],"picked":"REME_DemonsWealth"},{"not_picked":["xbg","RhineSuit"],"picked":"GuanYuAspect"}],"items_purged_floors":[28],"is_endless":false,"potions_floor_spawned":[1,4,8,11,18,21,25,30,31,39,42],"killed_by":"Sphere and 2 Shapes","ascension_level":10,"is_humility":true}}