{"host":"6lsob4l0icwczu35","time":1612723982,"event":{"mods":["BaseMod","Curses Come First","Minty Spire (QoL Compilation)","Relic Stats","StSLib"],"gold_per_floor":[119,119,10,29,3,3,16,16,16,51,106,139,150,180,180,277,277,292,272,27,38,53,83,83,98,124,124,154,154,189,199,199,301,301,311,611,628,628,113,144,144,179,205,205,225,237,268,278,278,278,278],"floor_reached":50,"language":"ENG","playtime":2515,"items_purged":["Defend_P","Strike_P","Defend_P"],"score":758,"play_id":"6e58aad5-4421-450c-abdd-bb7b51d46757","local_time":"20210207205302","is_ascension_mode":false,"campfire_choices":[{"data":"Evaluate","floor":6.0,"key":"SMITH"},{"data":"ClearTheMind","floor":8.0,"key":"SMITH"},{"data":"DevaForm","floor":15.0,"key":"SMITH"},{"data":"Prostrate","floor":24,"key":"SMITH"},{"data":"ThirdEye","floor":27,"key":"SMITH"},{"data":"Vigilance","floor":29,"key":"SMITH"},{"data":"Wireheading","floor":32,"key":"SMITH"},{"data":"Pray","floor":41,"key":"SMITH"},{"floor":44,"key":"RECALL"},{"data":"Indignation","floor":49,"key":"SMITH"}],"circlet_count":0,"master_deck":["Strike_P+1","Strike_P+1","Strike_P","Defend_P+1","Defend_P+1","Eruption+1","Vigilance+1","Prostrate+1","Worship+1","BattleHymn","Evaluate+1","ClearTheMind+1","CutThroughFate+1","Weave+1","Wireheading+1","DevaForm+1","Brilliance+1","Tantrum+1","Halt+1","ThirdEye+1","CutThroughFate+1","CarveReality+1","SandsOfTime+1","Alpha","CutThroughFate+1","Pray+1","EmptyFist+1","Crescendo+1","Indignation+1"],"relics":["Black Star","Bottled Lightning","PreservedInsect","Molten Egg 2","Tiny Chest","Dream Catcher","Anchor","Bag of Preparation","Nunchaku","Coffee Dripper","MealTicket","Juzu Bracelet","Whetstone","War Paint","CaptainsWheel","StoneCalendar","Strawberry","Ancient Tea Set","Philosopher\u0027s Stone","Melange","Pen Nib","Smiling Mask","Bronze Scales","Lantern","Centennial Puzzle","Art of War","Bag of Marbles","Blood Vial"],"acts_visited":["Exordium","TheCity","TheBeyond"],"potions_floor_usage":[16,16,16,21,22,23,23,28,30,33,40,50,50],"damage_taken":[{"damage":2.0,"enemies":"2 Louse","floor":1.0,"turns":3.0},{"damage":3.0,"enemies":"Jaw Worm","floor":4.0,"turns":3.0},{"damage":0.0,"enemies":"Cultist","floor":7.0,"turns":3.0},{"damage":14.0,"enemies":"Lagavulin","floor":10.0,"turns":6.0},{"damage":19.0,"enemies":"Gremlin Nob","floor":12.0,"turns":4.0},{"damage":3.0,"enemies":"Red Slaver","floor":13.0,"turns":2.0},{"damage":1.0,"enemies":"3 Sentries","floor":14.0,"turns":4.0},{"damage":7,"enemies":"Hexaghost","floor":16,"turns":6},{"damage":13,"enemies":"Spheric Guardian","floor":18,"turns":4},{"damage":0,"enemies":"Chosen","floor":21,"turns":3},{"damage":14,"enemies":"Centurion and Healer","floor":22,"turns":3},{"damage":8,"enemies":"Book of Stabbing","floor":23,"turns":4},{"damage":0,"enemies":"Chosen and Byrds","floor":25,"turns":4},{"damage":5,"enemies":"Slavers","floor":28,"turns":4},{"damage":13,"enemies":"Book of Stabbing","floor":30,"turns":3},{"damage":0,"enemies":"Cultist and Chosen","floor":31,"turns":4},{"damage":12,"enemies":"Champ","floor":33,"turns":4},{"damage":0,"enemies":"Orb Walker","floor":35,"turns":2},{"damage":8,"enemies":"3 Shapes","floor":37,"turns":2},{"damage":0,"enemies":"Nemesis","floor":40,"turns":3},{"damage":0,"enemies":"Reptomancer","floor":42,"turns":1},{"damage":0,"enemies":"3 Darklings","floor":45,"turns":2},{"damage":0,"enemies":"Transient","floor":46,"turns":5},{"damage":3,"enemies":"Nemesis","floor":47,"turns":3},{"damage":17,"enemies":"Sphere and 2 Shapes","floor":48,"turns":3},{"damage":89,"enemies":"Awakened One","floor":50,"turns":3}],"seed_played":"-3424694124305743573","potions_obtained":[{"floor":1.0,"key":"PowerPotion"},{"floor":4.0,"key":"AttackPotion"},{"floor":10.0,"key":"SpeedPotion"},{"floor":14.0,"key":"LiquidBronze"},{"floor":16,"key":"SpeedPotion"},{"floor":19,"key":"StancePotion"},{"floor":21,"key":"LiquidMemories"},{"floor":22,"key":"EntropicBrew"},{"floor":30,"key":"ColorlessPotion"},{"floor":31,"key":"Swift Potion"},{"floor":37,"key":"Fire Potion"},{"floor":42,"key":"SmokeBomb"},{"floor":45,"key":"SmokeBomb"},{"floor":47,"key":"PowerPotion"}],"is_trial":false,"path_per_floor":["M","?","$","M","$","R","M","R","T","E","T","E","M","E","R","B",null,"M","?","$","M","M","E","R","M","T","R","E","R","E","M","R","B",null,"M","?","M","T","$","E","R","E","T","R","M","M","E","M","R","B"],"character_chosen":"WATCHER","items_purchased":["Worship","Evaluate","MealTicket","Pray","EmptyFist+1","Melange","Pen Nib"],"campfire_rested":0,"item_purchase_floors":[3,5,20,39,39,39,39],"current_hp_per_floor":[70,56,56,53,53,53,53,53,53,39,39,20,17,16,16,9,72,59,59,59,59,45,37,37,37,37,37,32,32,26,26,26,14,79,79,79,71,71,79,79,79,79,79,79,79,79,76,61,61,0,0],"gold":278,"neow_bonus":"BOSS_RELIC","is_daily":false,"chose_seed":false,"campfire_upgraded":9,"win_rate":0.0,"timestamp":1612723982,"path_taken":["M","?","$","M","$","R","M","R","T","E","?","E","M","E","R","BOSS","M","?","$","M","?","E","R","M","T","R","E","R","E","M","R","BOSS","M","?","M","?","$","E","R","E","T","R","M","M","E","M","R","BOSS"],"items_purchased_type":["Card","Card","Relic","Card","Card","Relic","Relic"],"build_version":"2020-12-22","purchased_purges":3,"victory":false,"max_hp_per_floor":[72,72,72,72,72,72,72,72,72,72,72,72,72,72,72,72,72,72,72,72,72,72,72,72,72,72,72,72,72,79,79,79,79,79,79,79,79,79,79,79,79,79,79,79,79,79,79,79,79,79,79],"relic_stats":{"counters":[26,88],"Melange":[3],"StoneCalendar":[0],"PreservedInsect":327,"Pen Nib":[7],"Bag of Preparation":[38],"Juzu Bracelet":0,"Whetstone":["Strike_P","Strike_P"],"War Paint":["Defend_P","Worship"],"Smiling Mask":0,"Blood Vial":4,"Dream Catcher":0,"Nunchaku":[19],"Centennial Puzzle":[9],"Bronze Scales":[58],"Tiny Chest":1,"MealTicket":8,"Black Star":9,"Art of War":[0],"obtain_stats":[{"Lantern":42,"Melange":39,"StoneCalendar":28,"Bag of Preparation":14,"Juzu Bracelet":23,"Whetstone":23,"Ancient Tea Set":30,"Smiling Mask":40,"Blood Vial":47,"Dream Catcher":12,"Nunchaku":14,"Centennial Puzzle":42,"Strawberry":30,"Tiny Chest":11,"MealTicket":20,"Philosopher\u0027s Stone":34,"PreservedInsect":10,"Pen Nib":39,"War Paint":26,"Anchor":12,"CaptainsWheel":28,"Bronze Scales":40,"Molten Egg 2":10,"Black Star":0,"Coffee Dripper":17,"Art of War":43,"Bag of Marbles":47,"Bottled Lightning":9,"PureWater":0},{"Lantern":21,"Melange":19,"StoneCalendar":14,"Bag of Preparation":7,"Juzu Bracelet":12,"Whetstone":12,"Ancient Tea Set":15,"Smiling Mask":20,"Blood Vial":24,"Dream Catcher":5,"Nunchaku":7,"Centennial Puzzle":21,"Strawberry":15,"Tiny Chest":4,"MealTicket":9,"Philosopher\u0027s Stone":17,"PreservedInsect":4,"Pen Nib":19,"War Paint":13,"Anchor":5,"CaptainsWheel":14,"Bronze Scales":20,"Molten Egg 2":4,"Black Star":0,"Coffee Dripper":8,"Art of War":21,"Bag of Marbles":24,"Bottled Lightning":3,"PureWater":0},{"Lantern":72,"Melange":68,"StoneCalendar":53,"Bag of Preparation":25,"Juzu Bracelet":45,"Whetstone":45,"Ancient Tea Set":56,"Smiling Mask":71,"Blood Vial":82,"Dream Catcher":19,"Nunchaku":25,"Centennial Puzzle":72,"Strawberry":56,"Tiny Chest":15,"MealTicket":35,"Philosopher\u0027s Stone":64,"PreservedInsect":15,"Pen Nib":68,"War Paint":49,"Anchor":19,"CaptainsWheel":53,"Bronze Scales":71,"Molten Egg 2":15,"Black Star":0,"Coffee Dripper":31,"Art of War":72,"Bag of Marbles":82,"Bottled Lightning":9,"PureWater":0}]},"card_choices":[{"not_picked":["Wallop","CrushJoints"],"picked":"Prostrate","floor":1.0},{"not_picked":["Pray","FlurryOfBlows"],"picked":"BattleHymn","floor":4.0},{"not_picked":["FlyingSleeves","FlurryOfBlows"],"picked":"ClearTheMind","floor":7.0},{"not_picked":["ClearTheMind","ThirdEye"],"picked":"CutThroughFate+1","floor":10.0},{"not_picked":["Nirvana","CutThroughFate+1"],"picked":"Weave+1","floor":12.0},{"not_picked":["ClearTheMind","Wallop+1"],"picked":"Wireheading","floor":13.0},{"not_picked":["Tantrum+1","SashWhip+1"],"picked":"DevaForm","floor":14.0},{"not_picked":["DevaForm","SpiritShield"],"picked":"Brilliance+1","floor":16},{"not_picked":["BowlingBash+1","Evaluate"],"picked":"Tantrum+1","floor":18},{"not_picked":["LikeWater+1","ClearTheMind","BowlingBash+1"],"picked":"SKIP","floor":21},{"not_picked":["FlyingSleeves+1","Consecrate+1"],"picked":"Halt+1","floor":22},{"not_picked":["Perseverance","ConjureBlade"],"picked":"ThirdEye","floor":23},{"not_picked":["Halt","SashWhip+1"],"picked":"CutThroughFate+1","floor":25},{"not_picked":["EmptyFist+1","Judgement"],"picked":"CarveReality+1","floor":28},{"not_picked":["EmptyBody","FlurryOfBlows+1"],"picked":"SandsOfTime+1","floor":30},{"not_picked":["FollowUp+1","CrushJoints+1","Protect+1"],"picked":"SKIP","floor":31},{"not_picked":["Devotion","SpiritShield"],"picked":"Alpha","floor":33},{"not_picked":["Swivel","JustLucky+1"],"picked":"CutThroughFate+1","floor":35},{"not_picked":["FlurryOfBlows+1","Sanctity","SashWhip+1"],"picked":"SKIP","floor":37},{"not_picked":["EmptyBody+1","Consecrate+1","JustLucky+1"],"picked":"SKIP","floor":40},{"not_picked":["FollowUp+1","TalkToTheHand+1","Crescendo+1"],"picked":"SKIP","floor":42},{"not_picked":["Fasting2+1","BattleHymn+1"],"picked":"Crescendo+1","floor":45},{"not_picked":["FlurryOfBlows+1","WindmillStrike+1","EmptyFist+1"],"picked":"SKIP","floor":46},{"not_picked":["Conclude+1","Nirvana"],"picked":"Indignation","floor":47},{"not_picked":["MasterReality","EmptyMind+1","Meditate"],"picked":"SKIP","floor":48}],"player_experience":311500,"relics_obtained":[{"floor":9.0,"key":"Bottled Lightning"},{"floor":10.0,"key":"PreservedInsect"},{"floor":10.0,"key":"Molten Egg 2"},{"floor":11.0,"key":"Tiny Chest"},{"floor":12.0,"key":"Dream Catcher"},{"floor":12.0,"key":"Anchor"},{"floor":14.0,"key":"Bag of Preparation"},{"floor":14.0,"key":"Nunchaku"},{"floor":23,"key":"Juzu Bracelet"},{"floor":23,"key":"Whetstone"},{"floor":26,"key":"War Paint"},{"floor":28,"key":"CaptainsWheel"},{"floor":28,"key":"StoneCalendar"},{"floor":30,"key":"Strawberry"},{"floor":30,"key":"Ancient Tea Set"},{"floor":40,"key":"Smiling Mask"},{"floor":40,"key":"Bronze Scales"},{"floor":42,"key":"Lantern"},{"floor":42,"key":"Centennial Puzzle"},{"floor":43,"key":"Art of War"},{"floor":47,"key":"Bag of Marbles"},{"floor":47,"key":"Blood Vial"}],"event_choices":[{"damage_healed":0.0,"max_hp_gain":0.0,"max_hp_loss":0.0,"gold_gain":0.0,"event_name":"Shining Light","player_choice":"Entered Light","floor":2.0,"gold_loss":0.0,"damage_taken":14.0,"cards_upgraded":["Eruption","Defend_P"]},{"damage_healed":0,"gold_gain":0,"player_choice":"Bought 1 Potion","damage_taken":0,"max_hp_gain":0,"max_hp_loss":0,"event_name":"The Woman in Blue","floor":19,"gold_loss":0},{"damage_healed":0,"gold_gain":300,"player_choice":"Gold","damage_taken":0,"max_hp_gain":0,"max_hp_loss":0,"event_name":"Wheel of Change","floor":36,"gold_loss":0}],"is_beta":false,"boss_relics":[{"not_picked":["Astrolabe","Cursed Key"],"picked":"Coffee Dripper"},{"not_picked":["SacredBark","Sozu"],"picked":"Philosopher\u0027s Stone"}],"items_purged_floors":[3,20,39],"is_endless":false,"potions_floor_spawned":[1,4,10,14,16,21,22,30,31,37,42,45,47],"killed_by":"Awakened One","ascension_level":0}}