{"host":"2j5d0uw0vihq8b8w","time":1612674424,"event":{"mods":["2.2 Compatiblity","AchievementEnabler","BaseMod","BetterRewards","Colored Map","Colored Powertips","Custom Start","DeckTracker","Minty Spire (QoL Compilation)","Permanent Neow","Quick Restart","Rare Cards Sparkle","StSLib","SuperFastMode"],"gold_per_floor":[189,118,129,147,162,162,162,162],"floor_reached":7,"language":"KOR","playtime":1587,"items_purged":[],"score":65,"play_id":"0184267e-9383-43c9-9f3b-e94f8b8ddaa2","local_time":"20210207140704","is_ascension_mode":true,"campfire_choices":[{"data":"Body Slam","floor":6.0,"key":"SMITH"}],"circlet_count":0,"master_deck":["AscendersBane","Strike_R","Strike_R","Strike_R","Strike_R","Strike_R","Defend_R","Defend_R+1","Defend_R","Defend_R+1","Bash","Body Slam+1","Reaper","Shrug It Off","Whirlwind","Feed"],"relics":["Burning Blood","Unceasing Top","Prayer Wheel","Shovel","FossilizedHelix","War Paint","Happy Flower"],"acts_visited":["Exordium"],"potions_floor_usage":[],"damage_taken":[{"damage":0.0,"enemies":"Jaw Worm","floor":1.0,"turns":4.0},{"damage":0.0,"enemies":"Cultist","floor":3.0,"turns":3.0},{"damage":0.0,"enemies":"2 Louse","floor":4.0,"turns":4.0},{"damage":5.0,"enemies":"Blue Slaver","floor":5.0,"turns":4.0},{"damage":4,"enemies":"Lagavulin","floor":7,"turns":6}],"seed_played":"2961248962163956648","potions_obtained":[{"floor":3.0,"key":"SneckoOil"},{"floor":4.0,"key":"Weak Potion"}],"is_trial":false,"path_per_floor":["M","?","M","M","M","R","E"],"character_chosen":"IRONCLAD","items_purchased":["Prayer Wheel"],"campfire_rested":0,"item_purchase_floors":[0],"current_hp_per_floor":[24,24,30,44,48,48,50,50],"gold":162,"neow_bonus":"","is_daily":false,"chose_seed":false,"campfire_upgraded":1,"win_rate":0.0,"timestamp":1612674424,"path_taken":["M","?","M","?","M","R","E"],"items_purchased_type":["Relic"],"build_version":"2020-12-22","purchased_purges":0,"victory":false,"max_hp_per_floor":[80,80,80,80,80,80,80,80],"card_choices":[{"not_picked":["Intimidate","True Grit"],"picked":"Body Slam","floor":1.0},{"not_picked":["Wild Strike","Feel No Pain","Dark Embrace"],"picked":"SKIP","floor":1.0},{"not_picked":["Iron Wave","Flex"],"picked":"Reaper","floor":3.0},{"not_picked":["Battle Trance","Burning Pact","Twin Strike"],"picked":"SKIP","floor":3.0},{"not_picked":["Warcry","Flex"],"picked":"Shrug It Off","floor":4.0},{"not_picked":["Twin Strike","Perfected Strike"],"picked":"Whirlwind","floor":4.0},{"not_picked":["Metallicize","Warcry"],"picked":"Feed","floor":5.0},{"not_picked":["Power Through","Body Slam","Fire Breathing"],"picked":"SKIP","floor":5.0}],"player_experience":659971,"relics_obtained":[],"event_choices":[{"damage_healed":0.0,"max_hp_gain":0.0,"max_hp_loss":0.0,"gold_gain":0.0,"event_name":"WeMeetAgain","player_choice":"Paid Gold","floor":2.0,"gold_loss":71.0,"damage_taken":0.0,"relics_obtained":["Happy Flower"]}],"is_beta":false,"boss_relics":[],"items_purged_floors":[],"is_endless":false,"potions_floor_spawned":[3,4],"killed_by":"Lagavulin","ascension_level":10}}