{"host":"gfxjwtol062e9znw","time":1612686988,"event":{"mods":["BaseMod","Colored Map","Minty Spire (QoL Compilation)","Rare Cards Sparkle"],"gold_per_floor":[15,32,42,58,20,20,20,53,53,53,53],"floor_reached":10,"language":"ENG","playtime":454,"items_purged":[],"score":99,"play_id":"e5c2c97d-6857-4af5-8cb6-faa3e2ab98d6","local_time":"20210207193628","is_ascension_mode":true,"campfire_choices":[{"floor":6.0,"key":"REST"}],"circlet_count":0,"master_deck":["Strike_G","Strike_G","Strike_G","Strike_G","Strike_G","Defend_G","Defend_G","Defend_G","Defend_G","Defend_G","Survivor","Neutralize","Deflect","Prepared","Dodge and Roll","Wraith Form v2","Blade Dance"],"relics":["Ring of the Snake","StoneCalendar","Golden Idol","Nunchaku","Akabeko"],"acts_visited":["Exordium"],"potions_floor_usage":[8,8],"damage_taken":[{"damage":3.0,"enemies":"2 Louse","floor":1.0,"turns":3.0},{"damage":8.0,"enemies":"Jaw Worm","floor":2.0,"turns":6.0},{"damage":2.0,"enemies":"Small Slimes","floor":3.0,"turns":5.0},{"damage":4.0,"enemies":"2 Fungi Beasts","floor":4.0,"turns":5.0},{"damage":48,"enemies":"Gremlin Nob","floor":8,"turns":7},{"damage":17,"enemies":"3 Sentries","floor":10,"turns":2}],"seed_played":"7904794741943178386","potions_obtained":[{"floor":2.0,"key":"EssenceOfSteel"},{"floor":3.0,"key":"DuplicationPotion"}],"is_trial":false,"path_per_floor":["M","M","M","M","?","R","?","E","T","E"],"character_chosen":"THE_SILENT","items_purchased":[],"campfire_rested":1,"item_purchase_floors":[],"current_hp_per_floor":[60,52,50,46,46,67,65,17,17,0,0],"gold":53,"neow_bonus":"ONE_RARE_RELIC","is_daily":false,"chose_seed":false,"campfire_upgraded":0,"win_rate":0.0,"timestamp":1612686988,"path_taken":["M","M","M","M","?","R","?","E","T","E"],"items_purchased_type":[],"build_version":"2020-12-22","purchased_purges":0,"victory":false,"max_hp_per_floor":[70,70,70,70,70,70,65,65,65,65,65],"card_choices":[{"not_picked":["Dagger Throw","Deadly Poison"],"picked":"Deflect","floor":1.0},{"not_picked":["Outmaneuver","Deflect"],"picked":"Prepared","floor":2.0},{"not_picked":["Bouncing Flask","Outmaneuver"],"picked":"Dodge and Roll","floor":3.0},{"not_picked":["Outmaneuver","Crippling Poison"],"picked":"Wraith Form v2","floor":4.0},{"not_picked":["Setup","Acrobatics"],"picked":"Blade Dance","floor":8}],"player_experience":117155,"relics_obtained":[{"floor":8,"key":"Nunchaku"},{"floor":9,"key":"Akabeko"}],"event_choices":[{"damage_healed":0.0,"max_hp_gain":0.0,"max_hp_loss":0.0,"gold_gain":0.0,"event_name":"World of Goop","player_choice":"Left Gold","floor":5.0,"gold_loss":38.0,"damage_taken":0.0},{"damage_healed":0.0,"max_hp_gain":0.0,"max_hp_loss":5.0,"gold_gain":0.0,"event_name":"Golden Idol","player_choice":"Lose Max HP","floor":7.0,"gold_loss":0.0,"damage_taken":0.0,"relics_obtained":["Golden Idol"]}],"is_beta":false,"boss_relics":[],"items_purged_floors":[],"is_endless":false,"potions_floor_spawned":[2,3],"killed_by":"3 Sentries","ascension_level":9}}