{"host":"yf7adnp48nk06owi","time":1612712685,"event":{"mods":["AchievementEnabler","BaseMod","Bestiary","Minty Spire (QoL Compilation)","Quick Restart","Reliquary","StSLib"],"gold_per_floor":[13,23,40,40,115,141,141,169,169,169,169,134,154,154,173,173,173,173,173],"floor_reached":18,"language":"ENG","playtime":386,"items_purged":[],"score":240,"play_id":"3a860965-85a5-44f6-ba70-d180fb3573c7","local_time":"20210207164445","is_ascension_mode":true,"campfire_choices":[{"floor":7.0,"key":"REST"},{"floor":11.0,"key":"REST"},{"floor":16.0,"key":"REST"},{"data":"Heavy Blade","floor":17.0,"key":"SMITH"}],"circlet_count":0,"master_deck":["AscendersBane","Strike_R","Strike_R","Strike_R","Strike_R","Defend_R","Defend_R","Defend_R","Defend_R","Bash","Offering","Clothesline","Spot Weakness","Infernal Blade","Heavy Blade+1","Disarm","Infernal Blade","Seeing Red"],"relics":["Burning Blood","Bag of Preparation","reliquary:BallBearing","Toy Ornithopter"],"acts_visited":["Exordium"],"potions_floor_usage":[18],"damage_taken":[{"damage":16.0,"enemies":"Small Slimes","floor":1.0,"turns":3.0},{"damage":0.0,"enemies":"2 Louse","floor":2.0,"turns":3.0},{"damage":10.0,"enemies":"Jaw Worm","floor":3.0,"turns":3.0},{"damage":36.0,"enemies":"Lagavulin","floor":6.0,"turns":5.0},{"damage":36.0,"enemies":"3 Sentries","floor":8.0,"turns":5.0},{"damage":17.0,"enemies":"Looter","floor":13.0,"turns":3.0},{"damage":8.0,"enemies":"Exordium Wildlife","floor":15.0,"turns":3.0},{"damage":57,"enemies":"Slime Boss","floor":18,"turns":8}],"seed_played":"2366360589037203012","potions_obtained":[{"floor":2.0,"key":"AttackPotion"},{"floor":6.0,"key":"Swift Potion"},{"floor":13.0,"key":"Strength Potion"}],"is_trial":false,"path_per_floor":["M","M","M","?","?","E","R","E","?","T","R","?","M","?","M","R","R","B"],"character_chosen":"IRONCLAD","items_purchased":[],"campfire_rested":3,"item_purchase_floors":[],"current_hp_per_floor":[58,64,60,60,49,19,41,11,11,11,33,51,40,33,31,53,53,1,1],"gold":173,"neow_bonus":"THREE_RARE_CARDS","is_daily":false,"chose_seed":false,"campfire_upgraded":1,"win_rate":0.0,"timestamp":1612712685,"path_taken":["M","M","M","?","?","E","R","E","?","T","R","?","?","?","M","R","R","BOSS"],"items_purchased_type":[],"build_version":"2020-12-22","purchased_purges":0,"victory":false,"max_hp_per_floor":[75,75,75,75,75,75,75,75,75,75,75,75,75,75,75,75,75,75,75],"card_choices":[{"not_picked":["Demon Form","Feed"],"picked":"Offering","floor":0.0},{"not_picked":["Sword Boomerang","Cleave"],"picked":"Clothesline","floor":1.0},{"not_picked":["Thunderclap","Iron Wave"],"picked":"Spot Weakness","floor":2.0},{"not_picked":["Pummel","Body Slam"],"picked":"Infernal Blade","floor":3.0},{"not_picked":["Disarm","Wild Strike"],"picked":"Heavy Blade","floor":6.0},{"not_picked":["Berserk","Havoc"],"picked":"Disarm","floor":8.0},{"not_picked":["Armaments","Spot Weakness"],"picked":"Infernal Blade","floor":13.0},{"not_picked":["Entrench","Havoc"],"picked":"Seeing Red","floor":15.0}],"player_experience":316961,"relics_obtained":[{"floor":6.0,"key":"Bag of Preparation"},{"floor":8.0,"key":"reliquary:BallBearing"},{"floor":10.0,"key":"Toy Ornithopter"}],"event_choices":[{"damage_healed":0.0,"max_hp_gain":0.0,"max_hp_loss":0.0,"gold_gain":0.0,"event_name":"Golden Idol","player_choice":"Ignored","floor":4.0,"gold_loss":0.0,"damage_taken":0.0},{"damage_healed":0.0,"max_hp_gain":0.0,"max_hp_loss":0.0,"gold_gain":75.0,"event_name":"World of Goop","player_choice":"Gather Gold","floor":5.0,"gold_loss":0.0,"damage_taken":11.0},{"damage_healed":0.0,"max_hp_gain":0.0,"max_hp_loss":0.0,"gold_gain":0.0,"event_name":"Dead Adventurer","player_choice":"Searched \u00270\u0027 times","floor":9.0,"gold_loss":0.0,"damage_taken":0.0},{"damage_healed":18.0,"max_hp_gain":0.0,"max_hp_loss":0.0,"gold_gain":0.0,"event_name":"The Cleric","player_choice":"Healed","floor":12.0,"gold_loss":35.0,"damage_taken":0.0},{"cards_removed":["Strike_R"],"damage_healed":0.0,"max_hp_gain":0.0,"max_hp_loss":0.0,"gold_gain":0.0,"event_name":"Golden Wing","player_choice":"Card Removal","floor":14.0,"gold_loss":0.0,"damage_taken":7.0}],"is_beta":false,"boss_relics":[],"items_purged_floors":[],"is_endless":false,"potions_floor_spawned":[2,6,13,15],"killed_by":"Slime Boss","ascension_level":20}}