{"host":"udzsrhbqdxqtlypj","time":1612732638,"event":{"mods":["BaseMod","Minty Spire (QoL Compilation)","Relic Stats"],"gold_per_floor":[16,16,27,39,55,80,80,113,113,113,131,141,169,169,169,272,272,287,303,313,58,58,89,89,106,156,175,204,55,55,86,86,185,185,197,248,264,284,296,296,307,339,366,397,420,449,449,462,462,462,462,462,11,46,46],"floor_reached":56,"language":"ENG","playtime":8004,"items_purged":["Strike_R","Strike_R","Defend_R"],"score":1891,"play_id":"81f19977-cab4-4972-ad03-95c2b90fca46","local_time":"20210207151718","is_ascension_mode":true,"campfire_choices":[{"data":"Hemokinesis","floor":7.0,"key":"SMITH"},{"data":"Bash","floor":10.0,"key":"SMITH"},{"data":"Flame Barrier","floor":15.0,"key":"SMITH"},{"floor":24.0,"key":"REST"},{"floor":30.0,"key":"REST"},{"floor":32.0,"key":"RECALL"},{"floor":40,"key":"REST"},{"floor":49,"key":"REST"},{"floor":52,"key":"REST"}],"circlet_count":0,"master_deck":["AscendersBane","Defend_R","Defend_R","Defend_R","Bash+1","Feed+1","Headbutt+1","Iron Wave","Hemokinesis+1","Clothesline","Blood for Blood","Flame Barrier+1","Immolate","Rampage","Shrug It Off","Disarm","Headbutt","Flame Barrier","Fiend Fire+1","Shrug It Off","Rupture","Reaper","Hemokinesis+1","Limit Break+1","Impervious+1","Headbutt","True Grit+1","Disarm+1","Burning Pact","Armaments+1","Limit Break","Shockwave","Armaments+1"],"relics":["Burning Blood","Oddly Smooth Stone","Omamori","PreservedInsect","Letter Opener","Bag of Preparation","Fusion Hammer","Pen Nib","Boot","Lantern","Regal Pillow","Red Skull","Bronze Scales","Astrolabe","Ginger","Smiling Mask","Eternal Feather","Whetstone","Orichalcum","Vajra","Bottled Lightning"],"acts_visited":["Exordium","TheCity","TheBeyond","TheEnding"],"potions_floor_usage":[44,55,55],"damage_taken":[{"damage":4.0,"enemies":"2 Louse","floor":1.0,"turns":4.0},{"damage":7.0,"enemies":"Jaw Worm","floor":3.0,"turns":2.0},{"damage":0.0,"enemies":"Cultist","floor":4.0,"turns":2.0},{"damage":12.0,"enemies":"Looter","floor":5.0,"turns":3.0},{"damage":19.0,"enemies":"3 Sentries","floor":6.0,"turns":7.0},{"damage":36.0,"enemies":"Lagavulin","floor":8.0,"turns":8.0},{"damage":4.0,"enemies":"Exordium Wildlife","floor":11.0,"turns":4.0},{"damage":15.0,"enemies":"Blue Slaver","floor":12.0,"turns":6.0},{"damage":2.0,"enemies":"Gremlin Nob","floor":13.0,"turns":2.0},{"damage":44.0,"enemies":"Hexaghost","floor":16.0,"turns":9.0},{"damage":11.0,"enemies":"Shell Parasite","floor":18.0,"turns":3.0},{"damage":37.0,"enemies":"2 Thieves","floor":19.0,"turns":4.0},{"damage":50.0,"enemies":"Snake Plant","floor":20.0,"turns":5.0},{"damage":32.0,"enemies":"Slavers","floor":23.0,"turns":4.0},{"damage":15.0,"enemies":"Cultist and Chosen","floor":25.0,"turns":8.0},{"damage":14.0,"enemies":"Shelled Parasite and Fungi","floor":27.0,"turns":5.0},{"damage":5.0,"enemies":"Book of Stabbing","floor":28.0,"turns":6.0},{"damage":15.0,"enemies":"Slavers","floor":31.0,"turns":4.0},{"damage":72.0,"enemies":"Automaton","floor":33.0,"turns":10.0},{"damage":18.0,"enemies":"Orb Walker","floor":35.0,"turns":4.0},{"damage":21.0,"enemies":"2 Orb Walkers","floor":36.0,"turns":4.0},{"damage":17.0,"enemies":"3 Shapes","floor":37.0,"turns":3.0},{"damage":7.0,"enemies":"Sphere and 2 Shapes","floor":38.0,"turns":4.0},{"damage":39.0,"enemies":"Maw","floor":39.0,"turns":8.0},{"damage":49,"enemies":"3 Darklings","floor":41,"turns":8},{"damage":31,"enemies":"Nemesis","floor":42,"turns":7},{"damage":55,"enemies":"Reptomancer","floor":44,"turns":5},{"damage":35,"enemies":"Nemesis","floor":46,"turns":5},{"damage":10,"enemies":"Jaw Worm Horde","floor":48,"turns":4},{"damage":107,"enemies":"Awakened One","floor":50,"turns":15},{"damage":63,"enemies":"Shield and Spear","floor":54,"turns":6},{"damage":94,"enemies":"The Heart","floor":55,"turns":6}],"seed_played":"1240902528539879156","potions_obtained":[{"floor":1.0,"key":"Explosive Potion"},{"floor":5.0,"key":"LiquidBronze"},{"floor":8.0,"key":"LiquidMemories"},{"floor":12.0,"key":"FearPotion"},{"floor":13.0,"key":"SpeedPotion"},{"floor":18.0,"key":"BloodPotion"},{"floor":23.0,"key":"SteroidPotion"},{"floor":25.0,"key":"SkillPotion"},{"floor":27.0,"key":"DuplicationPotion"},{"floor":28.0,"key":"SpeedPotion"},{"floor":31.0,"key":"ColorlessPotion"},{"floor":36.0,"key":"Strength Potion"},{"floor":38.0,"key":"Block Potion"},{"floor":46,"key":"DistilledChaos"}],"is_trial":false,"path_per_floor":["M","?","M","M","M","E","R","E","T","R","M","M","E","?","R","B",null,"M","M","M","$","?","E","R","M","T","M","E","$","R","E","R","B",null,"M","?","M","M","M","R","M","E","T","E","T","E","?","M","R","B",null,"R","$","E","B",null],"character_chosen":"IRONCLAD","items_purchased":["Shrug It Off","Pen Nib","Shrug It Off","SteroidPotion","Vajra","Limit Break","Shockwave"],"campfire_rested":5,"item_purchase_floors":[21,21,29,53,53,53,53],"current_hp_per_floor":[77,77,80,90,88,79,79,53,53,53,59,54,62,62,62,28,96,95,68,49,49,49,23,61,52,52,48,49,49,103,98,98,32,109,101,91,84,87,58,118,124,111,111,77,77,53,53,53,133,136,156,163,163,110,22],"gold":46,"neow_bonus":"THREE_RARE_CARDS","is_daily":false,"chose_seed":false,"campfire_upgraded":3,"win_rate":0.0,"timestamp":1612732638,"path_taken":["M","?","M","M","M","E","R","E","T","R","M","M","E","?","R","BOSS","M","M","M","$","?","E","R","M","T","M","E","$","R","E","R","BOSS","M","?","M","M","M","R","M","E","T","E","?","E","?","M","R","BOSS","R","$","E","BOSS"],"items_purchased_type":["Card","Relic","Card","Potion","Relic","Card","Card"],"build_version":"2020-12-22","purchased_purges":3,"victory":true,"max_hp_per_floor":[83,83,87,91,95,99,99,103,103,103,107,111,115,115,115,119,119,123,127,127,127,127,127,127,127,127,131,131,131,131,135,135,135,135,139,139,143,147,151,151,151,155,155,155,155,155,155,159,159,163,163,163,163,167,167],"relic_stats":{"Regal Pillow":45,"counters":[32,175],"Astrolabe":["Hemokinesis","Limit Break","Impervious"],"Eternal Feather":25,"PreservedInsect":384,"Pen Nib":[17],"Bag of Preparation":[46],"Letter Opener":[82],"Ginger":[6],"Whetstone":["Headbutt","Fiend Fire"],"Orichalcum":[30],"Boot":[26],"Smiling Mask":75,"Burning Blood":192,"Bronze Scales":[310],"obtain_stats":[{"Lantern":23,"Regal Pillow":26,"Astrolabe":34,"Oddly Smooth Stone":6,"Vajra":53,"Eternal Feather":44,"PreservedInsect":9,"Pen Nib":21,"Omamori":8,"Bag of Preparation":14,"Letter Opener":13,"Ginger":36,"Whetstone":45,"Orichalcum":46,"Boot":22,"Smiling Mask":42,"Burning Blood":0,"Bronze Scales":31,"Fusion Hammer":17,"Bottled Lightning":54,"Red Skull":28},{"Lantern":14,"Regal Pillow":15,"Astrolabe":19,"Oddly Smooth Stone":5,"Vajra":30,"Eternal Feather":27,"PreservedInsect":6,"Pen Nib":13,"Omamori":6,"Bag of Preparation":9,"Letter Opener":9,"Ginger":21,"Whetstone":27,"Orichalcum":28,"Boot":13,"Smiling Mask":26,"Burning Blood":0,"Bronze Scales":18,"Fusion Hammer":10,"Bottled Lightning":31,"Red Skull":17},{"Lantern":63,"Regal Pillow":71,"Astrolabe":96,"Oddly Smooth Stone":18,"Vajra":163,"Eternal Feather":139,"PreservedInsect":26,"Pen Nib":59,"Omamori":26,"Bag of Preparation":38,"Letter Opener":38,"Ginger":104,"Whetstone":139,"Orichalcum":144,"Boot":59,"Smiling Mask":134,"Burning Blood":0,"Bronze Scales":86,"Fusion Hammer":47,"Bottled Lightning":169,"Red Skull":82}]},"card_choices":[{"not_picked":["Impervious","Double Tap"],"picked":"Feed","floor":0.0},{"not_picked":["Warcry","Clash"],"picked":"Headbutt","floor":1.0},{"not_picked":["Clash","Wild Strike"],"picked":"Iron Wave","floor":3.0},{"not_picked":["Carnage","Offering"],"picked":"Hemokinesis","floor":4.0},{"not_picked":["Headbutt","Evolve","Flex"],"picked":"SKIP","floor":5.0},{"not_picked":["Rage","Heavy Blade"],"picked":"Clothesline","floor":6.0},{"not_picked":["Clothesline","Demon Form"],"picked":"Blood for Blood","floor":8.0},{"not_picked":["Flex","Armaments","Clash"],"picked":"SKIP","floor":11.0},{"not_picked":["Warcry","Cleave"],"picked":"Flame Barrier","floor":12.0},{"not_picked":["Clothesline","Pummel","Clash"],"picked":"SKIP","floor":13.0},{"not_picked":["Corruption","Fiend Fire"],"picked":"Immolate","floor":16.0},{"not_picked":["Dark Embrace","Headbutt","Anger"],"picked":"SKIP","floor":18.0},{"not_picked":["Warcry","Twin Strike","Iron Wave"],"picked":"SKIP","floor":19.0},{"not_picked":["True Grit+1","Ghostly Armor"],"picked":"Rampage","floor":20.0},{"not_picked":["Twin Strike","Body Slam"],"picked":"Disarm","floor":23.0},{"not_picked":["Hemokinesis","Sword Boomerang"],"picked":"Headbutt","floor":25.0},{"not_picked":["Fire Breathing","Pommel Strike"],"picked":"Flame Barrier","floor":27.0},{"not_picked":["Disarm","Anger"],"picked":"Fiend Fire","floor":28.0},{"not_picked":["Rampage+1","True Grit"],"picked":"Rupture","floor":31.0},{"not_picked":["Demon Form","Juggernaut"],"picked":"Reaper","floor":33.0},{"not_picked":["Thunderclap","Flex"],"picked":"Headbutt","floor":35.0},{"not_picked":["Iron Wave","Ghostly Armor","Bloodletting"],"picked":"SKIP","floor":37.0},{"not_picked":["Cleave","Bludgeon","Carnage"],"picked":"SKIP","floor":38.0},{"not_picked":["Carnage+1","Clothesline","Body Slam+1"],"picked":"SKIP","floor":39.0},{"not_picked":["Sever Soul+1","Perfected Strike","Clash"],"picked":"SKIP","floor":41},{"not_picked":["Sword Boomerang","Clash"],"picked":"True Grit+1","floor":42},{"not_picked":["Twin Strike+1","Dark Embrace"],"picked":"Disarm+1","floor":44},{"not_picked":["Perfected Strike","Havoc"],"picked":"Burning Pact","floor":46},{"not_picked":["Clothesline","Bloodletting"],"picked":"Armaments+1","floor":48},{"not_picked":["Juggernaut","Flex"],"picked":"Armaments+1","floor":54}],"player_experience":2823566,"relics_obtained":[{"floor":6.0,"key":"Oddly Smooth Stone"},{"floor":8.0,"key":"Omamori"},{"floor":9.0,"key":"PreservedInsect"},{"floor":13.0,"key":"Letter Opener"},{"floor":23.0,"key":"Lantern"},{"floor":26.0,"key":"Regal Pillow"},{"floor":28.0,"key":"Red Skull"},{"floor":31.0,"key":"Bronze Scales"},{"floor":36.0,"key":"Ginger"},{"floor":42,"key":"Smiling Mask"},{"floor":44,"key":"Eternal Feather"},{"floor":45,"key":"Whetstone"},{"floor":46,"key":"Orichalcum"},{"floor":54,"key":"Bottled Lightning"}],"event_choices":[{"damage_healed":0.0,"max_hp_gain":0.0,"max_hp_loss":0.0,"gold_gain":0.0,"event_name":"Living Wall","player_choice":"Grow","floor":2.0,"gold_loss":0.0,"damage_taken":0.0,"cards_upgraded":["Feed"]},{"damage_healed":0.0,"max_hp_gain":0.0,"max_hp_loss":0.0,"gold_gain":0.0,"event_name":"WeMeetAgain","player_choice":"Gave Potion","floor":14.0,"gold_loss":0.0,"damage_taken":0.0,"relics_obtained":["Bag of Preparation"]},{"damage_healed":0.0,"max_hp_gain":0.0,"max_hp_loss":0.0,"gold_gain":0.0,"event_name":"Addict","player_choice":"Stole Relic","floor":22.0,"gold_loss":0.0,"damage_taken":0.0,"relics_obtained":["Boot"],"cards_obtained":["Shame"]},{"damage_healed":0.0,"max_hp_gain":0.0,"max_hp_loss":0.0,"gold_gain":0.0,"event_name":"Mysterious Sphere","player_choice":"Fight","floor":36.0,"gold_loss":0.0,"damage_taken":0.0},{"damage_healed":0,"gold_gain":0,"player_choice":"Ignored","damage_taken":0,"max_hp_gain":0,"max_hp_loss":0,"event_name":"Tomb of Lord Red Mask","floor":47,"gold_loss":0}],"is_beta":false,"boss_relics":[{"not_picked":["Tiny House","Coffee Dripper"],"picked":"Fusion Hammer"},{"not_picked":["Black Star","Philosopher\u0027s Stone"],"picked":"Astrolabe"}],"items_purged_floors":[21,29,53],"is_endless":false,"potions_floor_spawned":[1,5,8,12,13,18,23,25,27,28,31,36,38,46],"ascension_level":10}}