{"host":"0luxfixkkfk9wck3","time":1612733676,"event":{"mods":["BaseMod","DeckTracker","Downfall","Highlight Path","Minty Spire (QoL Compilation)","StSLib"],"gold_per_floor":[99,118,180,39,56,81,81,16,16,35,35,35,53,72,90,192,192,192,203,220,234,244,244,321,333,22,52,52,52,52,6,20,125,125,25,35,35,51,68,68,68,78,28,28,61,81,131,81,100,100],"floor_reached":51,"language":"ENG","playtime":4110,"items_purged":["bronze:Strike","downfall:Haunted","bronze:Strike","PanicButton","bronze:Defend"],"score":956,"play_id":"84619a95-6490-4a8e-aeee-cb144464081e","local_time":"20210207153436","is_ascension_mode":true,"campfire_choices":[{"data":"bronze:Replicate","floor":1,"key":"SMITH"},{"floor":9,"key":"REST"},{"data":"bronze:Flail","floor":12,"key":"SMITH"},{"data":"bronze:Mutator","floor":18,"key":"SMITH"},{"floor":30,"key":"REST"},{"data":"bronze:Philosophize","floor":35,"key":"SMITH"},{"floor":44,"key":"RECALL"}],"circlet_count":0,"master_deck":["bronze:Strike+1","bronze:Defend","bronze:Defend","bronze:Defend","bronze:Replicate+1","bronze:Goto+1","bronze:ChosenStrike","bronze:DelayedGuard","bronze:Mutator+1","bronze:BuggyMess+1","bronze:InfiniteBeams","bronze:Frontload","bronze:Branch","bronze:Flail+1","bronze:Invalidate","bronze:FollowUp","bronze:Format","bronze:Frontload","bronze:MaxOutput+1","bronze:FollowUp","bronze:Philosophize+1","bronze:Return+1","bronze:Mutator","bronze:BuggyMess"],"relics":["bronze:BronzeCore","Happy Flower","Centennial Puzzle","Smiling Mask","bronze:BottledCode","Cursed Key","Mummified Hand","hexamod:CandleOfCauterizing","MutagenicStrength","Blue Candle","Busted Crown","downfall:HeartBlessingBlue","bronze:SilverBullet","Ginger"],"acts_visited":["Exordium","TheCity","TheBeyond"],"potions_floor_usage":[50,50],"damage_taken":[{"damage":0,"enemies":"Small Slimes","floor":2,"turns":3},{"damage":16,"enemies":"Gremlin Nob","floor":3,"turns":3},{"damage":0,"enemies":"downfall:FleeingMerchant","floor":4,"turns":4},{"damage":7,"enemies":"Jaw Worm","floor":5,"turns":3},{"damage":10,"enemies":"downfall:FleeingMerchant","floor":8,"turns":4},{"damage":0,"enemies":"2 Louse","floor":10,"turns":3},{"damage":3,"enemies":"Blue Slaver","floor":13,"turns":2},{"damage":0,"enemies":"3 Louse","floor":14,"turns":1},{"damage":5,"enemies":"Gremlin Gang","floor":15,"turns":2},{"damage":16,"enemies":"IC_STATUS_ARCHETYPE","floor":16,"turns":6},{"damage":3,"enemies":"Spheric Guardian","floor":19,"turns":3},{"damage":0,"enemies":"3 Byrds","floor":20,"turns":3},{"damage":0,"enemies":"Snecko","floor":21,"turns":4},{"damage":0,"enemies":"Snake Plant","floor":22,"turns":4},{"damage":6,"enemies":"Cultist and Chosen","floor":25,"turns":4},{"damage":5,"enemies":"downfall:FleeingMerchant","floor":26,"turns":4},{"damage":2,"enemies":"Book of Stabbing","floor":27,"turns":4},{"damage":0,"enemies":"downfall:FleeingMerchant","floor":31,"turns":1},{"damage":0,"enemies":"Shelled Parasite and Fungi","floor":32,"turns":3},{"damage":0,"enemies":"SI_MIRROR_ARCHETYPE","floor":33,"turns":4},{"damage":0,"enemies":"3 Shapes","floor":36,"turns":3},{"damage":0,"enemies":"Orb Walker","floor":38,"turns":2},{"damage":0,"enemies":"3 Darklings","floor":39,"turns":3},{"damage":0,"enemies":"Spire Growth","floor":42,"turns":3},{"damage":0,"enemies":"Reptomancer","floor":45,"turns":3},{"damage":0,"enemies":"Sphere and 2 Shapes","floor":46,"turns":3},{"damage":0,"enemies":"Sphere and 2 Shapes","floor":47,"turns":3},{"damage":0,"enemies":"Maw","floor":49,"turns":3},{"damage":48,"enemies":"WA_ARCHETYPE_DIVINITY","floor":50,"turns":8}],"seed_played":"-7062889074271081017","potions_obtained":[{"floor":5,"key":"DuplicationPotion"},{"floor":13,"key":"LiquidBronze"},{"floor":14,"key":"bronze:CleanCodePotion"}],"is_trial":false,"path_per_floor":["R","M","?","$","M","T","T","$","R","M","?","R","M","M","M","B",null,"R","M","M","M","M","?","T","M","$","E","?","?","R","$","M","B",null,"R","M","$","M","M","?","T","M","$","R","E","M","?","?","M","B",null],"character_chosen":"THE_AUTOMATON","items_purchased":["bronze:BuggyMess","bronze:InfiniteBeams","Mummified Hand","Blue Candle","PanicButton"],"campfire_rested":2,"item_purchase_floors":[4,4,26,31,31],"current_hp_per_floor":[63,63,47,47,40,40,40,30,51,51,51,51,48,48,43,27,52,52,49,49,49,49,49,49,43,38,36,36,36,54,54,54,54,59,69,69,69,69,69,69,69,69,69,69,69,69,69,69,69,21],"gold":100,"neow_bonus":"REMOVE_CARD","is_daily":false,"chose_seed":false,"campfire_upgraded":4,"win_rate":0.0,"timestamp":1612733676,"path_taken":["R","M","?","$","M","?","T","$","R","M","?","R","M","M","M","BOSS","R","M","M","M","M","?","T","M","$","E","?","?","R","$","M","BOSS","R","M","$","M","?","?","T","M","$","R","E","?","?","?","M","BOSS"],"items_purchased_type":["Card","Card","Relic","Relic","Card"],"build_version":"2020-12-22","purchased_purges":5,"victory":true,"max_hp_per_floor":[70,70,70,70,70,70,70,70,70,70,60,60,60,60,60,60,60,60,60,60,60,60,60,60,60,60,60,60,60,60,60,60,60,60,70,70,70,70,70,70,70,70,70,70,70,70,70,70,70,70],"card_choices":[{"not_picked":["bronze:Deprecate","bronze:Repulsor"],"picked":"bronze:ChosenStrike","floor":2},{"not_picked":["bronze:FineTuning","bronze:WhirlingStrike"],"picked":"bronze:DelayedGuard","floor":3},{"not_picked":["bronze:Frontload","bronze:Turbo"],"picked":"bronze:Mutator","floor":4},{"not_picked":["bronze:OilSpill","bronze:Flail"],"picked":"bronze:Frontload","floor":5},{"not_picked":["bronze:WhirlingStrike","bronze:ChildClass"],"picked":"bronze:Branch","floor":8},{"not_picked":["bronze:Deprecate","bronze:Shell"],"picked":"bronze:Flail","floor":10},{"not_picked":["bronze:WildBeam","bronze:BitShift"],"picked":"bronze:Invalidate","floor":13},{"not_picked":["bronze:ForceShield","bronze:FineTuning"],"picked":"bronze:FollowUp","floor":14},{"not_picked":["bronze:WhirlingStrike","bronze:Deprecate","bronze:InfiniteBeams"],"picked":"SKIP","floor":15},{"not_picked":["bronze:CleanCode","bronze:BurnOut"],"picked":"bronze:Format","floor":16},{"not_picked":["bronze:Shield","bronze:GetLatest"],"picked":"bronze:Frontload","floor":19},{"not_picked":["bronze:BugBarrage","bronze:ItsAFeature"],"picked":"bronze:MaxOutput+1","floor":20},{"not_picked":["bronze:Branch","bronze:Flail","bronze:ChosenStrike"],"picked":"SKIP","floor":21},{"not_picked":["bronze:ChildClass","bronze:Safeguard","bronze:Invalidate"],"picked":"SKIP","floor":22},{"not_picked":["bronze:CloningBeam+1","bronze:Repair"],"picked":"bronze:FollowUp","floor":25},{"not_picked":["bronze:Refactor","bronze:Deprecate","bronze:Iterate"],"picked":"SKIP","floor":26},{"not_picked":["bronze:ClassDefault+1","bronze:TinkerersToolbox"],"picked":"bronze:Philosophize","floor":27},{"not_picked":["bronze:ChildClass","bronze:Invalidate","bronze:Separator+1"],"picked":"SKIP","floor":31},{"not_picked":["bronze:WildBeam","bronze:BronzeArmor+1"],"picked":"bronze:Return+1","floor":32},{"not_picked":["bronze:Separator+1"],"picked":"SKIP","floor":36},{"not_picked":["bronze:Iterate+1"],"picked":"SKIP","floor":38},{"not_picked":["bronze:Iterate"],"picked":"SKIP","floor":39},{"not_picked":["bronze:Overload"],"picked":"SKIP","floor":42},{"not_picked":[],"picked":"bronze:BuggyMess","floor":45},{"not_picked":["bronze:WildBeam+1"],"picked":"SKIP","floor":46},{"not_picked":["bronze:BronzeArmor+1"],"picked":"SKIP","floor":49}],"player_experience":11613448,"relics_obtained":[{"floor":3,"key":"Happy Flower"},{"floor":6,"key":"Centennial Puzzle"},{"floor":7,"key":"Smiling Mask"},{"floor":27,"key":"hexamod:CandleOfCauterizing"},{"floor":45,"key":"bronze:SilverBullet"},{"floor":47,"key":"Ginger"}],"event_choices":[{"damage_healed":0,"gold_gain":0,"player_choice":"Inject Mutagens","damage_taken":0,"relics_obtained":["MutagenicStrength"],"max_hp_gain":0,"max_hp_loss":0,"event_name":"Drug Dealer","floor":28,"gold_loss":0}],"is_beta":false,"boss_relics":[{"not_picked":["Coffee Dripper","SlaversCollar"],"picked":"Cursed Key"},{"not_picked":["Fusion Hammer","bronze:PlatinumCore"],"picked":"Busted Crown"}],"items_purged_floors":[8,26,31,43,48],"is_endless":false,"potions_floor_spawned":[5,13,14,16,19,22,25,27,38,42,45,47],"ascension_level":6}}