{"host":"7gewg82ormp6yt4e","time":1612693357,"event":{"mods":["BaseMod","Block Reminder","Colored Map","DeckTracker","Highlight Path","Minty Spire (QoL Compilation)","Relic Stats","StSLib","ojb\u0027s Info Mod"],"gold_per_floor":[118,118,128,147,72,107,107,132,132,12,12,49,74,102,102,102,102],"floor_reached":16,"language":"JPN","playtime":754,"items_purged":[],"score":240,"play_id":"f9cc74da-89b6-4035-bae8-243a1f0dfa58","local_time":"20210207192237","is_ascension_mode":true,"campfire_choices":[{"data":"BowlingBash","floor":11,"key":"SMITH"},{"floor":15,"key":"REST"}],"circlet_count":0,"master_deck":["AscendersBane","Strike_P","Strike_P","Defend_P","Defend_P","Defend_P","Defend_P","Eruption+1","Vigilance","FollowUp","Consecrate","BowlingBash+1","EmptyFist+1","EmptyBody","WheelKick","InnerPeace","FlurryOfBlows","WaveOfTheHand","EmptyBody"],"relics":["PureWater","NeowsBlessing","Ancient Tea Set","Mercury Hourglass","Whetstone","CeramicFish"],"acts_visited":["Exordium"],"potions_floor_usage":[6,8,12],"damage_taken":[{"damage":0,"enemies":"2 Louse","floor":1,"turns":1},{"damage":0,"enemies":"Cultist","floor":3,"turns":1},{"damage":0,"enemies":"Small Slimes","floor":4,"turns":1},{"damage":7,"enemies":"3 Sentries","floor":6,"turns":6},{"damage":12,"enemies":"Lagavulin","floor":8,"turns":6},{"damage":11,"enemies":"Gremlin Nob","floor":12,"turns":3},{"damage":16,"enemies":"Exordium Wildlife","floor":13,"turns":3},{"damage":0,"enemies":"2 Fungi Beasts","floor":14,"turns":1},{"damage":35,"enemies":"The Guardian","floor":16,"turns":10}],"seed_played":"-4433006956244211951","potions_obtained":[{"floor":2,"key":"GamblersBrew"},{"floor":2,"key":"Swift Potion"},{"floor":3,"key":"Ancient Potion"},{"floor":4,"key":"Fire Potion"},{"floor":8,"key":"Weak Potion"}],"is_trial":false,"path_per_floor":["M","?","M","M","?","E","?","E","T","$","R","E","M","M","R","B"],"character_chosen":"WATCHER","items_purchased":["WheelKick","InnerPeace"],"campfire_rested":1,"item_purchase_floors":[10,10],"current_hp_per_floor":[61,61,61,61,61,54,47,35,35,35,35,24,8,8,28,0,0],"gold":102,"neow_bonus":"THREE_ENEMY_KILL","is_daily":false,"chose_seed":false,"campfire_upgraded":1,"win_rate":0.0,"timestamp":1612693357,"path_taken":["M","?","M","?","?","E","?","E","T","$","R","E","?","M","R","BOSS"],"items_purchased_type":["Card","Card"],"build_version":"2020-12-22","purchased_purges":0,"victory":false,"max_hp_per_floor":[68,68,68,68,68,68,68,68,68,68,68,68,68,68,68,68,68],"relic_stats":{"counters":[9,32],"CeramicFish":27,"Whetstone":["Eruption","EmptyFist"],"obtain_stats":[{"NeowsBlessing":0,"CeramicFish":12,"Whetstone":9,"PureWater":0,"Ancient Tea Set":6,"Mercury Hourglass":8},{"NeowsBlessing":0,"CeramicFish":6,"Whetstone":5,"PureWater":0,"Ancient Tea Set":4,"Mercury Hourglass":5},{"NeowsBlessing":0,"CeramicFish":18,"Whetstone":15,"PureWater":0,"Ancient Tea Set":9,"Mercury Hourglass":15}],"Mercury Hourglass":[57]},"card_choices":[{"not_picked":["Halt","Crescendo"],"picked":"FollowUp","floor":1},{"not_picked":["Sanctity","Worship"],"picked":"Consecrate","floor":3},{"not_picked":["EmptyFist","FlyingSleeves"],"picked":"BowlingBash","floor":4},{"not_picked":["EmptyBody","WreathOfFlame"],"picked":"EmptyFist","floor":6},{"not_picked":["Prostrate","Crescendo"],"picked":"EmptyBody","floor":8},{"not_picked":["Vault","CrushJoints"],"picked":"FlurryOfBlows","floor":12},{"not_picked":["FlurryOfBlows","Evaluate"],"picked":"WaveOfTheHand","floor":13},{"not_picked":["WaveOfTheHand","ForeignInfluence"],"picked":"EmptyBody","floor":14}],"player_experience":2801407,"relics_obtained":[{"floor":6,"key":"Ancient Tea Set"},{"floor":8,"key":"Mercury Hourglass"},{"floor":9,"key":"Whetstone"},{"floor":12,"key":"CeramicFish"}],"event_choices":[{"damage_healed":0,"gold_gain":0,"player_choice":"Got Potions","damage_taken":0,"max_hp_gain":0,"max_hp_loss":0,"event_name":"Lab","floor":2,"gold_loss":0},{"cards_removed":["Strike_P"],"damage_healed":0,"gold_gain":0,"player_choice":"Card Removal","damage_taken":0,"max_hp_gain":0,"max_hp_loss":0,"event_name":"The Cleric","floor":5,"gold_loss":75},{"cards_removed":["Strike_P"],"damage_healed":0,"gold_gain":0,"player_choice":"Card Removal","damage_taken":7,"max_hp_gain":0,"max_hp_loss":0,"event_name":"Golden Wing","floor":7,"gold_loss":0}],"is_beta":false,"boss_relics":[],"items_purged_floors":[],"is_endless":false,"potions_floor_spawned":[3,4,8],"killed_by":"The Guardian","ascension_level":20}}