{"host":"l029r2dqxfiqiq5i","time":1612716312,"event":{"mods":["Act Like it!","Arknights","BaseMod","Minty Spire (QoL Compilation)","StSLib","óô»ðÖ¸ÄÏ"],"gold_per_floor":[213,8,22,32,46,81,81,81,81],"floor_reached":8,"language":"ZHS","playtime":352,"items_purged":[],"score":58,"play_id":"7eb25002-c164-4aee-a015-37a917c1ca43","local_time":"20210208004512","is_ascension_mode":false,"campfire_choices":[{"data":"ats:Thorns","floor":7.0,"key":"SMITH"}],"circlet_count":0,"master_deck":["ats:Strike C","ats:Strike G","ats:Strike S","ats:Strike V","ats:Armor Crushing Shot","ats:Defend","ats:Defend","ats:Defend","ats:Defend","ats:Emotion Absorption","ats:Thorns+1","ats:Blood Oath","ats:Soul Absorption","ats:Healing Drone","ats:Shell Defense"],"relics":["ats:Sanity","Strawberry","ats:Originium","Molten Egg 2"],"acts_visited":["Exordium"],"potions_floor_usage":[],"damage_taken":[{"damage":10.0,"enemies":"Jaw Worm","floor":1.0,"turns":6.0},{"damage":2.0,"enemies":"2 Louse","floor":3.0,"turns":2.0},{"damage":0.0,"enemies":"Small Slimes","floor":4.0,"turns":4.0},{"damage":19.0,"enemies":"Blue Slaver","floor":5.0,"turns":5.0},{"damage":66.0,"enemies":"3 Sentries","floor":6.0,"turns":13.0},{"damage":54,"enemies":"Gremlin Nob","floor":8,"turns":6}],"seed_played":"-2380912672462085778","potions_obtained":[{"floor":1.0,"key":"FairyPotion"},{"floor":5.0,"key":"ats:Top Emergency Sanity Potion"}],"is_trial":false,"path_per_floor":["M","$","M","M","M","E","R","E"],"character_chosen":"DOCTOR_CLASS","items_purchased":["Strawberry","ats:Blood Oath"],"campfire_rested":0,"item_purchase_floors":[2,2],"current_hp_per_floor":[62,69,70,76,75,36,36,23,23],"gold":81,"neow_bonus":"HUNDRED_GOLD","is_daily":false,"chose_seed":false,"campfire_upgraded":1,"win_rate":0.0,"timestamp":1612716312,"path_taken":["M","$","M","M","M","E","R","E"],"items_purchased_type":["Relic","Card"],"build_version":"2020-12-22","purchased_purges":0,"victory":false,"max_hp_per_floor":[72,79,79,79,79,79,79,79,79],"card_choices":[{"not_picked":["ats:Burning Ground","ats:Guardian Obelisk"],"picked":"ats:Thorns","floor":1.0},{"not_picked":["ats:Guard Mode","ats:Very Hot Blade"],"picked":"ats:Soul Absorption","floor":3.0},{"not_picked":["ats:Poison Spread","ats:Spore Proliferation"],"picked":"ats:Healing Drone","floor":4.0},{"not_picked":["ats:Very Hot Blade","ats:Explosion Area Strengthen","ats:Flexible Camouflage"],"picked":"SKIP","floor":5.0},{"not_picked":["ats:Consecutive Shot Auto+1","ats:Serious Mode"],"picked":"ats:Shell Defense","floor":6.0}],"player_experience":190906,"relics_obtained":[{"floor":6.0,"key":"ats:Originium"},{"floor":6.0,"key":"Molten Egg 2"}],"event_choices":[],"is_beta":false,"boss_relics":[],"items_purged_floors":[],"is_endless":false,"potions_floor_spawned":[1,5],"killed_by":"Gremlin Nob","ascension_level":0}}