{"host":"2ty4h143nj8vwezc","time":1612676531,"event":{"mods":["BaseMod","Colored Map","Googly Eyes","Highlight Path","Minty Spire (QoL Compilation)","Quick Restart","StSLib"],"gold_per_floor":[168,168,93,107,162,488,78,78,105,134,134,134,134,153,153,229,229,245,262,312,323,323,323,323],"floor_reached":23,"language":"ENG","playtime":900,"items_purged":["Strike_G"],"score":394,"play_id":"e1fba618-3666-4193-b63a-b1f8dda4372e","local_time":"20210207004211","is_ascension_mode":true,"campfire_choices":[{"floor":8,"key":"REST"},{"floor":12,"key":"REST"},{"floor":15,"key":"RECALL"}],"circlet_count":0,"master_deck":["AscendersBane","Strike_G","Strike_G","Strike_G","Strike_G","Defend_G+1","Defend_G","Defend_G","Defend_G","Defend_G","Survivor","Neutralize","Deadly Poison","Backstab","Cloak And Dagger","Caltrops","Crippling Poison","Deadly Poison","After Image","Caltrops","Bouncing Flask","Writhe"],"relics":["Tiny House","Toy Ornithopter","Old Coin","Darkstone Periapt","Strawberry","WristBlade","Regal Pillow"],"acts_visited":["Exordium","TheCity"],"potions_floor_usage":[10,16,18,21],"damage_taken":[{"damage":7,"enemies":"Small Slimes","floor":1,"turns":4},{"damage":0,"enemies":"Cultist","floor":4,"turns":4},{"damage":44,"enemies":"Lagavulin","floor":6,"turns":8},{"damage":33,"enemies":"3 Sentries","floor":10,"turns":13},{"damage":0,"enemies":"2 Louse","floor":14,"turns":2},{"damage":30,"enemies":"The Guardian","floor":16,"turns":12},{"damage":2,"enemies":"Spheric Guardian","floor":18,"turns":3},{"damage":27,"enemies":"Chosen","floor":19,"turns":7},{"damage":14,"enemies":"Snecko","floor":21,"turns":4},{"damage":34,"enemies":"Slavers","floor":23,"turns":2}],"seed_played":"-407984486586565359","potions_obtained":[{"floor":0,"key":"CunningPotion"},{"floor":6,"key":"SkillPotion"},{"floor":14,"key":"Weak Potion"},{"floor":16,"key":"Poison Potion"},{"floor":19,"key":"DuplicationPotion"}],"is_trial":false,"path_per_floor":["M","?","$","M","?","E","$","R","T","E","?","R","$","M","R","B",null,"M","M","?","M","?","E"],"character_chosen":"THE_SILENT","items_purchased":["Darkstone Periapt","Cloak And Dagger","Caltrops"],"campfire_rested":2,"item_purchase_floors":[7,7,7],"current_hp_per_floor":[57,57,57,57,57,13,13,34,34,13,13,36,36,36,36,11,61,64,37,37,28,34,0,0],"gold":323,"neow_bonus":"BOSS_RELIC","is_daily":false,"chose_seed":false,"campfire_upgraded":0,"win_rate":0.0,"timestamp":1612676531,"path_taken":["M","?","$","?","?","E","$","R","T","E","?","R","$","M","R","BOSS","M","M","?","M","?","E"],"items_purchased_type":["Relic","Card","Card"],"build_version":"2020-12-22","purchased_purges":1,"victory":false,"max_hp_per_floor":[71,71,71,71,71,71,71,71,71,78,78,78,78,78,78,78,78,78,78,78,78,84,84,84],"card_choices":[{"not_picked":["Sucker Punch","Dodge and Roll"],"picked":"Deadly Poison","floor":0},{"not_picked":["Dodge and Roll","Skewer"],"picked":"Backstab","floor":1},{"not_picked":["Blur","Underhanded Strike","Finisher"],"picked":"SKIP","floor":4},{"not_picked":["Slice","Dodge and Roll","Expertise"],"picked":"SKIP","floor":6},{"not_picked":["Endless Agony","Terror"],"picked":"Crippling Poison","floor":10},{"not_picked":["Quick Slash","Cloak And Dagger"],"picked":"Deadly Poison","floor":14},{"not_picked":["Storm of Steel","Bullet Time"],"picked":"After Image","floor":16},{"not_picked":["Cloak And Dagger","Prepared"],"picked":"Caltrops","floor":18},{"not_picked":["Cloak And Dagger+1","Infinite Blades"],"picked":"Bouncing Flask","floor":19},{"not_picked":["Riddle With Holes","Backflip","Sucker Punch"],"picked":"SKIP","floor":21}],"player_experience":363270,"relics_obtained":[{"floor":6,"key":"Old Coin"},{"floor":10,"key":"Strawberry"}],"event_choices":[{"damage_healed":0,"gold_gain":0,"player_choice":"Gave Potion","damage_taken":0,"relics_obtained":["Toy Ornithopter"],"max_hp_gain":0,"max_hp_loss":0,"event_name":"WeMeetAgain","floor":2,"gold_loss":0},{"damage_healed":0,"gold_gain":55,"player_choice":"Gained Gold","damage_taken":0,"max_hp_gain":0,"max_hp_loss":0,"event_name":"Golden Wing","floor":5,"gold_loss":0},{"damage_healed":0,"gold_gain":0,"player_choice":"Searched \u00270\u0027 times","damage_taken":0,"max_hp_gain":0,"max_hp_loss":0,"event_name":"Dead Adventurer","floor":11,"gold_loss":0},{"damage_healed":0,"gold_gain":50,"player_choice":"Stole From Cult","damage_taken":0,"max_hp_gain":0,"max_hp_loss":0,"event_name":"Nest","floor":20,"gold_loss":0},{"damage_healed":0,"gold_gain":0,"player_choice":"Opened","damage_taken":0,"relics_obtained":["Regal Pillow"],"max_hp_gain":0,"max_hp_loss":0,"event_name":"The Mausoleum","floor":22,"gold_loss":0,"cards_obtained":["Writhe"]}],"is_beta":false,"boss_relics":[{"not_picked":["Sozu","Empty Cage"],"picked":"WristBlade"}],"items_purged_floors":[3],"is_endless":false,"potions_floor_spawned":[6,14,16,19],"killed_by":"Slavers","ascension_level":20}}