{"host":"rb2p2z6v6vieend5","time":1612733355,"event":{"mods":["BaseMod","Block Reminder","Colored Map","DeckTracker","Highlight Path","Minty Spire (QoL Compilation)","Random Character Button","Relic Stats"],"gold_per_floor":[119,137,137,137,137,137,470,470,470,145,159,159,192,205,205,304,304,320,320,344,344,369,408,408,446,469,469,485,509,559,559,559,559,559],"floor_reached":33,"language":"ENG","playtime":1138,"items_purged":[],"score":516,"play_id":"607278b2-f748-4c98-9e4a-258f975028d3","local_time":"20210207222915","is_ascension_mode":true,"campfire_choices":[{"data":"Whirlwind","floor":6,"key":"SMITH"},{"data":"Perfected Strike","floor":8,"key":"SMITH"},{"data":"Pommel Strike","floor":12,"key":"SMITH"},{"data":"Metallicize","floor":15,"key":"SMITH"},{"floor":24,"key":"REST"},{"floor":32,"key":"REST"}],"circlet_count":0,"master_deck":["AscendersBane","Strike_R","Strike_R","Strike_R","Strike_R","Strike_R","Defend_R","Defend_R","Defend_R","Bash+1","Clothesline","Whirlwind+1","Perfected Strike+1","Flame Barrier","Pommel Strike+1","Metallicize+1","Offering+1","Writhe"],"relics":["Burning Blood","Golden Idol","Old Coin","Self Forming Clay","Toxic Egg 2","Strawberry","Busted Crown","Bag of Marbles","Ornamental Fan","Happy Flower","Juzu Bracelet"],"acts_visited":["Exordium","TheCity"],"potions_floor_usage":[23,25,27],"damage_taken":[{"damage":5,"enemies":"2 Louse","floor":1,"turns":3},{"damage":8,"enemies":"Jaw Worm","floor":2,"turns":4},{"damage":20,"enemies":"3 Sentries","floor":7,"turns":3},{"damage":0,"enemies":"Cultist","floor":11,"turns":3},{"damage":26,"enemies":"Gremlin Nob","floor":13,"turns":5},{"damage":7,"enemies":"Exordium Wildlife","floor":14,"turns":4},{"damage":17,"enemies":"The Guardian","floor":16,"turns":15},{"damage":22,"enemies":"2 Thieves","floor":18,"turns":2},{"damage":9,"enemies":"Shell Parasite","floor":20,"turns":3},{"damage":24,"enemies":"Centurion and Healer","floor":22,"turns":6},{"damage":21,"enemies":"Slavers","floor":23,"turns":4},{"damage":21,"enemies":"Book of Stabbing","floor":25,"turns":5},{"damage":6,"enemies":"Sentry and Sphere","floor":27,"turns":3},{"damage":12,"enemies":"Snake Plant","floor":28,"turns":2},{"damage":6,"enemies":"3 Cultists","floor":29,"turns":1},{"damage":48,"enemies":"Collector","floor":33,"turns":3}],"seed_played":"6806424262023095222","potions_obtained":[{"floor":2,"key":"Ancient Potion"},{"floor":11,"key":"PowerPotion"},{"floor":13,"key":"SmokeBomb"},{"floor":23,"key":"AttackPotion"},{"floor":28,"key":"GamblersBrew"}],"is_trial":false,"path_per_floor":["M","M","?","?","?","R","E","R","T","$","M","R","E","M","R","B",null,"M","?","M","?","M","E","R","E","T","M","M","M","?","?","R","B"],"character_chosen":"IRONCLAD","items_purchased":["Flame Barrier","Toxic Egg 2"],"campfire_rested":2,"item_purchase_floors":[10,10],"current_hp_per_floor":[69,67,67,72,72,72,58,58,58,58,64,64,51,50,50,39,69,53,53,50,50,32,17,40,25,25,25,19,19,19,19,42,0,0],"gold":559,"neow_bonus":"UPGRADE_CARD","is_daily":false,"chose_seed":false,"campfire_upgraded":4,"win_rate":0.0,"timestamp":1612733355,"path_taken":["M","M","?","?","?","R","E","R","T","?","M","R","E","M","R","BOSS","M","?","?","?","M","E","R","E","T","M","M","M","?","?","R","BOSS"],"items_purchased_type":["Card","Relic"],"build_version":"2020-12-22","purchased_purges":0,"victory":false,"max_hp_per_floor":[75,75,75,80,72,72,72,72,72,72,72,72,79,79,79,79,79,79,79,79,79,79,79,79,79,79,79,79,79,79,79,79,79,79],"relic_stats":{"Busted Crown":14,"Happy Flower":[3],"counters":[16,66],"Golden Idol":81,"Self Forming Clay":[87],"Ornamental Fan":[8],"Juzu Bracelet":0,"obtain_stats":[{"Busted Crown":17,"Happy Flower":25,"Golden Idol":5,"Self Forming Clay":9,"Ornamental Fan":23,"Strawberry":13,"Bag of Marbles":21,"Juzu Bracelet":26,"Toxic Egg 2":10,"Burning Blood":0,"Old Coin":7},{"Busted Crown":7,"Happy Flower":12,"Golden Idol":2,"Self Forming Clay":3,"Ornamental Fan":11,"Strawberry":5,"Bag of Marbles":9,"Juzu Bracelet":12,"Toxic Egg 2":3,"Burning Blood":0,"Old Coin":3},{"Busted Crown":37,"Happy Flower":57,"Golden Idol":7,"Self Forming Clay":10,"Ornamental Fan":52,"Strawberry":18,"Bag of Marbles":42,"Juzu Bracelet":57,"Toxic Egg 2":10,"Burning Blood":0,"Old Coin":10}],"Burning Blood":90},"card_choices":[{"not_picked":["Iron Wave","Flex"],"picked":"Clothesline","floor":1},{"not_picked":["Anger","Thunderclap"],"picked":"Whirlwind","floor":2},{"not_picked":["Brutality","Thunderclap"],"picked":"Perfected Strike","floor":7},{"not_picked":["Twin Strike","Anger"],"picked":"Pommel Strike","floor":11},{"not_picked":["True Grit+1","Clothesline"],"picked":"Metallicize","floor":13},{"not_picked":["Armaments+1","Wild Strike","Havoc+1"],"picked":"SKIP","floor":14},{"not_picked":["Impervious+1","Exhume+1"],"picked":"Offering+1","floor":16},{"not_picked":["Sword Boomerang+1"],"picked":"SKIP","floor":18},{"not_picked":["Body Slam"],"picked":"SKIP","floor":20},{"not_picked":["Reckless Charge"],"picked":"SKIP","floor":22},{"not_picked":["Anger"],"picked":"SKIP","floor":23},{"not_picked":["Body Slam"],"picked":"SKIP","floor":25},{"not_picked":["Second Wind+1"],"picked":"SKIP","floor":28},{"not_picked":["Infernal Blade+1"],"picked":"SKIP","floor":29}],"player_experience":701280,"relics_obtained":[{"floor":7,"key":"Old Coin"},{"floor":9,"key":"Self Forming Clay"},{"floor":13,"key":"Strawberry"},{"floor":23,"key":"Ornamental Fan"},{"floor":25,"key":"Happy Flower"},{"floor":26,"key":"Juzu Bracelet"}],"event_choices":[{"damage_healed":0,"gold_gain":0,"player_choice":"Ignored","damage_taken":0,"max_hp_gain":0,"max_hp_loss":0,"event_name":"Liars Game","floor":3,"gold_loss":0},{"damage_healed":0,"gold_gain":0,"player_choice":"Donut","damage_taken":0,"max_hp_gain":5,"max_hp_loss":0,"event_name":"Big Fish","floor":4,"gold_loss":0},{"damage_healed":0,"gold_gain":0,"player_choice":"Lose Max HP","damage_taken":0,"relics_obtained":["Golden Idol"],"max_hp_gain":0,"max_hp_loss":8,"event_name":"Golden Idol","floor":5,"gold_loss":0},{"cards_removed":["Defend_R"],"damage_healed":0,"gold_gain":0,"player_choice":"Purged","damage_taken":0,"max_hp_gain":0,"max_hp_loss":0,"event_name":"Purifier","floor":19,"gold_loss":0},{"damage_healed":0,"gold_gain":0,"player_choice":"Opened","damage_taken":0,"relics_obtained":["Bag of Marbles"],"max_hp_gain":0,"max_hp_loss":0,"event_name":"The Mausoleum","floor":21,"gold_loss":0,"cards_obtained":["Writhe"]},{"damage_healed":0,"gold_gain":50,"player_choice":"Stole From Cult","damage_taken":0,"max_hp_gain":0,"max_hp_loss":0,"event_name":"Nest","floor":30,"gold_loss":0},{"damage_healed":0,"gold_gain":0,"player_choice":"Ignored","damage_taken":0,"max_hp_gain":0,"max_hp_loss":0,"event_name":"Vampires","floor":31,"gold_loss":0}],"is_beta":false,"boss_relics":[{"not_picked":["Tiny House","Runic Cube"],"picked":"Busted Crown"}],"items_purged_floors":[],"is_endless":false,"potions_floor_spawned":[2,11,13,14,18,23,28],"killed_by":"Collector","ascension_level":15}}