{"host":"k1qq3tnzhl68zvao","time":1612720922,"event":{"mods":["ATMod(°¢èªMod)","AchievementEnabler","Act Like it!","BaseMod","Colored Powertips","DeckTracker","Downfall","Energized Spire","Googly Eyes","Minty Spire (QoL Compilation)","Quick Restart","Relic Filter Mod","Relic Stats","Reliquary","Replay The Spire","Spicy Shops","StSLib","¡¾ÒÅÎï¿¨ÅÆ¡¿REMEMod"],"gold_per_floor":[115,115,115,115,115,143,143,176,176,191,221,221,241,83,83,183,183,203,228,245,245,257,287,287,313,313,313,341,49,66,100,100,205,205,215,215,215,215,225,225,257,270,324,356,369,400,413,429,429,429,429,429,65,96,196],"floor_reached":56,"language":"ZHS","playtime":5877,"items_purged":["Regret","Replay:Hysterical Blindness","Doubt"],"score":2033,"play_id":"90d469fb-40b0-4712-97ad-ba3f1fced3be","local_time":"20210208020202","is_ascension_mode":true,"campfire_choices":[{"data":"Metallicize","floor":12,"key":"SMITH"},{"data":"Delirium","floor":15,"key":"PURGE"},{"data":"True Grit","floor":27,"key":"SMITH"},{"data":"Body Slam","floor":32,"key":"SMITH"},{"data":"Body Slam","floor":40,"key":"SMITH"},{"floor":49,"key":"RECALL"},{"data":"Barricade","floor":52,"key":"SMITH"}],"circlet_count":0,"master_deck":["Defend_R","Defend_R","Defend_R+1","Defend_R","Bash","REME_Shoggoth","AT_FamilyPortrait+1","ReplayTheSpireMod:Strike From Hell","Hemogenesis","Body Slam+1","Metallicize+1","REME_FearOfPain","Shrug It Off","Hallucinations","Rampage+1","Barricade+1","True Grit+1","Double Tap","AT_ShrugMaster+1","Replay:Undeath\u0027s Touch","Bite","Bite","Bite","Bite","Bite","Infernal Blade+1","Flex","Body Slam+1","Dark Embrace+1","Jack Of All Trades","Magnetism","Entrench+1","Pot Of Greed","Pot Of Greed","Pot Of Greed","Headbutt+1","Feel No Pain","downfall:Malfunctioning","Sickly","Pot Of Greed","REME_Cut","Parasite","Havoc+1"],"relics":["Burning Blood","REME_ComplimentaryCards","AT_ATBox","downfall:ExtraCursedKey","StoneCalendar","FossilizedHelix","reliquary:IridiumChain","reliquary:TridentHead","ReplayTheSpireMod:CursedCoin","Black Star","Red Mask","AT_DeathDance","Nunchaku","Nilry\u0027s Codex","InkBottle","Replay:Towering Pillar of Hats","Mirror","reliquary:Stiletto","Incense Burner","Gambling Chip","reliquary:Buckler","Self Forming Clay","Empty Cage","reliquary:QuartzCube","Grinning Jar","Centennial Puzzle","REME_HourglassOfDeath","Replay:Accelerometer","AT_EbonyIvory","HornCleat","Chemical X","AT_SpeedBoots","Lantern","reliquary:WeakTea","AT_TheCollector"],"acts_visited":["Exordium","TheCity","TheBeyond","TheEnding"],"potions_floor_usage":[33,33],"damage_taken":[{"damage":0,"enemies":"2 Louse","floor":1,"turns":3},{"damage":10,"enemies":"3 Sentries","floor":6,"turns":3},{"damage":7,"enemies":"Lagavulin","floor":8,"turns":7},{"damage":0,"enemies":"Small Slimes","floor":10,"turns":3},{"damage":27,"enemies":"Replay:BlueRogue","floor":11,"turns":7},{"damage":0,"enemies":"Jaw Worm","floor":13,"turns":2},{"damage":21,"enemies":"Hexaghost","floor":16,"turns":9},{"damage":0,"enemies":"Chosen","floor":18,"turns":5},{"damage":55,"enemies":"Masked Bandits","floor":19,"turns":7},{"damage":0,"enemies":"3 Byrds","floor":20,"turns":5},{"damage":10,"enemies":"Snake Plant","floor":22,"turns":7},{"damage":0,"enemies":"Book of Stabbing","floor":23,"turns":7},{"damage":0,"enemies":"REME_1_Revenger","floor":25,"turns":6},{"damage":23,"enemies":"Gremlin Leader","floor":28,"turns":7},{"damage":3,"enemies":"Shelled Parasite and Fungi","floor":30,"turns":4},{"damage":0,"enemies":"REME_1_Revenger","floor":31,"turns":5},{"damage":0,"enemies":"Automaton","floor":33,"turns":7},{"damage":13,"enemies":"3 Shapes","floor":35,"turns":4},{"damage":8,"enemies":"3 Darklings","floor":39,"turns":6},{"damage":0,"enemies":"Reptomancer","floor":41,"turns":5},{"damage":0,"enemies":"Jaw Worm Horde","floor":42,"turns":4},{"damage":0,"enemies":"R_Hoarder","floor":44,"turns":5},{"damage":0,"enemies":"Writhing Mass","floor":45,"turns":5},{"damage":0,"enemies":"Giant Head","floor":46,"turns":5},{"damage":0,"enemies":"Transient","floor":47,"turns":5},{"damage":0,"enemies":"Sphere and 2 Shapes","floor":48,"turns":2},{"damage":4,"enemies":"Time Eater","floor":50,"turns":10},{"damage":10,"enemies":"Shield and Spear","floor":54,"turns":3},{"damage":4,"enemies":"The Heart","floor":55,"turns":5}],"seed_played":"-1612733585495458966","potions_obtained":[{"floor":6,"key":"Milkshake"},{"floor":18,"key":"EntropicBrew"},{"floor":19,"key":"Fire Potion"},{"floor":20,"key":"Adrenaline Potion"},{"floor":33,"key":"Fruit Juice"}],"is_trial":false,"path_per_floor":["M","?","?","?","?","E","?","E","T","M","E","R","M","$","R","B",null,"M","?","M","?","M","E","?","E","T","R","E","$","M","E","R","B",null,"M","?","?","?","M","R","E","M","T","E","M","E","M","M","R","B",null,"R","$","E","B",null],"character_chosen":"IRONCLAD","items_purchased":["ReplayTheSpireMod:CursedCoin","Rampage","Barricade","True Grit","Gambling Chip","Chemical X","AT_SpeedBoots","Lantern"],"campfire_rested":0,"item_purchase_floors":[14,14,14,14,29,53,53,53],"current_hp_per_floor":[86,79,79,79,67,63,63,67,67,82,66,66,72,72,72,57,80,86,37,43,43,53,61,45,51,51,51,54,54,61,61,61,66,66,61,51,51,51,63,63,63,63,63,63,63,63,63,63,63,63,63,63,63,59,63],"gold":196,"neow_bonus":"TEN_PERCENT_HP_BONUS","is_daily":false,"chose_seed":false,"campfire_upgraded":5,"win_rate":0.0,"timestamp":1612720922,"path_taken":["M","?","?","?","?","E","?","E","T","M","E","R","M","$","R","BOSS","M","?","M","?","M","E","?","E","T","R","E","?","M","E","R","BOSS","M","?","?","?","?","R","E","M","T","E","M","E","M","M","R","BOSS","R","$","E","BOSS"],"items_purchased_type":["Relic","Card","Card","Card","Relic","Relic","Relic","Relic"],"build_version":"2020-12-22","purchased_purges":3,"victory":true,"max_hp_per_floor":[88,88,88,88,88,88,88,88,88,88,88,88,88,88,88,88,88,88,88,88,61,61,61,61,61,61,61,61,61,61,61,61,66,66,66,66,63,63,63,63,63,63,63,63,63,63,63,63,63,63,63,63,63,63,63],"relic_stats":{"Nunchaku":[21],"Centennial Puzzle":[9],"counters":[29,152],"Self Forming Clay":[45],"Gambling Chip":[38],"StoneCalendar":[185],"Black Star":8,"Chemical X":[1],"obtain_stats":[{"Replay:Accelerometer":44,"Lantern":53,"AT_ATBox":0,"Nilry\u0027s Codex":24,"StoneCalendar":5,"Incense Burner":28,"Empty Cage":34,"reliquary:QuartzCube":41,"Burning Blood":0,"reliquary:TridentHead":11,"Nunchaku":23,"Centennial Puzzle":43,"HornCleat":46,"Gambling Chip":29,"reliquary:Buckler":31,"downfall:ExtraCursedKey":3,"Red Mask":19,"Chemical X":53,"InkBottle":25,"Replay:Towering Pillar of Hats":25,"ReplayTheSpireMod:CursedCoin":14,"Self Forming Clay":31,"AT_EbonyIvory":46,"reliquary:WeakTea":54,"reliquary:IridiumChain":8,"AT_SpeedBoots":53,"REME_HourglassOfDeath":44,"AT_TheCollector":54,"reliquary:Stiletto":28,"Black Star":17,"AT_DeathDance":23,"Grinning Jar":41,"Mirror":26,"FossilizedHelix":6,"REME_ComplimentaryCards":0},{"Replay:Accelerometer":22,"Lantern":27,"AT_ATBox":0,"Nilry\u0027s Codex":12,"StoneCalendar":1,"Incense Burner":14,"Empty Cage":17,"reliquary:QuartzCube":20,"Burning Blood":0,"reliquary:TridentHead":5,"Nunchaku":12,"Centennial Puzzle":21,"HornCleat":24,"Gambling Chip":14,"reliquary:Buckler":16,"downfall:ExtraCursedKey":1,"Red Mask":9,"Chemical X":27,"InkBottle":13,"Replay:Towering Pillar of Hats":13,"ReplayTheSpireMod:CursedCoin":6,"Self Forming Clay":16,"AT_EbonyIvory":24,"reliquary:WeakTea":28,"reliquary:IridiumChain":3,"AT_SpeedBoots":27,"REME_HourglassOfDeath":22,"AT_TheCollector":28,"reliquary:Stiletto":14,"Black Star":7,"AT_DeathDance":12,"Grinning Jar":20,"Mirror":13,"FossilizedHelix":2,"REME_ComplimentaryCards":0},{"Replay:Accelerometer":118,"Lantern":144,"AT_ATBox":0,"Nilry\u0027s Codex":65,"StoneCalendar":3,"Incense Burner":78,"Empty Cage":94,"reliquary:QuartzCube":109,"Burning Blood":0,"reliquary:TridentHead":23,"Nunchaku":65,"Centennial Puzzle":113,"HornCleat":127,"Gambling Chip":78,"reliquary:Buckler":87,"downfall:ExtraCursedKey":3,"Red Mask":46,"Chemical X":144,"InkBottle":71,"Replay:Towering Pillar of Hats":71,"ReplayTheSpireMod:CursedCoin":25,"Self Forming Clay":87,"AT_EbonyIvory":127,"reliquary:WeakTea":147,"reliquary:IridiumChain":13,"AT_SpeedBoots":144,"REME_HourglassOfDeath":118,"AT_TheCollector":147,"reliquary:Stiletto":78,"Black Star":34,"AT_DeathDance":65,"Grinning Jar":109,"Mirror":71,"FossilizedHelix":6,"REME_ComplimentaryCards":0}],"Burning Blood":103,"InkBottle":[58]},"card_choices":[{"not_picked":["Heavy Blade","Sentinel"],"picked":"ReplayTheSpireMod:Strike From Hell","floor":1},{"not_picked":["Wild Strike","Second Wind"],"picked":"Body Slam","floor":6},{"not_picked":["Clash","Havoc","Fire Breathing"],"picked":"SKIP","floor":8},{"not_picked":["Anger","Sentinel"],"picked":"Metallicize","floor":10},{"not_picked":["Blood for Blood","Carnage"],"picked":"REME_FearOfPain","floor":11},{"not_picked":["Thunderclap","Rage"],"picked":"Shrug It Off","floor":13},{"not_picked":["Replay:Many Hands","REME_TheLastStrike"],"picked":"Double Tap","floor":16},{"not_picked":["Warcry","ReplayTheSpireMod:Corrosion Curse","Spot Weakness"],"picked":"SKIP","floor":18},{"not_picked":["Clothesline+1","Battle Trance+1"],"picked":"AT_ShrugMaster+1","floor":19},{"not_picked":["True Grit","Battle Trance"],"picked":"Replay:Undeath\u0027s Touch","floor":20},{"not_picked":["Havoc","Sentinel","Heavy Blade"],"picked":"SKIP","floor":22},{"not_picked":["Sever Soul","Iron Wave"],"picked":"AT_Dispersion","floor":23},{"not_picked":["Rupture+1","Dual Wield+1","Rampage"],"picked":"SKIP","floor":25},{"not_picked":["Demonic Infusion","Clash"],"picked":"Infernal Blade+1","floor":28},{"not_picked":["ReplayTheSpireMod:Strike From Hell","Heavy Blade+1"],"picked":"Flex","floor":30},{"not_picked":["Anger","Immolate"],"picked":"Body Slam","floor":31},{"not_picked":["Pommel Strike+1","Power Through+1"],"picked":"Dark Embrace+1","floor":35},{"not_picked":["REME_AllRoundStrike","AT_PowerWithin"],"picked":"Jack Of All Trades","floor":36},{"not_picked":["REME_TheoryOfElimination","Blind"],"picked":"Magnetism","floor":36},{"not_picked":["Warcry","Run Through+1"],"picked":"Entrench+1","floor":39},{"not_picked":["Replay:Undeath\u0027s Touch","Shrug It Off"],"picked":"Headbutt+1","floor":41},{"not_picked":["Clash","Clothesline+1"],"picked":"Feel No Pain","floor":42},{"not_picked":["ReplayTheSpireMod:Strike From Hell","Metallicize"],"picked":"REME_Cut","floor":44},{"not_picked":["Armaments","Flame Barrier+1","Immolate"],"picked":"SKIP","floor":45},{"not_picked":["Clothesline+1","Clash","Bludgeon"],"picked":"SKIP","floor":46},{"not_picked":["Warcry+1","Fire Breathing+1","Carnage+1"],"picked":"SKIP","floor":47},{"not_picked":["Clothesline+1","Flame Barrier"],"picked":"Havoc+1","floor":48},{"not_picked":["Run Through","Feed","Replay:Undeath\u0027s Touch"],"picked":"SKIP","floor":54}],"player_experience":506525,"relics_obtained":[{"floor":6,"key":"FossilizedHelix"},{"floor":8,"key":"reliquary:IridiumChain"},{"floor":11,"key":"reliquary:TridentHead"},{"floor":19,"key":"Red Mask"},{"floor":23,"key":"AT_DeathDance"},{"floor":23,"key":"Nunchaku"},{"floor":24,"key":"Nilry\u0027s Codex"},{"floor":25,"key":"InkBottle"},{"floor":25,"key":"Replay:Towering Pillar of Hats"},{"floor":26,"key":"Mirror"},{"floor":28,"key":"reliquary:Stiletto"},{"floor":28,"key":"Incense Burner"},{"floor":31,"key":"reliquary:Buckler"},{"floor":31,"key":"Self Forming Clay"},{"floor":41,"key":"reliquary:QuartzCube"},{"floor":41,"key":"Grinning Jar"},{"floor":43,"key":"Centennial Puzzle"},{"floor":44,"key":"REME_HourglassOfDeath"},{"floor":44,"key":"Replay:Accelerometer"},{"floor":46,"key":"AT_EbonyIvory"},{"floor":46,"key":"HornCleat"},{"floor":54,"key":"reliquary:WeakTea"},{"floor":54,"key":"AT_TheCollector"}],"event_choices":[{"cards_removed":["Strike_R"],"damage_healed":0,"gold_gain":0,"player_choice":"Card Removal","damage_taken":7,"max_hp_gain":0,"max_hp_loss":0,"event_name":"Golden Wing","floor":2,"gold_loss":0},{"cards_removed":["Delirium"],"damage_healed":0,"gold_gain":0,"player_choice":"Forget","damage_taken":0,"max_hp_gain":0,"max_hp_loss":0,"event_name":"Living Wall","floor":4,"gold_loss":0},{"damage_healed":0,"gold_gain":0,"player_choice":"Success","damage_taken":12,"relics_obtained":["StoneCalendar"],"max_hp_gain":0,"max_hp_loss":0,"event_name":"Scrap Ooze","floor":5,"gold_loss":0},{"damage_healed":0,"gold_gain":0,"player_choice":"Fought Bandits","damage_taken":0,"max_hp_gain":0,"max_hp_loss":0,"event_name":"Masked Bandits","floor":19,"gold_loss":0},{"damage_healed":0,"gold_gain":0,"player_choice":"Became a vampire","damage_taken":0,"max_hp_gain":0,"max_hp_loss":27,"event_name":"Vampires","floor":21,"gold_loss":0,"cards_obtained":["Bite","Bite","Bite","Bite","Bite"]},{"damage_healed":0,"gold_gain":0,"player_choice":"Obtained Book","damage_taken":16,"max_hp_gain":0,"max_hp_loss":0,"event_name":"Cursed Tome","floor":24,"gold_loss":0},{"damage_healed":0,"gold_gain":0,"player_choice":"Memory 3","damage_taken":10,"max_hp_gain":0,"max_hp_loss":0,"event_name":"SensoryStone","floor":36,"gold_loss":0},{"damage_healed":0,"gold_gain":0,"player_choice":"Max HP","damage_taken":0,"max_hp_gain":0,"max_hp_loss":3,"event_name":"Winding Halls","floor":37,"gold_loss":0},{"damage_healed":0,"gold_gain":0,"player_choice":"0 cards matched","damage_taken":0,"max_hp_gain":0,"max_hp_loss":0,"event_name":"Match and Keep!","floor":38,"gold_loss":0,"cards_obtained":[]}],"is_beta":false,"boss_relics":[{"not_picked":["energizedSpire:CursedPentagram","reliquary:Craggleroot"],"picked":"Black Star"},{"not_picked":["Ooze Armor","reliquary:WritOfMandamus"],"picked":"Empty Cage"}],"items_purged_floors":[14,29,29],"is_endless":false,"potions_floor_spawned":[6,18,19,20,31,33,35,41,42,45],"ascension_level":6}}