{"host":"stku21i8hhz5zha4","time":1612719930,"event":{"mods":["2.2 Compatiblity","AchievementEnabler","Aspiration","Bard","BaseMod","Bestiary","Better Altar","Better Match","Better Note","Better Sensory Stone","Better Skull","Better Third Choice","Better Vampires","Booster Modes","Bossed Relics","Challenge The Spire","Clawfect","Colored Map","Colored Powertips","Colorless Booster Pack","Conspire","Curses Come First","Dark Map","Displayed Cursed Tome","Downfall","Energized Spire","Fox Events","Friendly Minions","GifTheSpireLib","Halation","Hermit","Hubris","Infinite Spire","Jedi Mod","Jess\u0027s Bottle","Jorbs\u0027s Wanderer Trilogy","Marked Mod","Minty Spire (QoL Compilation)","Permanent Neow","Quick Restart","Rare Cards Sparkle","Relic Sorter","Reliquary","Replay The Spire","Retaliation","Shop Mod","Spikes Relics","Spire Arcade","StS++","StSLib","Stuff the Spire","The Blue Laboratory","The Cursed","The Hierophant","The Marked","The Poker Player","The Runesmith","The Servant 0.9.4","Trackpad","Transform Curses","Uncapped","Unknown Chances","Virulent Crown","Wandering Minibosses"],"gold_per_floor":[119,119,119,119,139,166,166,184,211,236,236,251,251,201,201,297,297,317,333,333,608,371,404,421,421,444,457,457,475,475,475,475,475,475],"floor_reached":33,"language":"ENG","playtime":1900,"items_purged":["Regret"],"score":366,"play_id":"dd080e58-1446-47d0-b7c1-f387d6a257ed","local_time":"20210207204530","is_ascension_mode":true,"campfire_choices":[{"data":"jedi:rejectivetoxin","floor":7.0,"key":"SMITH"},{"floor":11.0,"key":"REST"},{"data":"Draining Mist","floor":13.0,"key":"SMITH"},{"data":"Burst","floor":15.0,"key":"SMITH"},{"floor":25,"key":"REST"},{"floor":28,"key":"REST"},{"data":"Toxin Wave","floor":30,"key":"SMITH"}],"circlet_count":0,"master_deck":["Defend_G","Defend_G","Defend_G+1","Defend_G+1","Survivor","Neutralize","Burst+1","Finisher+1","Draining Mist+1","jedi:rejectivetoxin+1","Acrobatics","Backflip+1","jedi:rejectivetoxin","Toxin Wave+1","Thinking Ahead","Footwork","jedi:unstablefumes","Dodge and Roll"],"relics":["Ring of the Snake","StSpp:BrokenTotem","halation:EternalFortune","Simple Rune","Gremlin Food","CrustySpines","trackpad:StolenKidneys","Regal Pillow","infinitespire:Satchel"],"acts_visited":["Exordium","TheCity"],"potions_floor_usage":[33,33],"damage_taken":[{"damage":0.0,"enemies":"2 Louse","floor":1.0,"turns":4.0},{"damage":1.0,"enemies":"Small Slimes","floor":5.0,"turns":3.0},{"damage":40.0,"enemies":"3 Sentries","floor":6.0,"turns":19.0},{"damage":0.0,"enemies":"Cultist","floor":8.0,"turns":3.0},{"damage":2.0,"enemies":"Gremlin Nob","floor":10.0,"turns":3.0},{"damage":0.0,"enemies":"3 Louse","floor":12.0,"turns":6.0},{"damage":5.0,"enemies":"Fading Forest","floor":16.0,"turns":11.0},{"damage":0.0,"enemies":"Chosen","floor":18.0,"turns":3.0},{"damage":16.0,"enemies":"Shell Parasite","floor":19.0,"turns":3.0},{"damage":43.0,"enemies":"Book of Stabbing","floor":23.0,"turns":5.0},{"damage":8,"enemies":"Centurion and Healer","floor":24,"turns":8},{"damage":6,"enemies":"Shelled Parasite and Fungi","floor":27,"turns":6},{"damage":0,"enemies":"Snecko","floor":29,"turns":4},{"damage":86,"enemies":"Pondfish","floor":33,"turns":7}],"seed_played":"-4928335002382972744","potions_obtained":[{"floor":5.0,"key":"Energy Potion"},{"floor":6.0,"key":"ColorlessPotion"},{"floor":8.0,"key":"Block Potion"},{"floor":12.0,"key":"Milkshake"},{"floor":16.0,"key":"blueLaboratory:RememoryPotion"},{"floor":19.0,"key":"AttackPotion"},{"floor":24,"key":"blueLaboratory:PhilterOfMotion"},{"floor":27,"key":"blueLaboratory:NullPotion"}],"is_trial":false,"path_per_floor":["M","?","?","?","M","E","R","M","T","E","R","M","R","?","R","B",null,"M","M","?","?","$","E","M","R","T","M","R","M","R","?","R_BF","B"],"character_chosen":"THE_SILENT","items_purchased":["Thinking Ahead"],"campfire_rested":3,"item_purchase_floors":[22],"current_hp_per_floor":[70,70,73,66,68,31,31,34,34,32,56,56,56,56,56,51,74,74,61,61,61,61,18,10,50,50,44,84,84,84,84,84,0,0],"gold":475,"neow_bonus":"TRANSFORM_CARD","is_daily":false,"chose_seed":false,"campfire_upgraded":4,"win_rate":0.0,"timestamp":1612719930,"path_taken":["M","?","?","?","M","E","R","M","T","E","R","M","R","?","R","BOSS","M","M","?","?","$","E","?","R","T","M","R","M","R","?","R_BF","BOSS"],"items_purchased_type":["Card"],"build_version":"2020-12-22","purchased_purges":1,"victory":false,"max_hp_per_floor":[70,70,73,73,76,79,79,82,82,82,82,82,82,82,82,82,82,82,85,85,85,85,85,85,85,85,85,85,85,85,85,85,85,85],"card_choices":[{"not_picked":["Heel Hook","Masterful Stab"],"picked":"Finisher","floor":1.0},{"not_picked":["Slice","Acrobatics"],"picked":"Draining Mist","floor":5.0},{"not_picked":["StuffTheSpire:Injection","jedi:pocketpoison"],"picked":"jedi:rejectivetoxin","floor":6.0},{"not_picked":["hubris:Counter","PiercingWail"],"picked":"Acrobatics","floor":8.0},{"not_picked":["Backstab","Outmaneuver"],"picked":"Backflip","floor":10.0},{"not_picked":["Poisoned Stab","Acrobatics","Underhanded Strike"],"picked":"SKIP","floor":12.0},{"not_picked":["jedi:studyshivs","Atom Bomb"],"picked":"jedi:rejectivetoxin","floor":16.0},{"not_picked":["ReplayTheSpireMod:Shiv Toss+1","Predator"],"picked":"Toxin Wave","floor":18.0},{"not_picked":["Dagger Throw+1","Hidden Blade","StuffTheSpire:BumpUp+1"],"picked":"SKIP","floor":19.0},{"not_picked":["Blade Dance","StSpp:PoisonousPunch+1","Poisoned Stab+1"],"picked":"SKIP","floor":23.0},{"not_picked":["ReplayTheSpireMod:Exploit Weakness","Well Laid Plans"],"picked":"Footwork","floor":24},{"not_picked":["Eviscerate","Flying Knee"],"picked":"jedi:unstablefumes","floor":27},{"not_picked":["Blade Dance","Fluid Movement+1","Draining Mist"],"picked":"SKIP","floor":29}],"player_experience":269829,"relics_obtained":[{"floor":5.0,"key":"halation:EternalFortune"},{"floor":6.0,"key":"halation:EternalFortune"},{"floor":6.0,"key":"Simple Rune"},{"floor":8.0,"key":"halation:EternalFortune"},{"floor":9.0,"key":"Gremlin Food"},{"floor":10.0,"key":"CrustySpines"},{"floor":19.0,"key":"halation:EternalFortune"},{"floor":23.0,"key":"Regal Pillow"},{"floor":26,"key":"infinitespire:Satchel"}],"event_choices":[{"damage_healed":0.0,"max_hp_gain":0.0,"max_hp_loss":0.0,"gold_gain":0.0,"event_name":"Big Fish","player_choice":"Box","floor":2.0,"gold_loss":0.0,"damage_taken":0.0,"relics_obtained":["StSpp:BrokenTotem"],"cards_obtained":["Regret"]},{"cards_removed":["Regret"],"damage_healed":0.0,"max_hp_gain":0.0,"max_hp_loss":0.0,"gold_gain":0.0,"event_name":"Golden Wing","player_choice":"Card Removal","floor":4.0,"gold_loss":0.0,"damage_taken":7.0},{"cards_removed":["Strike_G"],"damage_healed":0.0,"max_hp_gain":0.0,"max_hp_loss":0.0,"gold_gain":0.0,"event_name":"The Cleric","player_choice":"Card Removal","floor":14.0,"gold_loss":50.0,"damage_taken":0.0},{"damage_healed":0.0,"max_hp_gain":0.0,"max_hp_loss":0.0,"gold_gain":0.0,"event_name":"betterNote:BetterNote","player_choice":"Ignored","floor":20.0,"gold_loss":0.0,"damage_taken":0.0,"cards_obtained":["Bash"]},{"damage_healed":0.0,"max_hp_gain":0.0,"max_hp_loss":0.0,"gold_gain":275.0,"event_name":"Golden Shrine","player_choice":"Desecrate","floor":21.0,"gold_loss":0.0,"damage_taken":0.0,"cards_obtained":["Regret"]},{"damage_healed":0,"gold_gain":0,"player_choice":"Bought 0 Potions","damage_taken":0,"max_hp_gain":0,"max_hp_loss":0,"event_name":"The Woman in Blue","floor":31,"gold_loss":0}],"is_beta":false,"boss_relics":[{"not_picked":["conspire:SeveredTorchhead","energizedSpire:MagnifyingGlass"],"picked":"trackpad:StolenKidneys"}],"items_purged_floors":[22],"is_endless":false,"potions_floor_spawned":[5,6,8,12,16,19,24,27],"killed_by":"Pondfish","ascension_level":5}}