{"host":"5nj7t8259370g0gl","time":1612692790,"event":{"mods":["AchievementEnabler","BaseMod","Bestiary","Bossed Relics","Colored Map","Colored Powertips","Displayed Cursed Tome","Minty Spire (QoL Compilation)","Morshu Shopkeeper - ENHANCED","Permanent Neow","Relic Sorter","Shop Mod","Spire Arcade","StSLib","TheSurvivalist"],"gold_per_floor":[114,114,64,81,155,188,188,216,216,499693,499723,499219,499248,499265,499265,499364,499364,499374,499374,498593,498644,497783,497808,497098,497098,497098,497129,497129,497161,497175,497210,497210,497309,497309,497323,497323,497371,496137,496117,496148,496177,495108,495163,495194,495194,494786,494814,494827,494827,494827],"floor_reached":51,"language":"ENG","playtime":1860,"items_purged":["survmod:NockAnArrow","survmod:QuickDash","survmod:FlareQuiver+1","survmod:QuickDash","survmod:BendAndBow","survmod:SwiftKick+1","survmod:ComplexMutation+1","survmod:BendAndBow"],"score":1559,"play_id":"5c6a1103-117a-4a8f-b83a-2b9673c864db","local_time":"20210207211310","daily_mods":["SealedDeck","Flight","DeadlyEvents"],"is_ascension_mode":false,"campfire_choices":[{"data":"survmod:FlareQuiver","floor":7,"key":"SMITH"},{"data":"survmod:QuickThinking","floor":15,"key":"SMITH"},{"data":"survmod:DeadlyAim","floor":25,"key":"SMITH"},{"data":"survmod:SwiftKick","floor":32,"key":"SMITH"},{"data":"Mayhem","floor":45,"key":"SMITH"},{"data":"survmod:TwinShot","floor":49,"key":"SMITH"}],"circlet_count":0,"master_deck":["survmod:TwinShot+1","survmod:TwinShot","survmod:TwinShot","survmod:TwinShot","survmod:QuickThinking+1","survmod:QuickThinking+1","survmod:DeadlyAim+1","survmod:DeadlyAim+1","survmod:NeedleShot","Mayhem+1"],"relics":["survmod:InnateMutation","Matryoshka","Letter Opener","Sundial","Question Card","Bottled Lightning","survmod:TrapManual","Tiny Chest","Sling","Bag of Marbles","Pantograph","Dream Catcher","Anchor","Sozu","Nunchaku","Happy Flower","Lee\u0027s Waffle","survmod:RunningShoes","Oddly Smooth Stone","Shuriken","Strange Spoon","Mango","survmod:ShotGlass","Eternal Feather","Medical Kit","The Courier","Blood Vial","War Paint","White Beast Statue","Ancient Tea Set","Astrolabe","Bottled Flame","Du-Vu Doll","survmod:SharpenedDagger","Lantern","MealTicket","OrangePellets","Toxic Egg 2","Pen Nib","Smiling Mask","Blue Candle","Frozen Egg 2","Boot","InkBottle","Bottled Tornado","Akabeko","Singing Bowl","Orichalcum","StrikeDummy","Art of War","Bronze Scales","Omamori","Bag of Preparation"],"acts_visited":["Exordium","TheCity","TheBeyond"],"potions_floor_usage":[],"damage_taken":[{"damage":0,"enemies":"Small Slimes","floor":1,"turns":1},{"damage":0,"enemies":"Jaw Worm","floor":4,"turns":1},{"damage":4,"enemies":"3 Sentries","floor":6,"turns":3},{"damage":0,"enemies":"Lagavulin","floor":8,"turns":3},{"damage":0,"enemies":"3 Sentries","floor":11,"turns":2},{"damage":0,"enemies":"Lagavulin","floor":13,"turns":2},{"damage":0,"enemies":"2 Louse","floor":14,"turns":1},{"damage":0,"enemies":"Hexaghost","floor":16,"turns":3},{"damage":0,"enemies":"Chosen","floor":18,"turns":1},{"damage":0,"enemies":"Book of Stabbing","floor":23,"turns":2},{"damage":0,"enemies":"Slavers","floor":27,"turns":1},{"damage":0,"enemies":"Gremlin Leader","floor":29,"turns":1},{"damage":0,"enemies":"2 Thieves","floor":30,"turns":1},{"damage":0,"enemies":"Book of Stabbing","floor":31,"turns":1},{"damage":0,"enemies":"Automaton","floor":33,"turns":2},{"damage":0,"enemies":"Orb Walker","floor":35,"turns":1},{"damage":8,"enemies":"2 Orb Walkers","floor":37,"turns":2},{"damage":0,"enemies":"Reptomancer","floor":40,"turns":1},{"damage":0,"enemies":"Giant Head","floor":41,"turns":2},{"damage":0,"enemies":"Nemesis","floor":44,"turns":1},{"damage":0,"enemies":"Giant Head","floor":47,"turns":1},{"damage":0,"enemies":"3 Darklings","floor":48,"turns":1},{"damage":0,"enemies":"Donu and Deca","floor":50,"turns":1}],"seed_played":"5411775412355183810","potions_obtained":[{"floor":8,"key":"ColorlessPotion"},{"floor":11,"key":"Fire Potion"}],"is_trial":true,"path_per_floor":["M","?","?","M","T","E","R","E","T","$","E","$","E","M","R","B",null,"M","?","$","T","$","E","$","R","T","E","?","E","M","E","R","B",null,"M","T","?","$","?","E","E","$","T","E","R","$","E","M","R","B",null],"character_chosen":"THE_SURVIVOR","items_purchased":["survmod:TrapManual","Tiny Chest","Sling","Pantograph","Dream Catcher","Nunchaku","Happy Flower","Lee\u0027s Waffle","survmod:DeadlyAim","survmod:SwiftKick","Shuriken","Strange Spoon","Mango","Eternal Feather","Medical Kit","survmod:DeadlyAim","survmod:SharpenedDagger","Lantern","MealTicket","OrangePellets","Toxic Egg 2","Pen Nib","Mayhem","Frozen Egg 2","Boot","InkBottle","Bottled Tornado","Akabeko","Singing Bowl","Art of War","Bronze Scales","Omamori"],"campfire_rested":0,"item_purchase_floors":[10,10,10,12,12,20,20,20,20,20,22,22,22,24,24,24,38,38,38,38,38,38,38,42,42,42,42,42,42,46,46,46],"current_hp_per_floor":[50,40,40,40,40,36,36,36,36,36,36,36,36,36,36,50,50,50,41,57,57,71,71,71,71,71,71,71,71,71,71,71,71,71,71,71,63,63,63,65,67,71,71,73,73,73,75,77,77,77],"gold":494827,"neow_bonus":"","is_daily":false,"chose_seed":false,"campfire_upgraded":6,"win_rate":0.0,"timestamp":1612692790,"path_taken":["M","?","?","?","?","E","R","E","T","$","E","$","?","?","R","BOSS","M","?","$","?","$","E","$","R","T","E","?","E","?","?","R","BOSS","M","?","?","$","?","E","E","$","T","E","R","$","?","M","R","BOSS"],"items_purchased_type":["Relic","Relic","Relic","Relic","Relic","Relic","Relic","Relic","Card","Card","Relic","Relic","Relic","Relic","Relic","Card","Relic","Relic","Relic","Relic","Relic","Relic","Card","Relic","Relic","Relic","Relic","Relic","Relic","Relic","Relic","Relic"],"build_version":"2020-12-22","purchased_purges":8,"victory":true,"max_hp_per_floor":[50,50,50,50,50,50,50,50,50,50,50,50,50,50,50,50,50,50,50,57,57,71,71,71,71,71,71,71,71,71,71,71,71,71,71,71,71,71,71,71,71,71,71,73,73,73,75,77,77,77],"card_choices":[{"not_picked":["survmod:MarkedFromAfar","survmod:LongShot","survmod:BearTrap"],"picked":"SKIP","floor":1},{"not_picked":["survmod:TakeAim","survmod:FindCover"],"picked":"survmod:QuickDash","floor":4},{"not_picked":["survmod:FocusedFire","survmod:NockAnArrow"],"picked":"survmod:FlareQuiver","floor":6},{"not_picked":["survmod:FocusedFire","survmod:SimpleMutation","survmod:AcidTrap"],"picked":"SKIP","floor":8},{"not_picked":["survmod:Heartseeker","survmod:TwinShot","survmod:LongShot","survmod:SimpleMutation"],"picked":"SKIP","floor":11},{"not_picked":["survmod:GoForFace","survmod:SimpleMutation","survmod:MarkTrap"],"picked":"survmod:QuickThinking","floor":13},{"not_picked":["survmod:QuickDash","survmod:DuckAndFlare","survmod:TakeAim","survmod:Marksmanship"],"picked":"SKIP","floor":14},{"not_picked":["survmod:PinningSnipe","survmod:BearTrap","survmod:PoisonTrap","survmod:GoForFace"],"picked":"SKIP","floor":18},{"not_picked":["survmod:SkillfulManeuver+1","survmod:SimpleMutation","survmod:FlashbangShot+1","survmod:FlareQuiver+1"],"picked":"SKIP","floor":23},{"not_picked":["survmod:FlareQuiver+1","survmod:OverexertingShot+1","survmod:VersatileDefense","survmod:UnfortunateEscape"],"picked":"SKIP","floor":27},{"not_picked":["survmod:DuckAndFlare+1","survmod:TrapTrap","survmod:RobFromTheRich","survmod:TwinShot"],"picked":"SKIP","floor":29},{"not_picked":["survmod:PiercingShot","survmod:HiddenTactic","survmod:UnfortunateEscape","survmod:RejectWeakness"],"picked":"SKIP","floor":30},{"not_picked":["survmod:FlashbangShot+1","survmod:NockAnArrow","survmod:PersonalMark","survmod:EmptyQuiver"],"picked":"SKIP","floor":31},{"not_picked":["survmod:ExpertSniper","survmod:Detonation","survmod:UnleashTheTraps"],"picked":"survmod:NeedleShot","floor":33},{"not_picked":["survmod:HiddenTactic+1","survmod:SwiftKick","survmod:FlashbangTrap+1","survmod:DuckAndFlare"],"picked":"SKIP","floor":35},{"not_picked":["survmod:MarkTrap+1","survmod:DesperateAmbush","survmod:KnowThyEnemy+1"],"picked":"survmod:ComplexMutation+1","floor":40},{"not_picked":["survmod:PersonalMark+1","survmod:BearTrap+1","survmod:ComplexMutation","survmod:AcidTrap+1"],"picked":"SKIP","floor":41},{"not_picked":["survmod:PenetratingShot+1","survmod:UnfortunateEscape+1","survmod:QuickDash+1","survmod:FocusedFire"],"picked":"Singing Bowl","floor":44},{"not_picked":["survmod:DuckAndFlare+1","survmod:MarkedForDeath+1","survmod:LongShot+1","survmod:PoisonTrap+1"],"picked":"Singing Bowl","floor":47},{"not_picked":["survmod:GoForFace+1","survmod:SkillfulManeuver+1","survmod:KnowThyEnemy+1","survmod:FlareQuiver+1"],"picked":"Singing Bowl","floor":48}],"player_experience":564068,"relics_obtained":[{"floor":5,"key":"Matryoshka"},{"floor":6,"key":"Letter Opener"},{"floor":8,"key":"Sundial"},{"floor":9,"key":"Question Card"},{"floor":9,"key":"Bottled Lightning"},{"floor":11,"key":"Bag of Marbles"},{"floor":13,"key":"Anchor"},{"floor":21,"key":"survmod:RunningShoes"},{"floor":21,"key":"Oddly Smooth Stone"},{"floor":23,"key":"survmod:ShotGlass"},{"floor":26,"key":"The Courier"},{"floor":27,"key":"Blood Vial"},{"floor":29,"key":"White Beast Statue"},{"floor":31,"key":"Ancient Tea Set"},{"floor":36,"key":"Bottled Flame"},{"floor":37,"key":"Du-Vu Doll"},{"floor":40,"key":"Smiling Mask"},{"floor":41,"key":"Blue Candle"},{"floor":43,"key":"Orichalcum"},{"floor":44,"key":"StrikeDummy"},{"floor":47,"key":"Bag of Preparation"}],"event_choices":[{"damage_healed":0,"gold_gain":0,"player_choice":"Entered Light","damage_taken":10,"max_hp_gain":0,"max_hp_loss":0,"event_name":"Shining Light","floor":2,"gold_loss":0,"cards_upgraded":["survmod:QuickThinking","survmod:SimpleMutation"]},{"cards_removed":["survmod:SimpleMutation"],"damage_healed":0,"gold_gain":0,"player_choice":"Card Removal","damage_taken":0,"max_hp_gain":0,"max_hp_loss":0,"event_name":"The Cleric","floor":3,"gold_loss":50},{"damage_healed":0,"gold_gain":0,"player_choice":"Stopped","damage_taken":9,"max_hp_gain":0,"max_hp_loss":0,"event_name":"Cursed Tome","floor":19,"gold_loss":0},{"damage_healed":0,"gold_gain":0,"player_choice":"Fight","damage_taken":0,"max_hp_gain":0,"max_hp_loss":0,"event_name":"Mysterious Sphere","floor":37,"gold_loss":0},{"damage_healed":0,"gold_gain":0,"player_choice":"Bought 1 Potion","damage_taken":0,"max_hp_gain":0,"max_hp_loss":0,"event_name":"The Woman in Blue","floor":39,"gold_loss":0}],"is_beta":false,"boss_relics":[{"not_picked":["Snecko Eye","Busted Crown"],"picked":"Sozu"},{"not_picked":["Velvet Choker","Fusion Hammer"],"picked":"Astrolabe"}],"items_purged_floors":[10,12,20,22,24,38,42,46],"is_endless":false,"potions_floor_spawned":[8,11,23,27,30,31,33,35,37,40,41,44,47,48],"ascension_level":0}}