{"host":"sum4dy402bbv9y4o","time":1612702453,"event":{"mods":["Aspiration","BaseMod","Conspire","Highlight Path","Minty Spire (QoL Compilation)","StSLib"],"gold_per_floor":[137,187,24,41,99,99,127,47,47,47,5,5,5,49,49,167,167,167,167],"floor_reached":18,"language":"ENG","playtime":575,"items_purged":[],"score":316,"play_id":"46a696e8-d1fa-431c-9ea6-8a4605668355","local_time":"20210207155413","is_ascension_mode":true,"campfire_choices":[{"data":"HandOfGreed","floor":6.0,"key":"SMITH"},{"data":"Metallicize","floor":10.0,"key":"SMITH"},{"data":"Metallicize","floor":12.0,"key":"SMITH"},{"floor":15.0,"key":"REST"}],"circlet_count":0,"master_deck":["AscendersBane","Strike_R","Strike_R","Strike_R","Strike_R","Strike_R","Defend_R+1","Defend_R","Defend_R+1","Defend_R","Bash","conspire:NecroticWound","HandOfGreed+1","Metallicize+1","Headbutt","Metallicize+1","Metallicize"],"relics":["Burning Blood","ClockworkSouvenir","aspiration:StickyExplosives","War Paint","Golden Idol","Black Star"],"acts_visited":["Exordium","TheCity"],"potions_floor_usage":[],"damage_taken":[{"damage":17.0,"enemies":"Small Slimes","floor":1.0,"turns":4.0},{"damage":1.0,"enemies":"Cultist","floor":4.0,"turns":3.0},{"damage":2.0,"enemies":"2 Louse","floor":5.0,"turns":4.0},{"damage":24.0,"enemies":"Gremlin Nob","floor":7.0,"turns":4.0},{"damage":0.0,"enemies":"2 Fungi Beasts","floor":14.0,"turns":2.0},{"damage":47.0,"enemies":"Hexaghost","floor":16.0,"turns":12.0},{"damage":60,"enemies":"3 Byrds","floor":18,"turns":9}],"seed_played":"-3373390947853110948","potions_obtained":[{"floor":7.0,"key":"Dexterity Potion"}],"is_trial":false,"path_per_floor":["M","?","$","M","M","R","E","$","T","R","$","R","?","M","R","B",null,"M"],"character_chosen":"IRONCLAD","items_purchased":["ClockworkSouvenir","Metallicize","Metallicize"],"campfire_rested":1,"item_purchase_floors":[3,8,11],"current_hp_per_floor":[57,57,57,62,66,66,48,48,48,48,48,48,22,28,50,9,59,0,0],"gold":167,"neow_bonus":"RANDOM_COLORLESS_2","is_daily":false,"chose_seed":false,"campfire_upgraded":3,"win_rate":0.0,"timestamp":1612702453,"path_taken":["M","?","$","M","M","R","E","$","T","R","?","R","?","M","R","BOSS","M"],"items_purchased_type":["Relic","Card","Card"],"build_version":"2020-12-22","purchased_purges":0,"victory":false,"max_hp_per_floor":[75,75,75,75,75,75,75,75,75,75,75,75,75,75,75,75,75,75,75],"card_choices":[{"not_picked":["Transmutation","Thinking Ahead"],"picked":"HandOfGreed","floor":0.0},{"not_picked":["Clash","Sword Boomerang"],"picked":"Metallicize","floor":1.0},{"not_picked":["Flex","Clothesline","Sword Boomerang"],"picked":"SKIP","floor":4.0},{"not_picked":["Iron Wave","Heavy Blade"],"picked":"Headbutt","floor":5.0},{"not_picked":["Flex","Shockwave","Warcry"],"picked":"SKIP","floor":7.0},{"not_picked":["Flex","Power Through","Evolve"],"picked":"SKIP","floor":14.0}],"player_experience":3052501,"relics_obtained":[{"floor":7.0,"key":"aspiration:StickyExplosives"},{"floor":9.0,"key":"War Paint"}],"event_choices":[{"damage_healed":0.0,"max_hp_gain":0.0,"max_hp_loss":0.0,"gold_gain":50.0,"event_name":"Golden Shrine","player_choice":"Pray","floor":2.0,"gold_loss":0.0,"damage_taken":0.0},{"damage_healed":0.0,"max_hp_gain":0.0,"max_hp_loss":0.0,"gold_gain":0.0,"event_name":"Golden Idol","player_choice":"Take Damage","floor":13.0,"gold_loss":0.0,"damage_taken":26.0,"relics_obtained":["Golden Idol"]}],"is_beta":false,"boss_relics":[{"not_picked":["Fusion Hammer","Tiny House"],"picked":"Black Star"}],"items_purged_floors":[],"is_endless":false,"potions_floor_spawned":[7],"killed_by":"3 Byrds","ascension_level":20}}