{"host":"djoj10dqzzvtkauc","time":1612699308,"event":{"mods":["2.2 Compatiblity","BaseMod","Colored Map","DeckTracker","Highlight Path","Keyboard Shortcuts","Marisa£¨Ùöéë¡¡Øª×âÞÞ£©","Minty Spire (QoL Compilation)","Permanent Neow","Quick Restart","Random Character Button","StSLib","SuperFastMode","everything is the same but u backflip on backflip"],"gold_per_floor":[110,35,35,52,52,83,83,101,101,101,111,123,123,154,154,252,252,266,75,89,108,108,108],"floor_reached":22,"language":"KOR","playtime":1312,"items_purged":["Strike_G"],"score":287,"play_id":"4fce438f-25f7-4723-a3d2-b9aa66d51bdc","local_time":"20210207210148","is_ascension_mode":true,"campfire_choices":[{"data":"A Thousand Cuts","floor":7,"key":"SMITH"},{"data":"All Out Attack","floor":10,"key":"SMITH"},{"data":"Tactician","floor":13,"key":"SMITH"},{"floor":15,"key":"REST"}],"circlet_count":0,"master_deck":["Strike_G","Strike_G","Strike_G","Defend_G","Defend_G","Survivor","Neutralize+1","Bane","Acrobatics","All Out Attack+1","A Thousand Cuts+1","Well Laid Plans","Eviscerate","Tactician+1","Prepared","Die Die Die","Crippling Poison+1","Grand Finale+1","Tactician+1","Underhanded Strike","Backstab","Tactician","Reflex"],"relics":["Ring of the Snake","NeowsBlessing","Pantograph","Kunai","Anchor","Astrolabe","Blood Vial"],"acts_visited":["Exordium","TheCity"],"potions_floor_usage":[14,14,20,22,22],"damage_taken":[{"damage":0,"enemies":"Cultist","floor":1,"turns":1},{"damage":0,"enemies":"2 Louse","floor":4,"turns":1},{"damage":0,"enemies":"3 Sentries","floor":6,"turns":1},{"damage":4,"enemies":"Small Slimes","floor":8,"turns":3},{"damage":12,"enemies":"Exordium Thugs","floor":11,"turns":3},{"damage":6,"enemies":"2 Fungi Beasts","floor":12,"turns":3},{"damage":26,"enemies":"Gremlin Nob","floor":14,"turns":4},{"damage":20,"enemies":"Slime Boss","floor":16,"turns":8},{"damage":9,"enemies":"Chosen","floor":18,"turns":4},{"damage":24,"enemies":"Spheric Guardian","floor":20,"turns":4},{"damage":29,"enemies":"Shelled Parasite and Fungi","floor":21,"turns":4},{"damage":8,"enemies":"3 Cultists","floor":22,"turns":2}],"seed_played":"-9022212126892515949","potions_obtained":[{"floor":6,"key":"LiquidMemories"},{"floor":8,"key":"Weak Potion"},{"floor":11,"key":"SpeedPotion"},{"floor":14,"key":"GamblersBrew"},{"floor":18,"key":"Energy Potion"}],"is_trial":false,"path_per_floor":["M","$","?","M","?","E","R","M","T","R","M","M","R","E","R","B",null,"M","$","M","M","M"],"character_chosen":"THE_SILENT","items_purchased":["Backstab","Blood Vial"],"campfire_rested":1,"item_purchase_floors":[19,19],"current_hp_per_floor":[63,63,63,63,63,63,63,59,59,59,47,41,41,15,36,41,63,54,54,32,5,0,0],"gold":108,"neow_bonus":"THREE_ENEMY_KILL","is_daily":false,"chose_seed":false,"campfire_upgraded":3,"win_rate":0.0,"timestamp":1612699308,"path_taken":["M","$","?","M","?","E","R","M","T","R","M","M","R","E","R","BOSS","M","$","M","?","M"],"items_purchased_type":["Card","Relic"],"build_version":"2020-12-22","purchased_purges":1,"victory":false,"max_hp_per_floor":[70,70,70,70,70,70,70,70,70,70,70,70,70,70,70,70,70,70,70,70,70,70,70],"card_choices":[{"not_picked":["Outmaneuver","Distraction"],"picked":"Bane","floor":1},{"not_picked":["Crippling Poison","Deflect"],"picked":"Acrobatics","floor":4},{"not_picked":["Dagger Throw","Backflip"],"picked":"A Thousand Cuts","floor":6},{"not_picked":["Masterful Stab","Outmaneuver"],"picked":"Well Laid Plans","floor":8},{"not_picked":["Prepared","Slice"],"picked":"Eviscerate","floor":11},{"not_picked":["Terror","Distraction"],"picked":"Tactician","floor":12},{"not_picked":["Quick Slash","Slice"],"picked":"Prepared","floor":14},{"not_picked":["Night Terror","Tools of the Trade"],"picked":"Die Die Die","floor":16},{"not_picked":["All Out Attack","Distraction"],"picked":"Underhanded Strike","floor":18},{"not_picked":["Underhanded Strike","Dodge and Roll"],"picked":"Tactician","floor":20},{"not_picked":["Prepared","Dash"],"picked":"Reflex","floor":21}],"player_experience":182879,"relics_obtained":[{"floor":6,"key":"Pantograph"},{"floor":9,"key":"Kunai"},{"floor":14,"key":"Anchor"}],"event_choices":[{"damage_healed":0,"gold_gain":0,"player_choice":"Grow","damage_taken":0,"max_hp_gain":0,"max_hp_loss":0,"event_name":"Living Wall","floor":3,"gold_loss":0,"cards_upgraded":["Neutralize"]},{"damage_healed":0,"gold_gain":0,"cards_transformed":["Defend_G"],"player_choice":"Transformed","damage_taken":0,"max_hp_gain":0,"max_hp_loss":0,"event_name":"Transmorgrifier","floor":5,"gold_loss":0,"cards_obtained":["All Out Attack"]}],"is_beta":false,"boss_relics":[{"not_picked":["Runic Dome","WristBlade"],"picked":"Astrolabe"}],"items_purged_floors":[2],"is_endless":false,"potions_floor_spawned":[6,8,11,12,14,18],"killed_by":"3 Cultists","ascension_level":6}}