{"host":"h2hvhmnr6sxj7mkx","time":1612707125,"event":{"mods":["BaseMod","Marisa????????","Minty Spire (QoL Compilation)","StSLib"],"gold_per_floor":[110,110,110,125,143,172,172,202,202,202,222,252,252,61,61,162,162,179,195,214,214,232,232,232,232,304,339,339,664,683,713,713,809,809,827,827,807,52,67,96,96,125,125,157,157,186,197,220,220,220,220],"floor_reached":50,"language":"ENG","playtime":4824,"items_purged":[],"score":1009,"play_id":"f8393664-38ae-4aa3-81a8-550091a27a64","local_time":"20210207081205","daily_mods":["Hoarder","Elite Swarm"],"is_ascension_mode":false,"campfire_choices":[{"data":"Electrodynamics","floor":7,"key":"SMITH"},{"floor":10,"key":"REST"},{"floor":15,"key":"REST"},{"floor":23,"key":"REST"},{"floor":25,"key":"REST"},{"data":"Loop","floor":28,"key":"SMITH"},{"floor":32,"key":"REST"},{"data":"Echo Form","floor":41,"key":"SMITH"},{"floor":45,"key":"REST"},{"floor":49,"key":"REST"}],"circlet_count":0,"master_deck":["Strike_B","Strike_B","Strike_B","Strike_B","Defend_B","Defend_B","Defend_B","Zap","Dualcast","Gash","Gash","Redo","Redo","Redo","Sunder","Sunder","Sunder","Electrodynamics+1","Electrodynamics","Electrodynamics","Biased Cognition","Biased Cognition","Biased Cognition","Gash","Gash","Gash","Electrodynamics","Electrodynamics","Electrodynamics","Loop+1","Loop","Loop","Bandage Up","Bandage Up","Bandage Up","Hologram","Hologram","Hologram","Echo Form","Echo Form","Echo Form+1","Conserve Battery","Conserve Battery","Conserve Battery","Genetic Algorithm","Genetic Algorithm","Genetic Algorithm","White Noise","White Noise","White Noise","Fusion+1","Fusion+1","Fusion+1","Buffer","Buffer","Buffer","Seek","Seek","Seek","Glacier","Glacier","Glacier","Meteor Strike","Meteor Strike","Meteor Strike","Thunder Strike","Thunder Strike","Thunder Strike","White Noise+1","White Noise+1","White Noise+1","Defragment","Defragment","Defragment","Blizzard","Blizzard","Blizzard","Reboot","Reboot","Reboot","Creative AI","Creative AI","Creative AI","Capacitor","Capacitor","Capacitor"],"relics":["Cracked Core","Bag of Preparation","Sundial","Gambling Chip","Anchor","Ancient Tea Set","Orichalcum","Inserter","Question Card","Ornamental Fan","Old Coin","Shovel","Dream Catcher","Dead Branch","TheAbacus","Lizard Tail","The Courier","Peace Pipe","Bronze Scales","Emotion Chip","Blood Vial"],"acts_visited":["Exordium","TheCity","TheBeyond"],"potions_floor_usage":[6,12,22,27,27,39,39,44,44,47,50],"damage_taken":[{"damage":0,"enemies":"2 Louse","floor":1,"turns":3},{"damage":1,"enemies":"Cultist","floor":4,"turns":3},{"damage":11,"enemies":"Jaw Worm","floor":5,"turns":2},{"damage":31,"enemies":"Lagavulin","floor":6,"turns":5},{"damage":32,"enemies":"Gremlin Nob","floor":8,"turns":4},{"damage":2,"enemies":"Blue Slaver","floor":11,"turns":2},{"damage":0,"enemies":"3 Sentries","floor":12,"turns":2},{"damage":49,"enemies":"The Guardian","floor":16,"turns":10},{"damage":0,"enemies":"Chosen","floor":18,"turns":4},{"damage":14,"enemies":"Shell Parasite","floor":19,"turns":6},{"damage":37,"enemies":"Centurion and Healer","floor":20,"turns":5},{"damage":22,"enemies":"3 Cultists","floor":22,"turns":4},{"damage":14,"enemies":"Gremlin Leader","floor":27,"turns":5},{"damage":35,"enemies":"Slavers","floor":29,"turns":3},{"damage":7,"enemies":"Chosen and Byrds","floor":30,"turns":4},{"damage":11,"enemies":"Book of Stabbing","floor":31,"turns":8},{"damage":10,"enemies":"Automaton","floor":33,"turns":8},{"damage":21,"enemies":"Orb Walker","floor":35,"turns":4},{"damage":35,"enemies":"3 Darklings","floor":39,"turns":3},{"damage":10,"enemies":"Giant Head","floor":40,"turns":10},{"damage":27,"enemies":"Nemesis","floor":42,"turns":7},{"damage":79,"enemies":"Giant Head","floor":44,"turns":10},{"damage":12,"enemies":"Nemesis","floor":46,"turns":7},{"damage":30,"enemies":"Writhing Mass","floor":47,"turns":5},{"damage":61,"enemies":"Awakened One","floor":50,"turns":3}],"seed_played":"4983421538731026892","potions_obtained":[{"floor":1,"key":"Energy Potion"},{"floor":8,"key":"Explosive Potion"},{"floor":16,"key":"DistilledChaos"},{"floor":19,"key":"Strength Potion"},{"floor":20,"key":"Weak Potion"},{"floor":31,"key":"Energy Potion"},{"floor":33,"key":"Ancient Potion"},{"floor":37,"key":"Ancient Potion"},{"floor":39,"key":"Fruit Juice"},{"floor":40,"key":"Energy Potion"},{"floor":44,"key":"Swift Potion"},{"floor":47,"key":"Energy Potion"}],"is_trial":true,"path_per_floor":["M","?","?","M","M","E","R","E","T","R","M","E","?","$","R","B",null,"M","M","M","?","M","R","?","R","T","E","R","E","M","E","R","B",null,"M","?","?","$","M","E","R","E","T","E","R","E","M","T","R","B"],"character_chosen":"DEFECT","items_purchased":["Loop","Bandage Up","Hologram","Defragment","Dream Catcher","Blizzard","Dead Branch","TheAbacus"],"campfire_rested":7,"item_purchase_floors":[14,14,14,38,38,38,38,38],"current_hp_per_floor":[75,80,77,76,65,34,34,2,2,26,24,24,24,24,48,11,80,80,74,45,30,12,37,37,62,62,48,48,13,14,15,40,54,85,68,68,68,68,38,48,48,41,41,26,53,45,31,31,58,0,0],"gold":220,"neow_bonus":"","is_daily":false,"chose_seed":false,"campfire_upgraded":3,"win_rate":0.0,"timestamp":1612707125,"path_taken":["M","?","?","M","M","E","R","E","T","R","M","E","?","$","R","BOSS","M","M","?","?","M","R","?","R","T","E","R","E","M","E","R","BOSS","M","?","?","$","?","E","R","E","T","E","R","E","M","?","R","BOSS"],"items_purchased_type":["Card","Card","Card","Card","Relic","Card","Relic","Relic"],"build_version":"2020-12-22","purchased_purges":0,"victory":false,"max_hp_per_floor":[75,80,80,80,80,80,80,80,80,80,80,80,80,80,80,80,80,80,80,80,85,85,85,85,85,85,85,85,85,85,85,85,85,85,85,85,85,85,90,90,90,90,90,90,90,90,90,90,90,90,90],"card_choices":[{"not_picked":["Recycle","Leap"],"picked":"Gash","floor":1},{"not_picked":["Streamline","Barrage"],"picked":"Redo","floor":4},{"not_picked":["Leap","Rebound"],"picked":"Sunder","floor":5},{"not_picked":["Multi-Cast","Seek"],"picked":"Electrodynamics","floor":6},{"not_picked":["Meteor Strike","Hyperbeam"],"picked":"Biased Cognition","floor":8},{"not_picked":["Go for the Eyes","Rebound"],"picked":"Gash","floor":11},{"not_picked":["Machine Learning","All For One"],"picked":"Electrodynamics","floor":12},{"not_picked":["Core Surge","Multi-Cast"],"picked":"Echo Form","floor":16},{"not_picked":["Steam","Barrage"],"picked":"Conserve Battery","floor":18},{"not_picked":["Leap","Capacitor"],"picked":"Genetic Algorithm","floor":19},{"not_picked":["Skim","FTL"],"picked":"White Noise","floor":20},{"not_picked":["Gash+1","Stack+1"],"picked":"Fusion+1","floor":22},{"not_picked":["Machine Learning","Multi-Cast","Reboot"],"picked":"Buffer","floor":27},{"not_picked":["Buffer","Fission","Machine Learning"],"picked":"Seek","floor":29},{"not_picked":["Gash+1","Rebound","Steam"],"picked":"Glacier","floor":30},{"not_picked":["Hyperbeam","Echo Form","Rainbow"],"picked":"Meteor Strike","floor":31},{"not_picked":["Rainbow","All For One","Echo Form"],"picked":"Thunder Strike","floor":33},{"not_picked":["Skim","Compile Driver","Sweeping Beam+1"],"picked":"White Noise+1","floor":35},{"not_picked":["Leap","Steam","Doom and Gloom+1","Chill+1"],"picked":"SKIP","floor":39},{"not_picked":["Electrodynamics","Seek","Core Surge"],"picked":"Reboot","floor":40},{"not_picked":["Biased Cognition","Electrodynamics","Buffer"],"picked":"Creative AI","floor":42},{"not_picked":["Seek","Creative AI","Electrodynamics","Amplify"],"picked":"SKIP","floor":44},{"not_picked":["Meteor Strike","Rainbow","Thunder Strike","Amplify"],"picked":"SKIP","floor":46},{"not_picked":["Undo+1","Cold Snap+1","Go for the Eyes+1"],"picked":"Capacitor","floor":47}],"player_experience":33907,"relics_obtained":[{"floor":6,"key":"Sundial"},{"floor":8,"key":"Gambling Chip"},{"floor":9,"key":"Anchor"},{"floor":12,"key":"Ancient Tea Set"},{"floor":26,"key":"Question Card"},{"floor":27,"key":"Ornamental Fan"},{"floor":29,"key":"Old Coin"},{"floor":31,"key":"Shovel"},{"floor":40,"key":"Lizard Tail"},{"floor":42,"key":"The Courier"},{"floor":43,"key":"Peace Pipe"},{"floor":44,"key":"Bronze Scales"},{"floor":46,"key":"Emotion Chip"},{"floor":48,"key":"Blood Vial"}],"event_choices":[{"damage_healed":0,"gold_gain":0,"player_choice":"Donut","damage_taken":0,"max_hp_gain":5,"max_hp_loss":0,"event_name":"Big Fish","floor":2,"gold_loss":0},{"damage_healed":0,"gold_gain":0,"player_choice":"Success","damage_taken":3,"relics_obtained":["Bag of Preparation"],"max_hp_gain":0,"max_hp_loss":0,"event_name":"Scrap Ooze","floor":3,"gold_loss":0},{"cards_removed":["Gash"],"damage_healed":0,"gold_gain":0,"player_choice":"Gave Card","damage_taken":0,"relics_obtained":["Orichalcum"],"max_hp_gain":0,"max_hp_loss":0,"event_name":"WeMeetAgain","floor":13,"gold_loss":0},{"damage_healed":0,"gold_gain":0,"player_choice":"Shed Blood","damage_taken":20,"max_hp_gain":5,"max_hp_loss":0,"event_name":"Forgotten Altar","floor":21,"gold_loss":0},{"damage_healed":0,"gold_gain":0,"player_choice":"Ignored","damage_taken":0,"max_hp_gain":0,"max_hp_loss":0,"event_name":"Vampires","floor":24,"gold_loss":0},{"cards_removed":["Defend_B"],"damage_healed":0,"gold_gain":0,"player_choice":"Removed Skill","damage_taken":0,"max_hp_gain":0,"max_hp_loss":0,"event_name":"Falling","floor":36,"gold_loss":0},{"damage_healed":0,"gold_gain":0,"player_choice":"Bought 1 Potion","damage_taken":0,"max_hp_gain":0,"max_hp_loss":0,"event_name":"The Woman in Blue","floor":37,"gold_loss":0}],"is_beta":false,"boss_relics":[{"not_picked":["Busted Crown","Runic Dome"],"picked":"Inserter"},{"not_picked":["Coffee Dripper","Sozu","Snecko Eye"]}],"items_purged_floors":[],"is_endless":true,"potions_floor_spawned":[1,8,16,19,20,31,33,39,40,44,47],"killed_by":"Awakened One","ascension_level":0}}