{"host":"sc0o2qwpf9j16a4i","time":1612713167,"event":{"mods":["AchievementEnabler","BaseMod","BetterRewards","Block Reminder","Colored Map","Colored Powertips","Custom Start","Highlight Path","Minty Spire (QoL Compilation)","Relic Stats"],"gold_per_floor":[114,114,172,172,247,272,272,301,301,335,335,61,72,104,104,206,206,221,221,240,260,260,293,320,650,674,706,706,740,268,284,284,388,388,407,407,439,439,201,255,282,310,337,103,129,129,155,165,165,185],"floor_reached":51,"language":"ENG","playtime":2130,"items_purged":[],"score":1488,"play_id":"21bec34c-aa10-4ca9-9146-3f587d0ca85c","local_time":"20210207175247","daily_mods":["SealedDeck","Flight","DeadlyEvents"],"is_ascension_mode":false,"campfire_choices":[{"floor":7,"key":"REST"},{"data":"Skewer","floor":11,"key":"SMITH"},{"data":"Adrenaline","floor":15,"key":"SMITH"},{"floor":32,"key":"DIG"},{"data":"Calculated Gamble","floor":46,"key":"SMITH"},{"data":"Calculated Gamble","floor":49,"key":"SMITH"}],"circlet_count":0,"master_deck":["Footwork","Outmaneuver","Deflect","Dagger Throw","Deflect","Dagger Throw+1","Underhanded Strike","Underhanded Strike","Acrobatics","Acrobatics+1","Skewer+1","Prepared","Backstab","Calculated Gamble+1","Deflect+1","Terror","A Thousand Cuts","Escape Plan","Endless Agony","Adrenaline+1","Corpse Explosion","Cloak And Dagger+1","Deflect","RitualDagger","Backflip","Adrenaline+1","Escape Plan+1","Wraith Form v2","Crippling Poison","Mind Blast","HandOfGreed","The Bomb","PiercingWail+1","Leg Sweep+1","Prepared+1","Calculated Gamble+1","PiercingWail+1","PiercingWail+1","Tactician+1"],"relics":["Ring of the Snake","Gremlin Horn","InkBottle","Blue Candle","Meat on the Bone","Unceasing Top","Orrery","Peace Pipe","Black Star","MutagenicStrength","Art of War","Mummified Hand","Shovel","Ice Cream","Ninja Scroll","Old Coin","Bag of Preparation","Calipers","Strawberry","Happy Flower","Pear","Kunai","DollysMirror","Prayer Wheel","Snecko Eye","StrikeDummy","Bottled Lightning","Snake Skull","MealTicket","Ornamental Fan","Tingsha","Pantograph","Frozen Egg 2","MawBank","Singing Bowl","Lantern","Toxic Egg 2","Bag of Marbles","War Paint"],"acts_visited":["Exordium","TheCity","TheBeyond"],"potions_floor_usage":[21,23,29,33,41,47,50,50,50],"damage_taken":[{"damage":0,"enemies":"Cultist","floor":1,"turns":2},{"damage":14,"enemies":"Gremlin Nob","floor":6,"turns":3},{"damage":0,"enemies":"Lagavulin","floor":8,"turns":4},{"damage":0,"enemies":"Gremlin Nob","floor":10,"turns":2},{"damage":0,"enemies":"2 Louse","floor":13,"turns":1},{"damage":0,"enemies":"Lagavulin","floor":14,"turns":4},{"damage":0,"enemies":"Slime Boss","floor":16,"turns":2},{"damage":0,"enemies":"Spheric Guardian","floor":18,"turns":1},{"damage":0,"enemies":"2 Thieves","floor":20,"turns":1},{"damage":2,"enemies":"Cultist and Chosen","floor":21,"turns":2},{"damage":0,"enemies":"Gremlin Leader","floor":23,"turns":2},{"damage":0,"enemies":"Slavers","floor":24,"turns":2},{"damage":2,"enemies":"Gremlin Leader","floor":25,"turns":2},{"damage":0,"enemies":"Slavers","floor":27,"turns":1},{"damage":0,"enemies":"Gremlin Leader","floor":29,"turns":1},{"damage":0,"enemies":"Snecko","floor":31,"turns":2},{"damage":0,"enemies":"Automaton","floor":33,"turns":4},{"damage":0,"enemies":"Orb Walker","floor":35,"turns":2},{"damage":3,"enemies":"3 Shapes","floor":37,"turns":2},{"damage":0,"enemies":"Reptomancer","floor":40,"turns":4},{"damage":0,"enemies":"Nemesis","floor":41,"turns":5},{"damage":0,"enemies":"Reptomancer","floor":42,"turns":2},{"damage":0,"enemies":"Nemesis","floor":45,"turns":1},{"damage":5,"enemies":"Giant Head","floor":47,"turns":7},{"damage":0,"enemies":"Jaw Worm Horde","floor":48,"turns":1},{"damage":1,"enemies":"Awakened One","floor":50,"turns":7}],"seed_played":"-4575106952701787502","potions_obtained":[{"floor":10,"key":"LiquidBronze"},{"floor":24,"key":"Energy Potion"},{"floor":29,"key":"DuplicationPotion"},{"floor":31,"key":"LiquidBronze"},{"floor":33,"key":"Ancient Potion"},{"floor":35,"key":"LiquidMemories"},{"floor":45,"key":"Weak Potion"},{"floor":48,"key":"SteroidPotion"}],"is_trial":true,"path_per_floor":["M","?","?","T","?","E","R","E","T","E","R","$","M","E","R","B",null,"M","?","M","M","?","E","E","E","T","E","?","E","$","M","R","B",null,"M","?","M","T","$","E","E","E","T","$","E","R","E","M","R","B",null],"character_chosen":"THE_SILENT","items_purchased":["Orrery","SteroidPotion","CunningPotion","Kunai","DollysMirror","Escape Plan","Bottled Lightning","Singing Bowl"],"campfire_rested":1,"item_purchase_floors":[12,12,12,30,30,30,39,44],"current_hp_per_floor":[70,56,56,56,45,31,52,52,52,52,52,52,52,52,52,52,70,70,70,70,68,62,62,62,60,60,67,67,77,77,77,77,77,87,87,77,74,74,74,74,74,74,74,87,87,87,82,84,84,88],"gold":185,"neow_bonus":"","is_daily":false,"chose_seed":false,"campfire_upgraded":4,"win_rate":0.0,"timestamp":1612713167,"path_taken":["M","?","?","?","?","E","R","E","T","?","R","$","?","E","R","BOSS","M","?","M","?","?","E","?","E","T","E","?","?","$","M","R","BOSS","M","?","?","?","$","E","E","?","T","$","E","R","E","?","R","BOSS"],"items_purchased_type":["Relic","Potion","Potion","Relic","Relic","Card","Relic","Relic"],"build_version":"2020-12-22","purchased_purges":0,"victory":true,"max_hp_per_floor":[70,70,70,70,70,70,70,70,70,70,70,70,70,70,70,70,70,70,70,70,70,70,70,70,70,70,77,77,87,87,87,87,87,87,87,87,87,87,87,87,87,87,87,87,87,87,87,89,89,89],"relic_stats":{"Gremlin Horn":[26,24],"Singing Bowl":2,"Snake Skull":[7],"Bag of Preparation":[0],"Shovel":0,"Mummified Hand":[44],"Pantograph":5,"Prayer Wheel":3,"MealTicket":13,"Kunai":[36],"InkBottle":[55],"Ring of the Snake":[34],"Happy Flower":[12],"counters":[26,67],"Blue Candle":[0],"Tingsha":[216],"War Paint":["Deflect","Escape Plan"],"MawBank":12,"Peace Pipe":0,"Ornamental Fan":[72],"Snecko Eye":[112,121,105,107],"Black Star":10,"Art of War":[1],"obtain_stats":[{"Ice Cream":24,"Lantern":45,"Calipers":27,"Gremlin Horn":4,"Singing Bowl":44,"Snake Skull":40,"Bag of Preparation":26,"Old Coin":25,"Shovel":24,"Mummified Hand":23,"Ninja Scroll":25,"DollysMirror":30,"Strawberry":27,"Pantograph":42,"Prayer Wheel":32,"MealTicket":40,"Kunai":30,"Toxic Egg 2":45,"InkBottle":6,"Ring of the Snake":0,"Pear":29,"Happy Flower":29,"Blue Candle":8,"Tingsha":41,"Frozen Egg 2":42,"War Paint":47,"MawBank":43,"Peace Pipe":14,"Ornamental Fan":41,"MutagenicStrength":19,"Orrery":12,"Snecko Eye":34,"Black Star":17,"Art of War":23,"Bag of Marbles":47,"Bottled Lightning":39,"StrikeDummy":38,"Unceasing Top":10,"Meat on the Bone":9},{"Ice Cream":12,"Lantern":23,"Calipers":14,"Gremlin Horn":1,"Singing Bowl":22,"Snake Skull":20,"Bag of Preparation":13,"Old Coin":13,"Shovel":12,"Mummified Hand":11,"Ninja Scroll":13,"DollysMirror":15,"Strawberry":14,"Pantograph":22,"Prayer Wheel":16,"MealTicket":20,"Kunai":15,"Toxic Egg 2":23,"InkBottle":2,"Ring of the Snake":0,"Pear":15,"Happy Flower":15,"Blue Candle":3,"Tingsha":21,"Frozen Egg 2":22,"War Paint":24,"MawBank":22,"Peace Pipe":6,"Ornamental Fan":21,"MutagenicStrength":8,"Orrery":4,"Snecko Eye":17,"Black Star":7,"Art of War":11,"Bag of Marbles":24,"Bottled Lightning":19,"StrikeDummy":19,"Unceasing Top":4,"Meat on the Bone":3},{"Ice Cream":26,"Lantern":52,"Calipers":29,"Gremlin Horn":2,"Singing Bowl":51,"Snake Skull":44,"Bag of Preparation":28,"Old Coin":28,"Shovel":26,"Mummified Hand":24,"Ninja Scroll":28,"DollysMirror":30,"Strawberry":29,"Pantograph":51,"Prayer Wheel":32,"MealTicket":44,"Kunai":30,"Toxic Egg 2":52,"InkBottle":5,"Ring of the Snake":0,"Pear":30,"Happy Flower":30,"Blue Candle":9,"Tingsha":49,"Frozen Egg 2":51,"War Paint":59,"MawBank":51,"Peace Pipe":16,"Ornamental Fan":49,"MutagenicStrength":19,"Orrery":11,"Snecko Eye":36,"Black Star":18,"Art of War":24,"Bag of Marbles":59,"Bottled Lightning":40,"StrikeDummy":40,"Unceasing Top":11,"Meat on the Bone":9}],"Unceasing Top":[8],"Meat on the Bone":0},"card_choices":[{"not_picked":["Dodge and Roll","Well Laid Plans"],"picked":"Skewer","floor":1},{"not_picked":["Dodge and Roll","Deflect"],"picked":"Prepared","floor":6},{"not_picked":["Sucker Punch","Dagger Throw","Riddle With Holes"],"picked":"SKIP","floor":8},{"not_picked":["Blade Dance","Choke"],"picked":"Backstab","floor":10},{"not_picked":["Deadly Poison","PiercingWail"],"picked":"Calculated Gamble","floor":12},{"not_picked":["Acrobatics","Venomology"],"picked":"Deflect","floor":12},{"not_picked":["Acrobatics","Backflip"],"picked":"Terror","floor":12},{"not_picked":["Deflect","Sucker Punch"],"picked":"A Thousand Cuts","floor":12},{"not_picked":["Eviscerate","Masterful Stab"],"picked":"Escape Plan","floor":12},{"not_picked":["Flying Knee","Outmaneuver"],"picked":"Endless Agony","floor":13},{"not_picked":["Cloak And Dagger","Leg Sweep"],"picked":"Adrenaline","floor":14},{"not_picked":["Envenom","Burst"],"picked":"Corpse Explosion","floor":16},{"not_picked":["Backflip","Dagger Throw"],"picked":"Cloak And Dagger+1","floor":18},{"not_picked":["PiercingWail","Dagger Spray","Acrobatics"],"picked":"SKIP","floor":20},{"not_picked":["Predator","Skewer"],"picked":"Deflect","floor":21},{"not_picked":["Prepared","Setup","Deadly Poison"],"picked":"SKIP","floor":23},{"not_picked":["Sucker Punch","Quick Slash","Bane"],"picked":"SKIP","floor":24},{"not_picked":["Accuracy","Cloak And Dagger","Deflect"],"picked":"SKIP","floor":25},{"not_picked":["Die Die Die","Accuracy+1","Outmaneuver+1"],"picked":"SKIP","floor":27},{"not_picked":["Dagger Spray","Outmaneuver+1","Footwork"],"picked":"SKIP","floor":29},{"not_picked":["Flechettes","Blade Dance","Riddle With Holes+1"],"picked":"SKIP","floor":31},{"not_picked":["Doppelganger","Unload"],"picked":"Wraith Form v2","floor":33},{"not_picked":["Deadly Poison","Concentrate"],"picked":"Crippling Poison","floor":35},{"not_picked":["Poisoned Stab","Masterful Stab","Sucker Punch+1"],"picked":"SKIP","floor":35},{"not_picked":["Dramatic Entrance","Swift Strike"],"picked":"Mind Blast","floor":36},{"not_picked":["The Bomb","Dark Shackles"],"picked":"HandOfGreed","floor":36},{"not_picked":["PanicButton","Impatience"],"picked":"The Bomb","floor":36},{"not_picked":["Well Laid Plans+1","Caltrops+1"],"picked":"PiercingWail+1","floor":37},{"not_picked":["Underhanded Strike","Dodge and Roll+1"],"picked":"Leg Sweep+1","floor":37},{"not_picked":["Doppelganger","Finisher+1"],"picked":"Prepared+1","floor":40},{"not_picked":["Masterful Stab","Footwork+1"],"picked":"Calculated Gamble","floor":41},{"not_picked":["Acrobatics+1","Dagger Spray+1","Finisher+1"],"picked":"SKIP","floor":42},{"not_picked":["Deadly Poison+1","Underhanded Strike+1"],"picked":"PiercingWail+1","floor":45},{"not_picked":["Finisher","Setup+1"],"picked":"PiercingWail+1","floor":47},{"not_picked":["Deadly Poison+1","Sucker Punch+1"],"picked":"Tactician+1","floor":48},{"not_picked":["Outmaneuver+1","Underhanded Strike+1","Blade Dance+1"],"picked":"Singing Bowl","floor":48}],"player_experience":1267986,"relics_obtained":[{"floor":4,"key":"Gremlin Horn"},{"floor":6,"key":"InkBottle"},{"floor":8,"key":"Blue Candle"},{"floor":9,"key":"Meat on the Bone"},{"floor":10,"key":"Unceasing Top"},{"floor":14,"key":"Peace Pipe"},{"floor":23,"key":"Art of War"},{"floor":23,"key":"Mummified Hand"},{"floor":24,"key":"Shovel"},{"floor":24,"key":"Ice Cream"},{"floor":25,"key":"Ninja Scroll"},{"floor":25,"key":"Old Coin"},{"floor":26,"key":"Bag of Preparation"},{"floor":27,"key":"Calipers"},{"floor":27,"key":"Strawberry"},{"floor":29,"key":"Happy Flower"},{"floor":29,"key":"Pear"},{"floor":32,"key":"Prayer Wheel"},{"floor":38,"key":"StrikeDummy"},{"floor":40,"key":"Snake Skull"},{"floor":40,"key":"MealTicket"},{"floor":41,"key":"Ornamental Fan"},{"floor":41,"key":"Tingsha"},{"floor":42,"key":"Pantograph"},{"floor":42,"key":"Frozen Egg 2"},{"floor":43,"key":"MawBank"},{"floor":45,"key":"Lantern"},{"floor":45,"key":"Toxic Egg 2"},{"floor":47,"key":"Bag of Marbles"},{"floor":47,"key":"War Paint"}],"event_choices":[{"damage_healed":0,"gold_gain":0,"player_choice":"Entered Light","damage_taken":14,"max_hp_gain":0,"max_hp_loss":0,"event_name":"Shining Light","floor":2,"gold_loss":0,"cards_upgraded":["Acrobatics","Dagger Throw"]},{"damage_healed":0,"gold_gain":58,"player_choice":"Gained Gold","damage_taken":0,"max_hp_gain":0,"max_hp_loss":0,"event_name":"Golden Wing","floor":3,"gold_loss":0},{"damage_healed":0,"gold_gain":75,"player_choice":"Gather Gold","damage_taken":11,"max_hp_gain":0,"max_hp_loss":0,"event_name":"World of Goop","floor":5,"gold_loss":0},{"damage_healed":0,"gold_gain":0,"player_choice":"Inject Mutagens","damage_taken":0,"relics_obtained":["MutagenicStrength"],"max_hp_gain":0,"max_hp_loss":0,"event_name":"Drug Dealer","floor":19,"gold_loss":0},{"damage_healed":0,"gold_gain":0,"player_choice":"Joined the Cult","damage_taken":6,"max_hp_gain":0,"max_hp_loss":0,"event_name":"Nest","floor":22,"gold_loss":0,"cards_obtained":["RitualDagger"]},{"damage_healed":0,"gold_gain":0,"player_choice":"Read","damage_taken":0,"max_hp_gain":0,"max_hp_loss":0,"event_name":"The Library","floor":28,"gold_loss":0,"cards_obtained":["Backflip"]},{"damage_healed":0,"gold_gain":0,"player_choice":"Memory 3","damage_taken":10,"max_hp_gain":0,"max_hp_loss":0,"event_name":"SensoryStone","floor":36,"gold_loss":0}],"is_beta":false,"boss_relics":[{"not_picked":["SlaversCollar","Empty Cage"],"picked":"Black Star"},{"not_picked":["Tiny House","SacredBark"],"picked":"Snecko Eye"}],"items_purged_floors":[],"is_endless":false,"potions_floor_spawned":[10,16,20,24,29,31,33,35,40,45,48],"ascension_level":0}}