{"host":"aukiz5jlacd3g5yc","time":1612663020,"event":{"mods":["2.2 Compatiblity","BaseMod","Bestiary","Colored Map","Colored Powertips","Downfall","GifTheSpireLib","Hubris","Minty Spire (QoL Compilation)","Permanent Neow","Quick Restart","Random Character Button","Rare Cards Sparkle","Relic Sorter","Relic Stats","Replay The Spire","StSLib","everything is the same but u backflip on backflip","slay the spire mod where everything is the same but ironclad has a cowboy hat"],"gold_per_floor":[99,116,131,131,40,60,60,88,88,123,123,55,55,155,169,169,169,169],"floor_reached":16,"language":"ENG","playtime":727,"items_purged":[],"score":140,"play_id":"afd8a55b-1c0c-4ced-b507-ac35899a5269","local_time":"20210206195700","is_ascension_mode":true,"campfire_choices":[{"data":"champ:Taunt","floor":1,"key":"SMITH"},{"data":"champ:DefensiveStyle","floor":9,"key":"SMITH"},{"data":"champ:Parry","floor":13,"key":"SMITH"}],"circlet_count":0,"master_deck":["champ:Strike","champ:Strike","champ:Strike","champ:Defend","champ:Defend","champ:Defend","champ:Defend","champ:Execute","champ:Taunt+1","champ:CrownThrow","champ:DefensiveShout","champ:AdrenalArmor+1","champ:VampiricStrike","champ:DefensiveStyle+1","champ:DefensiveShout","champ:ArenaPreparation","champ:Parry+1","champ:FocusedDefense","champ:ShieldSigil"],"relics":["champ:ChampionCrown","hubris:Icosahedron","hexamod:BolsterEngine","hubris:TenFootPole","Ornamental Fan","Oddly Smooth Stone","CloakClasp"],"acts_visited":["Exordium"],"potions_floor_usage":[8,10,16,16],"damage_taken":[{"damage":10,"enemies":"2 Louse","floor":2,"turns":3},{"damage":12,"enemies":"Small Slimes","floor":3,"turns":3},{"damage":25,"enemies":"downfall:FleeingMerchant","floor":5,"turns":4},{"damage":1,"enemies":"Jaw Worm","floor":6,"turns":3},{"damage":10,"enemies":"3 Sentries","floor":8,"turns":6},{"damage":10,"enemies":"Gremlin Nob","floor":10,"turns":3},{"damage":15,"enemies":"downfall:FleeingMerchant","floor":12,"turns":4},{"damage":20,"enemies":"downfall:FleeingMerchant","floor":14,"turns":5},{"damage":2,"enemies":"Large Slime","floor":15,"turns":2},{"damage":62,"enemies":"DF_ARCHETYPE_STREAMLINE","floor":16,"turns":7}],"seed_played":"-5539243770025903704","potions_obtained":[{"floor":2,"key":"CultistPotion"},{"floor":8,"key":"SkillPotion"},{"floor":14,"key":"Strength Potion"},{"floor":15,"key":"Strength Potion"}],"is_trial":false,"path_per_floor":["R","M","M","?","$","M","T","E","R","E","?","$","R","?","M","B"],"character_chosen":"THE_CHAMP","items_purchased":["champ:DefensiveStyle","champ:ShieldSigil"],"campfire_rested":0,"item_purchase_floors":[5,12],"current_hp_per_floor":[90,90,88,88,88,87,87,87,87,77,77,62,62,62,60,0,0,0],"gold":169,"neow_bonus":"RANDOM_COMMON_RELIC","is_daily":false,"chose_seed":false,"campfire_upgraded":3,"win_rate":0.0,"timestamp":1612663020,"path_taken":["R","M","M","?","$","M","T","E","R","E","?","$","R","?","M","BOSS"],"items_purchased_type":["Card","Card"],"build_version":"2020-12-22","purchased_purges":0,"victory":false,"max_hp_per_floor":[90,90,90,90,90,90,90,90,90,90,90,90,90,90,90,90,90,90],"relic_stats":{"counters":[10,40],"Ornamental Fan":[12],"CloakClasp":[26],"obtain_stats":[{"hubris:Icosahedron":11,"Ornamental Fan":8,"Oddly Smooth Stone":10,"champ:ChampionCrown":0,"hubris:TenFootPole":7,"CloakClasp":14,"hexamod:BolsterEngine":0},{"hubris:Icosahedron":6,"Ornamental Fan":5,"Oddly Smooth Stone":6,"champ:ChampionCrown":0,"hubris:TenFootPole":4,"CloakClasp":8,"hexamod:BolsterEngine":0},{"hubris:Icosahedron":22,"Ornamental Fan":19,"Oddly Smooth Stone":22,"champ:ChampionCrown":0,"hubris:TenFootPole":13,"CloakClasp":31,"hexamod:BolsterEngine":0}]},"card_choices":[{"not_picked":["champ:ShieldSigil","champ:RapidStrikes"],"picked":"champ:CrownThrow","floor":2},{"not_picked":["champ:GutPunch","champ:FaceSlap"],"picked":"champ:DefensiveShout","floor":3},{"not_picked":["champ:Backstep","champ:Shatter"],"picked":"champ:VampiricStrike","floor":5},{"not_picked":["champ:EnGarde","champ:ShieldSigil"],"picked":"champ:DefensiveShout","floor":6},{"not_picked":["champ:Backstep","champ:FanOfKnives"],"picked":"champ:ArenaPreparation","floor":8},{"not_picked":["champ:FlashCut","champ:FanOfKnives"],"picked":"champ:Parry","floor":10},{"not_picked":["champ:SetATrap","champ:ShieldThrow"],"picked":"champ:FocusedDefense","floor":12},{"not_picked":["champ:Shatter","champ:StanceDance","champ:AdrenalArmor"],"picked":"SKIP","floor":15}],"player_experience":385960,"relics_obtained":[{"floor":7,"key":"hubris:TenFootPole"},{"floor":8,"key":"Ornamental Fan"},{"floor":10,"key":"Oddly Smooth Stone"},{"floor":14,"key":"CloakClasp"}],"event_choices":[],"is_beta":false,"boss_relics":[],"items_purged_floors":[],"is_endless":false,"potions_floor_spawned":[2,8,14,15],"killed_by":"DF_ARCHETYPE_STREAMLINE","ascension_level":1}}