{"host":"7qoz5gmva6til3yp","time":1612707545,"event":{"mods":["2.2 Compatiblity","Astrologer","BaseMod","Marisa£¨Ùöéë¡¡Øª×âÞÞ£©","Minty Spire (QoL Compilation)","StSLib","SuperFastMode","The Poker Player"],"gold_per_floor":[117,117,133,148,161,188,205,205,231,248,248,276,276,293,293,398,398,416,432,195,206,206,206,206],"floor_reached":22,"language":"KOR","playtime":1095,"items_purged":["PokerPlayerMod:Spade1"],"score":200,"play_id":"320c2f10-d441-4e14-9704-f130e256acf2","local_time":"20210207231905","is_ascension_mode":false,"metric_token":542,"campfire_choices":[{"floor":8,"key":"REST"},{"data":"PokerPlayerMod:TrumpStrike","floor":11,"key":"SMITH"},{"floor":15,"key":"REST"}],"circlet_count":0,"master_deck":["PokerPlayerMod:Diamond1","PokerPlayerMod:Diamond2","PokerPlayerMod:Diamond3","PokerPlayerMod:Diamond4","PokerPlayerMod:Diamond5","PokerPlayerMod:Spade2","PokerPlayerMod:Spade3","PokerPlayerMod:Spade4","PokerPlayerMod:Club1","PokerPlayerMod:Club2","PokerPlayerMod:Heart2","PokerPlayerMod:TrumpStrike+1","PokerPlayerMod:BadJoker","PokerPlayerMod:Mulligan","PokerPlayerMod:Spade1","PokerPlayerMod:Fold","PokerPlayerMod:Spade5","PokerPlayerMod:Club4","PokerPlayerMod:CardBurn","PokerPlayerMod:ChangeRules","PokerPlayerMod:DartThrow","PokerPlayerMod:Configure","PokerPlayerMod:Club3","PokerPlayerMod:Heart3","PokerPlayerMod:RoyalStrike","PokerPlayerMod:Club5","PokerPlayerMod:ClubsClub+1","Finesse","PokerPlayerMod:ClubShade"],"relics":["PokerPlayerMod:DeckCase","NeowsBlessing","Vajra","PreservedInsect","Dream Catcher","Sozu"],"acts_visited":["Exordium","TheCity"],"potions_floor_usage":[],"damage_taken":[{"damage":0.0,"enemies":"2 Louse","floor":1.0,"turns":1.0},{"damage":0.0,"enemies":"Cultist","floor":3.0,"turns":1.0},{"damage":0.0,"enemies":"Jaw Worm","floor":4.0,"turns":1.0},{"damage":6,"enemies":"Red Slaver","floor":5,"turns":4},{"damage":29,"enemies":"3 Sentries","floor":6,"turns":13},{"damage":15,"enemies":"Exordium Wildlife","floor":7,"turns":4},{"damage":0,"enemies":"2 Fungi Beasts","floor":10,"turns":2},{"damage":14,"enemies":"Lagavulin","floor":12,"turns":4},{"damage":6,"enemies":"Blue Slaver","floor":14,"turns":3},{"damage":16,"enemies":"Hexaghost","floor":16,"turns":10},{"damage":0,"enemies":"Spheric Guardian","floor":18,"turns":3},{"damage":28,"enemies":"Chosen","floor":19,"turns":5},{"damage":16,"enemies":"Sentry and Sphere","floor":21,"turns":4},{"damage":22,"enemies":"Shelled Parasite and Fungi","floor":22,"turns":3}],"seed_played":"-8969358001501531714","potions_obtained":[{"floor":1.0,"key":"EntropicBrew"},{"floor":5,"key":"CultistPotion"},{"floor":12,"key":"DuplicationPotion"}],"is_trial":false,"path_per_floor":["M","?","M","M","M","E","M","R","T","M","R","E","?","M","R","B",null,"M","M","$","M","M"],"character_chosen":"THE_POKER_PLAYER","items_purchased":["Finesse","PokerPlayerMod:ClubShade"],"campfire_rested":2,"item_purchase_floors":[20,20],"current_hp_per_floor":[52,52,52,52,46,19,6,21,21,24,24,12,12,8,23,12,52,52,27,27,11,0,0,0],"gold":206,"neow_bonus":"THREE_ENEMY_KILL","is_daily":false,"chose_seed":false,"campfire_upgraded":1,"win_rate":0.0,"timestamp":1612707545,"path_taken":["M","?","M","M","?","E","M","R","T","M","R","E","?","?","R","BOSS","M","M","$","M","M"],"items_purchased_type":["Card","Card"],"build_version":"2020-12-22","purchased_purges":1,"victory":false,"max_hp_per_floor":[52,52,52,52,52,52,52,52,52,52,52,52,52,52,52,52,52,52,52,52,52,52,52,52],"card_choices":[{"not_picked":["PokerPlayerMod:Configure","PokerPlayerMod:FillThePot"],"picked":"PokerPlayerMod:Spade1","floor":1.0},{"not_picked":["PokerPlayerMod:ClubsClub","PokerPlayerMod:Raise"],"picked":"PokerPlayerMod:Fold","floor":3.0},{"not_picked":["PokerPlayerMod:Diamond6","PokerPlayerMod:HiddenCard"],"picked":"PokerPlayerMod:Spade5","floor":4.0},{"not_picked":["PokerPlayerMod:Diamond3","PokerPlayerMod:Diamond1"],"picked":"PokerPlayerMod:Club4","floor":5},{"not_picked":["PokerPlayerMod:ClubDance","PokerPlayerMod:Spade3"],"picked":"PokerPlayerMod:CardBurn","floor":6},{"not_picked":["PokerPlayerMod:Spade4","PokerPlayerMod:ClubsClub"],"picked":"PokerPlayerMod:ChangeRules","floor":7},{"not_picked":["PokerPlayerMod:Diamond5","PokerPlayerMod:CardBurn"],"picked":"PokerPlayerMod:DartThrow","floor":10},{"not_picked":["PokerPlayerMod:ClubDance","PokerPlayerMod:Spade6"],"picked":"PokerPlayerMod:Configure","floor":12},{"not_picked":["PokerPlayerMod:Diamond3","PokerPlayerMod:Diamond4"],"picked":"PokerPlayerMod:Club3","floor":14},{"not_picked":["PokerPlayerMod:Spade6","PokerPlayerMod:DiamondStrike"],"picked":"PokerPlayerMod:Heart3","floor":15},{"not_picked":["PokerPlayerMod:ItsShowtime","PokerPlayerMod:Diamond9"],"picked":"PokerPlayerMod:RoyalStrike","floor":16},{"not_picked":["PokerPlayerMod:Extraction","PokerPlayerMod:Diamond4"],"picked":"PokerPlayerMod:Club5","floor":18},{"not_picked":["PokerPlayerMod:PoorCopy","PokerPlayerMod:Diamond3"],"picked":"PokerPlayerMod:ClubsClub+1","floor":19},{"not_picked":["PokerPlayerMod:CardBurn","PokerPlayerMod:Diamond1","PokerPlayerMod:Configure+1"],"picked":"SKIP","floor":21}],"player_experience":493785,"relics_obtained":[{"floor":6,"key":"Vajra"},{"floor":9,"key":"PreservedInsect"},{"floor":12,"key":"Dream Catcher"}],"event_choices":[{"damage_healed":0.0,"max_hp_gain":0.0,"max_hp_loss":0.0,"gold_gain":0.0,"event_name":"NoteForYourself","player_choice":"Ignored","floor":2.0,"gold_loss":0.0,"damage_taken":0.0},{"damage_healed":0,"gold_gain":0,"player_choice":"Got Potions","damage_taken":0,"max_hp_gain":0,"max_hp_loss":0,"event_name":"Lab","floor":13,"gold_loss":0}],"is_beta":false,"boss_relics":[{"not_picked":["Black Star","Calling Bell"],"picked":"Sozu"}],"items_purged_floors":[20],"is_endless":false,"potions_floor_spawned":[1,5,12,14,18],"killed_by":"Shelled Parasite and Fungi","ascension_level":0}}