{"host":"by8i6f8xc0ywpsd5","time":1612679166,"event":{"mods":["BaseMod","Colored Map","Minty Spire (QoL Compilation)","Relic Stats"],"gold_per_floor":[117,128,128,139,289,289,308,21,21,49,49,61,93,111,111,111,111],"floor_reached":16,"language":"ENG","playtime":797,"items_purged":["Doubt"],"score":224,"play_id":"c08c335f-1228-499d-b8e2-a486e54bbfee","local_time":"20210207082606","is_ascension_mode":true,"campfire_choices":[{"data":"Bash","floor":6,"key":"SMITH"},{"data":"Clothesline","floor":11,"key":"SMITH"},{"data":"Evolve","floor":15,"key":"SMITH"}],"circlet_count":0,"master_deck":["AscendersBane","Strike_R","Strike_R","Strike_R","Strike_R","Strike_R","Defend_R","Defend_R","Defend_R","Defend_R","Bash+1","Sentinel","Headbutt","Clothesline+1","Headbutt","Evolve+1","Flame Barrier","Shrug It Off","Cleave","Perfected Strike+1","Wild Strike+1"],"relics":["Black Star","Matryoshka","Eternal Feather","Pen Nib","Kunai","Molten Egg 2"],"acts_visited":["Exordium"],"potions_floor_usage":[10,12,16],"damage_taken":[{"damage":9,"enemies":"2 Louse","floor":1,"turns":4},{"damage":17,"enemies":"Small Slimes","floor":2,"turns":6},{"damage":9,"enemies":"Jaw Worm","floor":4,"turns":4},{"damage":11,"enemies":"Blue Slaver","floor":7,"turns":6},{"damage":18,"enemies":"3 Sentries","floor":10,"turns":11},{"damage":22,"enemies":"Gremlin Gang","floor":12,"turns":8},{"damage":42,"enemies":"Gremlin Nob","floor":13,"turns":5},{"damage":0,"enemies":"Looter","floor":14,"turns":4},{"damage":16,"enemies":"Hexaghost","floor":16,"turns":5}],"seed_played":"-671606661017217081","potions_obtained":[{"floor":1,"key":"AttackPotion"},{"floor":12,"key":"FairyPotion"},{"floor":13,"key":"BloodPotion"},{"floor":14,"key":"EssenceOfSteel"}],"is_trial":false,"path_per_floor":["M","M","?","M","?","R","M","$","T","E","R","M","E","M","R","B"],"character_chosen":"IRONCLAD","items_purchased":["Evolve","Flame Barrier","LiquidMemories"],"campfire_rested":0,"item_purchase_floors":[8,8,8],"current_hp_per_floor":[59,42,67,58,58,58,47,47,47,29,38,16,4,4,16,0,0],"gold":111,"neow_bonus":"BOSS_RELIC","is_daily":false,"chose_seed":false,"campfire_upgraded":3,"win_rate":0.0,"timestamp":1612679166,"path_taken":["M","M","?","M","?","R","M","$","T","E","R","M","E","M","R","BOSS"],"items_purchased_type":["Card","Card","Potion"],"build_version":"2020-12-22","purchased_purges":1,"victory":false,"max_hp_per_floor":[75,75,75,75,75,75,75,75,75,75,75,75,75,75,75,75,75],"relic_stats":{"counters":[9,53],"Eternal Feather":21,"Pen Nib":[3],"Black Star":2,"Kunai":[0],"obtain_stats":[{"Matryoshka":9,"Eternal Feather":10,"Molten Egg 2":13,"Pen Nib":10,"Black Star":0,"Kunai":13,"Burning Blood":0},{"Matryoshka":4,"Eternal Feather":5,"Molten Egg 2":7,"Pen Nib":5,"Black Star":0,"Kunai":7,"Burning Blood":0},{"Matryoshka":20,"Eternal Feather":31,"Molten Egg 2":44,"Pen Nib":31,"Black Star":0,"Kunai":44,"Burning Blood":0}]},"card_choices":[{"not_picked":["Fire Breathing","True Grit"],"picked":"Sentinel","floor":1},{"not_picked":["Shrug It Off","Havoc"],"picked":"Headbutt","floor":2},{"not_picked":["Heavy Blade","Searing Blow"],"picked":"Clothesline","floor":4},{"not_picked":["Seeing Red","Dual Wield"],"picked":"Headbutt","floor":7},{"not_picked":["Ghostly Armor","Seeing Red"],"picked":"Shrug It Off","floor":10},{"not_picked":["Warcry","Sentinel"],"picked":"Cleave","floor":12},{"not_picked":["Rupture","Double Tap"],"picked":"Perfected Strike+1","floor":13},{"not_picked":["Heavy Blade+1","Combust"],"picked":"Wild Strike+1","floor":14}],"player_experience":1765709,"relics_obtained":[{"floor":9,"key":"Matryoshka"},{"floor":10,"key":"Eternal Feather"},{"floor":10,"key":"Pen Nib"},{"floor":13,"key":"Kunai"},{"floor":13,"key":"Molten Egg 2"}],"event_choices":[{"damage_healed":25,"gold_gain":0,"player_choice":"Banana","damage_taken":0,"max_hp_gain":0,"max_hp_loss":0,"event_name":"Big Fish","floor":3,"gold_loss":0},{"damage_healed":0,"gold_gain":150,"player_choice":"AGREE","damage_taken":0,"max_hp_gain":0,"max_hp_loss":0,"event_name":"Liars Game","floor":5,"gold_loss":0,"cards_obtained":["Doubt"]}],"is_beta":false,"boss_relics":[],"items_purged_floors":[8],"is_endless":false,"potions_floor_spawned":[1,12,13,14],"killed_by":"Hexaghost","ascension_level":20}}