{"host":"moonth","time":1612674325,"event":{"mods":["BaseMod","Marisa£®ÏF”Í°°ƒß¿Ì…≥£©","Minty Spire (QoL Compilation)","Replay The Spire","StSLib","The Senshi","The Servant 0.9.4"],"gold_per_floor":[116,116,216,235,73,73,104,104,104,29,44,44,79,97,193,293,293,309,87,87,106,106,132,132,42,65,65,77,77,103,114,114,211,211,227,245,245,206,223,223,249,249,249,249,265,284,284,297,297,297],"floor_reached":51,"language":"ZHS","playtime":8824,"items_purged":["Defend_S","ReplayTheSpireMod:Splinters"],"score":1158,"play_id":"2eeabc23-b05c-49fc-9247-6a8b45ebb7c4","local_time":"20210207130525","is_ascension_mode":true,"campfire_choices":[{"data":"Apotheosis","floor":6.0,"key":"SMITH"},{"data":"Contraction","floor":8.0,"key":"SMITH"},{"data":"GearUp","floor":12.0,"key":"SMITH"},{"data":"Pot Of Greed","floor":24.0,"key":"SMITH"},{"floor":27.0,"key":"REST"},{"data":"Strike_S","floor":32.0,"key":"PURGE"},{"floor":40.0,"key":"REST"},{"data":"1","floor":44.0,"key":"LIFT"},{"data":"2","floor":47.0,"key":"LIFT"},{"data":"3","floor":49.0,"key":"LIFT"}],"circlet_count":0,"master_deck":["KidneyShot+1","Exchange+1","Contraction+1","GearUp+1","Apotheosis+1","SurpressingFire+1","LightFlow","Sabotage","Rearm+1","Pot Of Greed+1","Duplication","Pot Of Greed+1","SilverBlades","FlawlessForm","DoubleEdge+1","MoonPhase","BottledTime+1"],"relics":["Uniform","NeowsBlessing","Replay:WaspNest","Chameleon Ring","Blue Candle","Kintsugi","Grinning Jar","Gremlin Food","Pet Ghost","Busted Crown","Girya","Dream Catcher","War Paint"],"acts_visited":["Exordium","TheCity","TheBeyond"],"potions_floor_usage":[50],"damage_taken":[{"damage":0.0,"enemies":"2 Louse","floor":1.0,"turns":1.0},{"damage":0.0,"enemies":"Cultist","floor":4.0,"turns":1.0},{"damage":0.0,"enemies":"Lagavulin","floor":7.0,"turns":1.0},{"damage":0.0,"enemies":"Jaw Worm","floor":11.0,"turns":4.0},{"damage":1.0,"enemies":"Gremlin Nob","floor":13.0,"turns":5.0},{"damage":0.0,"enemies":"3 Louse","floor":14.0,"turns":5.0},{"damage":0.0,"enemies":"Slime Boss","floor":16.0,"turns":26.0},{"damage":22.0,"enemies":"3 Byrds","floor":18.0,"turns":5.0},{"damage":0.0,"enemies":"Shell Parasite","floor":21.0,"turns":6.0},{"damage":0.0,"enemies":"Replay:Snechameleon","floor":23.0,"turns":7.0},{"damage":33.0,"enemies":"3 Cultists","floor":28.0,"turns":5.0},{"damage":14.0,"enemies":"Snecko","floor":31.0,"turns":4.0},{"damage":0.0,"enemies":"Pondfish","floor":33.0,"turns":9.0},{"damage":3.0,"enemies":"Orb Walker","floor":35.0,"turns":4.0},{"damage":5.0,"enemies":"3 Darklings","floor":36.0,"turns":5.0},{"damage":4.0,"enemies":"4 Shapes","floor":39.0,"turns":6.0},{"damage":4.0,"enemies":"Giant Head","floor":41.0,"turns":7.0},{"damage":7.0,"enemies":"Sphere and 2 Shapes","floor":45.0,"turns":4.0},{"damage":0.0,"enemies":"Transient","floor":46.0,"turns":5.0},{"damage":1.0,"enemies":"Jaw Worm Horde","floor":48.0,"turns":3.0},{"damage":12,"enemies":"Time Eater","floor":50,"turns":9}],"seed_played":"-1617745294922924932","potions_obtained":[{"floor":1.0,"key":"Explosive Potion"},{"floor":11.0,"key":"Dexterity Potion"},{"floor":13.0,"key":"ColorlessPotion"},{"floor":35.0,"key":"Swift Potion"},{"floor":48.0,"key":"Energy Potion"}],"is_trial":false,"path_per_floor":["M","?","?","M","$","R","E","R","T","$","M","R","E","M","R","B",null,"M","$","?","M","?","E","R","?","T","R","M","?","T","M","R","B",null,"M","M","?","$","M","R","E","T","T","R","M","M","R","M","R","B",null],"character_chosen":"THE_SERVANT","items_purchased":["Apotheosis","Sabotage","Rearm","MoonPhase"],"campfire_rested":2,"item_purchase_floors":[5,19,19,38],"current_hp_per_floor":[65,65,65,65,65,65,65,65,65,65,65,65,64,64,64,64,65,43,43,32,32,55,55,55,55,55,70,37,37,37,23,23,23,70,67,62,55,55,51,70,66,66,66,66,59,59,59,58,58,46],"gold":297,"neow_bonus":"THREE_ENEMY_KILL","is_daily":false,"chose_seed":false,"campfire_upgraded":4,"win_rate":0.0,"timestamp":1612674325,"path_taken":["M","?","?","M","$","R","E","R","T","$","?","R","E","M","R","BOSS","M","$","?","M","?","E","R","?","T","R","?","?","?","M","R","BOSS","M","M","?","$","?","R","E","?","T","R","M","M","R","M","R","BOSS"],"items_purchased_type":["Card","Card","Card","Card"],"build_version":"2020-12-18","purchased_purges":2,"victory":true,"max_hp_per_floor":[65,65,65,65,65,65,65,65,65,65,65,65,65,65,65,65,65,65,65,70,70,70,70,70,70,70,70,70,70,70,70,70,70,70,70,70,70,70,70,70,70,70,70,70,70,70,70,70,70,70],"card_choices":[{"not_picked":["Rewind","FastForward"],"picked":"Contraction","floor":1.0},{"not_picked":["TimeWarp","Starlight"],"picked":"GearUp","floor":4.0},{"not_picked":["Read","Contraction","Defy"],"picked":"SKIP","floor":7.0},{"not_picked":["Replace","DoubleEdge","Contraction"],"picked":"SKIP","floor":11.0},{"not_picked":["Embodiment","Unruled","Potential"],"picked":"SKIP","floor":13.0},{"not_picked":["Alleviate","TimeWarp"],"picked":"SurpressingFire","floor":14.0},{"not_picked":["MurderousAura","Duplication"],"picked":"LightFlow","floor":16.0},{"not_picked":["Shuttle+1","RealityMarble+1","Read"],"picked":"SKIP","floor":18.0},{"not_picked":["WasteNot","TimeWarp","ShatteredReality"],"picked":"SKIP","floor":21.0},{"not_picked":["Collapse","Sabotage"],"picked":"Duplication","floor":23.0},{"not_picked":["GearUp","Rearm+1","Contraction"],"picked":"SKIP","floor":28.0},{"not_picked":["BottledTime","Ricochet"],"picked":"SilverBlades","floor":31.0},{"not_picked":["Sunlight","Duplication"],"picked":"FlawlessForm","floor":33.0},{"not_picked":[],"picked":"DoubleEdge+1","floor":35.0},{"not_picked":["Desolation+1"],"picked":"SKIP","floor":36.0},{"not_picked":["Potential+1"],"picked":"SKIP","floor":39.0},{"not_picked":["StarChef+1"],"picked":"SKIP","floor":41.0},{"not_picked":["Potential+1"],"picked":"SKIP","floor":45.0},{"not_picked":["Unruled"],"picked":"SKIP","floor":46.0},{"not_picked":[],"picked":"BottledTime+1","floor":48.0}],"player_experience":517328,"relics_obtained":[{"floor":7.0,"key":"Replay:WaspNest"},{"floor":9.0,"key":"Chameleon Ring"},{"floor":13.0,"key":"Blue Candle"},{"floor":23.0,"key":"Grinning Jar"},{"floor":26.0,"key":"Gremlin Food"},{"floor":30.0,"key":"Pet Ghost"},{"floor":41.0,"key":"Girya"},{"floor":42.0,"key":"Dream Catcher"},{"floor":43.0,"key":"War Paint"}],"event_choices":[{"cards_removed":["Strike_S"],"damage_healed":0.0,"max_hp_gain":0.0,"max_hp_loss":0.0,"gold_gain":0.0,"event_name":"Living Wall","player_choice":"Forget","floor":2.0,"gold_loss":0.0,"damage_taken":0.0},{"damage_healed":0.0,"max_hp_gain":0.0,"max_hp_loss":0.0,"gold_gain":100.0,"event_name":"Golden Shrine","player_choice":"Pray","floor":3.0,"gold_loss":0.0,"damage_taken":0.0},{"damage_healed":0.0,"max_hp_gain":5.0,"max_hp_loss":0.0,"gold_gain":0.0,"event_name":"Forgotten Altar","player_choice":"Shed Blood","floor":20.0,"gold_loss":0.0,"damage_taken":16.0},{"damage_healed":23.0,"max_hp_gain":0.0,"max_hp_loss":0.0,"gold_gain":0.0,"event_name":"The Library","player_choice":"Heal","floor":22.0,"gold_loss":0.0,"damage_taken":0.0},{"cards_removed":["Amnesia"],"damage_healed":0.0,"max_hp_gain":0.0,"max_hp_loss":0.0,"gold_gain":0.0,"event_name":"Designer","player_choice":"Upgrade and Remove","floor":25.0,"gold_loss":90.0,"damage_taken":0.0,"cards_upgraded":["Exchange"]},{"damage_healed":0.0,"max_hp_gain":0.0,"max_hp_loss":0.0,"gold_gain":0.0,"event_name":"Wheel of Change","player_choice":"Damaged","floor":37.0,"gold_loss":0.0,"damage_taken":7.0}],"is_beta":true,"boss_relics":[{"not_picked":["Cursed Key","Fusion Hammer"],"picked":"Kintsugi"},{"not_picked":["Honey Jar","Replay:Grab Bag"],"picked":"Busted Crown"}],"items_purged_floors":[10,19],"is_endless":false,"potions_floor_spawned":[1,11,13,18,21,28,33,35,41,48],"ascension_level":1}}