{"host":"f0gxws6q92fbc64a","time":1612730435,"event":{"mods":["BaseMod","Minty Spire (QoL Compilation)","Quick Restart"],"gold_per_floor":[109,284,284,299,41,41,69,89,89,117,129,129,163,128,128,224,224,239,239,251,47,47,47,9,38,118,118,131,156,156,185,185,286,286,301,318,333,197,217,252,252,252,275,303,303,318,351,363,363,363,363,363,1,26,26],"floor_reached":56,"language":"ENG","playtime":2261,"items_purged":["Doubt","Shame"],"score":1841,"play_id":"c20f042d-e14a-4218-bfbf-bdc5706ec54d","local_time":"20210207214035","is_ascension_mode":true,"campfire_choices":[{"data":"Dagger Spray","floor":6.0,"key":"SMITH"},{"data":"Burst","floor":15.0,"key":"SMITH"},{"data":"Venomology","floor":23.0,"key":"SMITH"},{"floor":27.0,"key":"REST"},{"floor":30.0,"key":"RECALL"},{"data":"Accuracy","floor":32.0,"key":"SMITH"},{"floor":41,"key":"REST"},{"data":"Adrenaline","floor":45,"key":"SMITH"},{"data":"Calculated Gamble","floor":49,"key":"SMITH"},{"data":"Blade Dance","floor":52,"key":"SMITH"}],"circlet_count":0,"master_deck":["Strike_G","Strike_G","Strike_G","Defend_G","Defend_G","Defend_G","Defend_G","Defend_G","Survivor","Neutralize","Dagger Spray+1","Finisher","Accuracy+1","Burst+1","PiercingWail","Blade Dance+1","Acrobatics","Calculated Gamble+1","Venomology+1","Slice+1","Blade Dance","Adrenaline+1","Blade Dance","Prepared+1","Prepared","After Image","Cloak And Dagger","Well Laid Plans","PiercingWail","Backflip"],"relics":["Ring of the Snake","NeowsBlessing","Vajra","Happy Flower","Odd Mushroom","Ninja Scroll","Bottled Lightning","Potion Belt","Busted Crown","The Courier","ClockworkSouvenir","Nilry\u0027s Codex","Ginger","Shuriken","Lizard Tail","Art of War","WristBlade","Medical Kit","Anchor","Lantern","Bag of Marbles","Sundial","Bronze Scales"],"acts_visited":["TheCity","TheBeyond","TheEnding"],"potions_floor_usage":[37,37,40,47,50,54,55,55,55,55,55,55],"damage_taken":[{"damage":0.0,"enemies":"Jaw Worm","floor":1.0,"turns":1.0},{"damage":0.0,"enemies":"2 Louse","floor":4.0,"turns":1.0},{"damage":0.0,"enemies":"Gremlin Nob","floor":7.0,"turns":1.0},{"damage":8.0,"enemies":"The Mushroom Lair","floor":8.0,"turns":4.0},{"damage":14.0,"enemies":"Lagavulin","floor":10.0,"turns":7.0},{"damage":0.0,"enemies":"Small Slimes","floor":11.0,"turns":1.0},{"damage":0.0,"enemies":"Gremlin Nob","floor":13.0,"turns":1.0},{"damage":5.0,"enemies":"Slime Boss","floor":16.0,"turns":4.0},{"damage":0.0,"enemies":"3 Byrds","floor":18.0,"turns":2.0},{"damage":6.0,"enemies":"Shell Parasite","floor":20.0,"turns":5.0},{"damage":0.0,"enemies":"Gremlin Leader","floor":25.0,"turns":1.0},{"damage":0.0,"enemies":"Centurion and Healer","floor":28.0,"turns":3.0},{"damage":0.0,"enemies":"Slavers","floor":29.0,"turns":1.0},{"damage":0.0,"enemies":"Book of Stabbing","floor":31.0,"turns":1.0},{"damage":0.0,"enemies":"Automaton","floor":33.0,"turns":1.0},{"damage":0,"enemies":"3 Darklings","floor":35,"turns":2},{"damage":27,"enemies":"3 Shapes","floor":36,"turns":11},{"damage":0,"enemies":"Transient","floor":37,"turns":5},{"damage":0,"enemies":"Spire Growth","floor":39,"turns":2},{"damage":0,"enemies":"Reptomancer","floor":40,"turns":2},{"damage":0,"enemies":"Nemesis","floor":44,"turns":1},{"damage":5,"enemies":"Maw","floor":46,"turns":5},{"damage":0,"enemies":"Reptomancer","floor":47,"turns":2},{"damage":8,"enemies":"Transient","floor":48,"turns":5},{"damage":26,"enemies":"Awakened One","floor":50,"turns":8},{"damage":0,"enemies":"Shield and Spear","floor":54,"turns":3},{"damage":33,"enemies":"The Heart","floor":55,"turns":4}],"seed_played":"4739520848929515120","potions_obtained":[{"floor":4.0,"key":"Weak Potion"},{"floor":8.0,"key":"EntropicBrew"},{"floor":10.0,"key":"Block Potion"},{"floor":18.0,"key":"BlessingOfTheForge"},{"floor":31.0,"key":"SkillPotion"},{"floor":39,"key":"PowerPotion"},{"floor":40,"key":"GamblersBrew"},{"floor":44,"key":"DistilledChaos"},{"floor":47,"key":"GhostInAJar"},{"floor":54,"key":"DistilledChaos"}],"is_trial":false,"path_per_floor":["M","?","?","M","$","R","E","?","T","E","M","?","E","?","R","B",null,"M","?","M","$","?","R","$","E","T","R","M","E","R","E","R","B",null,"M","M","M","$","M","E","R","?","T","E","R","M","E","M","R","B",null,"R","$","E","B",null],"character_chosen":"THE_SILENT","items_purchased":["Accuracy","CultistPotion","ClockworkSouvenir","SteroidPotion","Medical Kit","Blade Dance","Sundial","Well Laid Plans","PiercingWail","FearPotion","Backflip"],"campfire_rested":2,"item_purchase_floors":[5,5,21,24,38,38,53,53,53,53,53],"current_hp_per_floor":[70,70,52,52,52,52,52,44,44,30,30,30,30,47,47,42,70,70,70,64,64,48,48,48,48,48,69,69,69,69,69,69,69,70,70,43,43,43,43,43,64,64,64,64,64,59,59,51,51,25,70,70,70,70,37],"gold":26,"neow_bonus":"THREE_ENEMY_KILL","is_daily":false,"chose_seed":false,"campfire_upgraded":7,"win_rate":0.0,"timestamp":1612730435,"path_taken":["M","?","?","M","$","R","E","?","T","E","M","?","E","?","R","BOSS","M","?","M","$","?","R","$","E","T","R","M","E","R","E","R","BOSS","M","M","M","$","M","E","R","?","T","E","R","M","E","M","R","BOSS","R","$","E","BOSS"],"items_purchased_type":["Card","Potion","Relic","Potion","Relic","Card","Relic","Card","Card","Potion","Card"],"build_version":"2020-12-22","purchased_purges":2,"victory":true,"max_hp_per_floor":[70,70,70,70,70,70,70,70,70,70,70,70,70,70,70,70,70,70,70,70,70,70,70,70,70,70,70,70,70,70,70,70,70,70,70,70,70,70,70,70,70,70,70,70,70,70,70,70,70,70,70,70,70,70,70],"card_choices":[{"not_picked":["Predator","Outmaneuver"],"picked":"Dagger Spray","floor":1.0},{"not_picked":["Deadly Poison","Deflect"],"picked":"Finisher","floor":4.0},{"not_picked":["Underhanded Strike","Prepared"],"picked":"Burst","floor":7.0},{"not_picked":["Dagger Throw","Blur"],"picked":"PiercingWail","floor":8.0},{"not_picked":["Dagger Throw","Prepared"],"picked":"Blade Dance","floor":10.0},{"not_picked":["Reflex","Slice"],"picked":"Acrobatics","floor":11.0},{"not_picked":["Bane","Dagger Throw"],"picked":"Calculated Gamble","floor":13.0},{"not_picked":["Unload","Grand Finale"],"picked":"Venomology","floor":16.0},{"not_picked":["Catalyst"],"picked":"SKIP","floor":18.0},{"not_picked":["Poisoned Stab"],"picked":"SKIP","floor":20.0},{"not_picked":[],"picked":"Slice+1","floor":25.0},{"not_picked":["Outmaneuver"],"picked":"SKIP","floor":28.0},{"not_picked":["Quick Slash"],"picked":"SKIP","floor":29.0},{"not_picked":[],"picked":"Blade Dance","floor":31.0},{"not_picked":[],"picked":"Adrenaline","floor":33.0},{"not_picked":["Dagger Throw"],"picked":"SKIP","floor":35},{"not_picked":["Sucker Punch"],"picked":"SKIP","floor":36},{"not_picked":["Underhanded Strike+1"],"picked":"SKIP","floor":37},{"not_picked":["Outmaneuver"],"picked":"SKIP","floor":39},{"not_picked":["Predator+1"],"picked":"SKIP","floor":40},{"not_picked":[],"picked":"Prepared+1","floor":44},{"not_picked":[],"picked":"Prepared","floor":46},{"not_picked":[],"picked":"After Image","floor":47},{"not_picked":[],"picked":"Cloak And Dagger","floor":48},{"not_picked":["Endless Agony"],"picked":"SKIP","floor":54}],"player_experience":212951,"relics_obtained":[{"floor":7.0,"key":"Happy Flower"},{"floor":8.0,"key":"Odd Mushroom"},{"floor":9.0,"key":"Ninja Scroll"},{"floor":10.0,"key":"Bottled Lightning"},{"floor":13.0,"key":"Potion Belt"},{"floor":22.0,"key":"Nilry\u0027s Codex"},{"floor":25.0,"key":"Ginger"},{"floor":26.0,"key":"Shuriken"},{"floor":29.0,"key":"Lizard Tail"},{"floor":31.0,"key":"Art of War"},{"floor":40,"key":"Anchor"},{"floor":44,"key":"Lantern"},{"floor":47,"key":"Bag of Marbles"},{"floor":54,"key":"Bronze Scales"}],"event_choices":[{"damage_healed":0.0,"max_hp_gain":0.0,"max_hp_loss":0.0,"gold_gain":175.0,"event_name":"Liars Game","player_choice":"AGREE","floor":2.0,"gold_loss":0.0,"damage_taken":0.0,"cards_obtained":["Doubt"]},{"damage_healed":0.0,"max_hp_gain":0.0,"max_hp_loss":0.0,"gold_gain":0.0,"event_name":"Scrap Ooze","player_choice":"Success","floor":3.0,"gold_loss":0.0,"damage_taken":18.0,"relics_obtained":["Vajra"]},{"damage_healed":0.0,"max_hp_gain":0.0,"max_hp_loss":0.0,"gold_gain":0.0,"event_name":"Mushrooms","player_choice":"Fought Mushrooms","floor":8.0,"gold_loss":0.0,"damage_taken":0.0},{"cards_removed":["Strike_G"],"damage_healed":0.0,"max_hp_gain":0.0,"max_hp_loss":0.0,"gold_gain":0.0,"event_name":"Living Wall","player_choice":"Forget","floor":12.0,"gold_loss":0.0,"damage_taken":0.0},{"damage_healed":17.0,"max_hp_gain":0.0,"max_hp_loss":0.0,"gold_gain":0.0,"event_name":"The Cleric","player_choice":"Healed","floor":14.0,"gold_loss":35.0,"damage_taken":0.0},{"damage_healed":0.0,"max_hp_gain":0.0,"max_hp_loss":0.0,"gold_gain":0.0,"event_name":"Addict","player_choice":"Stole Relic","floor":19.0,"gold_loss":0.0,"damage_taken":0.0,"relics_obtained":["The Courier"],"cards_obtained":["Shame"]},{"damage_healed":0.0,"max_hp_gain":0.0,"max_hp_loss":0.0,"gold_gain":0.0,"event_name":"Cursed Tome","player_choice":"Obtained Book","floor":22.0,"gold_loss":0.0,"damage_taken":16.0},{"cards_removed":["Strike_G"],"damage_healed":0,"gold_gain":0,"player_choice":"Offered Basic","damage_taken":0,"max_hp_gain":0,"max_hp_loss":0,"event_name":"Bonfire Elementals","floor":42,"gold_loss":0}],"is_beta":false,"boss_relics":[{"not_picked":["Empty Cage","Snecko Eye"],"picked":"Busted Crown"},{"not_picked":["Sozu","HoveringKite"],"picked":"WristBlade"}],"items_purged_floors":[5,21],"is_endless":false,"potions_floor_spawned":[4,8,10,18,31,39,40,44,47,54],"ascension_level":4}}