{"host":"dmtlrev5pkc1867p","time":1612711679,"event":{"mods":["BaseMod","Colored Map","Colored Powertips","Decade(¤ý¤p©ú)","Downfall","Hermit","Jorbs\u0027s Wanderer Trilogy","Marisa¡]Ãú«B¡@Å]²z¨F¡^","Minty Spire (QoL Compilation)","Permanent Neow","Quick Restart","Relic Stats","Replay The Spire","StSLib","SuperFastMode","The Cursed","The Disciple","The Necromancer","The Runesmith","The Servant 0.9.4"],"gold_per_floor":[215,233,233,243,261,287,287,305,205,216,232,232,20,20,20,118,118,130,146,146,160,171,171,171,38,54,72,102,102,102,18,18,119,119,134,153,138,151,166,180,180,25,25,25,35,35,35,35,35,35],"floor_reached":51,"language":"ZHS","playtime":2619,"items_purged":[],"score":1567,"play_id":"ba9eff63-6ad6-471f-80de-d0494c7d429f","local_time":"20210207232759","is_ascension_mode":true,"campfire_choices":[{"floor":9.0,"key":"REST"},{"floor":15.0,"key":"REST"},{"floor":23.0,"key":"RECALL"},{"data":"Summon_Undead_Army","floor":30.0,"key":"SMITH"},{"data":"Blood_Is_Power","floor":32.0,"key":"SMITH"},{"data":"Cloudkill","floor":44.0,"key":"SMITH"},{"data":"Requiem","floor":47,"key":"SMITH"},{"data":"Summon_Undead","floor":49,"key":"SMITH"}],"circlet_count":0,"master_deck":["Strike_W","Defend_W","Defend_W","Defend_W","Defend_W","Negative_Energy_Arrows+1","Bone_Wall","Bone_Spikes","Siphon_Strength","Summon_Undead+1","Summon_Undead_Army+1","Blood_Is_Power+1","Negative_Energy_Mist","Summon_Lich+1","Scare","Blood_Shield+1","Summon_Undead_Army+1","Negative_Energy_Burst","Life_Drain+1","Summon_Vampire_Lady+1","Summon_Lich+1","Corrupt+1","Reap_The_Weak","Life_Drain","Blood_Curse+1","Bone_Armor","Cloudkill+1","Negative_Energy_Mist","Scare+1","Negative_Energy_Mist","Skeleton_Dragon+1","Summon_Lich+1","Requiem+1","Negative_Energy_Mist","Siphon_Strength+1","Bone_Prison","Bone_Bullets","Scare+1","Shackles_Of_Pain+1","Cloudkill+1","Summon_Lich+1","Bone_Armor"],"relics":["Vampire_Amulet","Frozen Egg 2","Garlic","downfall:HeartBlessingGreen","Replay:Mystery Machine","Sozu","Bottled Tornado","FossilizedHelix","Busted Crown","Bag of Preparation","Blue Doll"],"acts_visited":["Exordium","TheCity","TheBeyond"],"potions_floor_usage":[],"damage_taken":[{"damage":1.0,"enemies":"Jaw Worm","floor":1.0,"turns":4.0},{"damage":0.0,"enemies":"Cultist","floor":2.0,"turns":4.0},{"damage":0.0,"enemies":"Small Slimes","floor":4.0,"turns":2.0},{"damage":6.0,"enemies":"Exordium Thugs","floor":5.0,"turns":5.0},{"damage":46.0,"enemies":"3 Sentries","floor":6.0,"turns":7.0},{"damage":11.0,"enemies":"Blue Slaver","floor":8.0,"turns":3.0},{"damage":0.0,"enemies":"2 Fungi Beasts","floor":10.0,"turns":3.0},{"damage":19.0,"enemies":"Exordium Thugs","floor":11.0,"turns":5.0},{"damage":2.0,"enemies":"downfall:FleeingMerchant","floor":13.0,"turns":4.0},{"damage":23.0,"enemies":"WA_ARCHETYPE_RETAIN","floor":16.0,"turns":7.0},{"damage":21.0,"enemies":"Spheric Guardian","floor":18.0,"turns":5.0},{"damage":15.0,"enemies":"3 Cultists","floor":19.0,"turns":4.0},{"damage":12.0,"enemies":"Centurion and Healer","floor":21.0,"turns":5.0},{"damage":12.0,"enemies":"Cultist and Chosen","floor":22.0,"turns":6.0},{"damage":0.0,"enemies":"downfall:FleeingMerchant","floor":25.0,"turns":4.0},{"damage":8.0,"enemies":"Snake Plant","floor":26.0,"turns":4.0},{"damage":5.0,"enemies":"Chosen and Byrds","floor":27.0,"turns":5.0},{"damage":16.0,"enemies":"Slavers","floor":28.0,"turns":5.0},{"damage":0.0,"enemies":"downfall:FleeingMerchant","floor":31.0,"turns":4.0},{"damage":27.0,"enemies":"SI_MIRROR_ARCHETYPE","floor":33.0,"turns":9.0},{"damage":3.0,"enemies":"Orb Walker","floor":35.0,"turns":3.0},{"damage":0.0,"enemies":"3 Shapes","floor":36.0,"turns":4.0},{"damage":0.0,"enemies":"downfall:FleeingMerchant","floor":37.0,"turns":4.0},{"damage":2.0,"enemies":"Transient","floor":38.0,"turns":5.0},{"damage":0.0,"enemies":"Sphere and 2 Shapes","floor":39.0,"turns":3.0},{"damage":14.0,"enemies":"3 Darklings","floor":40.0,"turns":5.0},{"damage":0.0,"enemies":"downfall:FleeingMerchant","floor":42.0,"turns":1.0},{"damage":0.0,"enemies":"Transient","floor":45.0,"turns":5.0},{"damage":56,"enemies":"IC_BLOCK_ARCHETYPE","floor":50,"turns":11}],"seed_played":"8566049756127346392","potions_obtained":[{"floor":1.0,"key":"GamblersBrew"},{"floor":4.0,"key":"Guardian:BlockOnCardUsePotion"},{"floor":6.0,"key":"Elixir"},{"floor":8.0,"key":"DuplicationPotion"},{"floor":10.0,"key":"Explosive Potion"}],"is_trial":false,"path_per_floor":["M","M","?","M","M","E","T","M","R","M","M","?","$","?","R","B",null,"M","M","?","M","M","R","T","$","M","M","E","?","R","$","R","B",null,"M","M","$","M","M","M","T","$","?","R","M","?","R","$","R","B",null],"character_chosen":"NECROMANCER","items_purchased":["Summon_Undead_Army+1","Negative_Energy_Burst","Life_Drain+1","Cloudkill+1","Summon_Lich+1","Bag of Preparation","Blue Doll","Cloudkill","Summon_Lich+1"],"campfire_rested":2,"item_purchase_floors":[13,13,13,25,31,42,42,42,42],"current_hp_per_floor":[75,75,75,75,75,35,35,26,48,58,43,31,41,41,63,57,75,59,65,65,63,70,70,70,75,75,74,75,75,75,75,75,75,75,75,75,75,75,75,72,72,75,75,75,75,75,75,75,75,48],"gold":35,"neow_bonus":"HUNDRED_GOLD","is_daily":false,"chose_seed":false,"campfire_upgraded":5,"win_rate":0.0,"timestamp":1612711679,"path_taken":["M","M","?","M","M","E","T","M","R","?","M","?","?","?","R","BOSS","M","M","?","?","?","R","T","$","M","M","E","?","R","$","R","BOSS","M","M","?","M","M","M","T","$","?","R","M","?","R","$","R","BOSS"],"items_purchased_type":["Card","Card","Card","Card","Card","Relic","Relic","Card","Card"],"build_version":"2020-12-22","purchased_purges":0,"victory":true,"max_hp_per_floor":[75,75,75,75,75,75,75,75,75,75,75,75,75,75,75,75,75,75,75,75,75,75,75,75,75,75,75,75,75,75,75,75,75,75,75,75,75,75,75,75,75,75,75,75,75,75,75,75,75,75],"relic_stats":{"Sozu":7,"Busted Crown":16,"counters":[29,136],"Bag of Preparation":[4],"obtain_stats":[{"Sozu":17,"Busted Crown":34,"downfall:HeartBlessingGreen":9,"Blue Doll":42,"Vampire_Amulet":0,"Garlic":7,"Bag of Preparation":42,"Frozen Egg 2":6,"Replay:Mystery Machine":12,"Bottled Tornado":24,"FossilizedHelix":28},{"Sozu":10,"Busted Crown":20,"downfall:HeartBlessingGreen":6,"Blue Doll":27,"Vampire_Amulet":0,"Garlic":5,"Bag of Preparation":27,"Frozen Egg 2":5,"Replay:Mystery Machine":8,"Bottled Tornado":14,"FossilizedHelix":18},{"Sozu":44,"Busted Crown":95,"downfall:HeartBlessingGreen":25,"Blue Doll":120,"Vampire_Amulet":0,"Garlic":22,"Bag of Preparation":120,"Frozen Egg 2":22,"Replay:Mystery Machine":33,"Bottled Tornado":64,"FossilizedHelix":82}]},"card_choices":[{"not_picked":["Epidemic","Blood_Curse"],"picked":"Bone_Spikes","floor":1.0},{"not_picked":["Acid_Javelin","Death_March_Dance"],"picked":"Siphon_Strength","floor":2.0},{"not_picked":["Scare","Death_Coil"],"picked":"Summon_Undead","floor":4.0},{"not_picked":["Shackles_Of_Pain","Uncharnel"],"picked":"Summon_Undead_Army","floor":5.0},{"not_picked":["Whirlwind_of_Bones","Bone_Prison"],"picked":"Blood_Is_Power","floor":6.0},{"not_picked":["Epidemic","Negative_Energy_Shield"],"picked":"Negative_Energy_Mist","floor":8.0},{"not_picked":["Negative_Energy_Shield","Vampiric_Strike"],"picked":"Summon_Lich+1","floor":10.0},{"not_picked":["Bone_Bullets","Pandemic"],"picked":"Scare","floor":11.0},{"not_picked":["Pandemic","Spectral_Walk"],"picked":"Blood_Shield","floor":13.0},{"not_picked":["Requiem","Summon_Death_Knight+1"],"picked":"Summon_Vampire_Lady+1","floor":16.0},{"not_picked":["Bone_Spikes","Chill_Blood"],"picked":"Summon_Lich+1","floor":18.0},{"not_picked":["Vampiric_Strike+1","Death_Coil"],"picked":"Corrupt+1","floor":19.0},{"not_picked":["Bone_Armor","Consume_Illness+1"],"picked":"Life_Drain","floor":21.0},{"not_picked":["Bone_Bullets","Whirlwind_of_Bones+1"],"picked":"Blood_Curse+1","floor":22.0},{"not_picked":["Death_Knell","Blood_Whip"],"picked":"Bone_Armor","floor":25.0},{"not_picked":["Bone_Shift","Bone_Spikes"],"picked":"Negative_Energy_Mist","floor":26.0},{"not_picked":["Death_March_Dance","Detonate_Bones"],"picked":"Scare+1","floor":27.0},{"not_picked":["Bone_Shift","Death_March_Dance+1"],"picked":"Negative_Energy_Mist","floor":28.0},{"not_picked":["Exploit+1","Strike_from_Beyond"],"picked":"Skeleton_Dragon+1","floor":31.0},{"not_picked":["Detonate_Bones","Reap_The_Weak"],"picked":"Requiem","floor":33.0},{"not_picked":[],"picked":"Negative_Energy_Mist","floor":35.0},{"not_picked":[],"picked":"Siphon_Strength+1","floor":36.0},{"not_picked":[],"picked":"Bone_Prison","floor":37.0},{"not_picked":["Death_Knell"],"picked":"SKIP","floor":38.0},{"not_picked":[],"picked":"Bone_Bullets","floor":39.0},{"not_picked":[],"picked":"Scare+1","floor":40.0},{"not_picked":[],"picked":"Shackles_Of_Pain+1","floor":42.0},{"not_picked":[],"picked":"Bone_Armor","floor":45.0}],"player_experience":633862,"relics_obtained":[{"floor":6.0,"key":"Frozen Egg 2"},{"floor":7.0,"key":"Garlic"},{"floor":24.0,"key":"Bottled Tornado"},{"floor":28.0,"key":"FossilizedHelix"}],"event_choices":[{"damage_healed":0.0,"max_hp_gain":0.0,"max_hp_loss":0.0,"gold_gain":0.0,"event_name":"Accursed Blacksmith","player_choice":"Forge","floor":3.0,"gold_loss":0.0,"damage_taken":0.0,"cards_upgraded":["Negative_Energy_Arrows"]},{"damage_healed":0.0,"max_hp_gain":0.0,"max_hp_loss":0.0,"gold_gain":0.0,"event_name":"Scrap Ooze","player_choice":"Success","floor":12.0,"gold_loss":0.0,"damage_taken":12.0,"relics_obtained":["Replay:Mystery Machine"]},{"cards_removed":["Strike_W"],"damage_healed":0.0,"max_hp_gain":0.0,"max_hp_loss":0.0,"gold_gain":0.0,"event_name":"Bonfire Elementals","player_choice":"Offered Basic","floor":29.0,"gold_loss":0.0,"damage_taken":0.0},{"cards_removed":["Strike_W"],"damage_healed":0.0,"max_hp_gain":0.0,"max_hp_loss":0.0,"gold_gain":0.0,"event_name":"Falling","player_choice":"Removed Attack","floor":43.0,"gold_loss":0.0,"damage_taken":0.0}],"is_beta":false,"boss_relics":[{"not_picked":["Ring of Chaos","Astrolabe"],"picked":"Sozu"},{"not_picked":["Replay:Drink Me","Replay:Wanted Poster"],"picked":"Busted Crown"}],"items_purged_floors":[],"is_endless":false,"potions_floor_spawned":[1,4,6,8,10,18,22,26,27,35,39,45],"ascension_level":1}}