{"host":"kqjncq1jgqa58i7s","time":1612729978,"event":{"mods":["AchievementEnabler","BaseMod","Colored Map","Minty Spire (QoL Compilation)","Relic Stats"],"gold_per_floor":[161,181,200,200,211,239,255,255,255,255,305,305,319,116,116,189,189,204,220,30,55,55,55],"floor_reached":22,"language":"ENG","playtime":1267,"items_purged":["Strike_P","Strike_P"],"score":472,"play_id":"e38ee551-6366-4a2d-8d33-0ed8d1ec20b1","local_time":"20210207213258","is_ascension_mode":true,"campfire_choices":[{"data":"TalkToTheHand","floor":8.0,"key":"SMITH"},{"data":"ReachHeaven","floor":10.0,"key":"SMITH"},{"data":"Consecrate","floor":12.0,"key":"SMITH"},{"data":"FearNoEvil","floor":15.0,"key":"SMITH"}],"circlet_count":0,"master_deck":["AscendersBane","Defend_P","Defend_P","Defend_P","Eruption+1","Vigilance","CutThroughFate","Consecrate+1","Scrawl+1","FollowUp","FearNoEvil+1","TalkToTheHand+1","ReachHeaven+1","LikeWater","DevaForm","MasterReality+1","Vault+1","Ragnarok+1","WreathOfFlame"],"relics":["Tiny House","Peace Pipe","StrikeDummy","Membership Card","Astrolabe","Gremlin Horn","Red Mask"],"acts_visited":["Exordium","TheCity"],"potions_floor_usage":[22,22],"damage_taken":[{"damage":0.0,"enemies":"2 Louse","floor":1.0,"turns":5.0},{"damage":2.0,"enemies":"Jaw Worm","floor":2.0,"turns":2.0},{"damage":0.0,"enemies":"Cultist","floor":3.0,"turns":2.0},{"damage":0.0,"enemies":"Looter","floor":5.0,"turns":2.0},{"damage":15.0,"enemies":"3 Sentries","floor":6.0,"turns":7.0},{"damage":11.0,"enemies":"Exordium Wildlife","floor":7.0,"turns":3.0},{"damage":0.0,"enemies":"Lots of Slimes","floor":13.0,"turns":1.0},{"damage":0.0,"enemies":"Slime Boss","floor":16.0,"turns":4.0},{"damage":19.0,"enemies":"3 Byrds","floor":18.0,"turns":4.0},{"damage":20.0,"enemies":"Shell Parasite","floor":19.0,"turns":3.0},{"damage":23.0,"enemies":"Masked Bandits","floor":21.0,"turns":3.0},{"damage":6,"enemies":"Centurion and Healer","floor":22,"turns":5}],"seed_played":"604415459090217933","potions_obtained":[{"floor":0.0,"key":"Swift Potion"},{"floor":1.0,"key":"EssenceOfSteel"},{"floor":5.0,"key":"Block Potion"},{"floor":18.0,"key":"BlessingOfTheForge"},{"floor":21.0,"key":"GamblersBrew"}],"is_trial":false,"path_per_floor":["M","M","M","?","M","E","M","R","T","R","?","R","M","$","R","B",null,"M","M","$","?","M"],"character_chosen":"WATCHER","items_purchased":["Membership Card","Gremlin Horn"],"campfire_rested":0,"item_purchase_floors":[14,20],"current_hp_per_floor":[66,64,64,64,64,49,38,38,38,38,31,31,31,31,31,31,63,44,24,24,1,0,0],"gold":55,"neow_bonus":"BOSS_RELIC","is_daily":false,"chose_seed":false,"campfire_upgraded":4,"win_rate":0.0,"timestamp":1612729978,"path_taken":["M","M","M","?","M","E","M","R","T","R","?","R","M","$","R","BOSS","M","?","$","?","M"],"items_purchased_type":["Relic","Relic"],"build_version":"2020-12-22","purchased_purges":2,"victory":false,"max_hp_per_floor":[73,73,73,73,73,73,73,73,73,73,73,73,73,73,73,73,73,73,73,73,73,73,73],"relic_stats":{"Peace Pipe":0,"Gremlin Horn":[2,2],"counters":[12,41],"Astrolabe":["MasterReality","Vault","Ragnarok"],"obtain_stats":[{"Peace Pipe":6,"Tiny House":0,"Gremlin Horn":20,"Astrolabe":17,"Red Mask":21,"Membership Card":14,"PureWater":0,"StrikeDummy":9},{"Peace Pipe":5,"Tiny House":0,"Gremlin Horn":10,"Astrolabe":8,"Red Mask":11,"Membership Card":7,"PureWater":0,"StrikeDummy":6},{"Peace Pipe":18,"Tiny House":0,"Gremlin Horn":33,"Astrolabe":26,"Red Mask":36,"Membership Card":22,"PureWater":0,"StrikeDummy":21}]},"card_choices":[{"not_picked":["Fasting2","LikeWater"],"picked":"CutThroughFate","floor":0.0},{"not_picked":["DeceiveReality","MentalFortress"],"picked":"Consecrate","floor":1.0},{"not_picked":["CutThroughFate","ThirdEye"],"picked":"Scrawl","floor":2.0},{"not_picked":["Halt","PathToVictory"],"picked":"FollowUp","floor":3.0},{"not_picked":["Consecrate","FlyingSleeves"],"picked":"FearNoEvil","floor":5.0},{"not_picked":["CrushJoints","WaveOfTheHand"],"picked":"TalkToTheHand","floor":6.0},{"not_picked":["Consecrate","CarveReality"],"picked":"ReachHeaven","floor":7.0},{"not_picked":["FollowUp","Alpha"],"picked":"LikeWater","floor":13.0},{"not_picked":["Blasphemy","Omniscience"],"picked":"DevaForm","floor":16.0},{"not_picked":["SashWhip","FollowUp"],"picked":"WreathOfFlame","floor":18.0},{"not_picked":["Consecrate+1","Nirvana","EmptyFist"],"picked":"SKIP","floor":19.0}],"player_experience":1661031,"relics_obtained":[{"floor":6.0,"key":"Peace Pipe"},{"floor":9.0,"key":"StrikeDummy"},{"floor":21.0,"key":"Red Mask"}],"event_choices":[{"damage_healed":0.0,"max_hp_gain":0.0,"max_hp_loss":0.0,"gold_gain":0.0,"event_name":"Living Wall","player_choice":"Grow","floor":4.0,"gold_loss":0.0,"damage_taken":0.0,"cards_upgraded":["Scrawl"]},{"damage_healed":0.0,"max_hp_gain":0.0,"max_hp_loss":0.0,"gold_gain":50.0,"event_name":"FaceTrader","player_choice":"Touch","floor":11.0,"gold_loss":0.0,"damage_taken":7.0},{"damage_healed":0.0,"max_hp_gain":0.0,"max_hp_loss":0.0,"gold_gain":0.0,"event_name":"Masked Bandits","player_choice":"Fought Bandits","floor":21.0,"gold_loss":0.0,"damage_taken":0.0}],"is_beta":false,"boss_relics":[{"not_picked":["Pandora\u0027s Box","Calling Bell"],"picked":"Astrolabe"}],"items_purged_floors":[14,20],"is_endless":false,"potions_floor_spawned":[1,2,5,18,21],"killed_by":"Centurion and Healer","ascension_level":20}}