{"host":"AZZAM","time":1612726467,"event":{"mods":["BaseMod","Colored Map","Highlight Path","Minty Spire (QoL Compilation)","Relic Stats","Unceasing Turn Reminder"],"gold_per_floor":[115,127,127,143,68,68,18,43,43,7,7,25,100,129,129,226,226,236,335,6,6,6,6,6],"floor_reached":23,"language":"ENG","playtime":509,"items_purged":["Defend_G","Strike_G"],"score":234,"play_id":"c78974ff-381e-4426-a6a1-49aecef10027","local_time":"20210207223427","is_ascension_mode":true,"campfire_choices":[{"data":"Bouncing Flask","floor":6,"key":"SMITH"},{"data":"1","floor":11,"key":"LIFT"},{"data":"2","floor":15,"key":"LIFT"}],"circlet_count":0,"master_deck":["Strike_G","Strike_G","Strike_G","Strike_G","Defend_G","Defend_G","Defend_G","Survivor","Neutralize","Bouncing Flask+1","Catalyst","Poisoned Stab","Leg Sweep","Envenom","Doppelganger","Flying Knee+1","Catalyst","Well Laid Plans","Adrenaline"],"relics":["Ring of the Snake","NeowsBlessing","Girya","Molten Egg 2","Tiny Chest","HoveringKite","DollysMirror"],"acts_visited":["Exordium","TheCity"],"potions_floor_usage":[18,23],"damage_taken":[{"damage":0,"enemies":"Cultist","floor":1,"turns":1},{"damage":0,"enemies":"2 Louse","floor":2,"turns":1},{"damage":0,"enemies":"Jaw Worm","floor":4,"turns":1},{"damage":30,"enemies":"Lagavulin","floor":8,"turns":4},{"damage":4,"enemies":"2 Fungi Beasts","floor":12,"turns":4},{"damage":2,"enemies":"Gremlin Nob","floor":14,"turns":4},{"damage":2,"enemies":"Hexaghost","floor":16,"turns":9},{"damage":14,"enemies":"Shell Parasite","floor":18,"turns":5},{"damage":62,"enemies":"Slavers","floor":23,"turns":4}],"seed_played":"4884108417461609632","potions_obtained":[{"floor":1,"key":"Explosive Potion"},{"floor":2,"key":"Swift Potion"},{"floor":4,"key":"GhostInAJar"},{"floor":14,"key":"GamblersBrew"},{"floor":16,"key":"LiquidMemories"}],"is_trial":false,"path_per_floor":["M","M","?","M","$","R","?","E","T","$","R","M","?","E","R","B",null,"M","?","$","?","$","E"],"character_chosen":"THE_SILENT","items_purchased":["Leg Sweep","DollysMirror","Well Laid Plans"],"campfire_rested":0,"item_purchase_floors":[10,20,20],"current_hp_per_floor":[70,70,75,75,75,75,75,45,45,45,45,41,30,28,28,26,75,61,61,61,61,61,0,0],"gold":6,"neow_bonus":"THREE_ENEMY_KILL","is_daily":false,"chose_seed":false,"campfire_upgraded":1,"win_rate":0.0,"timestamp":1612726467,"path_taken":["M","M","?","M","$","R","?","E","T","?","R","M","?","E","R","BOSS","M","?","$","?","$","E"],"items_purchased_type":["Card","Relic","Card"],"build_version":"2020-12-18","purchased_purges":2,"victory":false,"max_hp_per_floor":[70,70,75,75,75,75,75,75,75,75,75,75,75,75,75,75,75,75,75,75,75,75,75,75],"relic_stats":{"counters":[9,33],"HoveringKite":[2],"Tiny Chest":0,"obtain_stats":[{"Girya":8,"NeowsBlessing":0,"DollysMirror":20,"HoveringKite":17,"Molten Egg 2":9,"Tiny Chest":14,"Ring of the Snake":0},{"Girya":4,"NeowsBlessing":0,"DollysMirror":8,"HoveringKite":7,"Molten Egg 2":4,"Tiny Chest":6,"Ring of the Snake":0},{"Girya":7,"NeowsBlessing":0,"DollysMirror":29,"HoveringKite":24,"Molten Egg 2":7,"Tiny Chest":15,"Ring of the Snake":0}],"Ring of the Snake":[18]},"card_choices":[{"not_picked":["Bane","Flying Knee"],"picked":"Bouncing Flask","floor":1},{"not_picked":["Acrobatics","Dagger Spray"],"picked":"Catalyst","floor":2},{"not_picked":["Acrobatics","Dodge and Roll","Finisher"],"picked":"SKIP","floor":4},{"not_picked":["Outmaneuver","Calculated Gamble"],"picked":"Poisoned Stab","floor":8},{"not_picked":["Concentrate","Underhanded Strike+1","Accuracy"],"picked":"SKIP","floor":12},{"not_picked":["Blur","Accuracy"],"picked":"Envenom","floor":14},{"not_picked":["Malaise","Unload+1"],"picked":"Doppelganger","floor":16},{"not_picked":["Deflect","Underhanded Strike+1"],"picked":"Flying Knee+1","floor":18}],"player_experience":84247,"relics_obtained":[{"floor":8,"key":"Girya"},{"floor":9,"key":"Molten Egg 2"},{"floor":14,"key":"Tiny Chest"}],"event_choices":[{"damage_healed":0,"gold_gain":0,"player_choice":"Donut","damage_taken":0,"max_hp_gain":5,"max_hp_loss":0,"event_name":"Big Fish","floor":3,"gold_loss":0},{"cards_removed":["Defend_G"],"damage_healed":0,"gold_gain":0,"player_choice":"Card Removal","damage_taken":0,"max_hp_gain":0,"max_hp_loss":0,"event_name":"The Cleric","floor":7,"gold_loss":50},{"damage_healed":0,"gold_gain":75,"player_choice":"Gather Gold","damage_taken":11,"max_hp_gain":0,"max_hp_loss":0,"event_name":"World of Goop","floor":13,"gold_loss":0},{"damage_healed":0,"gold_gain":99,"player_choice":"Stole From Cult","damage_taken":0,"max_hp_gain":0,"max_hp_loss":0,"event_name":"Nest","floor":19,"gold_loss":0},{"damage_healed":0,"gold_gain":0,"player_choice":"Read","damage_taken":0,"max_hp_gain":0,"max_hp_loss":0,"event_name":"The Library","floor":21,"gold_loss":0,"cards_obtained":["Adrenaline"]}],"is_beta":true,"boss_relics":[{"not_picked":["SacredBark","WristBlade"],"picked":"HoveringKite"}],"items_purged_floors":[5,20],"is_endless":false,"potions_floor_spawned":[1,2,4,14,16],"killed_by":"Slavers","ascension_level":4}}