{"host":"xw7092rw7wabncmm","time":1612729280,"event":{"mods":["AchievementEnabler","BaseMod","Bestiary","Block Reminder","Minty Spire (QoL Compilation)","Quick Restart","Relic Stats","Slay-I","Weighted Paths"],"gold_per_floor":[117,130,208,226,237,237,7,23,23,23,36,65,65,90,90,90,90],"floor_reached":16,"language":"ENG","playtime":707,"items_purged":[],"score":224,"play_id":"7a1c4fca-b193-4d88-b4bb-74e750215695","local_time":"20210207152120","is_ascension_mode":true,"campfire_choices":[{"data":"Wild Strike","floor":6,"key":"SMITH"},{"data":"Battle Trance","floor":10,"key":"SMITH"},{"data":"Feed","floor":13,"key":"SMITH"},{"data":"Armaments","floor":15,"key":"SMITH"}],"circlet_count":0,"master_deck":["AscendersBane","Strike_R","Strike_R","Strike_R","Strike_R","Strike_R","Defend_R","Defend_R","Defend_R","Defend_R","Bash","Cleave","Battle Trance+1","Flex","Wild Strike+1","Shrug It Off","Metallicize","Clash","Feed+1","Armaments+1"],"relics":["Burning Blood","Mercury Hourglass","OrangePellets","Question Card","Darkstone Periapt","Du-Vu Doll"],"acts_visited":["Exordium"],"potions_floor_usage":[12,14],"damage_taken":[{"damage":12,"enemies":"Cultist","floor":1,"turns":4},{"damage":11,"enemies":"Jaw Worm","floor":2,"turns":4},{"damage":5,"enemies":"Small Slimes","floor":4,"turns":3},{"damage":13,"enemies":"Blue Slaver","floor":5,"turns":3},{"damage":2,"enemies":"2 Fungi Beasts","floor":8,"turns":2},{"damage":12,"enemies":"Red Slaver","floor":11,"turns":3},{"damage":19,"enemies":"3 Sentries","floor":12,"turns":6},{"damage":34,"enemies":"Lagavulin","floor":14,"turns":5},{"damage":39,"enemies":"Slime Boss","floor":16,"turns":6}],"seed_played":"-530075491243410055","potions_obtained":[{"floor":1,"key":"Regen Potion"},{"floor":5,"key":"GamblersBrew"}],"is_trial":false,"path_per_floor":["M","M","T","M","M","R","$","M","T","R","M","E","R","E","R","B"],"character_chosen":"IRONCLAD","items_purchased":["OrangePellets","Shrug It Off"],"campfire_rested":0,"item_purchase_floors":[7,7],"current_hp_per_floor":[69,64,64,65,58,58,58,62,62,62,56,58,58,30,30,0,0],"gold":90,"neow_bonus":"TEN_PERCENT_HP_BONUS","is_daily":false,"chose_seed":false,"campfire_upgraded":4,"win_rate":0.0,"timestamp":1612729280,"path_taken":["M","M","?","M","M","R","?","?","T","R","M","E","R","E","R","BOSS"],"items_purchased_type":["Relic","Card"],"build_version":"2020-12-22","purchased_purges":0,"victory":false,"max_hp_per_floor":[82,82,82,82,82,82,82,82,82,82,82,82,82,82,82,82,82],"relic_stats":{"Darkstone Periapt":0,"OrangePellets":[4],"counters":[9,35],"Question Card":3,"obtain_stats":[{"Darkstone Periapt":12,"Du-Vu Doll":14,"OrangePellets":7,"Question Card":9,"Burning Blood":0,"Mercury Hourglass":3},{"Darkstone Periapt":7,"Du-Vu Doll":8,"OrangePellets":4,"Question Card":5,"Burning Blood":0,"Mercury Hourglass":2},{"Darkstone Periapt":25,"Du-Vu Doll":29,"OrangePellets":14,"Question Card":16,"Burning Blood":0,"Mercury Hourglass":8}],"Burning Blood":48,"Mercury Hourglass":[125]},"card_choices":[{"not_picked":["Warcry","Pummel"],"picked":"Cleave","floor":1},{"not_picked":["Clash","Sever Soul"],"picked":"Battle Trance","floor":2},{"not_picked":["Bloodletting","Sword Boomerang"],"picked":"Flex","floor":4},{"not_picked":["Warcry","Thunderclap"],"picked":"Wild Strike","floor":5},{"not_picked":["Anger","Headbutt"],"picked":"Metallicize","floor":8},{"not_picked":["Warcry","Thunderclap","Seeing Red"],"picked":"Clash","floor":11},{"not_picked":["Sever Soul","Armaments","Dark Embrace"],"picked":"Feed","floor":12},{"not_picked":["Demon Form","Sword Boomerang","Blood for Blood"],"picked":"Armaments","floor":14}],"player_experience":1604163,"relics_obtained":[{"floor":3,"key":"Mercury Hourglass"},{"floor":9,"key":"Question Card"},{"floor":12,"key":"Darkstone Periapt"},{"floor":14,"key":"Du-Vu Doll"}],"event_choices":[],"is_beta":false,"boss_relics":[],"items_purged_floors":[],"is_endless":false,"potions_floor_spawned":[1,5],"killed_by":"Slime Boss","ascension_level":20}}