{"host":"rm0ctv8qd8mnbkg1","time":1612723244,"event":{"mods":["BaseMod","BetterRewards","Bossed Relics","Colored Map","DNKmod","Dark Map","Defuse TimeMaze Blight","Friendly Minions","Hubris","Infinite Spire","Marisa????????","Minty Spire (QoL Compilation)","MostiFishMod","Permanent Neow","Quarter Circle Forward PUNCH!","RRrroohrrRGHHhhh!!","Rare Cards Sparkle","Relic Sorter","Reliquary","Replay The Spire","Robot Space Explorer","RumiaBox-????????","Shade Mod","Shop Mod","Spicy Shops","Spire Arcade","StS++","StSLib","The Dragon Tamer","The Poker Player","The Servant 0.9.4","Wandering Minibosses","[IsaacMod]????","??????REMEMod"],"gold_per_floor":[10011,10011,10111,10121,10132,10132,10146,9860,9860,9860,9879,9913,9913,9931,9931,10036,10036,10036,10036],"floor_reached":18,"language":"ENG","playtime":2661,"items_purged":[],"score":262,"play_id":"6ca7f1cb-47e8-4759-b797-8b69933ad499","local_time":"20210207184044","is_ascension_mode":false,"campfire_choices":[{"data":"MostiFishMod:Minus","floor":6,"key":"SMITH"},{"data":"MostiFishMod:Minus+1","floor":10,"key":"SMITH"},{"data":"MostiFishMod:Minus+2","floor":15,"key":"SMITH"}],"circlet_count":0,"master_deck":["Strike_P","Strike_P","Strike_P","Strike_P","Defend_P","Defend_P","Defend_P","Defend_P","Eruption","Vigilance","DoctorFetus","StSpp:Patience","MostiFishMod:Minus+3","REME_Repentance","ReachHeaven","Replay:BluntJabs","REME_Repentance","Consecrate","Replay:AtTheReady","PathToVictory","StSpp:LatentStrike","Establishment","MostiFishMod:Dust","Replay:Bootleg Shield Generator"],"relics":["PureWater","REME_ComplimentaryCards","HushsDoor","DaveBox","HaiYi:Twilight","SteamSale","qcfpunch:Spiky_Bracers","infinitespire:Broken Mirror","Mummified Hand","Gremlin Food","hubris:Reverence","Sozu"],"acts_visited":["Exordium","TheCity"],"potions_floor_usage":[],"damage_taken":[{"damage":0,"enemies":"Small Slimes","floor":1,"turns":3},{"damage":0,"enemies":"Cultist","floor":4,"turns":3},{"damage":0,"enemies":"Jaw Worm","floor":5,"turns":3},{"damage":0,"enemies":"Exordium Thugs","floor":7,"turns":2},{"damage":0,"enemies":"Blue Slaver","floor":11,"turns":3},{"damage":9,"enemies":"3 Sentries","floor":12,"turns":7},{"damage":3,"enemies":"3 Louse","floor":14,"turns":3},{"damage":0,"enemies":"Slime Boss","floor":16,"turns":5},{"damage":37,"enemies":"Chosen","floor":18,"turns":7}],"seed_played":"6416650246496612116","potions_obtained":[{"floor":7,"key":"AttackPotion"},{"floor":12,"key":"Elixir"}],"is_trial":false,"path_per_floor":["M","?","?","M","M","R","M","$","T","R","M","E","T","M","R","B",null,"M"],"character_chosen":"WATCHER","items_purchased":["qcfpunch:Spiky_Bracers","infinitespire:Broken Mirror","Consecrate","MostiFishMod:Dust","Replay:Bootleg Shield Generator"],"campfire_rested":0,"item_purchase_floors":[8,8,8,17,17],"current_hp_per_floor":[1000,1000,1000,1000,1000,1000,1000,1000,1000,1000,1000,991,991,988,988,988,995,958,958],"gold":10036,"neow_bonus":"ONE_RANDOM_RARE_CARD","is_daily":false,"chose_seed":false,"campfire_upgraded":3,"win_rate":0.0,"timestamp":1612723244,"path_taken":["M","?","?","M","M","R","?","$","T","R","M","E","?","M","R","BOSS","M"],"items_purchased_type":["Relic","Relic","Card","Card","Card"],"build_version":"2020-12-22","purchased_purges":0,"victory":false,"max_hp_per_floor":[1000,1000,1000,1000,1000,1000,1000,1000,1000,1000,1000,1000,1000,1000,1000,1000,995,995,995],"card_choices":[{"not_picked":[],"picked":"DoctorFetus","floor":0},{"not_picked":["Worship","EmptyBody"],"picked":"REME_Repentance","floor":1},{"not_picked":["StSpp:Renounce","Protect"],"picked":"ReachHeaven","floor":3},{"not_picked":["BattleHymn","CrushJoints"],"picked":"Replay:BluntJabs","floor":4},{"not_picked":["EmptyBody","StSpp:Chanting","rorgmod:Follow-Up"],"picked":"SKIP","floor":5},{"not_picked":["BowlingBash","rorgmod:Follow-Up"],"picked":"REME_Repentance","floor":7},{"not_picked":["ReachHeaven","Collect"],"picked":"Replay:AtTheReady","floor":11},{"not_picked":["Protect","REME_MusicOfDeath"],"picked":"PathToVictory","floor":12},{"not_picked":["Swivel","CrushJoints"],"picked":"StSpp:LatentStrike","floor":14},{"not_picked":["ConjureBlade","Devotion"],"picked":"Establishment","floor":16}],"player_experience":229772,"relics_obtained":[{"floor":9,"key":"Mummified Hand"},{"floor":12,"key":"Gremlin Food"},{"floor":13,"key":"hubris:Reverence"}],"event_choices":[{"damage_healed":0,"gold_gain":0,"player_choice":"Bought 0 Potions","damage_taken":0,"max_hp_gain":0,"max_hp_loss":0,"event_name":"The Woman in Blue","floor":2,"gold_loss":0}],"is_beta":false,"boss_relics":[{"not_picked":["hubris:GrandSneckoEye","FixedStarFall"],"picked":"Sozu"},{"not_picked":[]}],"items_purged_floors":[],"is_endless":false,"potions_floor_spawned":[5,7,12],"killed_by":"Chosen","ascension_level":0}}