{"host":"u1ystlfkdtaqkn2r","time":1612711292,"event":{"mods":["ATMod(阿瑾Mod)","Act Like it!","Arknights","BaseMod","Colored Powertips","Downfall","Friendly Minions","Gensokyo","GifTheSpireLib","Jedi Mod","Luminous","Minty Spire (QoL Compilation)","Replay The Spire","RumiaBox-露米娅的神秘盒子","Spicy Shops","StSLib","SuperFastMode","UnlockEverythingMod","Waifu the Spire","WarShipGirlsR/战舰少女R mod","Warlord Emblem","Yakumo Yukari mod","【遗物卡牌】REMEMod"],"gold_per_floor":[113,113,123,140,152,152,77,92,170,189,189,223,243,277,277,391,391,404,404,460,262,39,82,109,149,149,149,149,48,48,68,68,74,74],"floor_reached":33,"language":"ZHS","playtime":1262,"items_purged":["rmod:basicallowance","Pain"],"score":395,"play_id":"4c9d4257-c565-4f3c-878b-99d2cc186aa5","local_time":"20210207232132","is_ascension_mode":false,"campfire_choices":[{"data":"rmod:ammunitionsupply","floor":6.0,"key":"SMITH"},{"data":"rmod:luckystar","floor":15.0,"key":"SMITH"},{"data":"AT_EmpoweredMortalDraw","floor":27.0,"key":"SMITH"},{"data":"rmod:supriseattacks","floor":30.0,"key":"SMITH"},{"data":"AT_LightSaberMaster","floor":32.0,"key":"SMITH"}],"circlet_count":0,"master_deck":["rmod:strick","rmod:strick","rmod:strick","rmod:strick","rmod:defend","rmod:defend","rmod:defend","rmod:defend","rmod:ammunitionsupply+1","rmod:mineteam","rmod:luckystar+1","rmod:intelligenceanalysis","rmod:supriseattacks+1","rmod:windflower","rmod:u235","AT_EmpoweredMortalDraw+1","rmod:rockthrower","Pot Of Greed","Pot Of Greed","rmod:mineteam+1","AT_BreakingExtremeWeapon+1","AT_LightSaberMaster+1","AT_BreakingExtremeWeapon+1","Gensokyo:TarnishedGold","Gensokyo:ScrapIron","Pot Of Greed","rmod:firesupport+1","rmod:rockthrower","rmod:firesupport","rmod:launchingtorpedo+1","rmod:firesupport"],"relics":["rmod:firstchargereward","AT_ATBox","REME_ComplimentaryCards","Happy Flower","Mirror","Gensokyo:LunaticRedEyes","Counterbalance","Replay:Bandana","AT_MortalBlade","Grinning Jar","Membership Card","ReplayTheSpireMod:ShopPack","ReplayTheSpireMod:Shallot","AT_EbonyIvory","rmod:equipmentrecovery","Gensokyo:ChorusOfJoy","Guide Book"],"acts_visited":["Gensokyo:Gensokyo","Gensokyo:Gensokyoer"],"potions_floor_usage":[],"damage_taken":[{"damage":5.0,"enemies":"Gensokyo:Python","floor":1.0,"turns":3.0},{"damage":7.0,"enemies":"Gensokyo:Gryphon","floor":3.0,"turns":3.0},{"damage":0.0,"enemies":"Gensokyo:3_Fairies","floor":4.0,"turns":5.0},{"damage":3.0,"enemies":"Gensokyo:VengefulSpirit","floor":5.0,"turns":5.0},{"damage":0.0,"enemies":"Gensokyo:LivingMonolith","floor":8.0,"turns":2.0},{"damage":6.0,"enemies":"Gensokyo:2_Rabbits","floor":10.0,"turns":5.0},{"damage":2.0,"enemies":"Gensokyo:Aya","floor":12.0,"turns":2.0},{"damage":4.0,"enemies":"Gensokyo:3_Kodama","floor":13.0,"turns":3.0},{"damage":7.0,"enemies":"Gensokyo:Mamizou","floor":14.0,"turns":5.0},{"damage":34.0,"enemies":"Gensokyo:Yukari","floor":16.0,"turns":9.0},{"damage":8.0,"enemies":"Gensokyo:AngelMirror","floor":18.0,"turns":2.0},{"damage":6.0,"enemies":"Gensokyo:Tenshi","floor":23.0,"turns":2.0},{"damage":3.0,"enemies":"Gensokyo:2_Gloops","floor":24.0,"turns":4.0},{"damage":0.0,"enemies":"Gensokyo:Reisen","floor":25.0,"turns":2.0},{"damage":0.0,"enemies":"Gensokyo:Monolith_and_Dog","floor":31.0,"turns":1.0},{"damage":49,"enemies":"Gensokyo:Kaguya","floor":33,"turns":4}],"seed_played":"2211021567897339718","potions_obtained":[{"floor":0.0,"key":"Swift Potion"},{"floor":0.0,"key":"jedi:hoardpotion"},{"floor":0.0,"key":"bronze:BurnAndBuffPotion"},{"floor":12.0,"key":"Energy Potion"},{"floor":14.0,"key":"Block Potion"},{"floor":18.0,"key":"Fire Potion"},{"floor":20.0,"key":"Strength Potion"}],"is_trial":false,"path_per_floor":["M","?","M","M","M","R","$","M","T","M","?","E","M","E","R","B",null,"M","?","?","$","COS","E","M","E","T","R","?","$","R","M","R","B"],"character_chosen":"PRAEFECT","items_purchased":["Membership Card","Guide Book","rmod:launchingtorpedo+1"],"campfire_rested":0,"item_purchase_floors":[21,29,29],"current_hp_per_floor":[70,70,63,63,60,60,60,60,60,54,54,52,48,41,41,7,75,67,67,49,49,49,43,40,40,40,40,40,40,40,40,40,0,0],"gold":74,"neow_bonus":"THREE_SMALL_POTIONS","is_daily":false,"chose_seed":false,"campfire_upgraded":5,"win_rate":0.0,"timestamp":1612711292,"path_taken":["M","?","?","M","M","R","?","M","T","M","?","E","M","E","R","BOSS","M","?","?","?","COS","E","?","E","T","R","?","$","R","M","R","BOSS"],"items_purchased_type":["Relic","Relic","Card"],"build_version":"2020-12-22","purchased_purges":2,"victory":false,"max_hp_per_floor":[75,75,75,75,75,75,75,75,75,75,75,75,75,75,75,75,75,75,75,75,75,75,75,75,75,75,75,75,75,75,75,75,75,75],"card_choices":[{"not_picked":["rmod:combined","rmod:luckystar","rmod:tearstotiara"],"picked":"SKIP","floor":1.0},{"not_picked":["rmod:supriseattacks","rmod:supportescort"],"picked":"rmod:ammunitionsupply","floor":3.0},{"not_picked":["rmod:steelsupply","rmod:heivgo"],"picked":"rmod:mineteam","floor":4.0},{"not_picked":["rmod:advancebysurprise","rmod:fuelsupply","rmod:chargemoney"],"picked":"SKIP","floor":5.0},{"not_picked":["rmod:victimresponsibility","rmod:supriseattacks"],"picked":"rmod:luckystar","floor":8.0},{"not_picked":["rmod:supportaircraftcarrier","rmod:advancebysurprise","rmod:aluminumsupply"],"picked":"SKIP","floor":10.0},{"not_picked":["rmod:maintain","rmod:circuitoustactics","rmod:chargemoney"],"picked":"SKIP","floor":12.0},{"not_picked":["rmod:circuitoustactics","rmod:fuelsupply","rmod:bulid"],"picked":"SKIP","floor":13.0},{"not_picked":["rmod:lonelyqueen","rmod:aggressivemary"],"picked":"rmod:intelligenceanalysis","floor":14.0},{"not_picked":["rmod:combined","rmod:diamondstrike+1"],"picked":"rmod:rockthrower","floor":18.0},{"not_picked":["rmod:steelsupply","rmod:luckystar"],"picked":"rmod:mineteam+1","floor":20.0},{"not_picked":["Sadistic Nature","Violence"],"picked":"AT_BreakingExtremeWeapon","floor":22.0},{"not_picked":["Swift Strike","Dramatic Entrance"],"picked":"AT_LightSaberMaster","floor":22.0},{"not_picked":["PanicButton","HandOfGreed"],"picked":"AT_BreakingExtremeWeapon","floor":22.0},{"not_picked":["rmod:shuttlebombing+1","rmod:fuelsupply"],"picked":"rmod:firesupport+1","floor":23.0},{"not_picked":["rmod:spoils","rmod:circuitoustactics","rmod:diamondstrike"],"picked":"SKIP","floor":24.0},{"not_picked":["rmod:secretscript","rmod:intelligenceanalysis+1"],"picked":"rmod:firesupport","floor":25.0},{"not_picked":["rmod:gendarmerie+1","rmod:fuelsupply"],"picked":"rmod:firesupport","floor":31.0}],"player_experience":104166,"relics_obtained":[{"floor":9.0,"key":"Mirror"},{"floor":12.0,"key":"Counterbalance"},{"floor":14.0,"key":"Replay:Bandana"},{"floor":20.0,"key":"Grinning Jar"},{"floor":23.0,"key":"ReplayTheSpireMod:Shallot"},{"floor":25.0,"key":"AT_EbonyIvory"},{"floor":26.0,"key":"rmod:equipmentrecovery"}],"event_choices":[],"is_beta":false,"boss_relics":[{"not_picked":["SlaversCollar","Replay:Bronze Core"],"picked":"AT_MortalBlade"}],"items_purged_floors":[7,21],"is_endless":false,"potions_floor_spawned":[1,5,12,13,14,18],"killed_by":"Gensokyo:Kaguya","ascension_level":0}}