{"host":"3498uni0c31c9bdm","time":1612697132,"event":{"mods":["BaseMod","Better Match","Better Note","Better Sensory Stone","Better Skull","Better Third Choice","Colored Map","Minty Spire (QoL Compilation)","Quick Restart","RNG Fix","Random Character Button","Replay The Spire","Shop Mod","Smile Girya","StSLib","Unceasing Turn Reminder"],"gold_per_floor":[115,40,90,90,90,90,116,135,183,183,194,194,207,224,224,320,320,337,350,350,350],"floor_reached":20,"language":"ENG","playtime":558,"items_purged":[],"score":270,"play_id":"fde78539-ab3a-4d59-9374-3d3316a41a32","local_time":"20210207222532","is_ascension_mode":true,"campfire_choices":[{"floor":6.0,"key":"RECALL"},{"floor":10.0,"key":"REST"},{"floor":12.0,"key":"REST"},{"floor":15.0,"key":"REST"}],"circlet_count":0,"master_deck":["AscendersBane","Strike_B","Strike_B","Strike_B","Strike_B","Defend_B","Defend_B","Defend_B","Defend_B","Zap","Dualcast","Defend_R","Defend_G","Electrodynamics","ReplayTheSpireMod:Calculation Training","Streamline+1","Storm+1","Chill","Cold Snap","Turbo","Stack","Go for the Eyes","Biased Cognition","Beam Cell","Redo"],"relics":["Cracked Core","Calipers","Boot","Replay:Bronze Core"],"acts_visited":["Exordium","TheCity"],"potions_floor_usage":[],"damage_taken":[{"damage":6.0,"enemies":"Cultist","floor":1.0,"turns":4.0},{"damage":58.0,"enemies":"Gremlin Nob","floor":7.0,"turns":5.0},{"damage":2.0,"enemies":"Jaw Worm","floor":8.0,"turns":3.0},{"damage":0.0,"enemies":"2 Louse","floor":11.0,"turns":1.0},{"damage":6.0,"enemies":"Looter","floor":13.0,"turns":3.0},{"damage":16.0,"enemies":"Blue Slaver","floor":14.0,"turns":3.0},{"damage":45.0,"enemies":"Slime Boss","floor":16.0,"turns":10.0},{"damage":16,"enemies":"Chosen","floor":18,"turns":8},{"damage":26,"enemies":"2 Thieves","floor":19,"turns":4},{"damage":27,"enemies":"Snecko","floor":20,"turns":3}],"seed_played":"6813265083991491509","potions_obtained":[{"floor":1.0,"key":"EssenceOfDarkness"},{"floor":11.0,"key":"Elixir"},{"floor":14.0,"key":"Regen Potion"},{"floor":18,"key":"Dexterity Potion"}],"is_trial":false,"path_per_floor":["M","?","?","$","$","R","E","M","T","R","M","R","M","M","R","B",null,"M","M","M"],"character_chosen":"DEFECT","items_purchased":[],"campfire_rested":3,"item_purchase_floors":[],"current_hp_per_floor":[62,62,62,62,62,62,4,2,2,24,24,46,40,24,46,16,60,44,18,0,0],"gold":350,"neow_bonus":"THREE_RARE_CARDS","is_daily":false,"chose_seed":false,"campfire_upgraded":0,"win_rate":0.0,"timestamp":1612697132,"path_taken":["M","?","?","?","$","R","E","M","T","R","M","R","M","?","R","BOSS","M","M","M"],"items_purchased_type":[],"build_version":"2020-12-22","purchased_purges":0,"victory":false,"max_hp_per_floor":[75,75,75,75,75,75,75,75,75,75,75,75,75,75,75,75,75,75,75,75,75],"card_choices":[{"not_picked":["Reboot","Buffer"],"picked":"Electrodynamics","floor":0.0},{"not_picked":["FTL","BasicCrystalCard"],"picked":"ReplayTheSpireMod:Calculation Training","floor":1.0},{"not_picked":["Cold Snap+1","Go for the Eyes+1"],"picked":"Streamline+1","floor":2.0},{"not_picked":["Static Discharge+1","Hello World+1"],"picked":"Storm+1","floor":2.0},{"not_picked":["Auto Shields","Rebound"],"picked":"Chill","floor":7.0},{"not_picked":["Recycle","Skim"],"picked":"Cold Snap","floor":8.0},{"not_picked":["BasicCrystalCard","Coolheaded"],"picked":"Turbo","floor":11.0},{"not_picked":["Redo","Steam"],"picked":"Stack","floor":13.0},{"not_picked":["Panic Button","Coolheaded"],"picked":"Go for the Eyes","floor":14.0},{"not_picked":["Buffer","Core Surge"],"picked":"Biased Cognition","floor":16.0},{"not_picked":["Sweeping Beam","Leap"],"picked":"Beam Cell","floor":18},{"not_picked":["Rebound","Hologram"],"picked":"Redo","floor":19}],"player_experience":845556,"relics_obtained":[{"floor":7.0,"key":"Calipers"},{"floor":9.0,"key":"Boot"}],"event_choices":[{"damage_healed":0.0,"max_hp_gain":0.0,"max_hp_loss":0.0,"gold_gain":0.0,"event_name":"betterMatch:BetterMatch","player_choice":"2","floor":2.0,"gold_loss":0.0,"damage_taken":0.0,"cards_obtained":["betterMatch:CommonCard","betterMatch:UncommonCard"]},{"damage_healed":0.0,"max_hp_gain":0.0,"max_hp_loss":0.0,"gold_gain":50.0,"event_name":"Golden Wing","player_choice":"Gained Gold","floor":3.0,"gold_loss":0.0,"damage_taken":0.0}],"is_beta":false,"boss_relics":[{"not_picked":["Coffee Dripper","SacredBark"],"picked":"Replay:Bronze Core"}],"items_purged_floors":[],"is_endless":false,"potions_floor_spawned":[1,11,14,18],"killed_by":"Snecko","ascension_level":11}}