{"host":"d76q0rb9a0s9bgr5","time":1612703443,"event":{"mods":["BaseMod","Downfall","Hubris","Minty Spire (QoL Compilation)","StSLib"],"gold_per_floor":[364,383,383,383,395,395,395,422,422,422,422,534,534,562,562,562,562],"floor_reached":16,"language":"ENG","playtime":521,"items_purged":[],"score":103,"play_id":"426c1553-55ff-4ab2-ae70-4291c871003c","local_time":"20210207141043","is_ascension_mode":true,"campfire_choices":[{"data":"Bash","floor":6,"key":"SMITH"},{"data":"Entrench","floor":15,"key":"SMITH"}],"circlet_count":0,"master_deck":["Strike_R","Strike_R","Strike_R","Strike_R","Defend_R","Defend_R","Defend_R","Defend_R","Bash+1","Metallicize","Entrench+1"],"relics":["Burning Blood","hubris:Icosahedron","Pantograph","Odd Mushroom","Boot","GremlinMask","hubris:TinFlute","Bag of Preparation"],"acts_visited":["Exordium"],"potions_floor_usage":[8,12,16,16],"damage_taken":[{"damage":6,"enemies":"Cultist","floor":1,"turns":3},{"damage":2,"enemies":"2 Louse","floor":2,"turns":4},{"damage":20,"enemies":"Jaw Worm","floor":5,"turns":4},{"damage":13,"enemies":"The Mushroom Lair","floor":8,"turns":4},{"damage":21,"enemies":"Exordium Wildlife","floor":12,"turns":3},{"damage":7,"enemies":"Gremlin Nob","floor":14,"turns":4},{"damage":59,"enemies":"The Guardian","floor":16,"turns":10}],"seed_played":"9092017432216188015","potions_obtained":[{"floor":1,"key":"GamblersBrew"},{"floor":5,"key":"champ:CounterPotion"},{"floor":14,"key":"hexamod:SoulburnPotion"}],"is_trial":false,"path_per_floor":["M","M","?","?","M","R","T","?","T","?","?","M","T","E","R","B"],"character_chosen":"IRONCLAD","items_purchased":[],"campfire_rested":0,"item_purchase_floors":[],"current_hp_per_floor":[72,72,72,77,63,63,63,56,56,49,49,34,34,33,33,0,0],"gold":562,"neow_bonus":"TWO_FIFTY_GOLD","is_daily":false,"chose_seed":false,"campfire_upgraded":2,"win_rate":0.0,"timestamp":1612703443,"path_taken":["M","?","?","?","?","R","?","?","T","?","?","?","?","E","R","BOSS"],"items_purchased_type":[],"build_version":"2020-12-22","purchased_purges":0,"victory":false,"max_hp_per_floor":[72,72,72,77,77,77,77,77,77,77,77,77,77,77,77,77,77],"card_choices":[{"not_picked":["Rupture","Armaments","Twin Strike"],"picked":"SKIP","floor":1},{"not_picked":["Heavy Blade","Perfected Strike","Disarm"],"picked":"SKIP","floor":2},{"not_picked":["Iron Wave","Cleave","Reckless Charge"],"picked":"SKIP","floor":5},{"not_picked":["Twin Strike","True Grit"],"picked":"Metallicize","floor":12},{"not_picked":["Cleave","hubris:ReadiedAction"],"picked":"Entrench","floor":14}],"player_experience":107931,"relics_obtained":[{"floor":7,"key":"Pantograph"},{"floor":8,"key":"Odd Mushroom"},{"floor":9,"key":"Boot"},{"floor":13,"key":"hubris:TinFlute"},{"floor":14,"key":"Bag of Preparation"}],"event_choices":[{"damage_healed":0,"gold_gain":0,"player_choice":"Donut","damage_taken":0,"max_hp_gain":5,"max_hp_loss":0,"event_name":"Big Fish","floor":4,"gold_loss":0},{"damage_healed":0,"gold_gain":0,"player_choice":"Fought Mushrooms","damage_taken":0,"max_hp_gain":0,"max_hp_loss":0,"event_name":"Mushrooms","floor":8,"gold_loss":0},{"cards_removed":["Strike_R"],"damage_healed":0,"gold_gain":0,"player_choice":"Card Removal","damage_taken":7,"max_hp_gain":0,"max_hp_loss":0,"event_name":"Golden Wing","floor":10,"gold_loss":0},{"damage_healed":0,"gold_gain":0,"player_choice":"Trade","damage_taken":0,"relics_obtained":["GremlinMask"],"max_hp_gain":0,"max_hp_loss":0,"event_name":"FaceTrader","floor":11,"gold_loss":0}],"is_beta":false,"boss_relics":[],"items_purged_floors":[],"is_endless":false,"potions_floor_spawned":[1,5,14],"killed_by":"The Guardian","ascension_level":1}}