{"host":"d52brwsy6af8zvaq","time":1612720511,"event":{"mods":["AchievementEnabler","BaseMod","Bestiary","Highlight Path","Minty Spire (QoL Compilation)","Quick Restart","Relic Stats","ojb\u0027s Better Paths Mod"],"gold_per_floor":[109,122,182,202,202,236,236,274,274,274,218,242,4,4,4,100,100,123,123,38,38,57,92,113,113,113,113,38,38,71,111,111,111,111],"floor_reached":33,"language":"ENG","playtime":1455,"items_purged":["Strike_B"],"score":728,"play_id":"c4ee5f51-dff1-4044-86b1-22c9d281da69","local_time":"20210207105511","is_ascension_mode":true,"campfire_choices":[{"data":"Zap","floor":7.0,"key":"SMITH"},{"data":"Hologram","floor":15.0,"key":"SMITH"},{"data":"Buffer","floor":27.0,"key":"SMITH"},{"data":"Self Repair","floor":29,"key":"SMITH"},{"data":"Defragment","floor":32,"key":"SMITH"}],"circlet_count":0,"master_deck":["AscendersBane","Strike_B","Strike_B","Strike_B","Defend_B","Defend_B","Defend_B","Defend_B","Zap+1","Dualcast","Streamline","Cold Snap","Hologram+1","Rainbow","Redo","Aggregate","Compile Driver","Buffer+1","Go for the Eyes","RitualDagger","Defragment+1","Force Field","Leap","Ghostly","Ghostly","Ghostly","Doubt","Self Repair+1","BootSequence+1","Auto Shields"],"relics":["Coffee Dripper","Golden Idol","Mango","FossilizedHelix","Cursed Key","Smiling Mask","Mercury Hourglass","Sundial","Red Mask"],"acts_visited":["Exordium","TheCity"],"potions_floor_usage":[30,33],"damage_taken":[{"damage":7.0,"enemies":"Jaw Worm","floor":1.0,"turns":4.0},{"damage":0.0,"enemies":"2 Louse","floor":2.0,"turns":2.0},{"damage":0.0,"enemies":"Small Slimes","floor":4.0,"turns":2.0},{"damage":18.0,"enemies":"Lagavulin","floor":6.0,"turns":8.0},{"damage":42.0,"enemies":"3 Sentries","floor":8.0,"turns":9.0},{"damage":0.0,"enemies":"Looter","floor":12.0,"turns":2.0},{"damage":0.0,"enemies":"Slime Boss","floor":16.0,"turns":6.0},{"damage":2.0,"enemies":"Spheric Guardian","floor":18.0,"turns":5.0},{"damage":0.0,"enemies":"Shell Parasite","floor":22.0,"turns":4.0},{"damage":52.0,"enemies":"Gremlin Leader","floor":23.0,"turns":9.0},{"damage":18.0,"enemies":"Snecko","floor":24.0,"turns":6.0},{"damage":0,"enemies":"Slavers","floor":30,"turns":7},{"damage":0,"enemies":"Masked Bandits","floor":31,"turns":6},{"damage":67,"enemies":"Champ","floor":33,"turns":21}],"seed_played":"6023489553167481841","potions_obtained":[{"floor":2.0,"key":"SteroidPotion"},{"floor":8.0,"key":"DistilledChaos"},{"floor":12.0,"key":"Fire Potion"},{"floor":16.0,"key":"SpeedPotion"},{"floor":24.0,"key":"EssenceOfSteel"}],"is_trial":false,"path_per_floor":["M","M","?","M","?","E","R","E","T","?","?","M","$","$","R","B",null,"M","?","$","?","M","E","M","?","T","R","$","R","E","?","R","B"],"character_chosen":"DEFECT","items_purchased":["FairyPotion","Compile Driver","Defragment","Self Repair"],"campfire_rested":0,"item_purchase_floors":[13,13,20,28],"current_hp_per_floor":[57,57,57,57,57,53,53,11,11,11,11,11,11,11,11,11,61,59,53,53,53,53,1,23,23,23,23,23,23,33,39,39,0,0],"gold":111,"neow_bonus":"BOSS_RELIC","is_daily":false,"chose_seed":false,"campfire_upgraded":5,"win_rate":0.0,"timestamp":1612720511,"path_taken":["M","M","?","M","?","E","R","E","T","?","?","M","?","$","R","BOSS","M","?","$","?","M","E","M","?","T","R","?","R","E","?","R","BOSS"],"items_purchased_type":["Potion","Card","Card","Card"],"build_version":"2020-12-22","purchased_purges":1,"victory":false,"max_hp_per_floor":[71,71,71,71,64,78,78,78,78,78,78,78,78,78,78,78,78,78,78,78,78,78,78,78,39,39,39,39,39,39,39,39,39,39],"relic_stats":{"counters":[14,91],"Golden Idol":74,"Sundial":[4],"Cursed Key":1,"Smiling Mask":0,"obtain_stats":[{"Golden Idol":5,"Sundial":30,"Mango":6,"Coffee Dripper":0,"Red Mask":31,"Cracked Core":0,"Cursed Key":17,"Smiling Mask":23,"FossilizedHelix":8,"Mercury Hourglass":26},{"Golden Idol":3,"Sundial":12,"Mango":4,"Coffee Dripper":0,"Red Mask":13,"Cracked Core":0,"Cursed Key":7,"Smiling Mask":10,"FossilizedHelix":5,"Mercury Hourglass":11},{"Golden Idol":8,"Sundial":64,"Mango":16,"Coffee Dripper":0,"Red Mask":70,"Cracked Core":0,"Cursed Key":33,"Smiling Mask":51,"FossilizedHelix":25,"Mercury Hourglass":57}],"Mercury Hourglass":[83]},"card_choices":[{"not_picked":["Conserve Battery","Compile Driver"],"picked":"Streamline","floor":1.0},{"not_picked":["Capacitor","Hello World"],"picked":"Cold Snap","floor":2.0},{"not_picked":["Gash","Cold Snap"],"picked":"Hologram","floor":4.0},{"not_picked":["Beam Cell","Barrage"],"picked":"Rainbow","floor":6.0},{"not_picked":["Consume","Steam Power"],"picked":"Redo","floor":8.0},{"not_picked":["Heatsinks","Reprogram"],"picked":"Aggregate","floor":12.0},{"not_picked":["Amplify","Electrodynamics"],"picked":"Buffer","floor":16.0},{"not_picked":["Sweeping Beam","Hologram"],"picked":"Go for the Eyes","floor":18.0},{"not_picked":["Redo","Reprogram","Chaos"],"picked":"SKIP","floor":22.0},{"not_picked":["Gash","Ball Lightning"],"picked":"Force Field","floor":23.0},{"not_picked":["Conserve Battery","Sweeping Beam"],"picked":"Leap","floor":24.0},{"not_picked":["Reinforced Body+1","Ball Lightning"],"picked":"BootSequence+1","floor":30},{"not_picked":["Beam Cell","Streamline"],"picked":"Auto Shields","floor":31}],"player_experience":2182039,"relics_obtained":[{"floor":6.0,"key":"Mango"},{"floor":8.0,"key":"FossilizedHelix"},{"floor":23.0,"key":"Smiling Mask"},{"floor":26.0,"key":"Mercury Hourglass"},{"floor":30,"key":"Sundial"},{"floor":31,"key":"Red Mask"}],"event_choices":[{"damage_healed":0.0,"max_hp_gain":0.0,"max_hp_loss":0.0,"gold_gain":60.0,"event_name":"Golden Wing","player_choice":"Gained Gold","floor":3.0,"gold_loss":0.0,"damage_taken":0.0},{"damage_healed":0.0,"max_hp_gain":0.0,"max_hp_loss":7.0,"gold_gain":0.0,"event_name":"Golden Idol","player_choice":"Lose Max HP","floor":5.0,"gold_loss":0.0,"damage_taken":0.0,"relics_obtained":["Golden Idol"]},{"damage_healed":0.0,"max_hp_gain":0.0,"max_hp_loss":0.0,"gold_gain":0.0,"event_name":"Liars Game","player_choice":"Ignored","floor":10.0,"gold_loss":0.0,"damage_taken":0.0},{"damage_healed":0.0,"max_hp_gain":0.0,"max_hp_loss":0.0,"gold_gain":0.0,"event_name":"World of Goop","player_choice":"Left Gold","floor":11.0,"gold_loss":56.0,"damage_taken":0.0},{"damage_healed":0.0,"max_hp_gain":0.0,"max_hp_loss":0.0,"gold_gain":0.0,"event_name":"Nest","player_choice":"Joined the Cult","floor":19.0,"gold_loss":0.0,"damage_taken":6.0,"cards_obtained":["RitualDagger"]},{"damage_healed":0.0,"max_hp_gain":0.0,"max_hp_loss":0.0,"gold_gain":0.0,"event_name":"The Mausoleum","player_choice":"Ignored","floor":21.0,"gold_loss":0.0,"damage_taken":0.0},{"damage_healed":0.0,"max_hp_gain":0.0,"max_hp_loss":39.0,"gold_gain":0.0,"event_name":"Ghosts","player_choice":"Became a Ghost","floor":25.0,"gold_loss":0.0,"damage_taken":0.0,"cards_obtained":["Ghostly","Ghostly","Ghostly"]},{"damage_healed":0,"gold_gain":0,"player_choice":"Fought Bandits","damage_taken":0,"max_hp_gain":0,"max_hp_loss":0,"event_name":"Masked Bandits","floor":31,"gold_loss":0}],"is_beta":false,"boss_relics":[{"not_picked":["SlaversCollar","Black Star"],"picked":"Cursed Key"}],"items_purged_floors":[13],"is_endless":false,"potions_floor_spawned":[2,8,12,16,22,24],"killed_by":"Champ","ascension_level":20}}