{"host":"xw7092rw7wabncmm","time":1612670475,"event":{"mods":["AchievementEnabler","BaseMod","Bestiary","Block Reminder","Minty Spire (QoL Compilation)","Quick Restart","Relic Stats","Slay-I","Weighted Paths"],"gold_per_floor":[20,33,43,63,74,74,102,152,178,178,196,196,209,228,228,228,228],"floor_reached":16,"language":"ENG","playtime":1064,"items_purged":[],"score":212,"play_id":"85e4fe42-935e-4112-a968-e6b97b403960","local_time":"20210206230115","is_ascension_mode":true,"campfire_choices":[{"floor":6,"key":"DIG"},{"floor":10,"key":"DIG"},{"floor":12,"key":"DIG"},{"floor":15,"key":"REST"}],"circlet_count":0,"master_deck":["AscendersBane","Strike_G","Strike_G","Strike_G","Strike_G","Strike_G","Defend_G","Defend_G","Defend_G","Defend_G","Defend_G","Survivor","Neutralize","Dagger Spray","Well Laid Plans","Riddle With Holes","Sucker Punch","Leg Sweep","PiercingWail","Deadly Poison","Adrenaline"],"relics":["Ring of the Snake","Shovel","Centennial Puzzle","Toy Ornithopter","Akabeko","PreservedInsect","Prayer Wheel"],"acts_visited":[],"potions_floor_usage":[7,7,13,16],"damage_taken":[{"damage":4,"enemies":"Jaw Worm","floor":1,"turns":6},{"damage":1,"enemies":"Cultist","floor":2,"turns":4},{"damage":0,"enemies":"2 Louse","floor":3,"turns":3},{"damage":7,"enemies":"Blue Slaver","floor":4,"turns":6},{"damage":0,"enemies":"2 Fungi Beasts","floor":5,"turns":4},{"damage":30,"enemies":"Gremlin Nob","floor":7,"turns":4},{"damage":0,"enemies":"Gremlin Gang","floor":11,"turns":1},{"damage":8,"enemies":"Large Slime","floor":13,"turns":8},{"damage":0,"enemies":"Lots of Slimes","floor":14,"turns":1},{"damage":41,"enemies":"Hexaghost","floor":16,"turns":12}],"seed_played":"-6767425699447845842","potions_obtained":[{"floor":2,"key":"DistilledChaos"},{"floor":3,"key":"ColorlessPotion"},{"floor":11,"key":"SkillPotion"},{"floor":13,"key":"Explosive Potion"}],"is_trial":false,"path_per_floor":["M","M","M","M","M","R","E","?","T","R","M","R","M","M","R","B"],"character_chosen":"THE_SILENT","items_purchased":[],"campfire_rested":1,"item_purchase_floors":[],"current_hp_per_floor":[55,54,54,47,47,47,17,17,17,17,17,17,14,14,33,0,0],"gold":228,"neow_bonus":"ONE_RARE_RELIC","is_daily":false,"chose_seed":false,"campfire_upgraded":0,"win_rate":0.0,"timestamp":1612670475,"path_taken":["M","M","M","M","M","R","E","?","T","R","M","R","?","M","R","BOSS"],"items_purchased_type":[],"build_version":"2020-12-22","purchased_purges":0,"victory":false,"max_hp_per_floor":[66,66,66,66,66,66,66,66,66,66,66,66,66,66,66,66,66],"relic_stats":{"Centennial Puzzle":[9],"Shovel":3,"counters":[10,49],"Prayer Wheel":2,"PreservedInsect":0,"obtain_stats":[{"Centennial Puzzle":6,"Shovel":0,"Prayer Wheel":12,"PreservedInsect":10,"Toy Ornithopter":7,"Akabeko":9,"Ring of the Snake":0},{"Centennial Puzzle":5,"Shovel":0,"Prayer Wheel":7,"PreservedInsect":6,"Toy Ornithopter":6,"Akabeko":6,"Ring of the Snake":0},{"Centennial Puzzle":23,"Shovel":0,"Prayer Wheel":28,"PreservedInsect":27,"Toy Ornithopter":27,"Akabeko":27,"Ring of the Snake":0}],"Toy Ornithopter":10,"Ring of the Snake":[20]},"card_choices":[{"not_picked":["Deflect","Deadly Poison"],"picked":"Dagger Spray","floor":1},{"not_picked":["Concentrate","Reflex"],"picked":"Well Laid Plans","floor":2},{"not_picked":["Noxious Fumes","Quick Slash"],"picked":"Riddle With Holes","floor":3},{"not_picked":["Escape Plan","Well Laid Plans"],"picked":"Sucker Punch","floor":4},{"not_picked":["Riddle With Holes","Concentrate","Prepared"],"picked":"SKIP","floor":5},{"not_picked":["Dodge and Roll","Bane"],"picked":"Leg Sweep","floor":7},{"not_picked":["Cloak And Dagger","Burst"],"picked":"PiercingWail","floor":11},{"not_picked":["Deflect","Outmaneuver","Accuracy"],"picked":"SKIP","floor":13},{"not_picked":["Accuracy","Quick Slash","Reflex"],"picked":"SKIP","floor":13},{"not_picked":["Deflect","Skewer"],"picked":"Deadly Poison","floor":14},{"not_picked":["Dagger Throw","Prepared"],"picked":"Adrenaline","floor":14}],"player_experience":1590433,"relics_obtained":[{"floor":6,"key":"Centennial Puzzle"},{"floor":7,"key":"Toy Ornithopter"},{"floor":9,"key":"Akabeko"},{"floor":10,"key":"PreservedInsect"},{"floor":12,"key":"Prayer Wheel"}],"event_choices":[{"damage_healed":0,"gold_gain":50,"player_choice":"Pray","damage_taken":0,"max_hp_gain":0,"max_hp_loss":0,"event_name":"Golden Shrine","floor":8,"gold_loss":0}],"is_beta":false,"boss_relics":[],"items_purged_floors":[],"is_endless":false,"potions_floor_spawned":[2,3,4,11,13],"killed_by":"Hexaghost","ascension_level":20}}