{"host":"cijwx898anu8dehj","time":1612711025,"event":{"mods":["AchievementEnabler","AlwaysNeverKeys","BaseMod","Colored Map","Colored Powertips","Highlight Path","Minty Spire (QoL Compilation)","Rare Cards Sparkle","Relic Stats","Slay-I"],"gold_per_floor":[114,114,133,152,55,55,74,112,187,187,225,225,244,263,263,388,388,407,426,201,201,220,258,277,277,277,277,296,334,353,391,391,516,516,535,535,554,573,592,630,630,649,649,668,768,768,806,825,825,825],"floor_reached":51,"language":"ENG","playtime":4490,"items_purged":["Strike_G"],"score":958,"play_id":"0d842466-b575-4de4-98ac-aefc348881de","local_time":"20210207131705","daily_mods":["Heirloom","ControlledChaos","Lethality"],"is_ascension_mode":false,"campfire_choices":[{"data":"Neutralize","floor":6.0,"key":"SMITH"},{"data":"Deflect","floor":10.0,"key":"SMITH"},{"floor":15.0,"key":"REST"},{"floor":25.0,"key":"REST"},{"floor":27.0,"key":"REST"},{"floor":32.0,"key":"REST"},{"data":"Eviscerate","floor":41.0,"key":"SMITH"},{"data":"Backstab","floor":46.0,"key":"SMITH"},{"floor":49.0,"key":"REST"}],"circlet_count":0,"master_deck":["Strike_G","Strike_G","Strike_G","Strike_G","Defend_G","Defend_G","Defend_G","Defend_G","Survivor","Neutralize+1","Deflect","Deflect+1","PiercingWail","Backflip","Dagger Throw","Dagger Throw","Deflect","Underhanded Strike","Backstab+1","Flying Knee","Die Die Die","Backflip","Cloak And Dagger+1","PiercingWail","PiercingWail+1","Cloak And Dagger+1","Prepared+1","Underhanded Strike","Blade Dance+1","Blur+1","Eviscerate+1","Underhanded Strike","Malaise+1","CurseOfTheBell","PiercingWail+1","Riddle With Holes+1","Blade Dance+1","Dagger Throw+1","Flechettes+1","Eviscerate+1","Phantasmal Killer+1","Underhanded Strike+1","Dodge and Roll+1","Escape Plan+1"],"relics":["Ring of the Snake","Frozen Eye","Thread and Needle","Golden Idol","Bird Faced Urn","Matryoshka","Boot","Black Star","Potion Belt","Vajra","Toxic Egg 2","Dream Catcher","InkBottle","Nunchaku","The Courier","Happy Flower","Lizard Tail","Calling Bell","Akabeko","Molten Egg 2","Turnip","Bronze Scales","Anchor","Lantern","StoneCalendar","Centennial Puzzle","Bottled Flame"],"acts_visited":["Exordium","TheCity","TheBeyond"],"potions_floor_usage":[50,50,50],"damage_taken":[{"damage":0.0,"enemies":"2 Louse","floor":1.0,"turns":3.0},{"damage":0.0,"enemies":"Jaw Worm","floor":3.0,"turns":3.0},{"damage":0.0,"enemies":"Cultist","floor":4.0,"turns":3.0},{"damage":0.0,"enemies":"Looter","floor":7.0,"turns":3.0},{"damage":0.0,"enemies":"Lagavulin","floor":8.0,"turns":4.0},{"damage":7.0,"enemies":"Gremlin Nob","floor":11.0,"turns":4.0},{"damage":0.0,"enemies":"Gremlin Gang","floor":13.0,"turns":4.0},{"damage":0.0,"enemies":"Red Slaver","floor":14.0,"turns":2.0},{"damage":57.0,"enemies":"The Guardian","floor":16.0,"turns":9.0},{"damage":1.0,"enemies":"Spheric Guardian","floor":18.0,"turns":3.0},{"damage":3.0,"enemies":"Chosen","floor":19.0,"turns":4.0},{"damage":5.0,"enemies":"Snake Plant","floor":22.0,"turns":4.0},{"damage":37.0,"enemies":"Book of Stabbing","floor":23.0,"turns":5.0},{"damage":0.0,"enemies":"Cultist and Chosen","floor":24.0,"turns":5.0},{"damage":0.0,"enemies":"Snecko","floor":28.0,"turns":5.0},{"damage":0.0,"enemies":"Gremlin Leader","floor":29.0,"turns":6.0},{"damage":10.0,"enemies":"Sentry and Sphere","floor":30.0,"turns":4.0},{"damage":1.0,"enemies":"Book of Stabbing","floor":31.0,"turns":5.0},{"damage":53.0,"enemies":"Champ","floor":33.0,"turns":7.0},{"damage":1.0,"enemies":"Orb Walker","floor":35.0,"turns":2.0},{"damage":0.0,"enemies":"3 Darklings","floor":37.0,"turns":6.0},{"damage":0.0,"enemies":"Sphere and 2 Shapes","floor":38.0,"turns":3.0},{"damage":0.0,"enemies":"Jaw Worm Horde","floor":39.0,"turns":4.0},{"damage":5.0,"enemies":"Giant Head","floor":40.0,"turns":7.0},{"damage":0.0,"enemies":"3 Darklings","floor":42.0,"turns":4.0},{"damage":0.0,"enemies":"Sphere and 2 Shapes","floor":44.0,"turns":2.0},{"damage":0.0,"enemies":"Nemesis","floor":47.0,"turns":4.0},{"damage":6.0,"enemies":"Writhing Mass","floor":48.0,"turns":4.0},{"damage":49,"enemies":"Time Eater","floor":50,"turns":8}],"seed_played":"8884597751285247366","potions_obtained":[{"floor":3.0,"key":"SneckoOil"},{"floor":7.0,"key":"DuplicationPotion"},{"floor":14.0,"key":"CultistPotion"},{"floor":16.0,"key":"SpeedPotion"},{"floor":23.0,"key":"Fire Potion"},{"floor":24.0,"key":"PowerPotion"},{"floor":29.0,"key":"Energy Potion"},{"floor":31.0,"key":"PowerPotion"},{"floor":39.0,"key":"Energy Potion"},{"floor":47.0,"key":"Swift Potion"}],"is_trial":false,"path_per_floor":["M","?","M","M","$","R","M","E","T","R","E","?","M","M","R","B",null,"M","M","$","?","M","E","M","R","T","R","M","E","M","E","R","B",null,"M","?","M","M","M","E","R","M","T","M","?","R","E","M","R","B",null],"character_chosen":"THE_SILENT","items_purchased":["Backflip","Dagger Throw","Potion Belt"],"campfire_rested":5,"item_purchase_floors":[5,5,20],"current_hp_per_floor":[70,53,53,53,53,53,53,53,53,53,46,46,46,46,67,14,70,69,66,66,66,61,24,24,45,45,66,66,66,56,55,70,19,70,69,69,69,69,69,65,65,65,65,65,65,65,65,59,70,23],"gold":825,"neow_bonus":"","is_daily":true,"chose_seed":false,"campfire_upgraded":4,"win_rate":0.0,"timestamp":1612711025,"path_taken":["M","?","M","M","$","R","M","E","T","R","E","?","M","?","R","BOSS","M","M","$","?","M","E","M","R","T","R","M","E","M","E","R","BOSS","M","?","M","M","M","E","R","M","T","?","?","R","E","M","R","BOSS"],"items_purchased_type":["Card","Card","Relic"],"build_version":"2020-12-22","purchased_purges":1,"victory":true,"max_hp_per_floor":[70,70,70,70,70,70,70,70,70,70,70,70,70,70,70,70,70,70,70,70,70,70,70,70,70,70,70,70,70,70,70,70,70,70,70,70,70,70,70,70,70,70,70,70,70,70,70,70,70,70],"relic_stats":{"Happy Flower":[17],"counters":[29,127],"Golden Idol":203,"StoneCalendar":[52],"Boot":[80],"Dream Catcher":3,"Nunchaku":[21],"Lizard Tail":0,"Centennial Puzzle":[6],"Bird Faced Urn":[9],"Bronze Scales":[66],"Turnip":[5],"Black Star":5,"obtain_stats":[{"Lantern":43,"Vajra":23,"StoneCalendar":43,"Boot":11,"Frozen Eye":0,"Dream Catcher":26,"Nunchaku":29,"Lizard Tail":31,"Centennial Puzzle":47,"Matryoshka":9,"Toxic Egg 2":23,"InkBottle":26,"Ring of the Snake":0,"Potion Belt":20,"Happy Flower":31,"Golden Idol":2,"Thread and Needle":0,"The Courier":29,"Akabeko":34,"Calling Bell":34,"Anchor":40,"Bottled Flame":47,"Bird Faced Urn":8,"Bronze Scales":40,"Molten Egg 2":34,"Turnip":34,"Black Star":17},{"Lantern":25,"Vajra":13,"StoneCalendar":25,"Boot":6,"Frozen Eye":0,"Dream Catcher":14,"Nunchaku":16,"Lizard Tail":18,"Centennial Puzzle":27,"Matryoshka":5,"Toxic Egg 2":13,"InkBottle":14,"Ring of the Snake":0,"Potion Belt":11,"Happy Flower":18,"Golden Idol":1,"Thread and Needle":0,"The Courier":16,"Akabeko":19,"Calling Bell":19,"Anchor":24,"Bottled Flame":27,"Bird Faced Urn":5,"Bronze Scales":24,"Molten Egg 2":19,"Turnip":19,"Black Star":9},{"Lantern":109,"Vajra":51,"StoneCalendar":109,"Boot":20,"Frozen Eye":0,"Dream Catcher":56,"Nunchaku":67,"Lizard Tail":76,"Centennial Puzzle":115,"Matryoshka":16,"Toxic Egg 2":51,"InkBottle":56,"Ring of the Snake":0,"Potion Belt":42,"Happy Flower":76,"Golden Idol":3,"Thread and Needle":0,"The Courier":67,"Akabeko":83,"Calling Bell":83,"Anchor":105,"Bottled Flame":115,"Bird Faced Urn":16,"Bronze Scales":105,"Molten Egg 2":83,"Turnip":83,"Black Star":35}],"InkBottle":[40],"Ring of the Snake":[58]},"card_choices":[{"not_picked":["Prepared","Dodge and Roll"],"picked":"Deflect","floor":1.0},{"not_picked":["Eviscerate","Prepared"],"picked":"Deflect","floor":3.0},{"not_picked":["Dodge and Roll","Outmaneuver"],"picked":"PiercingWail","floor":4.0},{"not_picked":["Sucker Punch","Acrobatics"],"picked":"Dagger Throw","floor":7.0},{"not_picked":["Flying Knee","Quick Slash"],"picked":"Deflect","floor":8.0},{"not_picked":["A Thousand Cuts","Reflex"],"picked":"Underhanded Strike","floor":11.0},{"not_picked":["Choke","Flying Knee"],"picked":"Backstab","floor":13.0},{"not_picked":["Acrobatics","Quick Slash"],"picked":"Flying Knee","floor":14.0},{"not_picked":["Wraith Form v2","Corpse Explosion"],"picked":"Die Die Die","floor":16.0},{"not_picked":["All Out Attack","Outmaneuver"],"picked":"Backflip","floor":18.0},{"not_picked":["PiercingWail","Acrobatics"],"picked":"Cloak And Dagger+1","floor":19.0},{"not_picked":["Heel Hook","Noxious Fumes"],"picked":"PiercingWail","floor":22.0},{"not_picked":["Expertise+1","Acrobatics+1"],"picked":"PiercingWail+1","floor":23.0},{"not_picked":["Outmaneuver+1","Quick Slash+1"],"picked":"Cloak And Dagger+1","floor":24.0},{"not_picked":["Dagger Spray","Riddle With Holes"],"picked":"Prepared+1","floor":27.0},{"not_picked":["Die Die Die","Accuracy+1"],"picked":"Underhanded Strike","floor":28.0},{"not_picked":["Cloak And Dagger+1","Heel Hook+1"],"picked":"Blade Dance+1","floor":29.0},{"not_picked":["Noxious Fumes","PiercingWail+1"],"picked":"Blur+1","floor":30.0},{"not_picked":["Dagger Spray","Caltrops"],"picked":"Eviscerate","floor":31.0},{"not_picked":["Outmaneuver+1","Finisher"],"picked":"Underhanded Strike","floor":32.0},{"not_picked":["After Image","Storm of Steel+1"],"picked":"Malaise+1","floor":33.0},{"not_picked":["Quick Slash+1","Flying Knee+1"],"picked":"PiercingWail+1","floor":35.0},{"not_picked":["Expertise+1","Heel Hook+1"],"picked":"Riddle With Holes+1","floor":37.0},{"not_picked":["Footwork+1","Leg Sweep+1"],"picked":"Blade Dance+1","floor":38.0},{"not_picked":["Dodge and Roll+1","Dagger Spray+1"],"picked":"Dagger Throw+1","floor":39.0},{"not_picked":["Heel Hook+1","Flying Knee+1"],"picked":"Flechettes+1","floor":40.0},{"not_picked":["Well Laid Plans","Tactician+1"],"picked":"Eviscerate+1","floor":42.0},{"not_picked":["Blade Dance+1","Slice+1"],"picked":"Phantasmal Killer+1","floor":44.0},{"not_picked":["Flechettes+1","Dash+1"],"picked":"Underhanded Strike+1","floor":47.0},{"not_picked":["Reflex+1","Outmaneuver+1"],"picked":"Dodge and Roll+1","floor":48.0},{"not_picked":["Dagger Throw+1","Masterful Stab+1"],"picked":"Escape Plan+1","floor":49.0}],"player_experience":1107454,"relics_obtained":[{"floor":8.0,"key":"Bird Faced Urn"},{"floor":9.0,"key":"Matryoshka"},{"floor":11.0,"key":"Boot"},{"floor":23.0,"key":"Vajra"},{"floor":23.0,"key":"Toxic Egg 2"},{"floor":26.0,"key":"Dream Catcher"},{"floor":26.0,"key":"InkBottle"},{"floor":29.0,"key":"Nunchaku"},{"floor":29.0,"key":"The Courier"},{"floor":31.0,"key":"Happy Flower"},{"floor":31.0,"key":"Lizard Tail"},{"floor":34.0,"key":"Akabeko"},{"floor":34.0,"key":"Molten Egg 2"},{"floor":34.0,"key":"Turnip"},{"floor":40.0,"key":"Bronze Scales"},{"floor":40.0,"key":"Anchor"},{"floor":43.0,"key":"Lantern"},{"floor":43.0,"key":"StoneCalendar"},{"floor":47.0,"key":"Centennial Puzzle"},{"floor":47.0,"key":"Bottled Flame"}],"event_choices":[{"damage_healed":0.0,"max_hp_gain":0.0,"max_hp_loss":0.0,"gold_gain":0.0,"event_name":"Golden Idol","player_choice":"Take Damage","floor":2.0,"gold_loss":0.0,"damage_taken":17.0,"relics_obtained":["Golden Idol"]},{"damage_healed":0.0,"max_hp_gain":0.0,"max_hp_loss":0.0,"gold_gain":0.0,"event_name":"Liars Game","player_choice":"Ignored","floor":12.0,"gold_loss":0.0,"damage_taken":0.0},{"damage_healed":0.0,"max_hp_gain":0.0,"max_hp_loss":0.0,"gold_gain":0.0,"event_name":"The Mausoleum","player_choice":"Ignored","floor":21.0,"gold_loss":0.0,"damage_taken":0.0},{"cards_removed":["Defend_G"],"damage_healed":0.0,"max_hp_gain":0.0,"max_hp_loss":0.0,"gold_gain":0.0,"event_name":"Purifier","player_choice":"Purged","floor":36.0,"gold_loss":0.0,"damage_taken":0.0},{"damage_healed":0.0,"max_hp_gain":0.0,"max_hp_loss":0.0,"gold_gain":100.0,"event_name":"Golden Shrine","player_choice":"Pray","floor":45.0,"gold_loss":0.0,"damage_taken":0.0}],"is_beta":false,"boss_relics":[{"not_picked":["Ring of the Serpent","Philosopher\u0027s Stone"],"picked":"Black Star"},{"not_picked":["Astrolabe","Busted Crown"],"picked":"Calling Bell"}],"items_purged_floors":[20],"is_endless":false,"potions_floor_spawned":[3,7,14,16,23,24,29,31,39,47],"ascension_level":0}}