{"host":"dztixnx9b0gu6w9i","time":1612706714,"event":{"mods":["BaseMod","Bestiary","Minty Spire (QoL Compilation)","Relic Stats","Slay the Relics Exporter","SpireBot","ojb\u0027s Better Paths Mod","ojb\u0027s Info Mod"],"gold_per_floor":[111,129,142,157,157,188,188,202,202,202,202,213,245,260,260,334,334,354,354,2,32,32,32,60,71,119,147,167,179,179,190,190,262,262,282,282,504,239,255,283,295,309,309,339,339,359,388,402,402,402,402,402,402,53,79,79,79],"floor_reached":56,"language":"ENG","playtime":6741,"items_purged":["Zap","Strike_B","Strike_B"],"score":2107,"play_id":"a976bfb9-24a6-41c3-8818-eddd275f42de","local_time":"20210207090514","is_ascension_mode":true,"campfire_choices":[{"data":"Go for the Eyes","floor":7.0,"key":"SMITH"},{"data":"Buffer","floor":10.0,"key":"SMITH"},{"data":"Reinforced Body","floor":15.0,"key":"SMITH"},{"floor":23.0,"key":"REST"},{"floor":30.0,"key":"REST"},{"floor":32.0,"key":"REST"},{"floor":49.0,"key":"RECALL"},{"floor":53.0,"key":"REST"}],"circlet_count":0,"master_deck":["AscendersBane","Strike_B","Strike_B","Defend_B","Defend_B","Defend_B","Defend_B","Dualcast","Master of Strategy","Reinforced Body+1","Ball Lightning","Go for the Eyes+1","Ball Lightning","Buffer+1","Ball Lightning+1","Leap","Sweeping Beam","Echo Form","Defragment","Electrodynamics","Defragment","Force Field","Compile Driver","Doom and Gloom","Biased Cognition","Genetic Algorithm","Coolheaded","Multi-Cast","Force Field","Skim+1","Coolheaded","Cold Snap","Self Repair+1","BootSequence","Static Discharge+1","Core Surge+1","Glacier","Coolheaded","Core Surge","Loop","Fission","Amplify"],"relics":["Cracked Core","Boot","Eternal Feather","StrikeDummy","Fusion Hammer","Enchiridion","InkBottle","Red Mask","Toy Ornithopter","Akabeko","Dream Catcher","SlaversCollar","Orrery","Centennial Puzzle","Mummified Hand","Pear","Sundial","Whetstone"],"acts_visited":["Exordium","TheCity","TheBeyond","TheEnding"],"potions_floor_usage":[56],"damage_taken":[{"damage":0.0,"enemies":"Cultist","floor":1.0,"turns":3.0},{"damage":5.0,"enemies":"Small Slimes","floor":2.0,"turns":3.0},{"damage":0.0,"enemies":"2 Louse","floor":3.0,"turns":2.0},{"damage":1.0,"enemies":"Blue Slaver","floor":4.0,"turns":4.0},{"damage":27.0,"enemies":"3 Sentries","floor":6.0,"turns":6.0},{"damage":6.0,"enemies":"Looter","floor":8.0,"turns":2.0},{"damage":0.0,"enemies":"Exordium Wildlife","floor":12.0,"turns":2.0},{"damage":0.0,"enemies":"Lagavulin","floor":13.0,"turns":6.0},{"damage":0.0,"enemies":"2 Fungi Beasts","floor":14.0,"turns":3.0},{"damage":9.0,"enemies":"The Guardian","floor":16.0,"turns":13.0},{"damage":0.0,"enemies":"Chosen","floor":18.0,"turns":4.0},{"damage":14.0,"enemies":"Masked Bandits","floor":21.0,"turns":4.0},{"damage":21.0,"enemies":"Slavers","floor":24.0,"turns":4.0},{"damage":3.0,"enemies":"Shell Parasite","floor":25.0,"turns":5.0},{"damage":19.0,"enemies":"Book of Stabbing","floor":27.0,"turns":4.0},{"damage":10.0,"enemies":"Snake Plant","floor":28.0,"turns":3.0},{"damage":3.0,"enemies":"Centurion and Healer","floor":29.0,"turns":5.0},{"damage":0.0,"enemies":"3 Cultists","floor":31.0,"turns":3.0},{"damage":54.0,"enemies":"Collector","floor":33.0,"turns":10.0},{"damage":0.0,"enemies":"Orb Walker","floor":35.0,"turns":4.0},{"damage":3.0,"enemies":"3 Darklings","floor":39.0,"turns":3.0},{"damage":0.0,"enemies":"Giant Head","floor":40.0,"turns":9.0},{"damage":4.0,"enemies":"4 Shapes","floor":41.0,"turns":6.0},{"damage":0.0,"enemies":"Maw","floor":42.0,"turns":8.0},{"damage":16.0,"enemies":"Reptomancer","floor":44.0,"turns":7.0},{"damage":0.0,"enemies":"3 Darklings","floor":46.0,"turns":4.0},{"damage":0.0,"enemies":"Nemesis","floor":47.0,"turns":12.0},{"damage":30.0,"enemies":"Jaw Worm Horde","floor":48.0,"turns":8.0},{"damage":42.0,"enemies":"Time Eater","floor":50.0,"turns":13.0},{"damage":33.0,"enemies":"Donu and Deca","floor":51.0,"turns":4.0},{"damage":27.0,"enemies":"Shield and Spear","floor":55.0,"turns":8.0},{"damage":96,"enemies":"The Heart","floor":56,"turns":9}],"seed_played":"-7775454985439191617","potions_obtained":[{"floor":4.0,"key":"EssenceOfSteel"},{"floor":6.0,"key":"PotionOfCapacity"},{"floor":12.0,"key":"Weak Potion"},{"floor":13.0,"key":"Explosive Potion"},{"floor":21.0,"key":"SteroidPotion"},{"floor":24.0,"key":"Explosive Potion"},{"floor":31.0,"key":"EssenceOfSteel"},{"floor":39.0,"key":"BlessingOfTheForge"},{"floor":46.0,"key":"FairyPotion"},{"floor":55.0,"key":"LiquidBronze"}],"is_trial":false,"path_per_floor":["M","M","M","M","?","E","R","M","T","R","?","M","E","M","R","B",null,"M","?","$","?","?","R","E","M","T","E","M","M","R","M","R","B",null,"M","?","?","$","M","E","M","M","T","E","T","M","E","M","R","B","B",null,"R","$","E","B"],"character_chosen":"DEFECT","items_purchased":["InkBottle","Orrery","Loop","FocusPotion","Fission"],"campfire_rested":4,"item_purchase_floors":[20,38,54,54,54],"current_hp_per_floor":[64,59,59,58,63,36,36,30,30,39,39,39,39,39,51,42,62,62,41,41,27,27,59,38,35,35,16,6,3,38,38,69,15,56,56,56,56,56,58,68,69,69,69,69,79,79,79,59,79,42,19,64,79,79,62,0,0],"gold":79,"neow_bonus":"RANDOM_COLORLESS_2","is_daily":false,"chose_seed":false,"campfire_upgraded":3,"win_rate":0.0,"timestamp":1612706714,"path_taken":["M","M","?","M","?","E","R","M","T","R","?","M","E","M","R","BOSS","M","?","$","?","?","R","E","M","T","E","?","M","R","M","R","BOSS","M","?","?","$","M","E","M","M","T","E","?","M","E","M","R","BOSS","BOSS","R","$","E","BOSS"],"items_purchased_type":["Relic","Relic","Card","Potion","Card"],"build_version":"2020-12-22","purchased_purges":3,"victory":false,"max_hp_per_floor":[64,64,64,64,69,69,69,69,69,69,69,69,69,69,69,69,69,69,69,69,69,69,69,69,69,69,69,69,69,69,69,69,69,69,69,69,69,69,69,69,69,69,69,69,79,79,79,79,79,79,79,79,79,79,79,79,79],"relic_stats":{"Dream Catcher":3,"Centennial Puzzle":[21],"counters":[32,180],"Mummified Hand":[69],"Sundial":[2],"Eternal Feather":98,"Whetstone":["Core Surge","Ball Lightning"],"Boot":[118],"obtain_stats":[{"Pear":45,"Enchiridion":19,"Eternal Feather":9,"Whetstone":55,"Boot":6,"Akabeko":26,"SlaversCollar":34,"Dream Catcher":27,"Centennial Puzzle":40,"Mummified Hand":44,"Sundial":47,"Orrery":38,"Fusion Hammer":17,"Red Mask":21,"Cracked Core":0,"StrikeDummy":13,"InkBottle":20,"Toy Ornithopter":24},{"Pear":25,"Enchiridion":11,"Eternal Feather":6,"Whetstone":31,"Boot":5,"Akabeko":14,"SlaversCollar":19,"Dream Catcher":15,"Centennial Puzzle":22,"Mummified Hand":25,"Sundial":27,"Orrery":20,"Fusion Hammer":10,"Red Mask":12,"Cracked Core":0,"StrikeDummy":8,"InkBottle":11,"Toy Ornithopter":13},{"Pear":123,"Enchiridion":48,"Eternal Feather":20,"Whetstone":171,"Boot":18,"Akabeko":61,"SlaversCollar":86,"Dream Catcher":65,"Centennial Puzzle":102,"Mummified Hand":123,"Sundial":139,"Orrery":90,"Fusion Hammer":44,"Red Mask":52,"Cracked Core":0,"StrikeDummy":28,"InkBottle":48,"Toy Ornithopter":56}],"InkBottle":[59],"Toy Ornithopter":16},"card_choices":[{"not_picked":["Metamorphosis","Secret Technique"],"picked":"Master of Strategy","floor":0.0},{"not_picked":["Fusion","Gash"],"picked":"Reinforced Body","floor":1.0},{"not_picked":["Leap","Defragment"],"picked":"Ball Lightning","floor":2.0},{"not_picked":["Leap","Hologram"],"picked":"Go for the Eyes","floor":3.0},{"not_picked":["Beam Cell","Undo"],"picked":"Ball Lightning","floor":4.0},{"not_picked":["Beam Cell","Chaos","Aggregate"],"picked":"SKIP","floor":6.0},{"not_picked":["Aggregate","Compile Driver"],"picked":"Buffer","floor":8.0},{"not_picked":["Chaos","Chill"],"picked":"Ball Lightning","floor":12.0},{"not_picked":["Gash","Coolheaded"],"picked":"Leap","floor":13.0},{"not_picked":["Compile Driver","Redo"],"picked":"Sweeping Beam","floor":14.0},{"not_picked":["All For One","Amplify"],"picked":"Echo Form","floor":16.0},{"not_picked":["Sweeping Beam","Rebound","White Noise"],"picked":"SKIP","floor":18.0},{"not_picked":["Sweeping Beam","Rebound","White Noise"],"picked":"SKIP","floor":18.0},{"not_picked":["Steam","Gash"],"picked":"Defragment","floor":21.0},{"not_picked":["Coolheaded+1","Heatsinks"],"picked":"Electrodynamics","floor":24.0},{"not_picked":["Rebound","Storm"],"picked":"Defragment","floor":25.0},{"not_picked":["Turbo","Stack"],"picked":"Force Field","floor":27.0},{"not_picked":["Rebound","Beam Cell+1"],"picked":"Compile Driver","floor":28.0},{"not_picked":["Leap","Compile Driver"],"picked":"Doom and Gloom","floor":29.0},{"not_picked":["Stack","Leap"],"picked":"Biased Cognition","floor":30.0},{"not_picked":["White Noise","Barrage"],"picked":"Genetic Algorithm","floor":31.0},{"not_picked":["Beam Cell+1","Chill"],"picked":"Coolheaded","floor":32.0},{"not_picked":["Fission","Electrodynamics"],"picked":"Multi-Cast","floor":33.0},{"not_picked":["Rip and Tear+1","Static Discharge"],"picked":"Compile Driver","floor":35.0},{"not_picked":["Conserve Battery","Coolheaded"],"picked":"Force Field","floor":38.0},{"not_picked":["Steam","Leap"],"picked":"Skim+1","floor":38.0},{"not_picked":["Compile Driver","Ball Lightning"],"picked":"Coolheaded","floor":38.0},{"not_picked":["Turbo","Hologram+1"],"picked":"Cold Snap","floor":38.0},{"not_picked":["Rebound+1","Self Repair+1","Leap+1"],"picked":"SKIP","floor":39.0},{"not_picked":["Rebound+1","Leap+1"],"picked":"Self Repair+1","floor":39.0},{"not_picked":["Hologram","Steam Power"],"picked":"BootSequence","floor":40.0},{"not_picked":["Ball Lightning","Rebound"],"picked":"Static Discharge+1","floor":41.0},{"not_picked":["Barrage","Fusion"],"picked":"Core Surge","floor":42.0},{"not_picked":["Barrage","Ball Lightning+1","Rebound+1"],"picked":"SKIP","floor":44.0},{"not_picked":["Barrage","Ball Lightning+1","Rebound+1"],"picked":"SKIP","floor":44.0},{"not_picked":["Beam Cell+1","Steam"],"picked":"Glacier","floor":46.0},{"not_picked":["BootSequence+1","Ball Lightning+1","Rip and Tear"],"picked":"SKIP","floor":47.0},{"not_picked":["Steam Power","Redo+1"],"picked":"Coolheaded","floor":48.0},{"not_picked":["Beam Cell","Leap"],"picked":"Core Surge","floor":53.0},{"not_picked":["Turbo","Ball Lightning"],"picked":"Amplify","floor":55.0}],"player_experience":8496681,"relics_obtained":[{"floor":6.0,"key":"Boot"},{"floor":9.0,"key":"Eternal Feather"},{"floor":13.0,"key":"StrikeDummy"},{"floor":19.0,"key":"Enchiridion"},{"floor":21.0,"key":"Red Mask"},{"floor":24.0,"key":"Toy Ornithopter"},{"floor":26.0,"key":"Akabeko"},{"floor":27.0,"key":"Dream Catcher"},{"floor":40.0,"key":"Centennial Puzzle"},{"floor":44.0,"key":"Mummified Hand"},{"floor":45.0,"key":"Pear"},{"floor":47.0,"key":"Sundial"},{"floor":55.0,"key":"Whetstone"}],"event_choices":[{"damage_healed":0.0,"max_hp_gain":5.0,"max_hp_loss":0.0,"gold_gain":0.0,"event_name":"Big Fish","player_choice":"Donut","floor":5.0,"gold_loss":0.0,"damage_taken":0.0},{"damage_healed":0.0,"max_hp_gain":0.0,"max_hp_loss":0.0,"gold_gain":0.0,"event_name":"Liars Game","player_choice":"Ignored","floor":11.0,"gold_loss":0.0,"damage_taken":0.0},{"damage_healed":0.0,"max_hp_gain":0.0,"max_hp_loss":0.0,"gold_gain":0.0,"event_name":"Cursed Tome","player_choice":"Obtained Book","floor":19.0,"gold_loss":0.0,"damage_taken":21.0},{"damage_healed":0.0,"max_hp_gain":0.0,"max_hp_loss":0.0,"gold_gain":0.0,"event_name":"Masked Bandits","player_choice":"Fought Bandits","floor":21.0,"gold_loss":0.0,"damage_taken":0.0},{"damage_healed":0.0,"max_hp_gain":0.0,"max_hp_loss":0.0,"gold_gain":0.0,"event_name":"Vampires","player_choice":"Ignored","floor":22.0,"gold_loss":0.0,"damage_taken":0.0},{"cards_removed":["Compile Driver"],"damage_healed":0.0,"max_hp_gain":0.0,"max_hp_loss":0.0,"gold_gain":0.0,"event_name":"Falling","player_choice":"Removed Attack","floor":36.0,"gold_loss":0.0,"damage_taken":0.0},{"damage_healed":0.0,"max_hp_gain":0.0,"max_hp_loss":0.0,"gold_gain":222.0,"event_name":"Tomb of Lord Red Mask","player_choice":"Wore Mask","floor":37.0,"gold_loss":0.0,"damage_taken":0.0}],"is_beta":false,"boss_relics":[{"not_picked":["Empty Cage","Busted Crown"],"picked":"Fusion Hammer"},{"not_picked":["Philosopher\u0027s Stone","SacredBark"],"picked":"SlaversCollar"}],"items_purged_floors":[20,38,54],"is_endless":false,"potions_floor_spawned":[4,6,12,13,21,24,31,39,46,47,48,55],"killed_by":"The Heart","ascension_level":20}}