{"host":"2yqfi47fogfu1ic4","time":1612661728,"event":{"mods":["AchievementEnabler","BaseMod","Colored Map","Colored Powertips","Highlight Path","Minty Spire (QoL Compilation)","Permanent Neow","Relic Stats","StSLib"],"gold_per_floor":[115,115,25,25,25,25,58,77,77,96,96,116,129,54,54,128,128,142,160,160,160,174,174,174,209,209,5,20,20,38,72,72,149,149,159,178,178,478,115,149,149,184,184,16,16,30,42,74,74,74,74,74,74,24,57,57],"floor_reached":57,"language":"DEU","playtime":7572,"items_purged":["Strike_G","Strike_G","Strike_G+1","Masterful Stab"],"score":3006,"play_id":"f4d2dfa0-a99c-4c05-b1ef-daefab1488f2","local_time":"20210207023528","is_ascension_mode":true,"campfire_choices":[{"data":"Footwork","floor":6.0,"key":"SMITH"},{"data":"All Out Attack","floor":11.0,"key":"SMITH"},{"data":"Finisher","floor":15.0,"key":"SMITH"},{"data":"Adrenaline","floor":23.0,"key":"SMITH"},{"data":"Well Laid Plans","floor":32.0,"key":"SMITH"},{"data":"Wraith Form v2","floor":41.0,"key":"SMITH"},{"floor":45.0,"key":"RECALL"},{"data":"After Image","floor":49.0,"key":"SMITH"},{"data":"Adrenaline","floor":53,"key":"SMITH"}],"circlet_count":0,"master_deck":["AscendersBane","Defend_G+1","Defend_G+1","Defend_G+1","Defend_G+1","Defend_G+1","Survivor","Neutralize","Dagger Throw","Slice","Footwork+1","Regret","Finisher+1","All Out Attack+1","Acrobatics","Adrenaline+1","Dodge and Roll","PiercingWail","Blur","Well Laid Plans+1","Tactician","Expertise","Backflip+1","Dagger Throw","Eviscerate","Acrobatics","Dagger Throw","Poisoned Stab+1","Adrenaline+1","Dagger Spray+1","Backstab","Blade Dance","Wraith Form v2+1","Malaise","Backflip","PiercingWail","Underhanded Strike+1","Blade Dance","After Image+1","Tactician+1"],"relics":["Ring of the Snake","Du-Vu Doll","FaceOfCleric","Kunai","Incense Burner","MealTicket","Runic Dome","Vajra","Tingsha","Philosopher\u0027s Stone","OrangePellets","Happy Flower","Molten Egg 2","Question Card","Smiling Mask","Ninja Scroll","Pen Nib"],"acts_visited":["Exordium","TheCity","TheBeyond","TheEnding"],"potions_floor_usage":[56,56],"damage_taken":[{"damage":1.0,"enemies":"Cultist","floor":1.0,"turns":4.0},{"damage":30.0,"enemies":"Gremlin Nob","floor":7.0,"turns":5.0},{"damage":0.0,"enemies":"Jaw Worm","floor":8.0,"turns":1.0},{"damage":1.0,"enemies":"Small Slimes","floor":10.0,"turns":4.0},{"damage":6.0,"enemies":"Exordium Thugs","floor":12.0,"turns":3.0},{"damage":11.0,"enemies":"2 Fungi Beasts","floor":13.0,"turns":7.0},{"damage":39.0,"enemies":"Slime Boss","floor":16.0,"turns":14.0},{"damage":7.0,"enemies":"3 Byrds","floor":18.0,"turns":5.0},{"damage":1.0,"enemies":"Chosen","floor":19.0,"turns":5.0},{"damage":4.0,"enemies":"Snecko","floor":22.0,"turns":8.0},{"damage":4.0,"enemies":"Slavers","floor":25.0,"turns":5.0},{"damage":0.0,"enemies":"Centurion and Healer","floor":28.0,"turns":6.0},{"damage":0.0,"enemies":"Snake Plant","floor":30.0,"turns":4.0},{"damage":0.0,"enemies":"Gremlin Leader","floor":31.0,"turns":4.0},{"damage":22.0,"enemies":"Collector","floor":33.0,"turns":9.0},{"damage":0.0,"enemies":"Orb Walker","floor":35.0,"turns":1.0},{"damage":2.0,"enemies":"3 Shapes","floor":36.0,"turns":5.0},{"damage":8.0,"enemies":"Reptomancer","floor":40.0,"turns":6.0},{"damage":5.0,"enemies":"Giant Head","floor":42.0,"turns":7.0},{"damage":1.0,"enemies":"Transient","floor":46.0,"turns":6.0},{"damage":0.0,"enemies":"3 Darklings","floor":47.0,"turns":6.0},{"damage":0.0,"enemies":"Nemesis","floor":48.0,"turns":7.0},{"damage":5,"enemies":"Donu and Deca","floor":50,"turns":9},{"damage":21,"enemies":"Awakened One","floor":51,"turns":14},{"damage":0,"enemies":"Shield and Spear","floor":55,"turns":12},{"damage":30,"enemies":"The Heart","floor":56,"turns":7}],"seed_played":"-66532223893356550","potions_obtained":[{"floor":1.0,"key":"Ancient Potion"},{"floor":5.0,"key":"FairyPotion"},{"floor":5.0,"key":"CultistPotion"},{"floor":16.0,"key":"LiquidMemories"},{"floor":33.0,"key":"Poison Potion"},{"floor":46.0,"key":"SteroidPotion"}],"is_trial":false,"path_per_floor":["M","?","$","?","?","R","E","M","T","M","R","M","M","$","R","B",null,"M","M","$","?","M","R","?","E","T","$","M","?","M","E","R","B",null,"M","M","?","?","$","E","R","E","T","$","R","M","M","E","R","B","B",null,"R","$","E","B",null],"character_chosen":"THE_SILENT","items_purchased":["Slice","Footwork","Dagger Throw","Eviscerate","Blade Dance","OrangePellets","Happy Flower","Backflip","PiercingWail"],"campfire_rested":0,"item_purchase_floors":[3,3,27,27,39,39,39,44,44],"current_hp_per_floor":[58,58,58,58,58,58,29,30,30,30,30,25,15,30,30,19,54,48,48,63,63,60,60,60,57,57,70,71,71,72,73,73,52,69,70,69,69,69,76,69,69,65,65,78,78,78,79,80,80,76,56,76,76,83,84,55],"gold":57,"neow_bonus":"ONE_RARE_RELIC","is_daily":false,"chose_seed":false,"campfire_upgraded":8,"win_rate":0.0,"timestamp":1612661728,"path_taken":["M","?","?","?","?","R","E","M","T","M","R","?","M","$","R","BOSS","M","M","$","?","M","R","?","E","T","$","M","?","M","E","R","BOSS","M","M","?","?","$","E","R","E","T","$","R","M","M","E","R","BOSS","BOSS","R","$","E","BOSS"],"items_purchased_type":["Card","Card","Card","Card","Card","Relic","Relic","Card","Card"],"build_version":"2020-12-22","purchased_purges":4,"victory":true,"max_hp_per_floor":[60,60,60,60,60,60,61,62,62,63,63,64,65,65,65,66,66,67,68,68,68,69,69,69,70,70,70,71,71,72,73,73,74,74,75,76,76,76,76,77,77,78,78,78,78,79,80,81,81,82,83,83,83,83,84,85],"relic_stats":{"OrangePellets":[12],"FaceOfCleric":25,"Happy Flower":[24],"counters":[26,164],"MealTicket":70,"Tingsha":[243],"Pen Nib":[3],"Kunai":[104],"Question Card":4,"Smiling Mask":175,"obtain_stats":[{"Happy Flower":39,"Vajra":25,"Tingsha":31,"Pen Nib":55,"Incense Burner":7,"Question Card":42,"Smiling Mask":43,"Du-Vu Doll":0,"Runic Dome":17,"OrangePellets":39,"FaceOfCleric":2,"Ninja Scroll":48,"MealTicket":9,"Philosopher\u0027s Stone":34,"Molten Egg 2":40,"Kunai":4,"Ring of the Snake":0},{"Happy Flower":17,"Vajra":11,"Tingsha":14,"Pen Nib":25,"Incense Burner":2,"Question Card":19,"Smiling Mask":19,"Du-Vu Doll":0,"Runic Dome":7,"OrangePellets":17,"FaceOfCleric":1,"Ninja Scroll":22,"MealTicket":3,"Philosopher\u0027s Stone":15,"Molten Egg 2":18,"Kunai":1,"Ring of the Snake":0},{"Happy Flower":90,"Vajra":61,"Tingsha":75,"Pen Nib":157,"Incense Burner":9,"Question Card":103,"Smiling Mask":103,"Du-Vu Doll":0,"Runic Dome":38,"OrangePellets":90,"FaceOfCleric":4,"Ninja Scroll":122,"MealTicket":10,"Philosopher\u0027s Stone":84,"Molten Egg 2":96,"Kunai":4,"Ring of the Snake":0}],"Ring of the Snake":[52]},"card_choices":[{"not_picked":["Distraction","Catalyst"],"picked":"Dagger Throw","floor":1.0},{"not_picked":["Escape Plan","Sucker Punch"],"picked":"Finisher","floor":7.0},{"not_picked":["Acrobatics","Quick Slash"],"picked":"All Out Attack","floor":8.0},{"not_picked":["Underhanded Strike","Quick Slash"],"picked":"Acrobatics","floor":10.0},{"not_picked":["Deadly Poison","Dagger Spray"],"picked":"Masterful Stab","floor":12.0},{"not_picked":["Deflect","Sucker Punch"],"picked":"Underhanded Strike","floor":13.0},{"not_picked":["After Image","Night Terror"],"picked":"Adrenaline","floor":16.0},{"not_picked":["Quick Slash","Bane"],"picked":"Dodge and Roll","floor":18.0},{"not_picked":["All Out Attack","Sucker Punch"],"picked":"PiercingWail","floor":19.0},{"not_picked":["Deadly Poison","Flying Knee"],"picked":"Well Laid Plans","floor":22.0},{"not_picked":["Quick Slash+1","Calculated Gamble"],"picked":"Backflip+1","floor":25.0},{"not_picked":["Cloak And Dagger","A Thousand Cuts"],"picked":"Acrobatics","floor":28.0},{"not_picked":["Deadly Poison+1","Poisoned Stab"],"picked":"Dagger Throw","floor":30.0},{"not_picked":["Dagger Spray","Deflect"],"picked":"Poisoned Stab+1","floor":31.0},{"not_picked":["Bullet Time","Tools of the Trade"],"picked":"Adrenaline","floor":33.0},{"not_picked":["Sucker Punch","PiercingWail"],"picked":"Dagger Spray+1","floor":35.0},{"not_picked":["Setup","Outmaneuver"],"picked":"Backstab","floor":36.0},{"not_picked":["Prepared+1","Infinite Blades+1"],"picked":"Wraith Form v2","floor":40.0},{"not_picked":["Flechettes+1","Dagger Spray+1"],"picked":"Malaise","floor":42.0},{"not_picked":["Slice+1","Dash+1","Flying Knee+1"],"picked":"Underhanded Strike+1","floor":46.0},{"not_picked":["Backflip","Acrobatics","Predator+1"],"picked":"Blade Dance","floor":47.0},{"not_picked":["Tools of the Trade","Infinite Blades","PiercingWail"],"picked":"After Image","floor":48.0},{"not_picked":["Backstab+1","Calculated Gamble","Concentrate"],"picked":"Tactician+1","floor":55}],"player_experience":1689120,"relics_obtained":[{"floor":7.0,"key":"Incense Burner"},{"floor":9.0,"key":"MealTicket"},{"floor":25.0,"key":"Vajra"},{"floor":31.0,"key":"Tingsha"},{"floor":40.0,"key":"Molten Egg 2"},{"floor":42.0,"key":"Question Card"},{"floor":43.0,"key":"Smiling Mask"},{"floor":48.0,"key":"Ninja Scroll"},{"floor":55,"key":"Pen Nib"}],"event_choices":[{"damage_healed":0.0,"max_hp_gain":0.0,"max_hp_loss":0.0,"gold_gain":0.0,"event_name":"FaceTrader","player_choice":"Trade","floor":2.0,"gold_loss":0.0,"damage_taken":0.0,"relics_obtained":["FaceOfCleric"]},{"damage_healed":0.0,"max_hp_gain":0.0,"max_hp_loss":0.0,"gold_gain":0.0,"event_name":"Big Fish","player_choice":"Box","floor":4.0,"gold_loss":0.0,"damage_taken":0.0,"relics_obtained":["Kunai"],"cards_obtained":["Regret"]},{"damage_healed":0.0,"max_hp_gain":0.0,"max_hp_loss":0.0,"gold_gain":0.0,"event_name":"Lab","player_choice":"Got Potions","floor":5.0,"gold_loss":0.0,"damage_taken":0.0},{"damage_healed":0.0,"max_hp_gain":0.0,"max_hp_loss":0.0,"gold_gain":0.0,"event_name":"The Library","player_choice":"Read","floor":21.0,"gold_loss":0.0,"damage_taken":0.0,"cards_obtained":["Blur"]},{"damage_healed":0.0,"max_hp_gain":0.0,"max_hp_loss":0.0,"gold_gain":0.0,"cards_transformed":["Strike_G","Strike_G"],"event_name":"Drug Dealer","player_choice":"Became Test Subject","floor":24.0,"gold_loss":0.0,"damage_taken":0.0,"cards_obtained":["Tactician","Expertise"]},{"damage_healed":0.0,"max_hp_gain":0.0,"max_hp_loss":0.0,"gold_gain":0.0,"event_name":"Back to Basics","player_choice":"Simplicity","floor":29.0,"gold_loss":0.0,"damage_taken":0.0,"cards_upgraded":["Strike_G","Defend_G","Defend_G","Defend_G","Defend_G","Defend_G"]},{"cards_removed":["Underhanded Strike"],"damage_healed":0.0,"max_hp_gain":0.0,"max_hp_loss":0.0,"gold_gain":0.0,"event_name":"Falling","player_choice":"Removed Attack","floor":37.0,"gold_loss":0.0,"damage_taken":0.0},{"damage_healed":0.0,"max_hp_gain":0.0,"max_hp_loss":0.0,"gold_gain":300.0,"event_name":"Wheel of Change","player_choice":"Gold","floor":38.0,"gold_loss":0.0,"damage_taken":0.0}],"is_beta":false,"boss_relics":[{"not_picked":["Sozu","Ring of the Serpent"],"picked":"Runic Dome"},{"not_picked":["Pandora\u0027s Box","Tiny House"],"picked":"Philosopher\u0027s Stone"}],"items_purged_floors":[14,27,44,54],"is_endless":false,"potions_floor_spawned":[1,7,12,16,22,30,33,40,46,48],"ascension_level":20}}