{"host":"am551fa6890rb9vo","time":1612735289,"event":{"mods":["BaseMod","Minty Spire (QoL Compilation)","Morshu Shopkeeper - ENHANCED","Relic Stats","StSLib","The IronCluck","slay the spire mod where everything is the same but ironclad has a cowboy hat"],"gold_per_floor":[114,131,11,27,45,374,374,403,428,461,479,496,496,516,516,615,615,630,650,650,666,415,444,444,461,533,560,560,560,560,589,589,688,688,700,716,785,804,858,858,858,181,181,195,214,228,228,246,246,246],"floor_reached":51,"language":"ENG","playtime":3567,"items_purged":["Strike_R","Strike_R","Strike_R"],"score":868,"play_id":"8643ccbc-6746-403a-b1b8-aeaffde41e50","local_time":"20210207220129","is_ascension_mode":true,"campfire_choices":[{"floor":7.0,"key":"REST"},{"data":"Demon Form","floor":13.0,"key":"SMITH"},{"data":"Heavy Blade","floor":15.0,"key":"SMITH"},{"data":"Limit Break","floor":24.0,"key":"SMITH"},{"floor":28.0,"key":"REST"},{"data":"Bloodletting","floor":30.0,"key":"SMITH"},{"data":"Seeing Red","floor":32.0,"key":"SMITH"},{"floor":40,"key":"REST"},{"floor":47,"key":"REST"},{"data":"Limit Break","floor":49,"key":"SMITH"}],"circlet_count":0,"master_deck":["Defend_R","Defend_R","Defend_R","Defend_R","Bash","Twin Strike","Demon Form+1","Shrug It Off","Heavy Blade+1","Heavy Blade+1","Shockwave","Feed","Warcry","Metallicize","Limit Break+1","Seeing Red+1","Bloodletting+1","Pummel","Sword Boomerang+1","Brutality+1","Sword Boomerang","Limit Break+1","CurseOfTheBell","Ghostly Armor+1","Shrug It Off","Fire Breathing+1","Disarm","Barricade+1"],"relics":["Burning Blood","Old Coin","Bag of Preparation","PreservedInsect","Bronze Scales","Philosopher\u0027s Stone","Meat on the Bone","Frozen Egg 2","Red Skull","Eternal Feather","Calling Bell","Bag of Marbles","Pear","TungstenRod","Bottled Flame","Charon\u0027s Ashes","Ornamental Fan","Orichalcum","Pantograph"],"acts_visited":["Exordium","TheCity","TheBeyond"],"potions_floor_usage":[39,39,48,50,50],"damage_taken":[{"damage":1.0,"enemies":"Cultist","floor":1.0,"turns":4.0},{"damage":2.0,"enemies":"Small Slimes","floor":2.0,"turns":3.0},{"damage":7.0,"enemies":"2 Louse","floor":4.0,"turns":3.0},{"damage":13.0,"enemies":"Red Slaver","floor":5.0,"turns":3.0},{"damage":28.0,"enemies":"Gremlin Nob","floor":6.0,"turns":4.0},{"damage":26.0,"enemies":"Lagavulin","floor":8.0,"turns":6.0},{"damage":23.0,"enemies":"3 Sentries","floor":10.0,"turns":5.0},{"damage":12.0,"enemies":"Large Slime","floor":11.0,"turns":6.0},{"damage":9.0,"enemies":"Blue Slaver","floor":12.0,"turns":4.0},{"damage":7.0,"enemies":"Lots of Slimes","floor":14.0,"turns":4.0},{"damage":28.0,"enemies":"Hexaghost","floor":16.0,"turns":7.0},{"damage":21.0,"enemies":"2 Thieves","floor":18.0,"turns":5.0},{"damage":16.0,"enemies":"Spheric Guardian","floor":19.0,"turns":4.0},{"damage":18.0,"enemies":"Snake Plant","floor":21.0,"turns":4.0},{"damage":38.0,"enemies":"Gremlin Leader","floor":23.0,"turns":4.0},{"damage":10.0,"enemies":"Shelled Parasite and Fungi","floor":25.0,"turns":4.0},{"damage":29.0,"enemies":"Slavers","floor":27.0,"turns":5.0},{"damage":6.0,"enemies":"Gremlin Leader","floor":31.0,"turns":4.0},{"damage":45.0,"enemies":"Automaton","floor":33.0,"turns":6.0},{"damage":26.0,"enemies":"Orb Walker","floor":35.0,"turns":4.0},{"damage":30.0,"enemies":"3 Darklings","floor":36.0,"turns":4.0},{"damage":45.0,"enemies":"Transient","floor":38.0,"turns":5.0},{"damage":37,"enemies":"2 Orb Walkers","floor":39,"turns":4},{"damage":28,"enemies":"Jaw Worm Horde","floor":44,"turns":4},{"damage":12,"enemies":"3 Darklings","floor":45,"turns":4},{"damage":50,"enemies":"Spire Growth","floor":46,"turns":6},{"damage":23,"enemies":"Jaw Worm Horde","floor":48,"turns":6},{"damage":62,"enemies":"Time Eater","floor":50,"turns":8}],"seed_played":"1203222675245719464","potions_obtained":[{"floor":5.0,"key":"Fire Potion"},{"floor":6.0,"key":"SkillPotion"},{"floor":8.0,"key":"FearPotion"},{"floor":10.0,"key":"DuplicationPotion"},{"floor":18.0,"key":"Regen Potion"},{"floor":31.0,"key":"DistilledChaos"},{"floor":33.0,"key":"FearPotion"},{"floor":39,"key":"LiquidMemories"},{"floor":48,"key":"GamblersBrew"}],"is_trial":false,"path_per_floor":["M","M","$","M","M","E","R","E","T","E","M","M","R","M","R","B",null,"M","M","?","M","$","E","R","M","T","E","R","?","R","E","R","B",null,"M","M","T","M","?","R","?","$","T","M","M","M","R","M","R","B",null],"character_chosen":"IRONCLAD","items_purchased":["Shrug It Off","Bloodletting","Pummel","BloodPotion","Block Potion","Ornamental Fan","Orichalcum","Shrug It Off"],"campfire_rested":4,"item_purchase_floors":[3,22,22,42,42,42,42,42],"current_hp_per_floor":[88,88,88,87,80,58,84,64,64,47,41,38,38,40,40,21,94,79,69,69,60,60,37,37,48,48,40,70,70,70,70,82,55,113,93,69,69,42,23,71,71,71,71,64,70,38,87,73,88,80],"gold":246,"neow_bonus":"TEN_PERCENT_HP_BONUS","is_daily":false,"chose_seed":false,"campfire_upgraded":6,"win_rate":0.0,"timestamp":1612735289,"path_taken":["M","M","$","M","M","E","R","E","T","E","M","M","R","M","R","BOSS","M","?","?","?","$","E","R","M","T","E","R","?","R","E","R","BOSS","M","M","?","M","?","R","?","$","T","?","M","M","R","M","R","BOSS"],"items_purchased_type":["Card","Card","Card","Potion","Potion","Relic","Relic","Card"],"build_version":"2020-12-22","purchased_purges":3,"victory":true,"max_hp_per_floor":[88,88,88,88,88,88,88,88,88,88,88,88,88,91,91,94,94,94,94,94,97,97,97,97,100,100,103,103,103,103,103,103,103,113,113,113,113,113,113,113,113,113,113,116,116,116,116,119,119,119],"relic_stats":{"counters":[28,130],"Eternal Feather":57,"PreservedInsect":158,"Charon\u0027s Ashes":[71],"Bag of Preparation":[44],"Orichalcum":[18],"Burning Blood":159,"Ornamental Fan":[8],"Bronze Scales":[319],"Pantograph":25,"obtain_stats":[{"Pear":34,"Eternal Feather":31,"PreservedInsect":9,"Charon\u0027s Ashes":39,"Bag of Preparation":8,"Frozen Egg 2":26,"Orichalcum":42,"Burning Blood":0,"Old Coin":6,"Calling Bell":34,"Bottled Flame":37,"Ornamental Fan":42,"Bronze Scales":10,"Pantograph":43,"Philosopher\u0027s Stone":17,"Bag of Marbles":34,"Red Skull":27,"TungstenRod":34,"Meat on the Bone":23},{"Pear":19,"Eternal Feather":18,"PreservedInsect":6,"Charon\u0027s Ashes":23,"Bag of Preparation":6,"Frozen Egg 2":16,"Orichalcum":23,"Burning Blood":0,"Old Coin":5,"Calling Bell":19,"Bottled Flame":21,"Ornamental Fan":23,"Bronze Scales":7,"Pantograph":23,"Philosopher\u0027s Stone":11,"Bag of Marbles":19,"Red Skull":17,"TungstenRod":19,"Meat on the Bone":15},{"Pear":85,"Eternal Feather":79,"PreservedInsect":23,"Charon\u0027s Ashes":102,"Bag of Preparation":23,"Frozen Egg 2":70,"Orichalcum":102,"Burning Blood":0,"Old Coin":17,"Calling Bell":85,"Bottled Flame":93,"Ornamental Fan":102,"Bronze Scales":28,"Pantograph":102,"Philosopher\u0027s Stone":49,"Bag of Marbles":85,"Red Skull":75,"TungstenRod":85,"Meat on the Bone":66}],"TungstenRod":81,"Meat on the Bone":96},"card_choices":[{"not_picked":["Body Slam","Warcry"],"picked":"Twin Strike","floor":1.0},{"not_picked":["True Grit","Intimidate"],"picked":"Demon Form","floor":2.0},{"not_picked":["Bloodletting","Clothesline"],"picked":"Heavy Blade","floor":4.0},{"not_picked":["Rage","Blood for Blood"],"picked":"Heavy Blade","floor":5.0},{"not_picked":["Feel No Pain","Warcry"],"picked":"Shockwave","floor":6.0},{"not_picked":["Carnage","Thunderclap","Battle Trance"],"picked":"SKIP","floor":8.0},{"not_picked":["Sever Soul","Second Wind"],"picked":"Feed","floor":10.0},{"not_picked":["Second Wind","Uppercut"],"picked":"Warcry","floor":11.0},{"not_picked":["Clothesline","Armaments","Perfected Strike"],"picked":"SKIP","floor":12.0},{"not_picked":["Thunderclap","Spot Weakness"],"picked":"Metallicize","floor":14.0},{"not_picked":["Brutality","Fiend Fire"],"picked":"Limit Break","floor":16.0},{"not_picked":["Armaments+1","Infernal Blade+1","Anger"],"picked":"SKIP","floor":18.0},{"not_picked":["Shockwave","Spot Weakness+1","Armaments"],"picked":"SKIP","floor":19.0},{"not_picked":["Clash","Flex"],"picked":"Seeing Red","floor":21.0},{"not_picked":["Entrench","Shockwave"],"picked":"Sword Boomerang+1","floor":23.0},{"not_picked":["Dark Embrace","Armaments","True Grit+1"],"picked":"SKIP","floor":25.0},{"not_picked":["Thunderclap","Entrench"],"picked":"Brutality+1","floor":27.0},{"not_picked":["Uppercut","True Grit+1"],"picked":"Sword Boomerang","floor":31.0},{"not_picked":["Double Tap","Fiend Fire"],"picked":"Limit Break","floor":33.0},{"not_picked":["Heavy Blade+1","Flex+1"],"picked":"Ghostly Armor+1","floor":35.0},{"not_picked":["Headbutt+1","Seeing Red+1","True Grit"],"picked":"SKIP","floor":36.0},{"not_picked":["Armaments","Clash+1","Iron Wave"],"picked":"SKIP","floor":38},{"not_picked":["Armaments","Clash+1","Iron Wave"],"picked":"SKIP","floor":38},{"not_picked":["Burning Pact","Headbutt"],"picked":"Fire Breathing+1","floor":44},{"not_picked":["Cleave","Pommel Strike+1"],"picked":"Disarm","floor":45},{"not_picked":["Iron Wave","True Grit","Clash+1"],"picked":"SKIP","floor":46},{"not_picked":["Thunderclap+1","Body Slam+1"],"picked":"Barricade+1","floor":48}],"player_experience":20652,"relics_obtained":[{"floor":6.0,"key":"Old Coin"},{"floor":8.0,"key":"Bag of Preparation"},{"floor":9.0,"key":"PreservedInsect"},{"floor":10.0,"key":"Bronze Scales"},{"floor":23.0,"key":"Meat on the Bone"},{"floor":26.0,"key":"Frozen Egg 2"},{"floor":27.0,"key":"Red Skull"},{"floor":31.0,"key":"Eternal Feather"},{"floor":34.0,"key":"Bag of Marbles"},{"floor":34.0,"key":"Pear"},{"floor":34.0,"key":"TungstenRod"},{"floor":37.0,"key":"Bottled Flame"},{"floor":39,"key":"Charon\u0027s Ashes"},{"floor":43,"key":"Pantograph"}],"event_choices":[{"cards_removed":["Strike_R"],"damage_healed":0.0,"max_hp_gain":0.0,"max_hp_loss":0.0,"gold_gain":0.0,"event_name":"Purifier","player_choice":"Purged","floor":20.0,"gold_loss":0.0,"damage_taken":0.0},{"damage_healed":0.0,"max_hp_gain":0.0,"max_hp_loss":0.0,"gold_gain":0.0,"event_name":"Accursed Blacksmith","player_choice":"Forge","floor":29.0,"gold_loss":0.0,"damage_taken":0.0,"cards_upgraded":["Heavy Blade"]},{"damage_healed":0,"gold_gain":0,"player_choice":"Fight","damage_taken":0,"max_hp_gain":0,"max_hp_loss":0,"event_name":"Mysterious Sphere","floor":39,"gold_loss":0},{"cards_removed":["Strike_R"],"damage_healed":0,"gold_gain":0,"player_choice":"Purged","damage_taken":0,"max_hp_gain":0,"max_hp_loss":0,"event_name":"Purifier","floor":41,"gold_loss":0}],"is_beta":false,"boss_relics":[{"not_picked":["Mark of Pain","Tiny House"],"picked":"Philosopher\u0027s Stone"},{"not_picked":["Black Blood","Astrolabe"],"picked":"Calling Bell"}],"items_purged_floors":[3,22,42],"is_endless":false,"potions_floor_spawned":[5,6,8,10,12,18,19,31,33,39,48],"ascension_level":1}}