{"host":"s24sb66hw4a4sfft","time":1612742001,"event":{"mods":["AchievementEnabler","BaseMod","Colored Map","Colored Powertips","Googly Eyes","Hermit","Hubris","Minty Spire (QoL Compilation)","Quick Restart","Shop Mod","StSLib","The Poker Player"],"gold_per_floor":[114,39,39,39,53,81,101,101,125,139,171,246,281,281,281,281,281],"floor_reached":16,"language":"ENG","playtime":810,"items_purged":["Defend_R"],"score":150,"play_id":"ebcd9da9-9df5-4777-8254-801a471f948f","local_time":"20210207185321","is_ascension_mode":true,"campfire_choices":[{"floor":15,"key":"REST"}],"circlet_count":0,"master_deck":["Strike_R","Strike_R","Strike_R","Strike_R","Strike_R","Defend_R","Defend_R","Defend_R","Bash","Flex+1","Flex+1","Sword Boomerang","Flex","Carnage","Double Tap","Twin Strike"],"relics":["Burning Blood","NeowsBlessing","hubris:Towel","Question Card","hubris:Icosahedron","hubris:TenFootPole","Unceasing Top","Bag of Preparation","War Paint"],"acts_visited":["Exordium"],"potions_floor_usage":[11],"damage_taken":[{"damage":0,"enemies":"2 Louse","floor":1,"turns":1},{"damage":0,"enemies":"Jaw Worm","floor":5,"turns":1},{"damage":0,"enemies":"Lagavulin","floor":6,"turns":1},{"damage":12,"enemies":"Small Slimes","floor":7,"turns":3},{"damage":17,"enemies":"Looter","floor":10,"turns":4},{"damage":32,"enemies":"3 Sentries","floor":11,"turns":7},{"damage":14,"enemies":"Gremlin Nob","floor":13,"turns":3},{"damage":42,"enemies":"The Guardian","floor":16,"turns":6}],"seed_played":"5911592314999245834","potions_obtained":[{"floor":5,"key":"Block Potion"}],"is_trial":false,"path_per_floor":["M","$","?","$","M","E","M","?","T","M","E","?","E","T","R","B"],"character_chosen":"IRONCLAD","items_purchased":[],"campfire_rested":1,"item_purchase_floors":[],"current_hp_per_floor":[80,80,80,80,80,80,74,74,74,63,37,32,24,24,48,6,6],"gold":281,"neow_bonus":"THREE_ENEMY_KILL","is_daily":false,"chose_seed":false,"campfire_upgraded":0,"win_rate":0.0,"timestamp":1612742001,"path_taken":["M","$","?","$","M","E","M","?","T","M","E","?","E","?","R","BOSS"],"items_purchased_type":[],"build_version":"2020-12-22","purchased_purges":1,"victory":false,"max_hp_per_floor":[80,80,80,80,80,80,80,80,80,80,80,80,80,80,80,80,80],"card_choices":[{"not_picked":["Sword Boomerang","Twin Strike"],"picked":"Flex","floor":1},{"not_picked":["Entrench","Warcry"],"picked":"Flex","floor":5},{"not_picked":["Blood for Blood","Sever Soul"],"picked":"Sword Boomerang","floor":6},{"not_picked":["Demon Form","Cleave","Shockwave"],"picked":"Flex","floor":7},{"not_picked":["Hemokinesis","Second Wind","Havoc"],"picked":"Carnage","floor":10},{"not_picked":["Body Slam","Shockwave","Searing Blow"],"picked":"Double Tap","floor":11},{"not_picked":["Metallicize","Battle Trance","hubris:ReadiedAction"],"picked":"Twin Strike","floor":13}],"player_experience":585263,"relics_obtained":[{"floor":6,"key":"Question Card"},{"floor":9,"key":"hubris:TenFootPole"},{"floor":11,"key":"Unceasing Top"},{"floor":13,"key":"Bag of Preparation"},{"floor":14,"key":"War Paint"}],"event_choices":[{"damage_healed":0,"gold_gain":75,"player_choice":"Gather Gold","damage_taken":11,"max_hp_gain":0,"max_hp_loss":0,"event_name":"World of Goop","floor":12,"gold_loss":0}],"is_beta":false,"boss_relics":[],"items_purged_floors":[2],"is_endless":false,"potions_floor_spawned":[5,6],"killed_by":"The Guardian","ascension_level":1}}