{"host":"lehbxtjrpalkmwwj","time":1612695640,"event":{"mods":["Aspiration","BaseMod","Colored Map","Colored Powertips","Conspire","GungeonMod","KomeijiMod","Lobotomy","Minty Spire (QoL Compilation)","Quick Restart","Replay The Spire","Shop Mod","StSLib","The Cursed","The Poker Player","[IsaacMod]ÒÔÈö¼âËþ"],"gold_per_floor":[18,293,303,303,318,346,359,359,359],"floor_reached":8,"language":"ZHS","playtime":232,"items_purged":[],"score":67,"play_id":"a8e5d4a4-49a4-4ec8-a277-b22f97d84c86","local_time":"20210207190040","is_ascension_mode":true,"campfire_choices":[],"circlet_count":0,"master_deck":["Strike_B","Strike_B","Strike_B","Strike_B","Defend_B","Defend_B","Defend_B","Defend_B","Zap","Dualcast","EpicFetus","ReplayRNGCard","conspire:Rain","Redo","Coolheaded","Machine Learning","Storm"],"relics":["Cracked Core","HushsDoor","TheBean","Chaos"],"acts_visited":["Exordium"],"potions_floor_usage":[],"damage_taken":[{"damage":6.0,"enemies":"Cultist","floor":1.0,"turns":3.0},{"damage":8.0,"enemies":"Jaw Worm","floor":3.0,"turns":3.0},{"damage":10.0,"enemies":"Small Slimes","floor":5.0,"turns":2.0},{"damage":23.0,"enemies":"Lagavulin","floor":6.0,"turns":5.0},{"damage":0.0,"enemies":"Gremlin Gang","floor":7.0,"turns":4.0},{"damage":28,"enemies":"Gremlin Nob","floor":8,"turns":4}],"seed_played":"3758421896553817905","potions_obtained":[{"floor":1.0,"key":"SteroidPotion"},{"floor":6.0,"key":"PowerPotion"}],"is_trial":false,"path_per_floor":["M","?","M","?","M","E","M","E"],"character_chosen":"DEFECT","items_purchased":[],"campfire_rested":0,"item_purchase_floors":[],"current_hp_per_floor":[69,69,61,61,51,28,28,0,0],"gold":359,"neow_bonus":"THREE_RARE_CARDS","is_daily":false,"chose_seed":false,"campfire_upgraded":0,"win_rate":0.0,"timestamp":1612695640,"path_taken":["M","?","M","?","?","E","M","E"],"items_purchased_type":[],"build_version":"2020-12-22","purchased_purges":0,"victory":false,"max_hp_per_floor":[75,75,75,75,75,75,75,75,75],"card_choices":[{"not_picked":[],"picked":"EpicFetus","floor":0.0},{"not_picked":["ElectricPowerLearning","Seek"],"picked":"ReplayRNGCard","floor":0.0},{"not_picked":["Rip and Tear","Consume"],"picked":"conspire:Rain","floor":1.0},{"not_picked":["Panic Button","Scrape"],"picked":"Redo","floor":3.0},{"not_picked":["Sweeping Beam","Rebound"],"picked":"Coolheaded","floor":5.0},{"not_picked":["Compile Driver","ReplaySolidLightProjector"],"picked":"Machine Learning","floor":6.0},{"not_picked":["Conserve Battery","Go for the Eyes"],"picked":"Storm","floor":7.0}],"player_experience":136463,"relics_obtained":[{"floor":6.0,"key":"Chaos"}],"event_choices":[{"damage_healed":0.0,"max_hp_gain":0.0,"max_hp_loss":0.0,"gold_gain":275.0,"event_name":"Golden Shrine","player_choice":"Desecrate","floor":2.0,"gold_loss":0.0,"damage_taken":0.0,"cards_obtained":["Regret"]},{"cards_removed":["Regret"],"damage_healed":0.0,"max_hp_gain":0.0,"max_hp_loss":0.0,"gold_gain":0.0,"event_name":"Living Wall","player_choice":"Forget","floor":4.0,"gold_loss":0.0,"damage_taken":0.0}],"is_beta":false,"boss_relics":[],"items_purged_floors":[],"is_endless":false,"potions_floor_spawned":[1,6],"killed_by":"Gremlin Nob","ascension_level":3}}