{"host":"iz5gar30eciy4yf4","time":1612737432,"event":{"mods":["Act Like it!","BaseMod","Chen","Dio Mod","Gensokyo","Hallownest","Hermit","Hubris","Koishi","Marisa????????","Minty Spire (QoL Compilation)","Prisma Mod","Reimu??????","Relic Stats","Remilia??????","StSLib","The Animator"],"gold_per_floor":[16,27,42,53,53,53,85,85,108,108,123,140,174,186,186,186,186],"floor_reached":16,"language":"ENG","playtime":1155,"items_purged":[],"score":114,"play_id":"98ebade3-5289-4ca5-bcb2-b2086b16368f","local_time":"20210207173712","is_ascension_mode":false,"campfire_choices":[{"floor":15,"key":"DIG"}],"circlet_count":0,"master_deck":["dioMod:Strike","dioMod:Strike","dioMod:Strike","dioMod:Strike","Bite","dioMod:Defend","dioMod:Defend","dioMod:Defend","dioMod:Defend","dioMod:FlyAway+1","dioMod:CautiousMuda+1","dioMod:Muda","dioMod:SadisticLaugh","dioMod:SecretPlan","dioMod:StreetSign","dioMod:BloodShield","dioMod:CutDeep"],"relics":["dioMod:VampireBlood","Shovel","Mastiff:ReiMu","Hallownest:DreamNailRelic","Bag of Marbles","Kunai","Meat on the Bone","MealTicket"],"acts_visited":["Exordium"],"potions_floor_usage":[7,7,13],"damage_taken":[{"damage":2,"enemies":"Hallownest:2_Baldur","floor":1,"turns":4},{"damage":4,"enemies":"Hallownest:monsterHuskWarrior","floor":2,"turns":5},{"damage":4,"enemies":"Hallownest:2_MossCreeps","floor":3,"turns":6},{"damage":8,"enemies":"Hallownest:Wandering_and_Horned","floor":4,"turns":7},{"damage":7,"enemies":"Hallownest:eliteMossKnight","floor":7,"turns":3},{"damage":16,"enemies":"Hallownest:1_Baldur_1_Crawlid_1_Warrior","floor":11,"turns":9},{"damage":32,"enemies":"Hallownest:Guard_and_Warrior","floor":12,"turns":6},{"damage":10,"enemies":"Hallownest:eliteCrystalGuardian","floor":13,"turns":5},{"damage":0,"enemies":"Hallownest:1_Ooma_and_2_Uuma","floor":14,"turns":8},{"damage":69,"enemies":"Hallownest:BossHornet","floor":16,"turns":19}],"seed_played":"5431198392521990627","potions_obtained":[{"floor":1,"key":"Strength Potion"},{"floor":4,"key":"FearPotion"},{"floor":12,"key":"Fire Potion"}],"is_trial":false,"path_per_floor":["M","M","M","M","?","?","E","?","T","T","M","M","E","M","R","B"],"character_chosen":"THE_DEFAULT","items_purchased":[],"campfire_rested":0,"item_purchase_floors":[],"current_hp_per_floor":[75,75,75,75,75,75,73,73,73,73,71,49,44,59,59,0,0],"gold":186,"neow_bonus":"ONE_RARE_RELIC","is_daily":false,"chose_seed":false,"campfire_upgraded":0,"win_rate":0.0,"timestamp":1612737432,"path_taken":["M","?","M","M","?","?","E","?","T","?","M","M","E","M","R","BOSS"],"items_purchased_type":[],"build_version":"2020-12-22","purchased_purges":0,"victory":false,"max_hp_per_floor":[75,75,75,75,75,75,75,75,75,75,75,75,75,75,75,75,75],"relic_stats":{"Shovel":1,"counters":[10,72],"MealTicket":0,"Kunai":[7],"obtain_stats":[{"Shovel":0,"dioMod:VampireBlood":0,"Mastiff:ReiMu":7,"MealTicket":15,"Hallownest:DreamNailRelic":8,"Bag of Marbles":9,"Kunai":10,"Meat on the Bone":13},{"Shovel":0,"dioMod:VampireBlood":0,"Mastiff:ReiMu":5,"MealTicket":9,"Hallownest:DreamNailRelic":5,"Bag of Marbles":5,"Kunai":5,"Meat on the Bone":8},{"Shovel":0,"dioMod:VampireBlood":0,"Mastiff:ReiMu":25,"MealTicket":53,"Hallownest:DreamNailRelic":25,"Bag of Marbles":25,"Kunai":25,"Meat on the Bone":45}],"Meat on the Bone":0},"card_choices":[{"not_picked":["dioMod:BloodSuck","dioMod:ComposedMuda"],"picked":"dioMod:FlyAway","floor":1},{"not_picked":["dioMod:Roundabout","dioMod:Diversion"],"picked":"dioMod:CautiousMuda","floor":2},{"not_picked":["dioMod:DoubleTime","dioMod:SecretPlan"],"picked":"dioMod:Muda","floor":3},{"not_picked":["dioMod:Diversion","dioMod:BloodTransfusion"],"picked":"dioMod:SadisticLaugh","floor":4},{"not_picked":["dioMod:HeavyLifting","dioMod:BloodSplash"],"picked":"dioMod:SecretPlan","floor":7},{"not_picked":["dioMod:Roundabout","dioMod:BloodShield"],"picked":"dioMod:StreetSign","floor":11},{"not_picked":["dioMod:Despair","dioMod:SadisticLaugh"],"picked":"dioMod:BloodShield","floor":12},{"not_picked":["dioMod:BloodTransfusion","dioMod:SlashThroughTime"],"picked":"dioMod:CutDeep","floor":13},{"not_picked":["dioMod:CautiousMuda","dioMod:WRYYY","dioMod:CoffinBath"],"picked":"SKIP","floor":14}],"player_experience":668952,"relics_obtained":[{"floor":7,"key":"Mastiff:ReiMu"},{"floor":9,"key":"Bag of Marbles"},{"floor":10,"key":"Kunai"},{"floor":13,"key":"Meat on the Bone"},{"floor":15,"key":"MealTicket"}],"event_choices":[],"is_beta":false,"boss_relics":[],"items_purged_floors":[],"is_endless":false,"potions_floor_spawned":[1,4,12],"killed_by":"Hallownest:BossHornet","ascension_level":0}}