{"host":"wmg3fl10arlg3jig","time":1612662791,"event":{"mods":["BaseMod","Better Match","Better Note","BetterRewards","Colored Powertips","MarisaÅiñ∂âJÅ@ñÇóùçπÅj","Mimic Mod","Minty Spire (QoL Compilation)","Permanent Neow","Quick Restart","Shop Mod","StSLib","Td1madao Mod","The Animator","The Jungle"],"gold_per_floor":[216,141,154,173,187,216,216,216,216,231,246,246,246,260,260,359,359,359,359,274,274,274,274,274,70,70,70,70,70,70,7,7,7,7,7,7,7,7,7,7,7,0,0,0,0,0],"floor_reached":45,"language":"ENG","playtime":1075,"items_purged":["Defend_MRS","Defend_MRS","Strike_MRS"],"score":435,"play_id":"5aac6ab3-fcb5-4a8b-87a9-d10763fbb3b7","local_time":"20210206195311","is_ascension_mode":false,"campfire_choices":[{"data":"MysteriousBeam","floor":7.0,"key":"SMITH"},{"floor":12.0,"key":"RECALL"},{"data":"UpSweep","floor":15.0,"key":"SMITH"},{"data":"MysteriousBeam","floor":24.0,"key":"SMITH"},{"floor":32.0,"key":"REST"},{"data":"UltimateShortwave","floor":40,"key":"SMITH"},{"floor":44,"key":"REST"}],"circlet_count":0,"master_deck":["Strike_MRS+1","Strike_MRS+1","Defend_MRS+1","UpSweep+1","AlicesGift+1","MysteriousBeam+1","MysteriousBeam+1","RitualDagger","UltimateShortwave+1","EnergyFlow+1","Madness","Madness","Decay","MysteriousBeam+1","MeteoricShower+1"],"relics":["MiniHakkero","Blood Vial","Ectoplasm","Ornamental Fan","Regal Pillow","Membership Card","Whetstone","Empty Cage","Red Mask","Orichalcum"],"acts_visited":["Exordium","TheCity","TheBeyond"],"potions_floor_usage":[],"damage_taken":[{"damage":0.0,"enemies":"2 Louse","floor":1.0,"turns":2.0},{"damage":1.0,"enemies":"Cultist","floor":3.0,"turns":3.0},{"damage":0.0,"enemies":"Small Slimes","floor":4.0,"turns":3.0},{"damage":5.0,"enemies":"Looter","floor":5.0,"turns":3.0},{"damage":19.0,"enemies":"Gremlin Nob","floor":6.0,"turns":4.0},{"damage":6.0,"enemies":"Large Slime","floor":10.0,"turns":3.0},{"damage":0.0,"enemies":"2 Fungi Beasts","floor":11.0,"turns":1.0},{"damage":5.0,"enemies":"Red Slaver","floor":14.0,"turns":2.0},{"damage":30.0,"enemies":"The Guardian","floor":16.0,"turns":5.0},{"damage":14.0,"enemies":"3 Byrds","floor":18.0,"turns":4.0},{"damage":6.0,"enemies":"Spheric Guardian","floor":22.0,"turns":3.0},{"damage":4.0,"enemies":"Gremlin Leader","floor":23.0,"turns":4.0},{"damage":13.0,"enemies":"Snake Plant","floor":28.0,"turns":2.0},{"damage":2.0,"enemies":"Chosen and Byrds","floor":29.0,"turns":3.0},{"damage":12.0,"enemies":"Champ","floor":33.0,"turns":6.0},{"damage":0.0,"enemies":"Orb Walker","floor":35.0,"turns":2.0},{"damage":18.0,"enemies":"3 Shapes","floor":38.0,"turns":3.0},{"damage":26.0,"enemies":"Spire Growth","floor":39.0,"turns":4.0},{"damage":25,"enemies":"Jaw Worm Horde","floor":41,"turns":4},{"damage":15,"enemies":"4 Shapes","floor":45,"turns":3}],"seed_played":"2850324256676665149","potions_obtained":[{"floor":1.0,"key":"SkillPotion"},{"floor":6.0,"key":"Fire Potion"},{"floor":14.0,"key":"Swift Potion"},{"floor":18.0,"key":"Ancient Potion"},{"floor":23.0,"key":"PowerPotion"},{"floor":28.0,"key":"FearPotion"}],"is_trial":false,"path_per_floor":["M","$","M","M","M","E","R","?","T","M","M","R","?","M","R","B",null,"M","?","?","$","M","E","R","$","T","?","M","M","?","$","R","B",null,"M","?","?","M","M","R","M","?","T","R","M"],"character_chosen":"MARISA","items_purchased":["Membership Card"],"campfire_rested":2,"item_purchase_floors":[25],"current_hp_per_floor":[75,75,74,74,69,50,50,35,35,31,33,33,33,30,30,2,75,61,61,61,61,57,55,55,55,55,55,44,44,38,38,75,63,75,75,66,66,50,26,26,3,3,3,40,27,27],"gold":0,"neow_bonus":"HUNDRED_GOLD","is_daily":false,"chose_seed":false,"campfire_upgraded":4,"win_rate":0.0,"timestamp":1612662791,"path_taken":["M","$","M","M","M","E","R","?","T","M","M","R","?","M","R","BOSS","M","?","?","$","M","E","R","$","T","?","M","M","?","?","R","BOSS","M","?","?","?","M","R","?","?","T","R","M"],"items_purchased_type":["Relic"],"build_version":"2020-12-22","purchased_purges":3,"victory":false,"max_hp_per_floor":[75,75,75,75,75,75,75,75,75,75,75,75,75,75,75,75,75,75,75,75,75,75,75,75,75,75,75,75,75,75,75,75,75,75,75,75,75,75,75,75,75,75,75,75,75,75],"card_choices":[{"not_picked":["ShootingEcho","UnstableBomb"],"picked":"AlicesGift","floor":1.0},{"not_picked":["MagicAbsorber","OpenUniverse","Acceleration"],"picked":"SKIP","floor":3.0},{"not_picked":["DoubleSpark","OneTimeOff","PowerUp"],"picked":"SKIP","floor":4.0},{"not_picked":["GrandCross","NonDirectionalLaser","UnstableBomb"],"picked":"SKIP","floor":5.0},{"not_picked":["EscapeVelocity","6A"],"picked":"MysteriousBeam","floor":6.0},{"not_picked":["MilkyWay","ShootingEcho","LuminesStrike"],"picked":"SKIP","floor":10.0},{"not_picked":["StarBarrage","AsteroidBelt","WitchLeyline"],"picked":"SKIP","floor":11.0},{"not_picked":["StarBarrage","AsteroidBelt","WitchLeyline"],"picked":"SKIP","floor":11.0},{"not_picked":["UnstableBomb","DarkMatter","CollectingQuirk"],"picked":"SKIP","floor":14.0},{"not_picked":["Acceleration","ShootingEcho"],"picked":"MysteriousBeam","floor":18.0},{"not_picked":["PowerUp+1","DarkMatter","ManaConvection"],"picked":"SKIP","floor":22.0},{"not_picked":["UnstableBomb","BinaryStars","ChargeUpSpray"],"picked":"SKIP","floor":23.0},{"not_picked":["PowerUp","WitchOfGreed+1","StarlightTyphoon"],"picked":"SKIP","floor":28.0},{"not_picked":["AlicesGift","WitchOfGreed+1","OrrerysSun"],"picked":"SKIP","floor":29.0},{"not_picked":["StarDustReverie","SuperNova"],"picked":"UltimateShortwave","floor":33.0},{"not_picked":["StarBarrage","SporeBomb"],"picked":"EnergyFlow+1","floor":35.0},{"not_picked":["MagicChant","NonDirectionalLaser+1"],"picked":"MysteriousBeam+1","floor":38.0},{"not_picked":["OneTimeOff","AlicesGift","GrandCross"],"picked":"SKIP","floor":39},{"not_picked":["LuminesStrike+1","PowerUp"],"picked":"MeteoricShower+1","floor":41}],"player_experience":268298,"relics_obtained":[{"floor":6.0,"key":"Blood Vial"},{"floor":23.0,"key":"Regal Pillow"},{"floor":26.0,"key":"Whetstone"},{"floor":43,"key":"Orichalcum"}],"event_choices":[{"damage_healed":0.0,"max_hp_gain":0.0,"max_hp_loss":0.0,"gold_gain":0.0,"event_name":"Shining Light","player_choice":"Entered Light","floor":8.0,"gold_loss":0.0,"damage_taken":15.0,"cards_upgraded":["AlicesGift","Defend_MRS"]},{"cards_removed":["Defend_MRS"],"damage_healed":0.0,"max_hp_gain":0.0,"max_hp_loss":0.0,"gold_gain":0.0,"event_name":"Bonfire Elementals","player_choice":"Offered Basic","floor":13.0,"gold_loss":0.0,"damage_taken":0.0},{"cards_removed":["Defend_MRS"],"damage_healed":0.0,"max_hp_gain":0.0,"max_hp_loss":0.0,"gold_gain":0.0,"event_name":"betterNote:BetterNote","player_choice":"Give","floor":19.0,"gold_loss":0.0,"damage_taken":0.0,"cards_obtained":["Doubt"]},{"damage_healed":0.0,"max_hp_gain":0.0,"max_hp_loss":0.0,"gold_gain":0.0,"event_name":"Addict","player_choice":"Obtained Relic","floor":20.0,"gold_loss":85.0,"damage_taken":0.0,"relics_obtained":["Ornamental Fan"]},{"damage_healed":0.0,"max_hp_gain":0.0,"max_hp_loss":0.0,"gold_gain":0.0,"event_name":"Ghosts","player_choice":"Ignored","floor":27.0,"gold_loss":0.0,"damage_taken":0.0},{"damage_healed":0.0,"max_hp_gain":0.0,"max_hp_loss":0.0,"gold_gain":0.0,"event_name":"Nest","player_choice":"Joined the Cult","floor":30.0,"gold_loss":0.0,"damage_taken":6.0,"cards_obtained":["RitualDagger"]},{"damage_healed":0.0,"max_hp_gain":0.0,"max_hp_loss":0.0,"gold_gain":0.0,"event_name":"Winding Halls","player_choice":"Embrace Madness","floor":36.0,"gold_loss":0.0,"damage_taken":9.0,"cards_obtained":["Madness","Madness"]},{"damage_healed":0.0,"max_hp_gain":0.0,"max_hp_loss":0.0,"gold_gain":0.0,"event_name":"Wheel of Change","player_choice":"Cursed","floor":37.0,"gold_loss":0.0,"damage_taken":0.0,"cards_obtained":["Decay"]},{"damage_healed":0,"gold_gain":0,"player_choice":"Paid","damage_taken":0,"relics_obtained":["Red Mask"],"max_hp_gain":0,"max_hp_loss":0,"event_name":"Tomb of Lord Red Mask","floor":42,"gold_loss":7}],"is_beta":false,"boss_relics":[{"not_picked":["Runic Pyramid","BewitchedHakkero"],"picked":"Ectoplasm"},{"not_picked":["Cursed Key","SlaversCollar"],"picked":"Empty Cage"}],"items_purged_floors":[2,25,31],"is_endless":false,"potions_floor_spawned":[1,6,14,18,23,28,33,38,39,41],"killed_by":"4 Shapes","ascension_level":0}}