{"host":"px2oznrenyeljk7o","time":1612709680,"event":{"mods":["100% Spire Juice","2.2 Compatiblity","A Penny For Your Troubles","AchievementEnabler","Act Like it!","Arknights","Aspiration","Astrologer","BaseMod","Better Altar","Better Match","Better Note","Better Sensory Stone","Better Skull","Better Third Choice","BetterRewards","Bossed Relics","ChefMod","Colored Map","Conspire","Curses Come First","Elementarium","Energized Spire","Evolution","Fireblade Mod","Fox Events","Gensokyo","GifTheSpireLib","GungeonMod","Hallownest","Hermit","KinomotoSakuraMod(????)","Koishi","LagranYue(???·?)","Lobotomy","LobotomyExtend","Luminous","Marisa????????","Menagerie","Minty Spire (QoL Compilation)","Nova Terra(??·??)","Poor People Problems","Potionbrewer","Random Character Button","Rare Cards Sparkle","Reimu??????","Reliquary","Replay The Spire","Robot Space Explorer","Shade Mod","Small Relic Pack","Somnambulant","Spicy Shops","StSLib","Stuff the Spire","The Administrix","The Alterego","The Animator","The Blackbeard","The Blue Laboratory","The Bug Knight","The Clintock","The Construct","The Cursed","The Death Knight","The Disciple","The Florist","The Gatherer","The Hayseed","The Hierophant","The Jungle","The Marked","The Mystic","The Runesmith","The Servant 0.9.4","The Trickster","TheFirefly","TheSurvivalist","TheWitcher","WarShipGirlsR/????R mod","Wide Potions","Yakumo Yukari mod","Yuri Mod","everything is the same but u backflip on backflip","slay the spire mod where everything is the same but ironclad has a cowboy hat","??????REMEMod"],"gold_per_floor":[113,7,7,7,21,21,39,72,72,22,42,42,75,87,87,87,87],"floor_reached":16,"language":"ENG","playtime":1704,"items_purged":[],"score":110,"play_id":"97710158-1c3d-4a23-a7ea-3193bdd2384d","local_time":"20210207155440","is_ascension_mode":false,"campfire_choices":[{"floor":6.0,"key":"REST"},{"floor":12,"key":"REST"},{"floor":15,"key":"REST"}],"circlet_count":0,"master_deck":["theMarked:Strike","theMarked:Strike","theMarked:Strike","theMarked:Strike","theMarked:Strike","theMarked:Defend","theMarked:Defend","theMarked:Defend","theMarked:Defend","theMarked:SoldierOfQuellstein","BestPractice","theMarked:Challenge","theMarked:Memento","theMarked:KeepCalmAndFight","theMarked:Aftermath","Delirium","theMarked:ChainLightning","theMarked:Improvise","theMarked:MysticalArsenal","theMarked:TwofoldDefense","theMarked:ContemptForTheProud","theMarked:EnhanceMovement"],"relics":["theMarked:ArtifactOfAir","EVO:Axolotl","REME_ComplimentaryCards","LagranYue:RandomDrawCardRelic","LetterFromLob","ReplayTheSpireMod:Ring of Challenge","reliquary:TridentHead","Unceasing Top","potionbrewer:AlchemistFlask","reliquary:PurpleTingedLeaf"],"acts_visited":["Exordium"],"potions_floor_usage":[13],"damage_taken":[{"damage":0.0,"enemies":"2 Louse","floor":1.0,"turns":3.0},{"damage":7.0,"enemies":"Jaw Worm","floor":5.0,"turns":2.0},{"damage":0.0,"enemies":"Small Slimes","floor":7.0,"turns":1.0},{"damage":11.0,"enemies":"3 Sentries","floor":8.0,"turns":5.0},{"damage":7.0,"enemies":"Gremlin Gang","floor":11.0,"turns":4.0},{"damage":15,"enemies":"Gremlin Nob","floor":13,"turns":3},{"damage":3,"enemies":"2 Fungi Beasts","floor":14,"turns":3},{"damage":101,"enemies":"Fading Forest","floor":16,"turns":10}],"seed_played":"8027572257336974414","potions_obtained":[{"floor":7.0,"key":"potionbrewer:AcidPotion"},{"floor":8.0,"key":"Fire Potion"}],"is_trial":false,"path_per_floor":["M","$","?","?","M","R","M","E","T","?","M","R","E","M","R","B"],"character_chosen":"THE_DEFAULT","items_purchased":["theMarked:KeepCalmAndFight","theMarked:Aftermath"],"campfire_rested":3,"item_purchase_floors":[2,2],"current_hp_per_floor":[70,70,70,70,63,70,70,59,59,59,52,70,55,53,70,0,0],"gold":87,"neow_bonus":"ONE_RANDOM_RARE_CARD","is_daily":false,"chose_seed":false,"campfire_upgraded":0,"win_rate":0.0,"timestamp":1612709680,"path_taken":["M","$","?","?","M","R","M","E","T","?","?","R","E","M","R","BOSS"],"items_purchased_type":["Card","Card"],"build_version":"2020-12-22","purchased_purges":0,"victory":false,"max_hp_per_floor":[70,70,70,70,70,70,70,70,70,70,70,70,70,70,70,70,70],"card_choices":[{"not_picked":["theMarked:RepellingDischarge","theMarked:WastefulAttack"],"picked":"theMarked:Memento","floor":1.0},{"not_picked":["theMarked:Aftermath","theMarked:BanishingStrike"],"picked":"theMarked:ChainLightning","floor":5.0},{"not_picked":["theMarked:KeepCalmAndFight","theMarked:Indomitable"],"picked":"theMarked:Improvise","floor":7.0},{"not_picked":["theMarked:ThrowWeapon","theMarked:SwordAndMagic"],"picked":"theMarked:MysticalArsenal","floor":8.0},{"not_picked":["theMarked:ChainLightning","theMarked:Improvise"],"picked":"theMarked:TwofoldDefense","floor":11},{"not_picked":["theMarked:ShockingTouch","theMarked:RepellingDischarge"],"picked":"theMarked:ContemptForTheProud","floor":13},{"not_picked":["theMarked:TheMission","theMarked:TakeCover"],"picked":"theMarked:EnhanceMovement","floor":14}],"player_experience":610270,"relics_obtained":[{"floor":1.0,"key":"LetterFromLob"},{"floor":3.0,"key":"ReplayTheSpireMod:Ring of Challenge"},{"floor":8.0,"key":"reliquary:TridentHead"},{"floor":9.0,"key":"Unceasing Top"},{"floor":13,"key":"reliquary:PurpleTingedLeaf"}],"event_choices":[{"damage_healed":0.0,"max_hp_gain":0.0,"max_hp_loss":0.0,"gold_gain":0.0,"event_name":"WeMeetAgain","player_choice":"Paid Gold","floor":10.0,"gold_loss":50.0,"damage_taken":0.0,"relics_obtained":["potionbrewer:AlchemistFlask"]}],"is_beta":false,"boss_relics":[],"items_purged_floors":[],"is_endless":false,"potions_floor_spawned":[7,8],"killed_by":"Fading Forest","ascension_level":0}}