{"host":"rolltorest","time":1612680186,"event":{"mods":["BaseMod","Minty Spire (QoL Compilation)","Relic Stats","Slay the Relics Exporter","StSLib"],"gold_per_floor":[114,134,134,134,144,176,176,211,258,258,271,271,271],"floor_reached":12,"language":"ENG","playtime":289,"items_purged":[],"score":176,"play_id":"8787bc14-40d6-4b6f-b7ce-e2faedd27960","local_time":"20210206224306","is_ascension_mode":true,"campfire_choices":[{"floor":7,"key":"REST"},{"floor":10,"key":"REST"}],"circlet_count":0,"master_deck":["AscendersBane","Strike_R","Strike_R","Strike_R","Strike_R","Strike_R","Defend_R","Defend_R","Defend_R+1","Defend_R+1","Bash","Shrug It Off","Perfected Strike","Anger","Headbutt","Blood for Blood"],"relics":["Black Star","Darkstone Periapt","Potion Belt","StrikeDummy","Regal Pillow","Nunchaku"],"acts_visited":["Exordium"],"potions_floor_usage":[6,6],"damage_taken":[{"damage":9,"enemies":"Jaw Worm","floor":1,"turns":4},{"damage":4,"enemies":"2 Louse","floor":2,"turns":5},{"damage":11,"enemies":"Cultist","floor":5,"turns":5},{"damage":20,"enemies":"3 Sentries","floor":6,"turns":9},{"damage":28,"enemies":"Lagavulin","floor":8,"turns":6},{"damage":32,"enemies":"Large Slime","floor":11,"turns":6},{"damage":0,"enemies":"3 Sentries","floor":12,"turns":2}],"seed_played":"6122601335437862428","potions_obtained":[{"floor":2,"key":"BlessingOfTheForge"},{"floor":5,"key":"Regen Potion"}],"is_trial":false,"path_per_floor":["M","M","?","?","M","E","R","E","T","R","M","E"],"character_chosen":"IRONCLAD","items_purchased":[],"campfire_rested":2,"item_purchase_floors":[],"current_hp_per_floor":[59,55,55,32,21,16,38,10,10,47,15,15,15],"gold":271,"neow_bonus":"BOSS_RELIC","is_daily":false,"chose_seed":false,"campfire_upgraded":0,"win_rate":0.0,"timestamp":1612680186,"path_taken":["M","M","?","?","M","E","R","E","T","R","M","E"],"items_purchased_type":[],"build_version":"2020-12-18","purchased_purges":0,"victory":false,"max_hp_per_floor":[75,75,75,75,75,75,75,75,75,75,75,75,75],"relic_stats":{"Darkstone Periapt":0,"Regal Pillow":15,"Nunchaku":[1],"counters":[7,37],"Black Star":2,"obtain_stats":[{"Darkstone Periapt":6,"Potion Belt":6,"Regal Pillow":8,"Nunchaku":9,"Black Star":0,"StrikeDummy":8,"Burning Blood":0},{"Darkstone Periapt":4,"Potion Belt":4,"Regal Pillow":5,"Nunchaku":5,"Black Star":0,"StrikeDummy":5,"Burning Blood":0},{"Darkstone Periapt":23,"Potion Belt":23,"Regal Pillow":29,"Nunchaku":29,"Black Star":0,"StrikeDummy":29,"Burning Blood":0}]},"card_choices":[{"not_picked":["Dual Wield","Body Slam"],"picked":"Shrug It Off","floor":1},{"not_picked":["Sentinel","Intimidate","Havoc"],"picked":"SKIP","floor":2},{"not_picked":["Shrug It Off","Pommel Strike"],"picked":"Perfected Strike","floor":5},{"not_picked":["Rage","Cleave"],"picked":"Anger","floor":6},{"not_picked":["Combust","Feel No Pain"],"picked":"Headbutt","floor":8},{"not_picked":["Barricade","Metallicize"],"picked":"Blood for Blood","floor":11}],"player_experience":1908521,"relics_obtained":[{"floor":6,"key":"Darkstone Periapt"},{"floor":6,"key":"Potion Belt"},{"floor":8,"key":"StrikeDummy"},{"floor":8,"key":"Regal Pillow"},{"floor":9,"key":"Nunchaku"}],"event_choices":[{"damage_healed":0,"gold_gain":0,"player_choice":"Ignored","damage_taken":0,"max_hp_gain":0,"max_hp_loss":0,"event_name":"Golden Wing","floor":3,"gold_loss":0},{"damage_healed":0,"gold_gain":0,"player_choice":"Entered Light","damage_taken":23,"max_hp_gain":0,"max_hp_loss":0,"event_name":"Shining Light","floor":4,"gold_loss":0,"cards_upgraded":["Defend_R","Defend_R"]}],"is_beta":true,"boss_relics":[],"items_purged_floors":[],"is_endless":false,"potions_floor_spawned":[2,5],"killed_by":"3 Sentries","ascension_level":20}}