{"host":"psytf3wd8ccrk52d","time":1612735659,"event":{"mods":["Astrologer","BaseMod","Better Third Choice","Colored Map","Downfall","Minty Spire (QoL Compilation)","Replay The Spire","Shade Mod","Shop Mod","Spire Arcade","StSLib","The Marked"],"gold_per_floor":[99,99,99,99,99,27,79,179,15,115,125,125,158,178,197,306,306,206,17,17,44,144,144,144,161,189,237,263,301,301,301,301],"floor_reached":30,"language":"ENG","playtime":1726,"items_purged":["hexamod:Strike","hexamod:Strike"],"score":240,"play_id":"3ee35c92-06ad-4a87-99ce-2f4e3461b461","local_time":"20210207220739","is_ascension_mode":false,"campfire_choices":[{"data":"hexamod:Float","floor":1,"key":"SMITH"},{"data":"hexamod:FlamesFromBeyond","floor":12,"key":"SMITH"},{"data":"hexamod:TimeOfNeed","floor":18,"key":"SMITH"},{"data":"hexamod:GhostOfSpirePast","floor":23,"key":"SMITH"}],"circlet_count":0,"master_deck":["hexamod:Strike","hexamod:Strike","hexamod:Defend","hexamod:Defend","hexamod:Defend","hexamod:Defend","hexamod:Sear","hexamod:Float+1","hexamod:SpectersWail","hexamod:GhostOfSpirePast+1","hexamod:BurningTouch","hexamod:ThirdSeal","hexamod:FlamesFromBeyond+1","hexamod:GhostLash+1","hexamod:SecondSeal","hexamod:RecurringNightmare+1","hexamod:DynamicBlow","hexamod:GhostShield","hexamod:GhostLash+1","hexamod:GhostShield+1","hexamod:FifthSeal","hexamod:TimeOfNeed+1","hexamod:SixthSeal","hexamod:BacktrackSmack+1","hexamod:Firestarter+1","hexamod:FirstSeal","hexamod:FirstSeal","hexamod:FourthSeal","hexamod:Firestarter","hexamod:SixthSeal","hexamod:HeatShield","hexamod:SecondSeal","hexamod:FourthSeal"],"relics":["hexamod:SpiritBrand","downfall:HeartsMalice","Ancient Tea Set","Bag of Preparation","ReplayTheSpireMod:Lightbulb","Snecko Eye","downfall:HeartBlessingGreen","Gremlin Horn","Toy Ornithopter"],"acts_visited":["Exordium","TheCity"],"potions_floor_usage":[16,16,19,25,30,30],"damage_taken":[{"damage":0,"enemies":"Jaw Worm","floor":2,"turns":1},{"damage":0,"enemies":"Small Slimes","floor":3,"turns":1},{"damage":0,"enemies":"downfall:FleeingMerchant","floor":6,"turns":1},{"damage":0,"enemies":"downfall:FleeingMerchant","floor":9,"turns":4},{"damage":16,"enemies":"Lagavulin","floor":13,"turns":6},{"damage":0,"enemies":"2 Louse","floor":14,"turns":4},{"damage":8,"enemies":"Blue Slaver","floor":15,"turns":3},{"damage":19,"enemies":"DF_ARCHETYPE_STREAMLINE","floor":16,"turns":10},{"damage":10,"enemies":"downfall:FleeingMerchant","floor":19,"turns":5},{"damage":25,"enemies":"Shell Parasite","floor":21,"turns":7},{"damage":0,"enemies":"Centurion and Healer","floor":25,"turns":5},{"damage":12,"enemies":"3 Cultists","floor":26,"turns":3},{"damage":32,"enemies":"Gremlin Leader","floor":29,"turns":6},{"damage":58,"enemies":"Cultist and Chosen","floor":30,"turns":4}],"seed_played":"-8343898176187573275","potions_obtained":[{"floor":11,"key":"hexamod:EctoCoolerPotion"},{"floor":13,"key":"Flashbang"},{"floor":15,"key":"Weak Potion"},{"floor":21,"key":"Weak Potion"},{"floor":25,"key":"Dexterity Potion"},{"floor":29,"key":"Swift Potion"}],"is_trial":false,"path_per_floor":["R","M","M","?","?","$","T","?","$","?","?","R","E","M","M","B",null,"R","$","?","M","?","R","T","M","M","T","T","E","M"],"character_chosen":"THE_SPIRIT","items_purchased":["hexamod:ThirdSeal","hexamod:SecondSeal","hexamod:FirstSeal"],"campfire_rested":0,"item_purchase_floors":[6,9,19],"current_hp_per_floor":[70,70,70,67,67,67,67,67,67,67,67,67,51,51,43,24,70,70,60,60,42,42,42,42,56,58,58,58,40,0,0,0],"gold":301,"neow_bonus":"THREE_ENEMY_KILL","is_daily":false,"chose_seed":false,"campfire_upgraded":4,"win_rate":0.0,"timestamp":1612735659,"path_taken":["R","M","M","?","?","$","T","?","?","?","?","R","E","M","M","BOSS","R","$","?","?","?","R","T","?","?","?","?","E","?"],"items_purchased_type":["Card","Card","Card"],"build_version":"2020-12-22","purchased_purges":2,"victory":false,"max_hp_per_floor":[70,70,70,70,70,70,70,70,70,70,70,70,70,70,70,70,70,70,70,70,70,70,70,70,70,70,70,70,70,70,70,70],"card_choices":[{"not_picked":["hexamod:PhantomFireball","hexamod:ShieldOfDarkness"],"picked":"hexamod:SpectersWail","floor":2},{"not_picked":["hexamod:HauntingEcho","hexamod:ShieldOfDarkness"],"picked":"hexamod:GhostOfSpirePast","floor":3},{"not_picked":["hexamod:ThermalTransfer","hexamod:HeatCrush"],"picked":"hexamod:BurningTouch","floor":6},{"not_picked":["hexamod:GiftsFromTheDead","hexamod:ThirdSeal"],"picked":"hexamod:FlamesFromBeyond","floor":9},{"not_picked":["hexamod:ShieldOfDarkness","hexamod:Again"],"picked":"hexamod:GhostLash","floor":9},{"not_picked":["hexamod:PhantomFireball","hexamod:HeatCrush"],"picked":"hexamod:RecurringNightmare","floor":13},{"not_picked":["hexamod:HauntingEcho","hexamod:BurningTouch"],"picked":"hexamod:DynamicBlow","floor":13},{"not_picked":["hexamod:RecurringNightmare","hexamod:ThirdSeal"],"picked":"hexamod:GhostShield","floor":14},{"not_picked":["hexamod:ThermalTransfer","hexamod:NecessarySacrifice"],"picked":"hexamod:GhostLash","floor":14},{"not_picked":["hexamod:ThermalTransfer","hexamod:SpectersWail"],"picked":"hexamod:GhostShield","floor":15},{"not_picked":["hexamod:GiftsFromTheDead","hexamod:UnlimitedPower"],"picked":"hexamod:FifthSeal","floor":16},{"not_picked":["hexamod:SearingWound","hexamod:UnlimitedPower"],"picked":"hexamod:TimeOfNeed","floor":16},{"not_picked":["hexamod:SecondSeal","hexamod:FirstSeal"],"picked":"hexamod:SixthSeal","floor":19},{"not_picked":["hexamod:ShieldOfDarkness","hexamod:SpectersWail"],"picked":"hexamod:BacktrackSmack+1","floor":19},{"not_picked":["hexamod:InspiringFlames","hexamod:GhostLash"],"picked":"hexamod:Firestarter+1","floor":19},{"not_picked":["hexamod:SecondSeal","hexamod:ThirdSeal"],"picked":"hexamod:FirstSeal","floor":21},{"not_picked":["hexamod:HexaLevel","hexamod:GhostLash+1","hexamod:FastForward+1"],"picked":"SKIP","floor":21},{"not_picked":["hexamod:FirstSeal","hexamod:SixthSeal"],"picked":"hexamod:FourthSeal","floor":25},{"not_picked":["hexamod:NightmareGuise","hexamod:InspiringFlames+1","hexamod:ShieldOfDarkness"],"picked":"SKIP","floor":25},{"not_picked":["hexamod:RainOfEmbers","hexamod:FourthSeal"],"picked":"hexamod:Firestarter","floor":26},{"not_picked":["hexamod:ThirdSeal","hexamod:FourthSeal"],"picked":"hexamod:SixthSeal","floor":26},{"not_picked":["hexamod:ThermalTransfer","hexamod:DynamicBlow"],"picked":"hexamod:HeatShield","floor":26},{"not_picked":["hexamod:FourthSeal","hexamod:SixthSeal"],"picked":"hexamod:SecondSeal","floor":29},{"not_picked":["hexamod:HauntingEcho+1","hexamod:GhostLash+1"],"picked":"hexamod:FourthSeal","floor":29}],"player_experience":48561,"relics_obtained":[{"floor":7,"key":"Bag of Preparation"},{"floor":13,"key":"ReplayTheSpireMod:Lightbulb"},{"floor":24,"key":"Gremlin Horn"},{"floor":28,"key":"Toy Ornithopter"}],"event_choices":[{"damage_healed":0,"gold_gain":0,"player_choice":"Relic ","damage_taken":3,"max_hp_gain":0,"max_hp_loss":0,"event_name":"betterThird:BetterScrap","floor":4,"gold_loss":0,"cards_obtained":["Combust"]}],"is_beta":false,"boss_relics":[{"not_picked":["Replay:Drink Me","SacredBark"],"picked":"Snecko Eye"}],"items_purged_floors":[9,19],"is_endless":false,"potions_floor_spawned":[13,15,21,25,29],"killed_by":"Cultist and Chosen","ascension_level":0}}