{"host":"sc0o2qwpf9j16a4i","time":1612702958,"event":{"mods":["AchievementEnabler","BaseMod","BetterRewards","Block Reminder","Colored Map","Colored Powertips","Custom Start","Highlight Path","Minty Spire (QoL Compilation)","Relic Stats"],"gold_per_floor":[114,130,130,143,113,140,160,187,187,217,217,40,40,73,73,170,170,190,201,51,51,51,77,90,123,123,148,108,126,126,157,157,258,308,318,332,332,332,350,379,379,410,410,441,482,512,552,581,593,605],"floor_reached":51,"language":"ENG","playtime":2175,"items_purged":["Pain"],"score":1248,"play_id":"24d8b960-d9b0-4d51-9323-a2a557422a38","local_time":"20210207150238","daily_mods":["SealedDeck","Purple Cards","Elite Swarm"],"is_ascension_mode":false,"campfire_choices":[{"floor":13,"key":"REST"},{"data":"Skewer","floor":15,"key":"SMITH"},{"floor":32,"key":"REST"},{"floor":41,"key":"REST"},{"floor":49,"key":"REST"}],"circlet_count":0,"master_deck":["Blade Dance","FollowUp","CrushJoints","Evaluate","Deflect","Deflect+1","SandsOfTime","Consecrate","Worship+1","Skewer+1","WreathOfFlame","MasterReality","Sanctity","DeusExMachina","Die Die Die","Envenom+1","DevaForm","Protect","Necronomicurse","Vault","Footwork","TalkToTheHand","Vault","Bullet Time","A Thousand Cuts","Study","DevaForm","ThirdEye","Vault","ReachHeaven+1"],"relics":["Ring of the Snake","WarpedTongs","Mummified Hand","Dead Branch","Mercury Hourglass","Bird Faced Urn","Oddly Smooth Stone","Fusion Hammer","Sling","Necronomicon","StrikeDummy","StoneCalendar","Pantograph","Meat on the Bone","Bottled Tornado","Tiny House","TungstenRod","Ginger","MawBank","HornCleat","Molten Egg 2"],"acts_visited":["Exordium","TheCity","TheBeyond"],"potions_floor_usage":[6,25,27,36,40,42,42,42,47,50,50,50],"damage_taken":[{"damage":0,"enemies":"Cultist","floor":1,"turns":1},{"damage":0,"enemies":"2 Louse","floor":2,"turns":1},{"damage":5,"enemies":"Jaw Worm","floor":4,"turns":2},{"damage":14,"enemies":"3 Sentries","floor":6,"turns":5},{"damage":8,"enemies":"Large Slime","floor":7,"turns":5},{"damage":2,"enemies":"Lagavulin","floor":8,"turns":4},{"damage":4,"enemies":"3 Sentries","floor":10,"turns":2},{"damage":0,"enemies":"Lagavulin","floor":14,"turns":3},{"damage":0,"enemies":"Slime Boss","floor":16,"turns":3},{"damage":3,"enemies":"Shell Parasite","floor":18,"turns":3},{"damage":0,"enemies":"Spheric Guardian","floor":19,"turns":1},{"damage":0,"enemies":"Slavers","floor":23,"turns":3},{"damage":0,"enemies":"Snake Plant","floor":24,"turns":1},{"damage":7,"enemies":"Book of Stabbing","floor":25,"turns":5},{"damage":0,"enemies":"Gremlin Leader","floor":27,"turns":3},{"damage":0,"enemies":"Shelled Parasite and Fungi","floor":29,"turns":2},{"damage":0,"enemies":"Book of Stabbing","floor":31,"turns":2},{"damage":0,"enemies":"Collector","floor":33,"turns":5},{"damage":0,"enemies":"3 Shapes","floor":35,"turns":3},{"damage":3,"enemies":"3 Darklings","floor":36,"turns":5},{"damage":0,"enemies":"Spire Growth","floor":39,"turns":3},{"damage":0,"enemies":"Reptomancer","floor":40,"turns":3},{"damage":0,"enemies":"Nemesis","floor":42,"turns":6},{"damage":0,"enemies":"Jaw Worm Horde","floor":44,"turns":2},{"damage":0,"enemies":"Giant Head","floor":45,"turns":3},{"damage":0,"enemies":"3 Darklings","floor":46,"turns":4},{"damage":0,"enemies":"Reptomancer","floor":47,"turns":3},{"damage":0,"enemies":"4 Shapes","floor":48,"turns":4},{"damage":9,"enemies":"Time Eater","floor":50,"turns":7}],"seed_played":"2290911036473029117","potions_obtained":[{"floor":4,"key":"LiquidBronze"},{"floor":5,"key":"CunningPotion"},{"floor":5,"key":"EssenceOfSteel"},{"floor":8,"key":"Ancient Potion"},{"floor":25,"key":"ColorlessPotion"},{"floor":27,"key":"Poison Potion"},{"floor":34,"key":"EntropicBrew"},{"floor":36,"key":"Poison Potion"},{"floor":40,"key":"Block Potion"},{"floor":45,"key":"GhostInAJar"},{"floor":48,"key":"ColorlessPotion"}],"is_trial":true,"path_per_floor":["M","M","?","M","?","E","M","E","T","E","?","$","R","E","R","B",null,"M","M","$","?","?","E","M","E","T","E","?","M","$","E","R","B",null,"M","M","?","?","M","E","R","E","T","M","E","M","E","M","R","B",null],"character_chosen":"THE_SILENT","items_purchased":["Block Potion","AttackPotion","Sling"],"campfire_rested":4,"item_purchase_floors":[12,12,20],"current_hp_per_floor":[70,70,70,65,65,51,43,41,41,37,37,37,58,60,60,68,70,67,67,67,51,38,40,40,41,41,51,51,57,57,61,75,75,80,80,80,80,80,80,80,80,80,80,80,80,80,80,80,80,71],"gold":617,"neow_bonus":"","is_daily":false,"chose_seed":false,"campfire_upgraded":1,"win_rate":0.0,"timestamp":1612702958,"path_taken":["M","M","?","?","?","E","?","E","T","E","?","$","R","E","R","BOSS","M","?","$","?","?","E","M","E","T","E","?","M","$","E","R","BOSS","M","M","?","?","?","E","R","E","T","M","E","M","E","M","R","BOSS"],"items_purchased_type":["Potion","Potion","Relic"],"build_version":"2020-12-22","purchased_purges":1,"victory":true,"max_hp_per_floor":[70,70,70,70,70,70,70,70,70,70,70,70,70,70,70,70,70,70,70,70,70,75,75,75,75,75,75,75,75,75,75,75,75,80,80,80,80,80,80,80,80,80,80,80,80,80,80,80,80,80],"relic_stats":{"counters":[29,92],"Dead Branch":[167],"StoneCalendar":[42],"Ginger":[0],"MawBank":96,"WarpedTongs":[89],"Mercury Hourglass":[338],"Mummified Hand":[151],"Bird Faced Urn":[43],"Pantograph":0,"Necronomicon":[24],"obtain_stats":[{"Tiny House":34,"Dead Branch":8,"Oddly Smooth Stone":14,"StoneCalendar":25,"Ginger":42,"Bottled Tornado":31,"Sling":20,"MawBank":43,"WarpedTongs":3,"Mercury Hourglass":9,"HornCleat":45,"Mummified Hand":6,"Bird Faced Urn":10,"Pantograph":26,"Molten Egg 2":47,"Fusion Hammer":17,"Necronomicon":21,"StrikeDummy":23,"TungstenRod":40,"Ring of the Snake":0,"Meat on the Bone":27},{"Tiny House":18,"Dead Branch":6,"Oddly Smooth Stone":8,"StoneCalendar":14,"Ginger":23,"Bottled Tornado":17,"Sling":11,"MawBank":23,"WarpedTongs":2,"Mercury Hourglass":6,"HornCleat":25,"Mummified Hand":4,"Bird Faced Urn":7,"Pantograph":14,"Molten Egg 2":27,"Fusion Hammer":9,"Necronomicon":11,"StrikeDummy":12,"TungstenRod":22,"Ring of the Snake":0,"Meat on the Bone":15},{"Tiny House":51,"Dead Branch":18,"Oddly Smooth Stone":23,"StoneCalendar":39,"Ginger":70,"Bottled Tornado":46,"Sling":30,"MawBank":70,"WarpedTongs":2,"Mercury Hourglass":18,"HornCleat":75,"Mummified Hand":9,"Bird Faced Urn":20,"Pantograph":39,"Molten Egg 2":82,"Fusion Hammer":26,"Necronomicon":30,"StrikeDummy":33,"TungstenRod":64,"Ring of the Snake":0,"Meat on the Bone":42}],"TungstenRod":3,"Ring of the Snake":[59],"Meat on the Bone":0},"card_choices":[{"not_picked":["FollowUp","Deadly Poison"],"picked":"WreathOfFlame","floor":1},{"not_picked":["Outmaneuver","Pray","Accuracy"],"picked":"SKIP","floor":2},{"not_picked":["Poisoned Stab","Sucker Punch","Pray"],"picked":"SKIP","floor":4},{"not_picked":["Adrenaline","Malaise"],"picked":"MasterReality","floor":6},{"not_picked":["FearNoEvil","Poisoned Stab"],"picked":"Sanctity","floor":7},{"not_picked":["Grand Finale","Vault"],"picked":"DeusExMachina","floor":8},{"not_picked":["Corpse Explosion","Grand Finale"],"picked":"Die Die Die","floor":10},{"not_picked":["A Thousand Cuts","Corpse Explosion"],"picked":"Envenom","floor":14},{"not_picked":["Die Die Die","Glass Knife"],"picked":"DevaForm","floor":16},{"not_picked":["Reflex","PathToVictory","Flying Knee"],"picked":"SKIP","floor":18},{"not_picked":["Flying Knee+1","Dodge and Roll+1"],"picked":"Protect","floor":19},{"not_picked":["Corpse Explosion","Die Die Die"],"picked":"Vault","floor":23},{"not_picked":["Leg Sweep","MentalFortress"],"picked":"Footwork","floor":24},{"not_picked":["Die Die Die","DevaForm"],"picked":"Establishment","floor":25},{"not_picked":["ConjureBlade","LessonLearned","Establishment"],"picked":"SKIP","floor":27},{"not_picked":["MentalFortress","Dagger Spray"],"picked":"TalkToTheHand","floor":29},{"not_picked":["Judgement","After Image"],"picked":"Vault","floor":31},{"not_picked":["A Thousand Cuts","Establishment"],"picked":"Bullet Time","floor":33},{"not_picked":["Crescendo","Dodge and Roll","FollowUp+1"],"picked":"SKIP","floor":35},{"not_picked":["Underhanded Strike+1","Flechettes+1"],"picked":"A Thousand Cuts","floor":36},{"not_picked":["FollowUp+1","EmptyBody"],"picked":"Study","floor":39},{"not_picked":["SpiritShield","Wraith Form v2","Doppelganger"],"picked":"SKIP","floor":40},{"not_picked":["Tools of the Trade","Envenom"],"picked":"DevaForm","floor":42},{"not_picked":["Conclude","BowlingBash"],"picked":"ThirdEye","floor":44},{"not_picked":["Tools of the Trade","Venomology","Judgement"],"picked":"SKIP","floor":45},{"not_picked":["InnerPeace","Nirvana+1","Eviscerate"],"picked":"SKIP","floor":46},{"not_picked":["A Thousand Cuts","Alpha"],"picked":"Vault","floor":47},{"not_picked":["EmptyBody","Poisoned Stab+1"],"picked":"ReachHeaven+1","floor":48}],"player_experience":1257864,"relics_obtained":[{"floor":6,"key":"Mummified Hand"},{"floor":8,"key":"Dead Branch"},{"floor":9,"key":"Mercury Hourglass"},{"floor":10,"key":"Bird Faced Urn"},{"floor":14,"key":"Oddly Smooth Stone"},{"floor":21,"key":"Necronomicon"},{"floor":23,"key":"StrikeDummy"},{"floor":25,"key":"StoneCalendar"},{"floor":26,"key":"Pantograph"},{"floor":27,"key":"Meat on the Bone"},{"floor":31,"key":"Bottled Tornado"},{"floor":40,"key":"TungstenRod"},{"floor":42,"key":"Ginger"},{"floor":43,"key":"MawBank"},{"floor":45,"key":"HornCleat"},{"floor":47,"key":"Molten Egg 2"}],"event_choices":[{"damage_healed":0,"gold_gain":0,"player_choice":"Rummage","damage_taken":0,"relics_obtained":["WarpedTongs"],"max_hp_gain":0,"max_hp_loss":0,"event_name":"Accursed Blacksmith","floor":3,"gold_loss":0,"cards_obtained":["Pain"]},{"damage_healed":0,"gold_gain":0,"player_choice":"Bought 2 Potions","damage_taken":0,"max_hp_gain":0,"max_hp_loss":0,"event_name":"The Woman in Blue","floor":5,"gold_loss":0},{"damage_healed":0,"gold_gain":0,"player_choice":"Upgraded","damage_taken":0,"max_hp_gain":0,"max_hp_loss":0,"event_name":"Upgrade Shrine","floor":11,"gold_loss":0,"cards_upgraded":["Worship"]},{"damage_healed":0,"gold_gain":0,"player_choice":"Obtained Book","damage_taken":16,"max_hp_gain":0,"max_hp_loss":0,"event_name":"Cursed Tome","floor":21,"gold_loss":0},{"damage_healed":0,"gold_gain":0,"player_choice":"Shed Blood","damage_taken":18,"max_hp_gain":5,"max_hp_loss":0,"event_name":"Forgotten Altar","floor":22,"gold_loss":0},{"damage_healed":0,"gold_gain":0,"player_choice":"Upgrade","damage_taken":0,"max_hp_gain":0,"max_hp_loss":0,"event_name":"Designer","floor":28,"gold_loss":40,"cards_upgraded":["Envenom"]},{"cards_removed":["Establishment"],"damage_healed":0,"gold_gain":0,"player_choice":"Removed Power","damage_taken":0,"max_hp_gain":0,"max_hp_loss":0,"event_name":"Falling","floor":37,"gold_loss":0},{"damage_healed":0,"gold_gain":0,"player_choice":"Ignored","damage_taken":0,"max_hp_gain":0,"max_hp_loss":0,"event_name":"NoteForYourself","floor":38,"gold_loss":0}],"is_beta":false,"boss_relics":[{"not_picked":["SlaversCollar","Coffee Dripper"],"picked":"Fusion Hammer"},{"not_picked":["Velvet Choker","Runic Dome"],"picked":"Tiny House"}],"items_purged_floors":[12],"is_endless":false,"potions_floor_spawned":[4,8,10,16,18,25,27,31,35,36,40,45,48],"ascension_level":0}}