{"host":"q5vpntglr38zhb0c","time":1612704577,"event":{"mods":["BaseMod","Colored Map","DeckTracker","Keyboard Shortcuts","Minty Spire (QoL Compilation)","Permanent Neow","StSLib","SuperFastMode","everything is the same but u backflip on backflip"],"gold_per_floor":[212,229,229,54,34,34,75,75,75,75,104,124,150,150,150,234,234,254,279,329,254,81,81,125,125,151,166,166,166,178,206,206,286,313,332,222,9,85,112,151,168,200,245,254,254,273,286,324,324,324,324,324,324,10,39,39],"floor_reached":57,"language":"KOR","playtime":2798,"items_purged":["Strike_G","Defend_G","Defend_G"],"score":3016,"play_id":"e12b19c2-2be3-4f67-8db9-0ef114645e29","local_time":"20210207222937","is_ascension_mode":true,"campfire_choices":[{"data":"Glass Knife","floor":6.0,"key":"SMITH"},{"floor":8.0,"key":"REST"},{"data":"Footwork","floor":10.0,"key":"SMITH"},{"data":"Neutralize","floor":15.0,"key":"SMITH"},{"floor":23.0,"key":"REST"},{"floor":25.0,"key":"REST"},{"floor":29.0,"key":"REST"},{"floor":32.0,"key":"RECALL"},{"floor":45.0,"key":"REST"},{"floor":49.0,"key":"REST"},{"floor":53.0,"key":"REST"}],"circlet_count":0,"master_deck":["AscendersBane","Defend_G+1","Survivor","Neutralize+1","Glass Knife+1","Footwork+1","Eviscerate","Acrobatics+1","Deflect+1","Tools of the Trade","Calculated Gamble+1","Prepared+1","PiercingWail+1","Acrobatics+1","Concentrate+1","Venomology+1","Quick Slash+1","Night Terror+1","Escape Plan+1","Backflip+1","Reflex+1","Tactician+1","Well Laid Plans","Tactician+1"],"relics":["Ring of the Snake","CeramicFish","Toxic Egg 2","Boot","Fusion Hammer","Red Mask","Centennial Puzzle","Bag of Marbles","Gremlin Horn","Astrolabe","Membership Card","Pear","Regal Pillow","PreservedInsect","Anchor","Medical Kit","Kunai","Happy Flower"],"acts_visited":["Exordium","TheCity","TheBeyond","TheEnding"],"potions_floor_usage":[55,55,55,55,56,56],"damage_taken":[{"damage":4.0,"enemies":"Cultist","floor":1.0,"turns":6.0},{"damage":7.0,"enemies":"Small Slimes","floor":2.0,"turns":4.0},{"damage":32.0,"enemies":"Lagavulin","floor":7.0,"turns":6.0},{"damage":0.0,"enemies":"Jaw Worm","floor":11.0,"turns":3.0},{"damage":3.0,"enemies":"Exordium Thugs","floor":12.0,"turns":5.0},{"damage":1.0,"enemies":"2 Fungi Beasts","floor":13.0,"turns":3.0},{"damage":9.0,"enemies":"The Guardian","floor":16.0,"turns":19.0},{"damage":0.0,"enemies":"Shell Parasite","floor":18.0,"turns":5.0},{"damage":29.0,"enemies":"Masked Bandits","floor":19.0,"turns":5.0},{"damage":17.0,"enemies":"Slavers","floor":24.0,"turns":6.0},{"damage":0.0,"enemies":"2 Thieves","floor":27.0,"turns":4.0},{"damage":7.0,"enemies":"Shelled Parasite and Fungi","floor":30.0,"turns":4.0},{"damage":2.0,"enemies":"Centurion and Healer","floor":31.0,"turns":4.0},{"damage":44.0,"enemies":"Collector","floor":33.0,"turns":12.0},{"damage":2.0,"enemies":"3 Darklings","floor":35.0,"turns":4.0},{"damage":0.0,"enemies":"3 Shapes","floor":39.0,"turns":4.0},{"damage":0.0,"enemies":"Giant Head","floor":40.0,"turns":4.0},{"damage":0.0,"enemies":"Jaw Worm Horde","floor":41.0,"turns":3.0},{"damage":0.0,"enemies":"Nemesis","floor":42.0,"turns":5.0},{"damage":1.0,"enemies":"Spire Growth","floor":46.0,"turns":3.0},{"damage":0.0,"enemies":"Sphere and 2 Shapes","floor":47.0,"turns":2.0},{"damage":0.0,"enemies":"Reptomancer","floor":48.0,"turns":2.0},{"damage":0.0,"enemies":"Donu and Deca","floor":50.0,"turns":3.0},{"damage":37.0,"enemies":"Time Eater","floor":51.0,"turns":10.0},{"damage":0,"enemies":"Shield and Spear","floor":55,"turns":2},{"damage":47,"enemies":"The Heart","floor":56,"turns":6}],"seed_played":"-4404428710317665123","potions_obtained":[{"floor":1.0,"key":"BlessingOfTheForge"},{"floor":2.0,"key":"LiquidBronze"},{"floor":5.0,"key":"PowerPotion"},{"floor":13.0,"key":"Ancient Potion"},{"floor":24.0,"key":"DistilledChaos"},{"floor":27.0,"key":"Strength Potion"},{"floor":42.0,"key":"Strength Potion"},{"floor":46.0,"key":"SteroidPotion"},{"floor":55,"key":"FearPotion"}],"is_trial":false,"path_per_floor":["M","M","?","$","?","R","E","R","T","R","M","M","M","?","R","B",null,"M","?","?","?","$","R","E","R","T","M","T","R","M","M","R","B",null,"M","?","$","T","M","E","M","E","T","?","R","M","M","E","R","B","B",null,"R","$","E","B",null],"character_chosen":"THE_SILENT","items_purchased":["Glass Knife","Prepared+1","PiercingWail+1","Membership Card","Medical Kit","Kunai","Tactician+1"],"campfire_rested":7,"item_purchase_floors":[4,22,22,37,54,54,54],"current_hp_per_floor":[55,48,41,41,41,41,9,28,28,28,28,25,24,24,24,15,53,53,24,24,24,24,43,26,45,45,45,45,64,57,55,55,11,52,50,50,50,60,60,60,60,60,60,60,76,75,75,75,76,76,39,67,76,76,76,29],"gold":39,"neow_bonus":"HUNDRED_GOLD","is_daily":false,"chose_seed":false,"campfire_upgraded":3,"win_rate":0.0,"timestamp":1612704577,"path_taken":["M","M","?","$","?","R","E","R","T","R","M","?","M","?","R","BOSS","M","?","?","?","$","R","E","R","T","M","?","R","M","?","R","BOSS","M","?","$","?","?","E","M","E","T","?","R","?","M","E","R","BOSS","BOSS","R","$","E","BOSS"],"items_purchased_type":["Card","Card","Card","Relic","Relic","Relic","Card"],"build_version":"2020-12-22","purchased_purges":3,"victory":true,"max_hp_per_floor":[66,66,66,66,66,66,66,66,66,66,66,66,66,66,66,66,66,66,66,66,66,66,66,66,66,66,66,66,66,66,66,66,66,66,66,66,66,76,76,76,76,76,76,76,76,76,76,76,76,76,76,76,76,76,76,76],"card_choices":[{"not_picked":["Footwork","Underhanded Strike"],"picked":"Dagger Spray","floor":1.0},{"not_picked":["Infinite Blades","Slice"],"picked":"Predator","floor":2.0},{"not_picked":["Riddle With Holes","Prepared"],"picked":"Footwork","floor":7.0},{"not_picked":["Skewer","Concentrate+1"],"picked":"Eviscerate","floor":11.0},{"not_picked":["Distraction+1","Setup+1"],"picked":"Acrobatics+1","floor":12.0},{"not_picked":["Dagger Spray","Cloak And Dagger+1"],"picked":"Deflect+1","floor":13.0},{"not_picked":["Storm of Steel+1","Bullet Time+1"],"picked":"Tools of the Trade","floor":16.0},{"not_picked":["All Out Attack","Slice"],"picked":"Calculated Gamble+1","floor":18.0},{"not_picked":["Footwork","Expertise+1"],"picked":"Acrobatics+1","floor":24.0},{"not_picked":["Bouncing Flask+1","Blade Dance+1","Crippling Poison+1"],"picked":"SKIP","floor":27.0},{"not_picked":["Bouncing Flask+1","Blade Dance+1","Crippling Poison+1"],"picked":"SKIP","floor":27.0},{"not_picked":["Prepared+1","Masterful Stab+1","Expertise+1"],"picked":"SKIP","floor":30.0},{"not_picked":["Crippling Poison+1","PiercingWail+1"],"picked":"Concentrate+1","floor":31.0},{"not_picked":["Unload","Envenom"],"picked":"Venomology+1","floor":33.0},{"not_picked":["Dagger Spray","Deadly Poison+1","Dodge and Roll+1"],"picked":"SKIP","floor":35.0},{"not_picked":["Dagger Spray","Deadly Poison+1","Dodge and Roll+1"],"picked":"SKIP","floor":35.0},{"not_picked":["Finisher","Acrobatics+1"],"picked":"Backflip+1","floor":39.0},{"not_picked":["Leg Sweep+1","Finisher"],"picked":"Reflex+1","floor":40.0},{"not_picked":["Acrobatics+1","Cloak And Dagger+1","Escape Plan+1"],"picked":"SKIP","floor":41.0},{"not_picked":["Outmaneuver+1","Caltrops","Dodge and Roll+1"],"picked":"SKIP","floor":42.0},{"not_picked":["Outmaneuver+1","Blade Dance+1","Setup+1"],"picked":"SKIP","floor":46.0},{"not_picked":["Quick Slash+1","Catalyst+1","Deadly Poison+1"],"picked":"SKIP","floor":47.0},{"not_picked":["Finisher","Slice+1"],"picked":"Well Laid Plans","floor":48.0},{"not_picked":["Caltrops+1","Prepared+1","Bullet Time+1"],"picked":"SKIP","floor":55}],"player_experience":1313130,"relics_obtained":[{"floor":7.0,"key":"CeramicFish"},{"floor":9.0,"key":"Toxic Egg 2"},{"floor":19.0,"key":"Red Mask"},{"floor":24.0,"key":"Centennial Puzzle"},{"floor":26.0,"key":"Bag of Marbles"},{"floor":28.0,"key":"Gremlin Horn"},{"floor":38.0,"key":"Pear"},{"floor":40.0,"key":"Regal Pillow"},{"floor":42.0,"key":"PreservedInsect"},{"floor":48.0,"key":"Anchor"},{"floor":55,"key":"Happy Flower"}],"event_choices":[{"cards_removed":["Strike_G"],"damage_healed":0.0,"max_hp_gain":0.0,"max_hp_loss":0.0,"gold_gain":0.0,"event_name":"Golden Wing","player_choice":"Card Removal","floor":3.0,"gold_loss":0.0,"damage_taken":7.0},{"damage_healed":0.0,"max_hp_gain":0.0,"max_hp_loss":0.0,"gold_gain":0.0,"event_name":"The Woman in Blue","player_choice":"Bought 1 Potion","floor":5.0,"gold_loss":0.0,"damage_taken":0.0},{"cards_removed":["Dagger Spray"],"damage_healed":0.0,"max_hp_gain":0.0,"max_hp_loss":0.0,"gold_gain":0.0,"event_name":"WeMeetAgain","player_choice":"Gave Card","floor":14.0,"gold_loss":0.0,"damage_taken":0.0,"relics_obtained":["Boot"]},{"damage_healed":0.0,"max_hp_gain":0.0,"max_hp_loss":0.0,"gold_gain":0.0,"event_name":"Masked Bandits","player_choice":"Fought Bandits","floor":19.0,"gold_loss":0.0,"damage_taken":0.0},{"damage_healed":0.0,"max_hp_gain":0.0,"max_hp_loss":0.0,"gold_gain":50.0,"event_name":"Nest","player_choice":"Stole From Cult","floor":20.0,"gold_loss":0.0,"damage_taken":0.0},{"cards_removed":["Strike_G"],"damage_healed":0.0,"max_hp_gain":0.0,"max_hp_loss":0.0,"gold_gain":0.0,"event_name":"Beggar","player_choice":"Gave Gold","floor":21.0,"gold_loss":75.0,"damage_taken":0.0},{"cards_removed":["Defend_G"],"damage_healed":0.0,"max_hp_gain":0.0,"max_hp_loss":0.0,"gold_gain":0.0,"event_name":"Designer","player_choice":"Upgrade and Remove","floor":36.0,"gold_loss":110.0,"damage_taken":0.0,"cards_upgraded":["Defend_G"]},{"damage_healed":0.0,"max_hp_gain":0.0,"max_hp_loss":0.0,"gold_gain":0.0,"cards_transformed":["Predator"],"event_name":"Transmorgrifier","player_choice":"Transformed","floor":44.0,"gold_loss":0.0,"damage_taken":0.0,"cards_obtained":["Tactician"]}],"is_beta":false,"boss_relics":[{"not_picked":["Tiny House","Ectoplasm"],"picked":"Fusion Hammer"},{"not_picked":["Ring of the Serpent","Busted Crown"],"picked":"Astrolabe"}],"items_purged_floors":[22,37,54],"is_endless":false,"potions_floor_spawned":[1,2,13,24,27,30,31,41,42,46,55],"ascension_level":20}}