{"host":"19r1ww88x2tc73i0","time":1612681703,"event":{"mods":["BaseMod","BetterRewards","Colored Map","Minty Spire (QoL Compilation)","Relic Stats","StSLib","SuperFastMode","slay the spire mod where everything is the same but ironclad has a cowboy hat"],"gold_per_floor":[118,118,48,61,75,100,100,132,192,204,259,271,306,342,354,468,480,516,546,33,66,66,66,52,85,85,94,19,19,66,90,90,195,195,233,260,308,347,347,421,437,478,556,656,694,741,791,834,834,834,834,834,27,71,71,71],"floor_reached":55,"language":"ENG","playtime":2651,"items_purged":["Defend_P","Defend_P"],"score":1536,"play_id":"bc886a86-e118-4ad7-8d28-3e1b61e4c057","local_time":"25640207140823","is_ascension_mode":true,"campfire_choices":[{"data":"WheelKick","floor":7.0,"key":"SMITH"},{"data":"FlyingSleeves","floor":15.0,"key":"SMITH"},{"data":"Fasting2","floor":23.0,"key":"SMITH"},{"floor":27.0,"key":"REST"},{"data":"Blasphemy","floor":29.0,"key":"SMITH"},{"data":"CrushJoints","floor":32.0,"key":"SMITH"},{"floor":49,"key":"RECALL"},{"data":"Vault","floor":52,"key":"SMITH"}],"circlet_count":0,"master_deck":["AscendersBane","Strike_P","Strike_P","Strike_P","Defend_P","Defend_P","Eruption+1","Vigilance","SashWhip","WheelKick+1","FlurryOfBlows","Pray","Scrawl","BowlingBash","FlyingSleeves+1","Protect","Vault+1","Crescendo","Bandage Up","Blasphemy+1","Fasting2+1","Prostrate","CrushJoints+1","Prostrate","ThirdEye+1","FlyingSleeves","Wish","Evaluate","Prostrate+1","ConjureBlade","ThirdEye+1","Sanctity","Prostrate","Nirvana"],"relics":["Philosopher\u0027s Stone","Shuriken","MawBank","PreservedInsect","CeramicFish","Dream Catcher","Golden Idol","Black Star","Lee\u0027s Waffle","CloakClasp","Centennial Puzzle","Letter Opener","Torii","Gambling Chip","MealTicket","Sozu","White Beast Statue","Du-Vu Doll","Bottled Lightning","Bronze Scales","Blue Candle","Bird Faced Urn","Ancient Tea Set","InkBottle","Kunai","Happy Flower","PrismaticShard","Pantograph","Sundial"],"acts_visited":["Exordium","TheCity","TheBeyond","TheEnding"],"potions_floor_usage":[],"damage_taken":[{"damage":5.0,"enemies":"Cultist","floor":1.0,"turns":5.0},{"damage":3.0,"enemies":"Jaw Worm","floor":4.0,"turns":4.0},{"damage":0.0,"enemies":"Small Slimes","floor":5.0,"turns":2.0},{"damage":0.0,"enemies":"Lagavulin","floor":6.0,"turns":3.0},{"damage":0.0,"enemies":"Gremlin Nob","floor":8.0,"turns":3.0},{"damage":7.0,"enemies":"3 Sentries","floor":11.0,"turns":5.0},{"damage":0.0,"enemies":"Exordium Wildlife","floor":13.0,"turns":2.0},{"damage":13.0,"enemies":"Lots of Slimes","floor":14.0,"turns":3.0},{"damage":19.0,"enemies":"Hexaghost","floor":16.0,"turns":7.0},{"damage":16.0,"enemies":"3 Byrds","floor":18.0,"turns":7.0},{"damage":0.0,"enemies":"Spheric Guardian","floor":21.0,"turns":1.0},{"damage":75.0,"enemies":"Slavers","floor":25.0,"turns":5.0},{"damage":1.0,"enemies":"Book of Stabbing","floor":30.0,"turns":4.0},{"damage":11.0,"enemies":"Centurion and Healer","floor":31.0,"turns":3.0},{"damage":14.0,"enemies":"Collector","floor":33.0,"turns":9.0},{"damage":0.0,"enemies":"Orb Walker","floor":35.0,"turns":2.0},{"damage":0.0,"enemies":"3 Darklings","floor":36.0,"turns":4.0},{"damage":13.0,"enemies":"Sphere and 2 Shapes","floor":37.0,"turns":6.0},{"damage":2.0,"enemies":"Spire Growth","floor":38.0,"turns":6.0},{"damage":1.0,"enemies":"Giant Head","floor":40.0,"turns":4.0},{"damage":21.0,"enemies":"Writhing Mass","floor":41.0,"turns":6.0},{"damage":9.0,"enemies":"Nemesis","floor":42.0,"turns":3.0},{"damage":12,"enemies":"Giant Head","floor":45,"turns":3},{"damage":0,"enemies":"4 Shapes","floor":46,"turns":6},{"damage":0,"enemies":"Transient","floor":47,"turns":5},{"damage":26,"enemies":"Nemesis","floor":48,"turns":4},{"damage":13,"enemies":"Time Eater","floor":50,"turns":4},{"damage":40,"enemies":"Shield and Spear","floor":54,"turns":5},{"damage":100,"enemies":"The Heart","floor":55,"turns":6}],"seed_played":"-7130525305161290984","potions_obtained":[{"floor":1.0,"key":"ColorlessPotion"},{"floor":8.0,"key":"SteroidPotion"},{"floor":14.0,"key":"EssenceOfSteel"},{"floor":30.0,"key":"BlessingOfTheForge"},{"floor":31.0,"key":"Block Potion"},{"floor":33.0,"key":"DistilledChaos"}],"is_trial":false,"path_per_floor":["M","?","$","M","M","E","R","E","T","T","E","?","M","M","R","B",null,"M","?","$","M","?","R","$","E","T","R","$","R","E","M","R","B",null,"M","M","M","M","?","E","M","E","T","?","E","M","M","E","R","B",null,"R","$","E","B"],"character_chosen":"WATCHER","items_purchased":["WheelKick","Fasting2","Lee\u0027s Waffle","CloakClasp","Prostrate","Prostrate","Kunai","Happy Flower","Sanctity","Prostrate","Nirvana","PrismaticShard"],"campfire_rested":1,"item_purchase_floors":[3,20,20,20,20,24,53,53,53,53,53,53],"current_hp_per_floor":[60,60,60,57,57,57,57,57,57,57,50,50,50,37,37,18,55,39,39,74,74,74,74,74,3,3,25,25,25,28,21,21,11,58,62,62,53,55,55,58,41,36,36,36,28,34,40,20,20,13,59,59,74,38,0,0],"gold":71,"neow_bonus":"BOSS_RELIC","is_daily":false,"chose_seed":false,"campfire_upgraded":6,"win_rate":0.0,"timestamp":1612681703,"path_taken":["M","?","?","M","M","E","R","E","T","?","E","?","M","M","R","BOSS","M","?","$","?","?","R","$","E","T","R","?","R","E","M","R","BOSS","M","M","M","M","?","E","M","E","T","?","E","?","M","E","R","BOSS","R","$","E","BOSS"],"items_purchased_type":["Card","Card","Relic","Relic","Card","Card","Relic","Relic","Card","Card","Card","Relic"],"build_version":"2020-12-22","purchased_purges":2,"victory":false,"max_hp_per_floor":[72,72,72,72,72,72,72,72,72,72,72,67,67,67,67,67,67,67,67,74,74,74,74,74,74,74,74,74,74,74,74,74,74,74,74,74,74,74,74,74,74,74,74,74,74,74,74,74,74,74,74,74,74,74,74,74],"relic_stats":{"Torii":56,"CeramicFish":180,"CloakClasp":[245],"Sozu":10,"Dream Catcher":1,"Centennial Puzzle":[39],"Sundial":[0],"Gambling Chip":[41],"Pantograph":25,"MealTicket":15,"Kunai":[2],"InkBottle":[5],"Lee\u0027s Waffle":35,"Happy Flower":[3],"counters":[29,127],"Golden Idol":166,"Blue Candle":[0],"PreservedInsect":557,"Letter Opener":[180],"MawBank":144,"Shuriken":[37],"Bronze Scales":[100],"Bird Faced Urn":[10],"Black Star":7,"obtain_stats":[{"Torii":26,"CeramicFish":10,"CloakClasp":20,"Ancient Tea Set":48,"PrismaticShard":53,"Sozu":34,"Dream Catcher":11,"Centennial Puzzle":25,"Sundial":54,"Gambling Chip":30,"Pantograph":54,"Philosopher\u0027s Stone":0,"MealTicket":30,"Kunai":53,"InkBottle":48,"Lee\u0027s Waffle":20,"Happy Flower":53,"Golden Idol":12,"Blue Candle":45,"PreservedInsect":9,"Letter Opener":25,"MawBank":8,"White Beast Statue":40,"Du-Vu Doll":40,"Shuriken":6,"Bronze Scales":42,"Bird Faced Urn":45,"Black Star":17,"Bottled Lightning":42,"PureWater":0},{"Torii":12,"CeramicFish":5,"CloakClasp":10,"Ancient Tea Set":26,"PrismaticShard":27,"Sozu":15,"Dream Catcher":6,"Centennial Puzzle":12,"Sundial":28,"Gambling Chip":13,"Pantograph":28,"Philosopher\u0027s Stone":0,"MealTicket":13,"Kunai":27,"InkBottle":26,"Lee\u0027s Waffle":10,"Happy Flower":27,"Golden Idol":6,"Blue Candle":23,"PreservedInsect":5,"Letter Opener":12,"MawBank":5,"White Beast Statue":20,"Du-Vu Doll":20,"Shuriken":4,"Bronze Scales":22,"Bird Faced Urn":23,"Black Star":9,"Bottled Lightning":22,"PureWater":0},{"Torii":47,"CeramicFish":17,"CloakClasp":41,"Ancient Tea Set":112,"PrismaticShard":116,"Sozu":63,"Dream Catcher":22,"Centennial Puzzle":47,"Sundial":121,"Gambling Chip":51,"Pantograph":121,"Philosopher\u0027s Stone":0,"MealTicket":51,"Kunai":116,"InkBottle":112,"Lee\u0027s Waffle":41,"Happy Flower":116,"Golden Idol":22,"Blue Candle":97,"PreservedInsect":17,"Letter Opener":47,"MawBank":17,"White Beast Statue":85,"Du-Vu Doll":85,"Shuriken":14,"Bronze Scales":94,"Bird Faced Urn":97,"Black Star":34,"Bottled Lightning":94,"PureWater":0}]},"card_choices":[{"not_picked":["Weave","ClearTheMind"],"picked":"SashWhip","floor":1.0},{"not_picked":["EmptyFist","PathToVictory"],"picked":"FlurryOfBlows","floor":4.0},{"not_picked":["ClearTheMind","Protect"],"picked":"Pray","floor":5.0},{"not_picked":["CrushJoints","JustLucky"],"picked":"Scrawl","floor":6.0},{"not_picked":["Evaluate","EmptyBody"],"picked":"BowlingBash","floor":8.0},{"not_picked":["MentalFortress","ClearTheMind"],"picked":"FlyingSleeves","floor":11.0},{"not_picked":["EmptyBody","SashWhip","PathToVictory"],"picked":"SKIP","floor":13.0},{"not_picked":["FlurryOfBlows","Nirvana"],"picked":"Protect","floor":14.0},{"not_picked":["ConjureBlade","SpiritShield"],"picked":"Vault","floor":16.0},{"not_picked":["Nirvana","InnerPeace"],"picked":"Crescendo","floor":18.0},{"not_picked":["Consecrate","LikeWater+1"],"picked":"CrushJoints","floor":21.0},{"not_picked":["BowlingBash","MasterReality","Consecrate"],"picked":"SKIP","floor":25.0},{"not_picked":["Evaluate","CrushJoints"],"picked":"ThirdEye+1","floor":27.0},{"not_picked":["Protect","EmptyFist"],"picked":"FlyingSleeves","floor":30.0},{"not_picked":["TalkToTheHand","BowlingBash","ClearTheMind"],"picked":"SKIP","floor":31.0},{"not_picked":["Omniscience","Judgement"],"picked":"Wish","floor":33.0},{"not_picked":["EmptyFist+1","FlurryOfBlows","Protect+1"],"picked":"SKIP","floor":35.0},{"not_picked":["Tantrum+1","Adaptation"],"picked":"Evaluate","floor":36.0},{"not_picked":["ThirdEye","InnerPeace"],"picked":"Prostrate+1","floor":37.0},{"not_picked":["CrushJoints","Crescendo","Study+1"],"picked":"SKIP","floor":38.0},{"not_picked":["EmptyMind","EmptyFist"],"picked":"ConjureBlade","floor":40.0},{"not_picked":["EmptyBody","Nirvana","Indignation+1"],"picked":"SKIP","floor":41.0},{"not_picked":["MentalFortress+1","PathToVictory","Weave"],"picked":"SKIP","floor":42},{"not_picked":["Meditate","FollowUp","Swivel"],"picked":"SKIP","floor":45},{"not_picked":["Halt","CrushJoints"],"picked":"ThirdEye+1","floor":46},{"not_picked":["SignatureMove","ForeignInfluence","JustLucky"],"picked":"SKIP","floor":47},{"not_picked":["CutThroughFate","Alpha","MentalFortress"],"picked":"SKIP","floor":48},{"not_picked":["Cleave","Consecrate","Riddle With Holes"],"picked":"SKIP","floor":54}],"player_experience":1020992,"relics_obtained":[{"floor":6.0,"key":"Shuriken"},{"floor":8.0,"key":"MawBank"},{"floor":9.0,"key":"PreservedInsect"},{"floor":10.0,"key":"CeramicFish"},{"floor":11.0,"key":"Dream Catcher"},{"floor":25.0,"key":"Centennial Puzzle"},{"floor":25.0,"key":"Letter Opener"},{"floor":26.0,"key":"Torii"},{"floor":30.0,"key":"Gambling Chip"},{"floor":30.0,"key":"MealTicket"},{"floor":40.0,"key":"White Beast Statue"},{"floor":40.0,"key":"Du-Vu Doll"},{"floor":42,"key":"Bottled Lightning"},{"floor":42,"key":"Bronze Scales"},{"floor":45,"key":"Blue Candle"},{"floor":45,"key":"Bird Faced Urn"},{"floor":48,"key":"Ancient Tea Set"},{"floor":48,"key":"InkBottle"},{"floor":54,"key":"Pantograph"},{"floor":54,"key":"Sundial"}],"event_choices":[{"damage_healed":0.0,"max_hp_gain":0.0,"max_hp_loss":0.0,"gold_gain":0.0,"event_name":"Accursed Blacksmith","player_choice":"Forge","floor":2.0,"gold_loss":0.0,"damage_taken":0.0,"cards_upgraded":["Eruption"]},{"damage_healed":0.0,"max_hp_gain":0.0,"max_hp_loss":5.0,"gold_gain":0.0,"event_name":"Golden Idol","player_choice":"Lose Max HP","floor":12.0,"gold_loss":0.0,"damage_taken":0.0,"relics_obtained":["Golden Idol"]},{"damage_healed":0.0,"max_hp_gain":0.0,"max_hp_loss":0.0,"gold_gain":0.0,"event_name":"Match and Keep!","player_choice":"2 cards matched","floor":19.0,"gold_loss":0.0,"damage_taken":0.0,"cards_obtained":["Bandage Up","Blasphemy"]},{"damage_healed":0.0,"max_hp_gain":0.0,"max_hp_loss":0.0,"gold_gain":0.0,"event_name":"The Mausoleum","player_choice":"Ignored","floor":22.0,"gold_loss":0.0,"damage_taken":0.0},{"cards_removed":["Strike_P"],"damage_healed":0.0,"max_hp_gain":0.0,"max_hp_loss":0.0,"gold_gain":0.0,"event_name":"Falling","player_choice":"Removed Attack","floor":39.0,"gold_loss":0.0,"damage_taken":0.0},{"damage_healed":0,"gold_gain":100,"player_choice":"Pray","damage_taken":0,"max_hp_gain":0,"max_hp_loss":0,"event_name":"Golden Shrine","floor":44,"gold_loss":0}],"is_beta":false,"boss_relics":[{"not_picked":["Empty Cage","Astrolabe"],"picked":"Black Star"},{"not_picked":["SacredBark","Fusion Hammer"],"picked":"Sozu"}],"items_purged_floors":[28,53],"is_endless":false,"potions_floor_spawned":[1,8,14,30,31,33,35,38,40,41,42,45,46,47,48,54],"killed_by":"The Heart","ascension_level":13}}