{"host":"x3688v8yj57o2b0e","time":1612678986,"event":{"mods":["BaseMod","Minty Spire (QoL Compilation)"],"gold_per_floor":[113,132,14,28,28,63,63,77,77,104,124,153,173,193,193,193,193],"floor_reached":16,"language":"ENG","playtime":1071,"items_purged":[],"score":156,"play_id":"a8953606-0577-4c5d-81fb-62758d7d529d","local_time":"20210207012306","is_ascension_mode":true,"campfire_choices":[{"data":"Eruption","floor":7,"key":"SMITH"},{"floor":15,"key":"REST"}],"circlet_count":0,"master_deck":["Strike_P","Strike_P","Strike_P","Strike_P","Defend_P","Defend_P","Defend_P","Defend_P","Eruption+1","Vigilance+1","Weave","EmptyFist","MentalFortress","FlyingSleeves","FollowUp","Prostrate","SashWhip","EmptyBody","FlurryOfBlows","Fasting2","Consecrate","Adaptation"],"relics":["PureWater","Pen Nib","InkBottle","GoldenEye","Nunchaku"],"acts_visited":["Exordium"],"potions_floor_usage":[6,12,16,16],"damage_taken":[{"damage":17,"enemies":"Jaw Worm","floor":1,"turns":5},{"damage":7,"enemies":"Cultist","floor":2,"turns":3},{"damage":4,"enemies":"2 Louse","floor":4,"turns":3},{"damage":29,"enemies":"Gremlin Nob","floor":6,"turns":5},{"damage":1,"enemies":"2 Fungi Beasts","floor":8,"turns":3},{"damage":5,"enemies":"Lagavulin","floor":10,"turns":9},{"damage":0,"enemies":"Exordium Wildlife","floor":11,"turns":3},{"damage":0,"enemies":"3 Sentries","floor":12,"turns":5},{"damage":0,"enemies":"Red Slaver","floor":13,"turns":1},{"damage":6,"enemies":"Large Slime","floor":14,"turns":4},{"damage":35,"enemies":"The Guardian","floor":16,"turns":8}],"seed_played":"7870443028621751371","potions_obtained":[{"floor":2,"key":"Dexterity Potion"},{"floor":6,"key":"Ancient Potion"},{"floor":8,"key":"Dexterity Potion"},{"floor":11,"key":"LiquidBronze"},{"floor":13,"key":"Strength Potion"}],"is_trial":false,"path_per_floor":["M","M","$","M","?","E","R","M","T","E","M","E","M","M","R","B"],"character_chosen":"WATCHER","items_purchased":["MentalFortress","FlyingSleeves"],"campfire_rested":1,"item_purchase_floors":[3,3],"current_hp_per_floor":[62,55,55,51,51,22,22,21,21,16,16,16,16,10,33,0,0],"gold":193,"neow_bonus":"TEN_PERCENT_HP_BONUS","is_daily":false,"chose_seed":false,"campfire_upgraded":1,"win_rate":0.0,"timestamp":1612678986,"path_taken":["M","M","$","M","?","E","R","M","T","E","M","E","M","M","R","BOSS"],"items_purchased_type":["Card","Card"],"build_version":"2020-12-22","purchased_purges":0,"victory":false,"max_hp_per_floor":[79,79,79,79,79,79,79,79,79,79,79,79,79,79,79,79,79],"card_choices":[{"not_picked":["JustLucky","Study"],"picked":"Weave","floor":1},{"not_picked":["Consecrate","WreathOfFlame"],"picked":"EmptyFist","floor":2},{"not_picked":["Evaluate","Protect"],"picked":"FollowUp","floor":4},{"not_picked":["ConjureBlade","Evaluate"],"picked":"Prostrate","floor":6},{"not_picked":["Sanctity","FlurryOfBlows"],"picked":"SashWhip","floor":8},{"not_picked":["EmptyMind","Nirvana"],"picked":"EmptyBody","floor":10},{"not_picked":["EmptyFist","EmptyBody"],"picked":"FlurryOfBlows","floor":11},{"not_picked":["ReachHeaven","Sanctity"],"picked":"Fasting2","floor":12},{"not_picked":["PathToVictory","Prostrate"],"picked":"Consecrate","floor":13},{"not_picked":["Protect","CutThroughFate"],"picked":"Adaptation","floor":14}],"player_experience":207995,"relics_obtained":[{"floor":6,"key":"Pen Nib"},{"floor":9,"key":"InkBottle"},{"floor":10,"key":"GoldenEye"},{"floor":12,"key":"Nunchaku"}],"event_choices":[{"damage_healed":0,"gold_gain":0,"player_choice":"Upgraded","damage_taken":0,"max_hp_gain":0,"max_hp_loss":0,"event_name":"Upgrade Shrine","floor":5,"gold_loss":0,"cards_upgraded":["Vigilance"]}],"is_beta":false,"boss_relics":[],"items_purged_floors":[],"is_endless":false,"potions_floor_spawned":[2,6,8,11,13],"killed_by":"The Guardian","ascension_level":1}}