{"host":"takgv9cv6xf64vhq","time":1612661615,"event":{"mods":["BaseMod","Colored Powertips","Conspire","Decade(王小明)","Downfall","Energized Spire","Hermit","Hubris","LagranYue(拉格朗・月)","Marisa（F雨　魔理沙）","Minty Spire (QoL Compilation)","Replay The Spire","StSLib","The Cursed","The Hierophant","The Jungle","The Servant 0.9.4","TheHeartMod"],"gold_per_floor":[113,129,229,244,244,244,254,266,266,191,191,191,191,208,208,208,208],"floor_reached":16,"language":"ZHS","playtime":418,"items_purged":["hubris:Lust"],"score":115,"play_id":"d4988f8a-1f64-471d-bbd1-e8b80734162e","local_time":"20210207093335","is_ascension_mode":true,"campfire_choices":[{"data":"Machine Learning","floor":6,"key":"SMITH"},{"data":"Chaos","floor":11,"key":"SMITH"},{"data":"Blizzard","floor":15,"key":"SMITH"}],"circlet_count":0,"master_deck":["Strike_B","Strike_B","Strike_B","Defend_B","Defend_B","Defend_B","Defend_B","Zap","Dualcast","Conserve Battery","Chaos+1","Parasite","Machine Learning+1","Cold Snap","Blizzard+1","Double Energy","Steam","downfall:Haunted","Replay:Sluggish","Turbo"],"relics":["bronze:MakeshiftBattery","downfall:ExtraCursedKey","ReplayTheSpireMod:Ninjato","hubris:Towel"],"acts_visited":["Exordium"],"potions_floor_usage":[16],"damage_taken":[{"damage":0,"enemies":"Cultist","floor":1,"turns":4},{"damage":4,"enemies":"2 Louse","floor":2,"turns":2},{"damage":5,"enemies":"Small Slimes","floor":4,"turns":4},{"damage":51,"enemies":"Exordium Thugs","floor":7,"turns":5},{"damage":8,"enemies":"Lots of Slimes","floor":8,"turns":5},{"damage":0,"enemies":"2 Fungi Beasts","floor":14,"turns":4},{"damage":26,"enemies":"Slime Boss","floor":16,"turns":3}],"seed_played":"6162325259427000382","potions_obtained":[{"floor":1,"key":"Dexterity Potion"},{"floor":2,"key":"Ancient Potion"},{"floor":8,"key":"Weak Potion"}],"is_trial":false,"path_per_floor":["M","M","?","M","?","R","M","M","T","$","R","?","?","M","R","B"],"character_chosen":"DEFECT","items_purchased":[],"campfire_rested":0,"item_purchase_floors":[],"current_hp_per_floor":[75,71,71,66,66,66,15,7,7,7,7,7,7,7,7,0,0],"gold":208,"neow_bonus":"BOSS_RELIC","is_daily":false,"chose_seed":false,"campfire_upgraded":3,"win_rate":0.0,"timestamp":1612661615,"path_taken":["M","?","?","M","?","R","M","?","T","?","R","?","?","M","R","BOSS"],"items_purchased_type":[],"build_version":"2020-12-22","purchased_purges":1,"victory":false,"max_hp_per_floor":[75,75,75,75,75,75,75,75,75,75,75,75,75,75,75,75,75],"card_choices":[{"not_picked":["ReplayTheSpireMod:Reroute Power","Redo"],"picked":"Conserve Battery","floor":1},{"not_picked":["Steam","Leap"],"picked":"Chaos","floor":2},{"not_picked":["Undo","Stack"],"picked":"Cold Snap","floor":4},{"not_picked":["Hyperbeam","Sweeping Beam"],"picked":"Double Energy","floor":7},{"not_picked":["hubris:Ukulele","Barrage"],"picked":"Steam","floor":8},{"not_picked":["Gash","ReplaySort"],"picked":"Turbo","floor":14}],"player_experience":454078,"relics_obtained":[{"floor":9,"key":"ReplayTheSpireMod:Ninjato"}],"event_choices":[{"damage_healed":0,"gold_gain":0,"cards_transformed":["Strike_B"],"player_choice":"Transformed","damage_taken":0,"max_hp_gain":0,"max_hp_loss":0,"event_name":"Transmorgrifier","floor":5,"gold_loss":0,"cards_obtained":["Blizzard"]},{"damage_healed":0,"gold_gain":0,"player_choice":"Bought 0 Potions","damage_taken":0,"max_hp_gain":0,"max_hp_loss":0,"event_name":"The Woman in Blue","floor":13,"gold_loss":0}],"is_beta":false,"boss_relics":[],"items_purged_floors":[10],"is_endless":false,"potions_floor_spawned":[1,2,8],"killed_by":"Slime Boss","ascension_level":5}}