{"host":"fuszjwm6fqgjjp4d","time":1612663658,"event":{"mods":["BaseMod","Bestiary","Colored Map","Minty Spire (QoL Compilation)","Permanent Neow","Relic Sorter","Relic Stats","StSLib"],"gold_per_floor":[114,39,59,109,122,122,157,157,157,157,157,172,182,197,197,197,197],"floor_reached":16,"language":"ENG","playtime":595,"items_purged":[],"score":204,"play_id":"54d53de7-0606-4472-85b5-4bb5df303baa","local_time":"20210206200738","is_ascension_mode":true,"campfire_choices":[{"data":"Zap","floor":6,"key":"SMITH"},{"data":"Hologram","floor":8,"key":"SMITH"},{"data":"Defragment","floor":11,"key":"SMITH"},{"data":"Tempest","floor":15,"key":"SMITH"}],"circlet_count":0,"master_deck":["AscendersBane","Strike_B","Strike_B","Strike_B","Defend_B","Defend_B","Defend_B","Defend_B","Zap+1","Dualcast","Biased Cognition","Defragment+1","Hologram+1","Cold Snap","Ball Lightning","Tempest+1","BootSequence"],"relics":["Cracked Core","Blue Candle","Lizard Tail","Potion Belt"],"acts_visited":["Exordium"],"potions_floor_usage":[7,14],"damage_taken":[{"damage":0.0,"enemies":"Cultist","floor":1.0,"turns":3.0},{"damage":9.0,"enemies":"Jaw Worm","floor":3.0,"turns":3.0},{"damage":0,"enemies":"2 Louse","floor":5,"turns":2},{"damage":15,"enemies":"Gremlin Nob","floor":7,"turns":4},{"damage":7,"enemies":"Looter","floor":12,"turns":3},{"damage":7,"enemies":"Blue Slaver","floor":13,"turns":3},{"damage":10,"enemies":"3 Louse","floor":14,"turns":3},{"damage":29,"enemies":"The Guardian","floor":16,"turns":5}],"seed_played":"7790874483489038981","potions_obtained":[{"floor":1.0,"key":"DistilledChaos"},{"floor":3.0,"key":"CultistPotion"},{"floor":13,"key":"LiquidMemories"}],"is_trial":false,"path_per_floor":["M","?","M","?","M","R","E","R","T","?","R","M","M","M","R","B"],"character_chosen":"DEFECT","items_purchased":[],"campfire_rested":0,"item_purchase_floors":[],"current_hp_per_floor":[64,64,55,48,48,48,33,33,33,15,15,8,1,26,26,0,0],"gold":197,"neow_bonus":"ONE_RANDOM_RARE_CARD","is_daily":false,"chose_seed":false,"campfire_upgraded":4,"win_rate":0.0,"timestamp":1612663658,"path_taken":["M","?","M","?","?","R","E","R","T","?","R","M","M","M","R","BOSS"],"items_purchased_type":[],"build_version":"2020-12-22","purchased_purges":0,"victory":false,"max_hp_per_floor":[71,71,71,71,71,71,71,71,71,71,71,71,71,71,71,71,71],"relic_stats":{"Lizard Tail":35,"counters":[8,26],"Blue Candle":[0],"obtain_stats":[{"Potion Belt":10,"Lizard Tail":9,"Blue Candle":7,"Cracked Core":0},{"Potion Belt":4,"Lizard Tail":4,"Blue Candle":4,"Cracked Core":0},{"Potion Belt":12,"Lizard Tail":12,"Blue Candle":12,"Cracked Core":0}]},"card_choices":[{"not_picked":["White Noise","Go for the Eyes"],"picked":"Defragment","floor":1.0},{"not_picked":["Steam","Compile Driver"],"picked":"Hologram","floor":3.0},{"not_picked":["Blizzard","Lockon"],"picked":"Cold Snap","floor":5},{"not_picked":["Beam Cell","Leap"],"picked":"Ball Lightning","floor":7},{"not_picked":["Sweeping Beam","Stack"],"picked":"Tempest","floor":12},{"not_picked":["Redo","All For One"],"picked":"BootSequence","floor":13},{"not_picked":["Rebound","Melter","Stack"],"picked":"SKIP","floor":14}],"player_experience":1477768,"relics_obtained":[{"floor":7,"key":"Blue Candle"},{"floor":9,"key":"Lizard Tail"}],"event_choices":[{"cards_removed":["Strike_B"],"damage_healed":0.0,"max_hp_gain":0.0,"max_hp_loss":0.0,"gold_gain":0.0,"event_name":"The Cleric","player_choice":"Card Removal","floor":2.0,"gold_loss":75.0,"damage_taken":0.0},{"damage_healed":0,"gold_gain":50,"player_choice":"Touch","damage_taken":7,"max_hp_gain":0,"max_hp_loss":0,"event_name":"FaceTrader","floor":4,"gold_loss":0},{"damage_healed":0,"gold_gain":0,"player_choice":"Success","damage_taken":18,"relics_obtained":["Potion Belt"],"max_hp_gain":0,"max_hp_loss":0,"event_name":"Scrap Ooze","floor":10,"gold_loss":0}],"is_beta":false,"boss_relics":[],"items_purged_floors":[],"is_endless":false,"potions_floor_spawned":[1,3,13],"killed_by":"The Guardian","ascension_level":20}}