{"host":"r70xsz6j1oj94nbd","time":1612699363,"event":{"mods":["Act Like it!","BaseMod","Downfall-Rebalance","Minty Spire (QoL Compilation)","Permanent Neow","Quick Restart","RNG Fix","Reliquary","Shop Mod","Spicy Shops","StSLib","The Alterego","The Animator","【功能Mod】混沌之环修复补丁"],"gold_per_floor":[125,125,136,136,51,69,69,98,98,108,124,159,13,32,32,130,130,142,142,159,186,186,213,213,233,233,19,29,29,29,47,47,146,171,182,182,182,182],"floor_reached":37,"language":"ZHS","playtime":3642,"items_purged":["Writhe"],"score":416,"play_id":"9056977d-3523-49b8-b6f4-9524d2e83ebf","local_time":"20210207200243","is_ascension_mode":false,"campfire_choices":[{"floor":7,"key":"DIG"},{"floor":15,"key":"REST"},{"floor":24,"key":"RECALL"},{"floor":29,"key":"REST"},{"data":"animator:Kaijin","floor":32,"key":"SMITH"}],"circlet_count":0,"master_deck":["animator:Strike_MadokaMagica","animator:Defend_MadokaMagica","animator:Strike","animator:Strike","animator:Defend","animator:Defend+1","animator:Defend","animator:IrohaTamaki","animator:YuiTsuruno","animator:NagisaMomoe","animator:DolaStephanie","animator:MisaKurobane","animator:OrikoMikuni","animator:SuzuneAmano","animator:Rimuru","animator:Demiurge","animator:Ainz","animator:MamiTomoe","animator:Kaijin+1","animator:KyokoSakura","animator:FeridBathory","animator:MadokaKaname","animator:Benimaru+1","animator:Gilgamesh+1"],"relics":["animator:LivingPicture","animator:TheMissingPiece","animator:PurgingStone","Bronze Scales","Shovel","Champion Belt","Torii","SacredBark","Regal Pillow","reliquary:Firecrackers","Sundial","CloakClasp","SlaversCollar"],"acts_visited":["Exordium","TheCity","TheBeyond"],"potions_floor_usage":[12,14,33,33],"damage_taken":[{"damage":0,"enemies":"Jaw Worm","floor":1,"turns":4},{"damage":0,"enemies":"2 Louse","floor":3,"turns":2},{"damage":4,"enemies":"Small Slimes","floor":6,"turns":4},{"damage":3,"enemies":"3 Louse","floor":8,"turns":3},{"damage":1,"enemies":"Exordium Thugs","floor":10,"turns":3},{"damage":15,"enemies":"Exordium Wildlife","floor":11,"turns":4},{"damage":16,"enemies":"3 Sentries","floor":12,"turns":6},{"damage":9,"enemies":"Gremlin Gang","floor":14,"turns":3},{"damage":26,"enemies":"Slime Boss","floor":16,"turns":8},{"damage":8,"enemies":"Shell Parasite","floor":18,"turns":5},{"damage":8,"enemies":"Chosen","floor":20,"turns":6},{"damage":14,"enemies":"animator:HornedBat","floor":23,"turns":6},{"damage":19,"enemies":"Snecko","floor":25,"turns":4},{"damage":15,"enemies":"Centurion and Healer","floor":28,"turns":7},{"damage":1,"enemies":"Snake Plant","floor":31,"turns":4},{"damage":26,"enemies":"Automaton","floor":33,"turns":6},{"damage":35,"enemies":"3 Darklings","floor":35,"turns":6},{"damage":38,"enemies":"Awakened One","floor":37,"turns":3}],"seed_played":"-1730760588467909199","potions_obtained":[{"floor":6,"key":"hexamod:EctoCoolerPotion"},{"floor":10,"key":"SkillPotion"},{"floor":12,"key":"FearPotion"},{"floor":14,"key":"SkillPotion"},{"floor":18,"key":"SneckoOil"},{"floor":31,"key":"DistilledChaos"}],"is_trial":false,"path_per_floor":["M","?","M","?","$","M","R","M","T","M","M","E","$","M","R","B",null,"M","?","M","T","?","E","R","M","T","$","M","R","$","M","R","B",null,"M","?","B"],"character_chosen":"THE_ANIMATOR","items_purchased":["animator:MisaKurobane","animator:MamiTomoe","animator:Kaijin","animator:MadokaKaname"],"campfire_rested":2,"item_purchase_floors":[5,13,13,27],"current_hp_per_floor":[66,59,59,56,56,53,53,50,50,49,34,18,18,10,30,4,68,60,60,52,52,52,38,38,19,19,19,10,45,45,44,44,18,68,33,33,0,0],"gold":182,"neow_bonus":"RANDOM_COMMON_RELIC","is_daily":false,"chose_seed":false,"campfire_upgraded":1,"win_rate":0.0,"timestamp":1612699363,"path_taken":["M","?","M","?","$","M","R","?","T","M","M","E","$","M","R","BOSS","M","?","M","?","?","E","R","M","T","$","M","R","?","M","R","BOSS","M","?","BOSS"],"items_purchased_type":["Card","Card","Card","Card"],"build_version":"2020-12-22","purchased_purges":1,"victory":false,"max_hp_per_floor":[66,66,66,66,66,67,67,67,67,67,67,67,67,68,68,68,68,68,68,68,68,68,68,68,68,68,68,68,68,68,68,68,68,68,68,68,68,68],"card_choices":[{"not_picked":["animator:Laby","animator:Entoma"],"picked":"animator:NagisaMomoe","floor":1},{"not_picked":["animator:ShinjiMatou","animator:Add"],"picked":"animator:DolaStephanie","floor":3},{"not_picked":["animator:ShinjiMatou","animator:DolaStephanie"],"picked":"animator:OrikoMikuni","floor":6},{"not_picked":["animator:KyokoSakura","animator:NagisaMomoe"],"picked":"animator:SuzuneAmano","floor":8},{"not_picked":["animator:Gillette","animator:EmiyaShirou"],"picked":"animator:Rimuru","floor":10},{"not_picked":["animator:IzunaHatsuse","animator:RoyMustang"],"picked":"animator:Demiurge","floor":11},{"not_picked":["animator:Kaijin","animator:WinryRockbell"],"picked":"animator:Ainz","floor":12},{"not_picked":["animator:SuzuneAmano","animator:OrikoMikuni"],"picked":"animator:KyokoSakura","floor":14},{"not_picked":["animator:Guren","animator:ChaikaTrabant"],"picked":"animator:FeridBathory","floor":16},{"not_picked":["animator:Viivi","animator:AcuraTooru","animator:OrikoMikuni"],"picked":"SKIP","floor":18},{"not_picked":["animator:Gillette","animator:OrikoMikuni+1","animator:ElricAlphonse"],"picked":"SKIP","floor":20},{"not_picked":["animator:FeridBathory","animator:Hakurou","animator:Add"],"picked":"SKIP","floor":23},{"not_picked":["animator:GazelDwargon","animator:RinTohsaka"],"picked":"animator:Benimaru+1","floor":28},{"not_picked":["animator:DolaSchwi+1","animator:Fredrika","animator:IrohaTamaki"],"picked":"SKIP","floor":31},{"not_picked":["animator:Elesis","animator:Eve"],"picked":"animator:Gilgamesh","floor":33},{"not_picked":["animator:DolaRiku","animator:Sloth","animator:Sebas"],"picked":"SKIP","floor":35}],"player_experience":274284,"relics_obtained":[{"floor":7,"key":"Champion Belt"},{"floor":12,"key":"Torii"},{"floor":21,"key":"Regal Pillow"},{"floor":23,"key":"Sundial"},{"floor":26,"key":"CloakClasp"}],"event_choices":[{"cards_removed":["animator:Strike"],"damage_healed":0,"gold_gain":0,"player_choice":"Card Removal","damage_taken":7,"max_hp_gain":0,"max_hp_loss":0,"event_name":"Golden Wing","floor":2,"gold_loss":0},{"damage_healed":0,"gold_gain":0,"player_choice":"Success","damage_taken":3,"relics_obtained":["Shovel"],"max_hp_gain":0,"max_hp_loss":0,"event_name":"Scrap Ooze","floor":4,"gold_loss":0},{"damage_healed":0,"gold_gain":0,"player_choice":"Ignored","damage_taken":0,"max_hp_gain":0,"max_hp_loss":0,"event_name":"Vampires","floor":19,"gold_loss":0},{"damage_healed":0,"gold_gain":0,"player_choice":"Opened","damage_taken":0,"relics_obtained":["reliquary:Firecrackers"],"max_hp_gain":0,"max_hp_loss":0,"event_name":"The Mausoleum","floor":22,"gold_loss":0,"cards_obtained":["Writhe"]},{"damage_healed":0,"gold_gain":0,"player_choice":"Took Portal","damage_taken":0,"max_hp_gain":0,"max_hp_loss":0,"event_name":"SecretPortal","floor":36,"gold_loss":0}],"is_beta":false,"boss_relics":[{"not_picked":["Fusion Hammer","animator:CursedBlade"],"picked":"SacredBark"},{"not_picked":["Black Star","Calling Bell"],"picked":"SlaversCollar"}],"items_purged_floors":[27],"is_endless":false,"potions_floor_spawned":[6,10,12,14,18,25,31],"killed_by":"Awakened One","ascension_level":0}}