{"host":"c0rqchpxu0yjpthq","time":1612708172,"event":{"mods":["Arknights","BaseMod","Challenge The Spire","HololiveMod","Minty Spire (QoL Compilation)","Relic Stats","Spicy Shops","StSLib"],"gold_per_floor":[109,184,184,197,215,241,241,275,275,299,299,26,55,55,55,153,153,166,185,205,51,65,65,91,16,68,78,78,97,46,76,76,171,171,189,235,235,248,265,265,265],"floor_reached":40,"language":"ZHS","playtime":1868,"items_purged":[],"score":519,"play_id":"1a3ff3d7-237c-4d68-89b4-83a913d437b9","local_time":"20210207222932","is_ascension_mode":true,"campfire_choices":[{"floor":7.0,"key":"REST"},{"floor":11.0,"key":"REST"},{"floor":15.0,"key":"RECALL"},{"floor":23.0,"key":"REST"},{"data":"Heavy Blade","floor":32.0,"key":"SMITH"}],"circlet_count":0,"master_deck":["Strike_R","Strike_R","Strike_R","Strike_R","Strike_R","Defend_R","Defend_R","Defend_R","Defend_R","Bash","Brutality","Bash","Perfected Strike","Heavy Blade+1","Berserk+1","Reaper","Spot Weakness","Battle Trance","Inflame+1","Rupture+1","Berserk+1","Armaments+1","Limit Break","Dropkick+1"],"relics":["Burning Blood","NeowsBlessing","Mercury Hourglass","Question Card","Toy Ornithopter","Hololive_LightStick","Frozen Egg 2","Vajra","Black Star","Blood Vial","Strawberry","Bird Faced Urn","Potion Belt","Eternal Feather","Pen Nib","Champion Belt","Philosopher\u0027s Stone","Gambling Chip"],"acts_visited":["Exordium","TheCity","TheBeyond"],"potions_floor_usage":[33,38,40],"damage_taken":[{"damage":0.0,"enemies":"Small Slimes","floor":1.0,"turns":1.0},{"damage":0.0,"enemies":"Jaw Worm","floor":4.0,"turns":1.0},{"damage":0.0,"enemies":"Cultist","floor":5.0,"turns":1.0},{"damage":45.0,"enemies":"3 Sentries","floor":6.0,"turns":8.0},{"damage":39.0,"enemies":"Lagavulin","floor":8.0,"turns":7.0},{"damage":0.0,"enemies":"3 Sentries","floor":13.0,"turns":5.0},{"damage":77.0,"enemies":"Hexaghost","floor":16.0,"turns":11.0},{"damage":27.0,"enemies":"Shell Parasite","floor":18.0,"turns":5.0},{"damage":0.0,"enemies":"Spheric Guardian","floor":19.0,"turns":3.0},{"damage":51.0,"enemies":"Centurion and Healer","floor":20.0,"turns":6.0},{"damage":33.0,"enemies":"Shelled Parasite and Fungi","floor":22.0,"turns":5.0},{"damage":43.0,"enemies":"Book of Stabbing","floor":24.0,"turns":4.0},{"damage":26.0,"enemies":"Snake Plant","floor":27.0,"turns":5.0},{"damage":7.0,"enemies":"3 Cultists","floor":29.0,"turns":4.0},{"damage":43.0,"enemies":"Gremlin Leader","floor":31.0,"turns":6.0},{"damage":25,"enemies":"Champ","floor":33,"turns":6},{"damage":37,"enemies":"Orb Walker","floor":35,"turns":4},{"damage":84,"enemies":"2 Orb Walkers","floor":36,"turns":5},{"damage":3,"enemies":"3 Shapes","floor":38,"turns":3},{"damage":27,"enemies":"Sphere and 2 Shapes","floor":39,"turns":4},{"damage":90,"enemies":"Reptomancer","floor":40,"turns":2}],"seed_played":"-6060734054454299483","potions_obtained":[{"floor":6.0,"key":"Ancient Potion"},{"floor":8.0,"key":"Block Potion"},{"floor":16.0,"key":"EssenceOfSteel"},{"floor":18.0,"key":"Strength Potion"},{"floor":24.0,"key":"Dexterity Potion"},{"floor":27.0,"key":"Block Potion"},{"floor":29.0,"key":"Ancient Potion"},{"floor":36,"key":"Block Potion"},{"floor":39,"key":"SkillPotion"}],"is_trial":false,"path_per_floor":["M","?","?","M","M","E","R","E","T","T","R","$","E","?","R","B",null,"M","M","M","$","M","R","E","?","T","M","T","M","$","E","R","B",null,"M","?","?","M","M","E"],"character_chosen":"IRONCLAD","items_purchased":["Hololive_LightStick","Frozen Egg 2","Blood Vial","SkillPotion"],"campfire_rested":3,"item_purchase_floors":[12,12,21,30],"current_hp_per_floor":[80,69,69,75,80,41,65,32,32,32,56,56,62,80,80,9,80,59,65,25,25,22,46,26,26,26,18,18,61,61,53,65,77,87,71,21,21,41,48,0,0],"gold":265,"neow_bonus":"THREE_ENEMY_KILL","is_daily":false,"chose_seed":false,"campfire_upgraded":1,"win_rate":0.0,"timestamp":1612708172,"path_taken":["M","?","?","M","?","E","R","E","T","?","R","$","E","?","R","BOSS","M","M","M","$","?","R","E","?","T","M","?","?","?","E","R","BOSS","M","?","?","M","M","E"],"items_purchased_type":["Relic","Relic","Relic","Potion"],"build_version":"2020-12-22","purchased_purges":0,"victory":false,"max_hp_per_floor":[80,80,80,80,80,80,80,80,80,80,80,80,80,80,80,80,80,80,80,80,80,80,80,87,87,87,87,87,87,87,87,87,87,87,87,87,87,87,87,87,87],"relic_stats":{"counters":[21,96],"Eternal Feather":12,"Pen Nib":[3],"Question Card":15,"Burning Blood":113,"Mercury Hourglass":[312],"Blood Vial":20,"Bird Faced Urn":[44],"Gambling Chip":[7],"Black Star":2,"Champion Belt":[8],"obtain_stats":[{"Potion Belt":26,"NeowsBlessing":0,"Vajra":13,"Eternal Feather":28,"Pen Nib":31,"Frozen Egg 2":12,"Question Card":8,"Burning Blood":0,"Mercury Hourglass":6,"Blood Vial":21,"Hololive_LightStick":12,"Strawberry":24,"Bird Faced Urn":24,"Gambling Chip":36,"Philosopher\u0027s Stone":34,"Black Star":17,"Champion Belt":31,"Toy Ornithopter":10},{"Potion Belt":12,"NeowsBlessing":0,"Vajra":6,"Eternal Feather":13,"Pen Nib":15,"Frozen Egg 2":5,"Question Card":5,"Burning Blood":0,"Mercury Hourglass":4,"Blood Vial":10,"Hololive_LightStick":5,"Strawberry":12,"Bird Faced Urn":12,"Gambling Chip":18,"Philosopher\u0027s Stone":16,"Black Star":7,"Champion Belt":15,"Toy Ornithopter":5},{"Potion Belt":57,"NeowsBlessing":0,"Vajra":23,"Eternal Feather":62,"Pen Nib":72,"Frozen Egg 2":18,"Question Card":18,"Burning Blood":0,"Mercury Hourglass":11,"Blood Vial":48,"Hololive_LightStick":18,"Strawberry":57,"Bird Faced Urn":57,"Gambling Chip":87,"Philosopher\u0027s Stone":78,"Black Star":34,"Champion Belt":72,"Toy Ornithopter":18}],"Toy Ornithopter":40},"card_choices":[{"not_picked":["Headbutt","Armaments","Anger"],"picked":"SKIP","floor":1.0},{"not_picked":["Reckless Charge","Anger","Uppercut"],"picked":"SKIP","floor":4.0},{"not_picked":["Warcry","Shrug It Off"],"picked":"Heavy Blade","floor":5.0},{"not_picked":["Whirlwind","Hemokinesis"],"picked":"Corruption","floor":6.0},{"not_picked":["Dark Embrace","Power Through","Warcry"],"picked":"SKIP","floor":8.0},{"not_picked":["Ghostly Armor","Rampage","Power Through","Clash"],"picked":"SKIP","floor":13.0},{"not_picked":["Impervious","Feed","Juggernaut+1"],"picked":"Berserk+1","floor":16.0},{"not_picked":["Clash","Thunderclap","Shrug It Off"],"picked":"Reaper","floor":18.0},{"not_picked":["Uppercut+1","Body Slam","Sword Boomerang","Anger"],"picked":"SKIP","floor":19.0},{"not_picked":["Second Wind+1","Pummel","Seeing Red"],"picked":"Spot Weakness","floor":20.0},{"not_picked":["Whirlwind+1","Warcry","Uppercut+1"],"picked":"Battle Trance","floor":22.0},{"not_picked":["Dual Wield","Infernal Blade","Clothesline","Feel No Pain+1"],"picked":"SKIP","floor":24.0},{"not_picked":["Whirlwind","Iron Wave","Sword Boomerang"],"picked":"Inflame+1","floor":27.0},{"not_picked":["Impervious","Rage+1","Anger"],"picked":"Rupture+1","floor":29.0},{"not_picked":["Intimidate","Iron Wave+1","Heavy Blade","Body Slam"],"picked":"SKIP","floor":31.0},{"not_picked":["Impervious","Feed","Demon Form+1"],"picked":"Berserk+1","floor":33},{"not_picked":["Armaments","Ghostly Armor","Power Through+1","Sever Soul"],"picked":"SKIP","floor":35},{"not_picked":["Flex","Anger+1","Thunderclap"],"picked":"Armaments+1","floor":36},{"not_picked":["Perfected Strike","Cleave+1","Heavy Blade+1"],"picked":"Limit Break","floor":38},{"not_picked":["True Grit+1","Uppercut","Battle Trance+1"],"picked":"Dropkick+1","floor":39}],"player_experience":43184,"relics_obtained":[{"floor":6.0,"key":"Mercury Hourglass"},{"floor":8.0,"key":"Question Card"},{"floor":10.0,"key":"Toy Ornithopter"},{"floor":13.0,"key":"Vajra"},{"floor":24.0,"key":"Strawberry"},{"floor":24.0,"key":"Bird Faced Urn"},{"floor":26.0,"key":"Potion Belt"},{"floor":28.0,"key":"Eternal Feather"},{"floor":31.0,"key":"Pen Nib"},{"floor":31.0,"key":"Champion Belt"},{"floor":36,"key":"Gambling Chip"}],"event_choices":[{"damage_healed":0.0,"max_hp_gain":0.0,"max_hp_loss":0.0,"gold_gain":75.0,"event_name":"World of Goop","player_choice":"Gather Gold","floor":2.0,"gold_loss":0.0,"damage_taken":11.0},{"damage_healed":0.0,"max_hp_gain":0.0,"max_hp_loss":0.0,"gold_gain":0.0,"event_name":"Match and Keep!","player_choice":"3 cards matched","floor":3.0,"gold_loss":0.0,"damage_taken":0.0,"cards_obtained":["Brutality","Bash","Perfected Strike"]},{"damage_healed":18.0,"max_hp_gain":0.0,"max_hp_loss":0.0,"gold_gain":0.0,"event_name":"Wheel of Change","player_choice":"Full Heal","floor":14.0,"gold_loss":0.0,"damage_taken":0.0},{"cards_removed":["Corruption"],"damage_healed":0.0,"max_hp_gain":0.0,"max_hp_loss":0.0,"gold_gain":0.0,"event_name":"Beggar","player_choice":"Gave Gold","floor":25.0,"gold_loss":75.0,"damage_taken":0.0},{"damage_healed":0,"gold_gain":0,"player_choice":"Fight","damage_taken":0,"max_hp_gain":0,"max_hp_loss":0,"event_name":"Mysterious Sphere","floor":36,"gold_loss":0},{"damage_healed":0,"gold_gain":0,"player_choice":"Ignored","damage_taken":0,"max_hp_gain":0,"max_hp_loss":0,"event_name":"Tomb of Lord Red Mask","floor":37,"gold_loss":0}],"is_beta":false,"boss_relics":[{"not_picked":["Hololive_TopUpMoneyS","Empty Cage"],"picked":"Black Star"},{"not_picked":["Snecko Eye","Velvet Choker"],"picked":"Philosopher\u0027s Stone"}],"items_purged_floors":[],"is_endless":false,"potions_floor_spawned":[6,8,16,18,24,27,29,36,39],"killed_by":"Reptomancer","ascension_level":1}}