{"host":"gobyjzz6xbwq9f9i","time":1612687129,"event":{"mods":["AchievementEnabler","BaseMod","Bestiary","Colored Map","Minty Spire (QoL Compilation)","Relic Stats"],"gold_per_floor":[111,33,51,1,1,1,20,32,32,42,73,93,93,118,118,215,215,234,234,234,249,263,263,281,307,330,350,350,363,390,7,7,110,110,127,181,200,213,213,245,245,275,275,309,19,0,32,50,50,50],"floor_reached":51,"language":"ENG","playtime":2456,"items_purged":["Defend_G","Writhe"],"score":1476,"play_id":"b477537b-58a8-474b-a79e-4ef667c569ef","local_time":"20210207003849","is_ascension_mode":true,"campfire_choices":[{"data":"Blade Dance","floor":6.0,"key":"SMITH"},{"data":"Wraith Form v2","floor":15.0,"key":"SMITH"},{"data":"Wraith Form v2","floor":23.0,"key":"SMITH"},{"data":"A Thousand Cuts","floor":32.0,"key":"SMITH"},{"data":"Leg Sweep","floor":49,"key":"SMITH"}],"circlet_count":0,"master_deck":["AscendersBane","Strike_G","Strike_G","Strike_G","Strike_G","Defend_G","Defend_G","Defend_G","Defend_G","Survivor","Neutralize","Deadly Poison","Dash+1","Blade Dance+1","Dagger Spray","Envenom","Backstab","Wraith Form v2+1","Blade Dance","Leg Sweep+1","Wraith Form v2+1","Bane+1","Acrobatics+1","Backflip","Terror","Crippling Poison","Cloak And Dagger+1","A Thousand Cuts+1","Envenom","Tactician","Acrobatics","Blade Dance+1","Infinite Blades+1","PiercingWail+1","Acrobatics+1","Phantasmal Killer","Acrobatics+1"],"relics":["Ring of the Snake","Lantern","Paper Crane","The Courier","Shuriken","Snecko Eye","Darkstone Periapt","Orichalcum","Oddly Smooth Stone","Bottled Lightning","Anchor","Kunai","HoveringKite","Tingsha","Art of War","Smiling Mask","Mummified Hand","Ice Cream","Bag of Marbles","Nunchaku","Red Mask","Pantograph"],"acts_visited":["Exordium","TheCity","TheBeyond"],"potions_floor_usage":[36,40,50,50,50],"damage_taken":[{"damage":0.0,"enemies":"Jaw Worm","floor":1.0,"turns":5.0},{"damage":0.0,"enemies":"2 Louse","floor":3.0,"turns":3.0},{"damage":0.0,"enemies":"Cultist","floor":7.0,"turns":3.0},{"damage":2.0,"enemies":"3 Louse","floor":8.0,"turns":3.0},{"damage":0.0,"enemies":"2 Fungi Beasts","floor":10.0,"turns":2.0},{"damage":9.0,"enemies":"3 Sentries","floor":11.0,"turns":5.0},{"damage":4.0,"enemies":"Exordium Thugs","floor":12.0,"turns":3.0},{"damage":9.0,"enemies":"Lagavulin","floor":14.0,"turns":8.0},{"damage":2.0,"enemies":"Slime Boss","floor":16.0,"turns":5.0},{"damage":1.0,"enemies":"Spheric Guardian","floor":18.0,"turns":4.0},{"damage":1.0,"enemies":"Shell Parasite","floor":21.0,"turns":3.0},{"damage":0.0,"enemies":"Centurion and Healer","floor":22.0,"turns":8.0},{"damage":4.0,"enemies":"Cultist and Chosen","floor":24.0,"turns":6.0},{"damage":7.0,"enemies":"Book of Stabbing","floor":25.0,"turns":5.0},{"damage":0.0,"enemies":"Snake Plant","floor":27.0,"turns":4.0},{"damage":0.0,"enemies":"Snecko","floor":29.0,"turns":5.0},{"damage":0.0,"enemies":"Slavers","floor":30.0,"turns":5.0},{"damage":4,"enemies":"Champ","floor":33,"turns":11},{"damage":0,"enemies":"3 Darklings","floor":35,"turns":4},{"damage":0,"enemies":"2 Orb Walkers","floor":36,"turns":4},{"damage":0,"enemies":"Orb Walker","floor":37,"turns":3},{"damage":0,"enemies":"Maw","floor":38,"turns":7},{"damage":0,"enemies":"Reptomancer","floor":40,"turns":5},{"damage":0,"enemies":"Nemesis","floor":42,"turns":7},{"damage":6,"enemies":"Giant Head","floor":44,"turns":6},{"damage":0,"enemies":"Nemesis","floor":47,"turns":5},{"damage":0,"enemies":"Sphere and 2 Shapes","floor":48,"turns":3},{"damage":0,"enemies":"Donu and Deca","floor":50,"turns":5}],"seed_played":"-2319343993950759203","potions_obtained":[{"floor":7.0,"key":"Fire Potion"},{"floor":8.0,"key":"GhostInAJar"},{"floor":12.0,"key":"AttackPotion"},{"floor":14.0,"key":"BlessingOfTheForge"},{"floor":22.0,"key":"GamblersBrew"},{"floor":27.0,"key":"EssenceOfSteel"},{"floor":29.0,"key":"Fire Potion"},{"floor":36,"key":"CultistPotion"},{"floor":37,"key":"PowerPotion"},{"floor":40,"key":"AttackPotion"}],"is_trial":false,"path_per_floor":["M","$","M","?","?","R","M","M","T","M","E","M","?","E","R","B",null,"M","?","?","M","M","R","M","E","T","M","?","M","E","$","R","B",null,"M","?","M","M","?","E","?","E","T","E","$","?","E","M","R","B",null],"character_chosen":"THE_SILENT","items_purchased":["Dash","Anchor","Kunai","Bag of Marbles","Nunchaku"],"campfire_rested":0,"item_purchase_floors":[2,31,31,45,45],"current_hp_per_floor":[63,63,63,63,63,63,63,61,61,61,52,48,48,39,39,37,62,61,67,67,66,66,66,62,55,55,55,55,55,55,55,55,51,70,70,70,70,70,70,70,70,70,70,64,64,64,64,64,64,72],"gold":50,"neow_bonus":"RANDOM_COMMON_RELIC","is_daily":false,"chose_seed":false,"campfire_upgraded":5,"win_rate":0.0,"timestamp":1612687129,"path_taken":["M","$","M","?","?","R","M","M","T","?","E","M","?","E","R","BOSS","M","?","?","M","M","R","M","E","T","M","?","M","E","$","R","BOSS","M","?","M","M","?","E","?","E","T","E","$","?","E","M","R","BOSS"],"items_purchased_type":["Card","Relic","Relic","Relic","Relic"],"build_version":"2020-12-22","purchased_purges":2,"victory":true,"max_hp_per_floor":[70,70,70,70,70,70,70,70,70,70,70,70,70,70,70,70,70,70,76,76,76,76,76,76,76,76,76,76,76,76,76,76,76,76,76,76,76,76,76,76,72,72,72,72,72,72,72,72,72,72],"relic_stats":{"Darkstone Periapt":6,"counters":[28,137],"HoveringKite":[17],"Tingsha":[58],"Orichalcum":[114],"Smiling Mask":30,"Nunchaku":[6],"Shuriken":[82],"Mummified Hand":[29],"Pantograph":8,"Snecko Eye":[190,186,207,204],"Art of War":[4],"Kunai":[50],"obtain_stats":[{"Darkstone Periapt":19,"Ice Cream":44,"Lantern":0,"Oddly Smooth Stone":26,"HoveringKite":34,"Tingsha":36,"The Courier":11,"Paper Crane":9,"Orichalcum":25,"Smiling Mask":42,"Anchor":31,"Nunchaku":45,"Shuriken":14,"Mummified Hand":43,"Pantograph":47,"Snecko Eye":17,"Art of War":40,"Bag of Marbles":45,"Red Mask":46,"Bottled Lightning":30,"Kunai":31,"Ring of the Snake":0},{"Darkstone Periapt":10,"Ice Cream":25,"Lantern":0,"Oddly Smooth Stone":14,"HoveringKite":18,"Tingsha":20,"The Courier":6,"Paper Crane":4,"Orichalcum":14,"Smiling Mask":24,"Anchor":17,"Nunchaku":25,"Shuriken":8,"Mummified Hand":24,"Pantograph":26,"Snecko Eye":9,"Art of War":23,"Bag of Marbles":25,"Red Mask":25,"Bottled Lightning":17,"Kunai":17,"Ring of the Snake":0},{"Darkstone Periapt":41,"Ice Cream":124,"Lantern":0,"Oddly Smooth Stone":63,"HoveringKite":88,"Tingsha":96,"The Courier":21,"Paper Crane":14,"Orichalcum":63,"Smiling Mask":118,"Anchor":77,"Nunchaku":124,"Shuriken":32,"Mummified Hand":118,"Pantograph":129,"Snecko Eye":37,"Art of War":111,"Bag of Marbles":124,"Red Mask":124,"Bottled Lightning":77,"Kunai":77,"Ring of the Snake":0}],"Ring of the Snake":[56]},"card_choices":[{"not_picked":["Outmaneuver","Cloak And Dagger"],"picked":"Deadly Poison","floor":1.0},{"not_picked":["Poisoned Stab","Underhanded Strike"],"picked":"Blade Dance","floor":3.0},{"not_picked":["Cloak And Dagger","Backflip"],"picked":"Dagger Spray","floor":7.0},{"not_picked":["Underhanded Strike","Dodge and Roll"],"picked":"Envenom","floor":8.0},{"not_picked":["Distraction","Setup"],"picked":"Backstab","floor":10.0},{"not_picked":["Poisoned Stab","Setup"],"picked":"Wraith Form v2","floor":11.0},{"not_picked":["Dagger Throw","Poisoned Stab"],"picked":"Blade Dance","floor":12.0},{"not_picked":["Outmaneuver","Dagger Spray"],"picked":"Leg Sweep","floor":14.0},{"not_picked":["Phantasmal Killer","Unload"],"picked":"Wraith Form v2","floor":16.0},{"not_picked":["Dagger Spray","All Out Attack"],"picked":"Bane+1","floor":18.0},{"not_picked":["Sucker Punch","Reflex"],"picked":"Acrobatics+1","floor":21.0},{"not_picked":["Reflex","Slice"],"picked":"Backflip","floor":22.0},{"not_picked":["Cloak And Dagger","Sucker Punch+1"],"picked":"Terror","floor":24.0},{"not_picked":["Backstab","Masterful Stab","Endless Agony"],"picked":"SKIP","floor":25.0},{"not_picked":["Distraction","Dash"],"picked":"Crippling Poison","floor":27.0},{"not_picked":["Flying Knee+1","Poisoned Stab+1"],"picked":"Cloak And Dagger+1","floor":29.0},{"not_picked":["Riddle With Holes","Cloak And Dagger"],"picked":"A Thousand Cuts","floor":30.0},{"not_picked":["A Thousand Cuts","Die Die Die"],"picked":"Envenom","floor":33},{"not_picked":["Flying Knee+1","Bane"],"picked":"Tactician","floor":35},{"not_picked":["Backflip+1","Well Laid Plans"],"picked":"Acrobatics","floor":36},{"not_picked":["PiercingWail","Dodge and Roll+1"],"picked":"Blade Dance+1","floor":37},{"not_picked":["Underhanded Strike","Outmaneuver"],"picked":"Infinite Blades+1","floor":38},{"not_picked":["Poisoned Stab","Malaise"],"picked":"PiercingWail+1","floor":40},{"not_picked":["Sucker Punch+1","Flying Knee+1"],"picked":"Acrobatics+1","floor":42},{"not_picked":["Slice+1","Cloak And Dagger"],"picked":"Phantasmal Killer","floor":44},{"not_picked":["Outmaneuver+1","Backstab","Escape Plan"],"picked":"SKIP","floor":47},{"not_picked":["Sucker Punch","Deflect+1"],"picked":"Acrobatics+1","floor":48}],"player_experience":1297177,"relics_obtained":[{"floor":9.0,"key":"Paper Crane"},{"floor":11.0,"key":"The Courier"},{"floor":14.0,"key":"Shuriken"},{"floor":25.0,"key":"Orichalcum"},{"floor":26.0,"key":"Oddly Smooth Stone"},{"floor":30.0,"key":"Bottled Lightning"},{"floor":36,"key":"Tingsha"},{"floor":40,"key":"Art of War"},{"floor":42,"key":"Smiling Mask"},{"floor":43,"key":"Mummified Hand"},{"floor":44,"key":"Ice Cream"},{"floor":47,"key":"Pantograph"}],"event_choices":[{"cards_removed":["Strike_G"],"damage_healed":0.0,"max_hp_gain":0.0,"max_hp_loss":0.0,"gold_gain":0.0,"event_name":"The Cleric","player_choice":"Card Removal","floor":4.0,"gold_loss":50.0,"damage_taken":0.0},{"damage_healed":0.0,"max_hp_gain":0.0,"max_hp_loss":0.0,"gold_gain":0.0,"event_name":"Accursed Blacksmith","player_choice":"Forge","floor":5.0,"gold_loss":0.0,"damage_taken":0.0,"cards_upgraded":["Dash"]},{"damage_healed":0.0,"max_hp_gain":0.0,"max_hp_loss":0.0,"gold_gain":0.0,"event_name":"Liars Game","player_choice":"Ignored","floor":13.0,"gold_loss":0.0,"damage_taken":0.0},{"damage_healed":0.0,"max_hp_gain":0.0,"max_hp_loss":0.0,"gold_gain":0.0,"event_name":"The Mausoleum","player_choice":"Opened","floor":19.0,"gold_loss":0.0,"damage_taken":0.0,"relics_obtained":["Darkstone Periapt"],"cards_obtained":["Writhe"]},{"damage_healed":0.0,"max_hp_gain":0.0,"max_hp_loss":0.0,"gold_gain":0.0,"event_name":"Ghosts","player_choice":"Ignored","floor":20.0,"gold_loss":0.0,"damage_taken":0.0},{"damage_healed":0.0,"max_hp_gain":0.0,"max_hp_loss":0.0,"gold_gain":0.0,"event_name":"Vampires","player_choice":"Ignored","floor":28.0,"gold_loss":0.0,"damage_taken":0.0},{"damage_healed":0,"gold_gain":0,"player_choice":"Fight","damage_taken":0,"max_hp_gain":0,"max_hp_loss":0,"event_name":"Mysterious Sphere","floor":36,"gold_loss":0},{"damage_healed":0,"gold_gain":0,"player_choice":"Memory 1","damage_taken":0,"max_hp_gain":0,"max_hp_loss":0,"event_name":"SensoryStone","floor":39,"gold_loss":0},{"damage_healed":0,"gold_gain":0,"player_choice":"Max HP","damage_taken":0,"max_hp_gain":0,"max_hp_loss":4,"event_name":"Winding Halls","floor":41,"gold_loss":0},{"damage_healed":0,"gold_gain":0,"player_choice":"Paid","damage_taken":0,"relics_obtained":["Red Mask"],"max_hp_gain":0,"max_hp_loss":0,"event_name":"Tomb of Lord Red Mask","floor":46,"gold_loss":19}],"is_beta":false,"boss_relics":[{"not_picked":["Pandora\u0027s Box","Busted Crown"],"picked":"Snecko Eye"},{"not_picked":["Empty Cage","SacredBark"],"picked":"HoveringKite"}],"items_purged_floors":[31,45],"is_endless":false,"potions_floor_spawned":[7,8,12,14,22,27,29,33,36,37,40,44],"ascension_level":10}}