{"host":"q8mjpf3krl0t4p3x","time":1612736243,"event":{"mods":["BaseMod","Colored Map","Colored Powertips","Googly Eyes","Minty Spire (QoL Compilation)","Quick Restart","StSLib","everything is the same but u backflip on backflip","slay the spire mod where everything is the same but ironclad has a cowboy hat"],"gold_per_floor":[214,289,305,305,305,305,5,5,5,5,5,20,55,66,66,165,165,185,235,235,235],"floor_reached":20,"language":"ENG","playtime":4184,"items_purged":[],"score":300,"play_id":"8d9c4359-6d15-484c-84e2-7460e03c0fab","local_time":"20210207141723","is_ascension_mode":true,"campfire_choices":[{"data":"Inflame","floor":6,"key":"SMITH"},{"data":"Shrug It Off","floor":8,"key":"SMITH"},{"data":"Bash","floor":11,"key":"SMITH"},{"data":"Inflame","floor":15,"key":"SMITH"}],"circlet_count":0,"master_deck":["AscendersBane","Strike_R","Strike_R","Strike_R","Strike_R","Strike_R","Defend_R","Defend_R","Defend_R","Defend_R","Bash+1","Inflame+1","Shrug It Off+1","Inflame+1","Flex","Bludgeon","CurseOfTheBell","Sentinel+1"],"relics":["Burning Blood","SsserpentHead","Mango","Mercury Hourglass","Sundial","Calling Bell","Toy Ornithopter","White Beast Statue","WingedGreaves"],"acts_visited":["Exordium","TheCity"],"potions_floor_usage":[13,14,16,16,19],"damage_taken":[{"damage":15,"enemies":"2 Louse","floor":1,"turns":3},{"damage":3,"enemies":"Jaw Worm","floor":3,"turns":5},{"damage":1,"enemies":"Cultist","floor":12,"turns":4},{"damage":24,"enemies":"Lagavulin","floor":13,"turns":6},{"damage":16,"enemies":"Lots of Slimes","floor":14,"turns":4},{"damage":61,"enemies":"Hexaghost","floor":16,"turns":11},{"damage":34,"enemies":"Spheric Guardian","floor":18,"turns":5},{"damage":0,"enemies":"2 Thieves","floor":19,"turns":1},{"damage":64,"enemies":"Centurion and Healer","floor":20,"turns":8}],"seed_played":"-2475316641161910870","potions_obtained":[{"floor":13,"key":"EntropicBrew"},{"floor":14,"key":"Dexterity Potion"},{"floor":18,"key":"SmokeBomb"}],"is_trial":false,"path_per_floor":["M","?","M","?","?","R","$","R","T","$","R","M","E","M","R","B",null,"M","M","M"],"character_chosen":"IRONCLAD","items_purchased":["Mango"],"campfire_rested":0,"item_purchase_floors":[7],"current_hp_per_floor":[63,52,55,60,60,60,74,74,74,74,74,79,61,70,70,15,78,50,61,0,0],"gold":235,"neow_bonus":"HUNDRED_GOLD","is_daily":false,"chose_seed":false,"campfire_upgraded":4,"win_rate":0.0,"timestamp":1612736243,"path_taken":["M","?","M","?","?","R","$","R","T","$","R","M","E","M","R","BOSS","M","?","M"],"items_purchased_type":["Relic"],"build_version":"2020-12-22","purchased_purges":0,"victory":false,"max_hp_per_floor":[80,80,80,85,85,85,99,99,99,99,99,99,99,99,99,99,99,99,99,99,99],"card_choices":[{"not_picked":["Havoc","Iron Wave"],"picked":"Inflame","floor":1},{"not_picked":["Twin Strike","Exhume"],"picked":"Shrug It Off","floor":3},{"not_picked":["Entrench","Shockwave","Thunderclap"],"picked":"SKIP","floor":12},{"not_picked":["Blood for Blood","Metallicize"],"picked":"Inflame","floor":13},{"not_picked":["Heavy Blade","Burning Pact"],"picked":"Flex","floor":14},{"not_picked":["Fiend Fire","Reaper"],"picked":"Bludgeon","floor":16},{"not_picked":["Iron Wave","Body Slam"],"picked":"Sentinel+1","floor":18}],"player_experience":331630,"relics_obtained":[{"floor":9,"key":"Mercury Hourglass"},{"floor":13,"key":"Sundial"},{"floor":17,"key":"Toy Ornithopter"},{"floor":17,"key":"White Beast Statue"},{"floor":17,"key":"WingedGreaves"}],"event_choices":[{"damage_healed":0,"gold_gain":75,"player_choice":"Gather Gold","damage_taken":11,"max_hp_gain":0,"max_hp_loss":0,"event_name":"World of Goop","floor":2,"gold_loss":0},{"damage_healed":0,"gold_gain":0,"player_choice":"Donut","damage_taken":0,"max_hp_gain":5,"max_hp_loss":0,"event_name":"Big Fish","floor":4,"gold_loss":0},{"damage_healed":0,"gold_gain":0,"player_choice":"Trade","damage_taken":0,"relics_obtained":["SsserpentHead"],"max_hp_gain":0,"max_hp_loss":0,"event_name":"FaceTrader","floor":5,"gold_loss":0}],"is_beta":false,"boss_relics":[{"not_picked":["Astrolabe","Runic Pyramid"],"picked":"Calling Bell"}],"items_purged_floors":[],"is_endless":false,"potions_floor_spawned":[13,14,18,19],"killed_by":"Centurion and Healer","ascension_level":12}}