{"host":"ty7uytdfitsmf36k","time":1612721302,"event":{"mods":["AchievementEnabler","BaseMod","Colored Map","Colored Powertips","DeckTracker","Downfall","Infinite Spire","Minty Spire (QoL Compilation)","Relic Stats","Replay The Spire","Spire Arcade","StSLib","SuperFastMode","The Jungle","Wandering Minibosses"],"gold_per_floor":[99,115,134,154,169,197,197,227,227,246,278,278,293,312,328,328,328,328],"floor_reached":16,"language":"ENG","playtime":625,"items_purged":[],"score":128,"play_id":"561e4685-0c79-460f-9156-77c5aee6128c","local_time":"20210207130822","is_ascension_mode":true,"campfire_choices":[{"data":"hexamod:Float","floor":1,"key":"SMITH"},{"data":"hexamod:EtherealExpedition","floor":9,"key":"SMITH"},{"data":"1","floor":12,"key":"LIFT"}],"circlet_count":0,"master_deck":["hexamod:Strike","hexamod:Strike","hexamod:Strike","hexamod:Strike","hexamod:Defend","hexamod:Defend","hexamod:Defend","hexamod:Defend","hexamod:Sear","hexamod:Float+1","hexamod:Hexaguard","hexamod:Firestarter","hexamod:EtherealExpedition+1","hexamod:PhantomFireball","hexamod:NightmareGuise","hexamod:RetreatToShadows","hexamod:ShieldOfDarkness","hexamod:GhostShield","hexamod:ThermalTransfer+1"],"relics":["hexamod:SpiritBrand","Bag of Marbles","Molten Egg 2","Girya","infinitespire:BottledMercury"],"acts_visited":["Exordium"],"potions_floor_usage":[16,16,16],"damage_taken":[{"damage":2,"enemies":"Jaw Worm","floor":2,"turns":3},{"damage":0,"enemies":"Small Slimes","floor":3,"turns":3},{"damage":4,"enemies":"2 Louse","floor":4,"turns":2},{"damage":0,"enemies":"Blue Slaver","floor":5,"turns":3},{"damage":35,"enemies":"Gremlin Nob","floor":6,"turns":5},{"damage":13,"enemies":"Large Slime","floor":10,"turns":6},{"damage":4,"enemies":"3 Sentries","floor":11,"turns":7},{"damage":4,"enemies":"Exordium Thugs","floor":13,"turns":4},{"damage":3,"enemies":"Blue Slaver","floor":14,"turns":3},{"damage":1,"enemies":"3 Louse","floor":15,"turns":4},{"damage":15,"enemies":"DF_ARCHETYPE_STREAMLINE","floor":16,"turns":13}],"seed_played":"-926654463568625792","potions_obtained":[{"floor":5,"key":"Ancient Potion"},{"floor":11,"key":"Elixir"},{"floor":13,"key":"Energy Potion"}],"is_trial":false,"path_per_floor":["R","M","M","M","M","E","T","?","R","M","E","R","M","M","M","B"],"character_chosen":"THE_SPIRIT","items_purchased":[],"campfire_rested":0,"item_purchase_floors":[],"current_hp_per_floor":[77,75,75,71,71,36,36,36,36,23,19,19,15,12,11,0,0,0],"gold":328,"neow_bonus":"TEN_PERCENT_HP_BONUS","is_daily":false,"chose_seed":false,"campfire_upgraded":2,"win_rate":0.0,"timestamp":1612721302,"path_taken":["R","M","M","M","M","E","T","?","R","M","E","R","M","M","M","BOSS"],"items_purchased_type":[],"build_version":"2020-12-22","purchased_purges":0,"victory":false,"max_hp_per_floor":[77,77,77,77,77,77,77,77,77,77,77,77,77,77,77,77,77,77],"relic_stats":{"counters":[11,53],"obtain_stats":[{"Girya":8,"infinitespire:BottledMercury":11,"Molten Egg 2":7,"Bag of Marbles":6,"hexamod:SpiritBrand":0},{"Girya":5,"infinitespire:BottledMercury":7,"Molten Egg 2":5,"Bag of Marbles":5,"hexamod:SpiritBrand":0},{"Girya":16,"infinitespire:BottledMercury":29,"Molten Egg 2":16,"Bag of Marbles":16,"hexamod:SpiritBrand":0}]},"card_choices":[{"not_picked":["hexamod:BacktrackSmack","hexamod:HeatShield"],"picked":"hexamod:Hexaguard","floor":2},{"not_picked":["hexamod:BacktrackSmack","hexamod:NightmareStrike"],"picked":"hexamod:Firestarter","floor":3},{"not_picked":["hexamod:RetreatToShadows","hexamod:FlamesFromBeyond"],"picked":"hexamod:EtherealExpedition","floor":4},{"not_picked":["hexamod:BacktrackSmack","hexamod:HeatShield"],"picked":"hexamod:PhantomFireball","floor":5},{"not_picked":["hexamod:HauntingEcho","hexamod:SwordOfDarkness"],"picked":"hexamod:NightmareGuise","floor":6},{"not_picked":["hexamod:PhantomFireball+1","hexamod:Incineration+1"],"picked":"hexamod:RetreatToShadows","floor":10},{"not_picked":["hexamod:HauntingEcho+1","hexamod:PhantomCloak","hexamod:GhostOfSpirePresent"],"picked":"SKIP","floor":11},{"not_picked":["hexamod:SuperheatedStrike+1","hexamod:BacktrackSmack+1"],"picked":"hexamod:ShieldOfDarkness","floor":13},{"not_picked":["hexamod:Firestarter+1","hexamod:SwordOfDarkness+1"],"picked":"hexamod:GhostShield","floor":14},{"not_picked":["hexamod:BacktrackSmack+1","hexamod:AdvancingGuard"],"picked":"hexamod:ThermalTransfer+1","floor":15}],"player_experience":212836,"relics_obtained":[{"floor":6,"key":"Bag of Marbles"},{"floor":7,"key":"Molten Egg 2"},{"floor":11,"key":"infinitespire:BottledMercury"}],"event_choices":[],"is_beta":false,"boss_relics":[],"items_purged_floors":[],"is_endless":false,"potions_floor_spawned":[5,11,13,14],"killed_by":"DF_ARCHETYPE_STREAMLINE","ascension_level":2}}