{"host":"7ap89n2sm7vm35bt","time":1612704623,"event":{"mods":["AchievementEnabler","Aspiration","BaseMod","Minty Spire (QoL Compilation)","StSLib","[IsaacMod]ÒÔÈö¼âËþ"],"gold_per_floor":[119,135,135,235,235,249,249,249,272,272,173,173,193,93,93,191,191,202,202,77,94,19,51,66,66,66,66,76,76,76,91,91,192,192,205,220,220,220,270,270,270,280,333,333,345,377,404,413,413,413,413],"floor_reached":50,"language":"ZHS","playtime":2052,"items_purged":["Strike_R","Defend_R","Strike_R"],"score":578,"play_id":"2d9aa16f-d86a-4faa-b8d0-70909606f4c5","local_time":"20210207213023","is_ascension_mode":false,"campfire_choices":[{"data":"Bash","floor":7.0,"key":"SMITH"},{"data":"Strike_R","floor":10.0,"key":"SMITH"},{"data":"Pommel Strike","floor":12.0,"key":"SMITH"},{"data":"Intimidate","floor":15.0,"key":"SMITH"},{"data":"Corruption","floor":25.0,"key":"SMITH"},{"data":"Sentinel","floor":29.0,"key":"SMITH"},{"data":"Seeing Red","floor":32.0,"key":"SMITH"},{"data":"True Grit","floor":40.0,"key":"SMITH"},{"data":"Feel No Pain","floor":44.0,"key":"SMITH"},{"floor":49,"key":"RECALL"}],"circlet_count":0,"master_deck":["Strike_R+1","Defend_R","Bash+1","Shrug It Off+1","Feel No Pain+1","Pommel Strike+1","Intimidate+1","Corruption+1","Clash+1","Iron Wave","Thunderclap+1","Sentinel+1","Seeing Red+1","True Grit+1","Body Slam+1","Shrug It Off+1","Parasite","Uppercut+1","Metallicize+1","Shrug It Off"],"relics":["Burning Blood","HushsDoor","NeowsBlessing","SatanicBible","TheBible","Potion Belt","Sozu","GuppysPaw","MutagenicStrength","Ice Cream","aspiration:StickyExplosives_weak","Cursed Key","NineLifeCat","TungstenRod","CeramicFish"],"acts_visited":["Exordium","TheCity","TheBeyond"],"potions_floor_usage":[],"damage_taken":[{"damage":0.0,"enemies":"Jaw Worm","floor":1.0,"turns":1.0},{"damage":0.0,"enemies":"Small Slimes","floor":2.0,"turns":1.0},{"damage":0.0,"enemies":"Cultist","floor":6.0,"turns":1.0},{"damage":4.0,"enemies":"2 Fungi Beasts","floor":13.0,"turns":4.0},{"damage":0.0,"enemies":"The Guardian","floor":16.0,"turns":10.0},{"damage":0.0,"enemies":"3 Byrds","floor":18.0,"turns":4.0},{"damage":0.0,"enemies":"Shell Parasite","floor":21.0,"turns":4.0},{"damage":12.0,"enemies":"Gremlin Leader","floor":23.0,"turns":6.0},{"damage":2.0,"enemies":"Cultist and Chosen","floor":24.0,"turns":6.0},{"damage":7.0,"enemies":"Shelled Parasite and Fungi","floor":28.0,"turns":3.0},{"damage":14.0,"enemies":"Sentry and Sphere","floor":31.0,"turns":5.0},{"damage":0.0,"enemies":"Champ","floor":33.0,"turns":9.0},{"damage":0.0,"enemies":"3 Shapes","floor":35.0,"turns":5.0},{"damage":0.0,"enemies":"3 Darklings","floor":36.0,"turns":5.0},{"damage":10.0,"enemies":"Mind Bloom Boss Battle","floor":39.0,"turns":5.0},{"damage":17.0,"enemies":"Sphere and 2 Shapes","floor":42.0,"turns":5.0},{"damage":23.0,"enemies":"Jaw Worm Horde","floor":45.0,"turns":4.0},{"damage":24.0,"enemies":"Reptomancer","floor":46.0,"turns":8.0},{"damage":1.0,"enemies":"Transient","floor":47.0,"turns":5.0},{"damage":152,"enemies":"Donu and Deca","floor":50,"turns":12}],"seed_played":"383060954130387083","potions_obtained":[{"floor":1.0,"key":"ColorlessPotion"},{"floor":2.0,"key":"Energy Potion"},{"floor":13.0,"key":"HeartOfIron"}],"is_trial":false,"path_per_floor":["M","M","?","?","?","M","R","?","T","R","$","R","M","$","R","B",null,"M","?","$","M","?","E","M","R","T","$","M","R","?","M","R","B",null,"M","M","T","?","?","R","?","M","T","R","M","E","M","?","R","B"],"character_chosen":"IRONCLAD","items_purchased":["Pommel Strike","GuppysPaw","NineLifeCat"],"campfire_rested":0,"item_purchase_floors":[11,17,34],"current_hp_per_floor":[80,80,62,62,62,68,68,68,68,68,68,68,70,70,70,76,70,70,70,70,70,70,64,68,68,68,68,67,67,54,46,46,52,16,16,16,16,16,12,12,12,16,16,16,16,16,16,16,16,0,0],"gold":413,"neow_bonus":"THREE_ENEMY_KILL","is_daily":false,"chose_seed":false,"campfire_upgraded":9,"win_rate":0.0,"timestamp":1612704623,"path_taken":["M","M","?","?","?","M","R","?","T","R","?","R","M","$","R","BOSS","M","?","$","M","?","E","M","R","T","$","M","R","?","M","R","BOSS","M","M","?","?","?","R","?","M","T","R","M","E","M","?","R","BOSS"],"items_purchased_type":["Card","Relic","Relic"],"build_version":"2020-12-22","purchased_purges":3,"victory":false,"max_hp_per_floor":[80,80,80,80,80,80,80,80,80,80,80,80,80,80,80,80,70,70,70,70,70,70,70,70,70,70,70,70,70,75,75,75,75,16,16,16,16,16,16,16,16,16,16,16,16,16,16,16,16,16,16],"card_choices":[{"not_picked":["Thunderclap","Cleave"],"picked":"Shrug It Off","floor":1.0},{"not_picked":["Blood for Blood","Warcry"],"picked":"Feel No Pain","floor":2.0},{"not_picked":["Anger","Heavy Blade","Bloodletting"],"picked":"SKIP","floor":6.0},{"not_picked":["Wild Strike","Havoc"],"picked":"Intimidate","floor":13.0},{"not_picked":["Exhume","Reaper"],"picked":"Corruption","floor":16.0},{"not_picked":["Shrug It Off","Clothesline"],"picked":"Clash+1","floor":18.0},{"not_picked":["Anger+1","Flex"],"picked":"Iron Wave","floor":21.0},{"not_picked":["Disarm","Clothesline","Flex"],"picked":"SKIP","floor":23.0},{"not_picked":["Cleave","Infernal Blade"],"picked":"Thunderclap+1","floor":24.0},{"not_picked":["Whirlwind","Sentinel","Anger"],"picked":"SKIP","floor":28.0},{"not_picked":["Whirlwind","Anger"],"picked":"Sentinel","floor":28.0},{"not_picked":["Clothesline","Cleave"],"picked":"Seeing Red","floor":31.0},{"not_picked":["Thunderclap+1","Iron Wave+1"],"picked":"True Grit","floor":35.0},{"not_picked":["Iron Wave","Shockwave"],"picked":"Body Slam+1","floor":36.0},{"not_picked":["Wild Strike","Shrug It Off+1","Reckless Charge"],"picked":"SKIP","floor":42.0},{"not_picked":["Wild Strike","Reckless Charge"],"picked":"Shrug It Off+1","floor":42.0},{"not_picked":["Pommel Strike+1","Shrug It Off+1"],"picked":"Uppercut+1","floor":45.0},{"not_picked":["Intimidate","Shockwave+1","Shrug It Off+1"],"picked":"SKIP","floor":46.0},{"not_picked":["Demon Form","Shrug It Off+1"],"picked":"Metallicize+1","floor":47.0}],"player_experience":257518,"relics_obtained":[{"floor":9.0,"key":"Potion Belt"},{"floor":23.0,"key":"Ice Cream"},{"floor":26.0,"key":"aspiration:StickyExplosives_weak"},{"floor":39.0,"key":"TungstenRod"},{"floor":46.0,"key":"CeramicFish"}],"event_choices":[{"damage_healed":0.0,"max_hp_gain":0.0,"max_hp_loss":0.0,"gold_gain":0.0,"event_name":"Scrap Ooze","player_choice":"Success","floor":3.0,"gold_loss":0.0,"damage_taken":18.0,"relics_obtained":["TheBible"]},{"damage_healed":0.0,"max_hp_gain":0.0,"max_hp_loss":0.0,"gold_gain":100.0,"event_name":"Golden Shrine","player_choice":"Pray","floor":4.0,"gold_loss":0.0,"damage_taken":0.0},{"damage_healed":0.0,"max_hp_gain":0.0,"max_hp_loss":0.0,"gold_gain":0.0,"event_name":"Upgrade Shrine","player_choice":"Upgraded","floor":5.0,"gold_loss":0.0,"damage_taken":0.0,"cards_upgraded":["Shrug It Off"]},{"cards_removed":["Strike_R"],"damage_healed":0.0,"max_hp_gain":0.0,"max_hp_loss":0.0,"gold_gain":0.0,"event_name":"Living Wall","player_choice":"Forget","floor":8.0,"gold_loss":0.0,"damage_taken":0.0},{"damage_healed":0.0,"max_hp_gain":0.0,"max_hp_loss":0.0,"gold_gain":0.0,"event_name":"Drug Dealer","player_choice":"Inject Mutagens","floor":19.0,"gold_loss":0.0,"damage_taken":0.0,"relics_obtained":["MutagenicStrength"]},{"cards_removed":["Strike_R"],"damage_healed":0.0,"max_hp_gain":0.0,"max_hp_loss":0.0,"gold_gain":0.0,"event_name":"Beggar","player_choice":"Gave Gold","floor":22.0,"gold_loss":75.0,"damage_taken":0.0},{"damage_healed":0.0,"max_hp_gain":5.0,"max_hp_loss":0.0,"gold_gain":0.0,"event_name":"Forgotten Altar","player_choice":"Shed Blood","floor":30.0,"gold_loss":0.0,"damage_taken":18.0},{"damage_healed":0.0,"max_hp_gain":0.0,"max_hp_loss":0.0,"gold_gain":0.0,"event_name":"Tomb of Lord Red Mask","player_choice":"Ignored","floor":38.0,"gold_loss":0.0,"damage_taken":0.0},{"damage_healed":0.0,"max_hp_gain":0.0,"max_hp_loss":0.0,"gold_gain":0.0,"event_name":"MindBloom","player_choice":"Fight","floor":39.0,"gold_loss":0.0,"damage_taken":0.0},{"cards_removed":["Defend_R"],"damage_healed":0.0,"max_hp_gain":0.0,"max_hp_loss":0.0,"gold_gain":0.0,"event_name":"Falling","player_choice":"Removed Skill","floor":41.0,"gold_loss":0.0,"damage_taken":0.0},{"damage_healed":0,"gold_gain":0,"cards_transformed":["Defend_R"],"player_choice":"Transformed","damage_taken":0,"max_hp_gain":0,"max_hp_loss":0,"event_name":"Transmorgrifier","floor":48,"gold_loss":0,"cards_obtained":["Shrug It Off"]}],"is_beta":false,"boss_relics":[{"not_picked":["Mark of Pain","aspiration:SecretTechniqueScroll"],"picked":"Sozu"},{"not_picked":[]},{"not_picked":["Velvet Choker","aspiration:DefectSkillbook"],"picked":"Cursed Key"},{"not_picked":[]}],"items_purged_floors":[11,14,20],"is_endless":false,"potions_floor_spawned":[1,2,13,18,33,35,46,47],"killed_by":"Donu and Deca","ascension_level":0}}