{"host":"19r1ww88x2tc73i0","time":1612678806,"event":{"mods":["BaseMod","BetterRewards","Colored Map","Minty Spire (QoL Compilation)","Relic Stats","StSLib","SuperFastMode","slay the spire mod where everything is the same but ironclad has a cowboy hat"],"gold_per_floor":[116,128,128,193,205,205,33,33,57,107,141,191,299,326,326,403,403,419,469,519,530,608,608,608,608],"floor_reached":24,"language":"ENG","playtime":868,"items_purged":["Defend_P"],"score":441,"play_id":"13c66f8f-5fb0-423b-9b28-b3edfc52e3c5","local_time":"25640207132006","is_ascension_mode":true,"campfire_choices":[{"data":"Eruption","floor":6.0,"key":"SMITH"},{"data":"FlyingSleeves","floor":8.0,"key":"SMITH"},{"data":"Scrawl","floor":15,"key":"SMITH"},{"data":"CrushJoints","floor":23,"key":"SMITH"}],"circlet_count":0,"master_deck":["AscendersBane","Defend_P","Defend_P","Eruption+1","Vigilance","FlyingSleeves+1","CutThroughFate","Vengeance","FearNoEvil","Scrawl+1","LikeWater+1","Devotion+1","CrushJoints+1","Bite","Bite","Bite","Bite","Bite","Adaptation+1"],"relics":["PureWater","Whetstone","SsserpentHead","Sling","Oddly Smooth Stone","Akabeko","Matryoshka","Frozen Egg 2","Black Star","Red Mask"],"acts_visited":["Exordium","TheCity"],"potions_floor_usage":[13,18],"damage_taken":[{"damage":0.0,"enemies":"2 Louse","floor":1.0,"turns":2.0},{"damage":0.0,"enemies":"Cultist","floor":2.0,"turns":2.0},{"damage":12.0,"enemies":"Small Slimes","floor":4.0,"turns":3.0},{"damage":18.0,"enemies":"3 Louse","floor":5.0,"turns":3.0},{"damage":0,"enemies":"Gremlin Nob","floor":11,"turns":2},{"damage":11,"enemies":"3 Sentries","floor":13,"turns":4},{"damage":0,"enemies":"Lagavulin","floor":14,"turns":3},{"damage":12,"enemies":"The Guardian","floor":16,"turns":9},{"damage":6,"enemies":"Shell Parasite","floor":18,"turns":5},{"damage":6,"enemies":"2 Thieves","floor":21,"turns":2},{"damage":33,"enemies":"Masked Bandits","floor":22,"turns":4},{"damage":28,"enemies":"Slavers","floor":24,"turns":2}],"seed_played":"-8573145596477581609","potions_obtained":[{"floor":5.0,"key":"Swift Potion"},{"floor":11,"key":"Ancient Potion"},{"floor":14,"key":"FearPotion"},{"floor":16,"key":"Swift Potion"},{"floor":18,"key":"LiquidBronze"}],"is_trial":false,"path_per_floor":["M","M","?","M","M","R","$","R","T","?","E","?","?","E","R","B",null,"M","?","?","M","?","R","E"],"character_chosen":"WATCHER","items_purchased":["Sling"],"campfire_rested":0,"item_purchase_floors":[7],"current_hp_per_floor":[65,65,65,53,35,35,35,35,35,35,35,35,24,24,24,12,57,51,50,50,48,23,23,0,0],"gold":608,"neow_bonus":"RANDOM_COMMON_RELIC","is_daily":false,"chose_seed":false,"campfire_upgraded":4,"win_rate":0.0,"timestamp":1612678806,"path_taken":["M","M","?","?","M","R","?","R","T","?","E","?","?","E","R","BOSS","M","?","?","M","?","R","E"],"items_purchased_type":["Relic"],"build_version":"2020-12-22","purchased_purges":1,"victory":false,"max_hp_per_floor":[72,72,72,72,72,72,72,72,72,72,72,72,72,72,72,72,72,72,50,50,50,50,50,50,50],"relic_stats":{"SsserpentHead":400,"counters":[12,41],"Black Star":0,"Whetstone":["Strike_P","Strike_P"],"obtain_stats":[{"SsserpentHead":3,"Matryoshka":13,"Oddly Smooth Stone":9,"Black Star":17,"Red Mask":22,"Whetstone":0,"PureWater":0,"Frozen Egg 2":14,"Sling":7,"Akabeko":11},{"SsserpentHead":2,"Matryoshka":5,"Oddly Smooth Stone":4,"Black Star":8,"Red Mask":11,"Whetstone":0,"PureWater":0,"Frozen Egg 2":7,"Sling":4,"Akabeko":5},{"SsserpentHead":4,"Matryoshka":12,"Oddly Smooth Stone":10,"Black Star":28,"Red Mask":39,"Whetstone":0,"PureWater":0,"Frozen Egg 2":19,"Sling":10,"Akabeko":12}]},"card_choices":[{"not_picked":["JustLucky","Consecrate"],"picked":"FlyingSleeves","floor":1.0},{"not_picked":["FlyingSleeves","FlurryOfBlows"],"picked":"CutThroughFate","floor":2.0},{"not_picked":["FlyingSleeves","Weave","Meditate"],"picked":"SKIP","floor":4.0},{"not_picked":["WaveOfTheHand","Perseverance"],"picked":"Vengeance","floor":5.0},{"not_picked":["FlurryOfBlows","WreathOfFlame"],"picked":"FearNoEvil","floor":11},{"not_picked":["WheelKick","BowlingBash"],"picked":"Scrawl","floor":13},{"not_picked":["Wireheading+1","TalkToTheHand"],"picked":"LikeWater+1","floor":14},{"not_picked":["MasterReality+1","DeusExMachina"],"picked":"Devotion+1","floor":16},{"not_picked":["PathToVictory","Weave"],"picked":"CrushJoints","floor":18},{"not_picked":["FollowUp","JustLucky","CrushJoints"],"picked":"SKIP","floor":21},{"not_picked":["DeusExMachina","FlurryOfBlows"],"picked":"Adaptation+1","floor":22}],"player_experience":1020124,"relics_obtained":[{"floor":9.0,"key":"Oddly Smooth Stone"},{"floor":11,"key":"Akabeko"},{"floor":14,"key":"Frozen Egg 2"},{"floor":22,"key":"Red Mask"}],"event_choices":[{"damage_healed":0.0,"max_hp_gain":0.0,"max_hp_loss":0.0,"gold_gain":0.0,"event_name":"FaceTrader","player_choice":"Trade","floor":3.0,"gold_loss":0.0,"damage_taken":0.0,"relics_obtained":["SsserpentHead"]},{"damage_healed":0,"gold_gain":0,"player_choice":"Fled","damage_taken":0,"max_hp_gain":0,"max_hp_loss":0,"event_name":"Scrap Ooze","floor":10,"gold_loss":0},{"cards_removed":["Defend_P"],"damage_healed":0,"gold_gain":0,"player_choice":"Forget","damage_taken":0,"max_hp_gain":0,"max_hp_loss":0,"event_name":"Living Wall","floor":12,"gold_loss":0},{"damage_healed":0,"gold_gain":0,"player_choice":"Searched \u00272\u0027 times","damage_taken":0,"relics_obtained":["Matryoshka"],"max_hp_gain":0,"max_hp_loss":0,"event_name":"Dead Adventurer","floor":13,"gold_loss":0},{"damage_healed":0,"gold_gain":0,"player_choice":"Became a vampire","damage_taken":0,"max_hp_gain":0,"max_hp_loss":22,"event_name":"Vampires","floor":19,"gold_loss":0,"cards_obtained":["Bite","Bite","Bite","Bite","Bite"]},{"damage_healed":0,"gold_gain":0,"player_choice":"Ignored","damage_taken":0,"max_hp_gain":0,"max_hp_loss":0,"event_name":"Ghosts","floor":20,"gold_loss":0},{"damage_healed":0,"gold_gain":0,"player_choice":"Fought Bandits","damage_taken":0,"max_hp_gain":0,"max_hp_loss":0,"event_name":"Masked Bandits","floor":22,"gold_loss":0}],"is_beta":false,"boss_relics":[{"not_picked":["SlaversCollar","Sozu"],"picked":"Black Star"}],"items_purged_floors":[7],"is_endless":false,"potions_floor_spawned":[5,11,14,16,18],"killed_by":"Slavers","ascension_level":13}}