{"host":"ffjrj7fisyni1ebk","time":1612706952,"event":{"mods":["2.2 Compatiblity","BaseMod","Bestiary","Colored Map","Colored Powertips","Curses Come First","Highlight Path","Keyboard Shortcuts","Minty Spire (QoL Compilation)","Relic Stats","Slay the Relics Exporter","StSLib","SuperFastMode"],"gold_per_floor":[113,129,79,79,92,118,118,146,146,11,23,55,17,27,27,127,127,138,138,153,153,34,34,48,48,73,73,83,103,103,138,138,236,236,249,267,277,277,12,12,12],"floor_reached":40,"language":"ENG","playtime":4112,"items_purged":["Writhe"],"score":426,"play_id":"76cf046b-c50a-409a-8f63-2eb7d6f6402d","local_time":"20210207160912","is_ascension_mode":false,"campfire_choices":[{"floor":7.0,"key":"REST"},{"floor":15.0,"key":"REST"},{"floor":23.0,"key":"REST"},{"data":"DevaForm","floor":27.0,"key":"SMITH"},{"floor":30.0,"key":"REST"},{"floor":32.0,"key":"REST"}],"circlet_count":0,"master_deck":["Defend_P","Defend_P","Defend_P","Eruption","Vigilance","JustLucky","Weave","EmptyMind","ClearTheMind","CutThroughFate","Apotheosis+1","CutThroughFate","ThirdEye","JustLucky","DevaForm+1","LikeWater+1","Ragnarok+1","Protect+1","ReachHeaven+1","Indignation+1","Study","Prostrate+1","ThirdEye","Wallop","DeusExMachina","FearNoEvil+1","CutThroughFate"],"relics":["PureWater","NeowsBlessing","The Courier","Sundial","Anchor","Pantograph","Shuriken","Astrolabe","Lantern","Tiny Chest","Black Star","Singing Bowl"],"acts_visited":["Exordium","TheCity","TheBeyond"],"potions_floor_usage":[],"damage_taken":[{"damage":0.0,"enemies":"2 Louse","floor":1.0,"turns":1.0},{"damage":0.0,"enemies":"Jaw Worm","floor":2.0,"turns":1.0},{"damage":0.0,"enemies":"Small Slimes","floor":5.0,"turns":2.0},{"damage":32.0,"enemies":"Gremlin Nob","floor":6.0,"turns":4.0},{"damage":26.0,"enemies":"Lagavulin","floor":8.0,"turns":10.0},{"damage":10.0,"enemies":"Looter","floor":11.0,"turns":3.0},{"damage":12.0,"enemies":"Gremlin Nob","floor":12.0,"turns":3.0},{"damage":0.0,"enemies":"Exordium Thugs","floor":14.0,"turns":3.0},{"damage":21.0,"enemies":"Slime Boss","floor":16.0,"turns":6.0},{"damage":3.0,"enemies":"3 Byrds","floor":18.0,"turns":3.0},{"damage":3.0,"enemies":"Spheric Guardian","floor":20.0,"turns":3.0},{"damage":11.0,"enemies":"3 Cultists","floor":24.0,"turns":4.0},{"damage":3.0,"enemies":"Centurion and Healer","floor":28.0,"turns":4.0},{"damage":9.0,"enemies":"Snake Plant","floor":29.0,"turns":3.0},{"damage":52.0,"enemies":"Slavers","floor":31.0,"turns":6.0},{"damage":39.0,"enemies":"Collector","floor":33.0,"turns":7.0},{"damage":39.0,"enemies":"3 Darklings","floor":35.0,"turns":5.0},{"damage":18.0,"enemies":"Orb Walker","floor":36.0,"turns":5.0},{"damage":15.0,"enemies":"3 Darklings","floor":37.0,"turns":6.0},{"damage":24,"enemies":"Nemesis","floor":40,"turns":4}],"seed_played":"2143929761738429099","potions_obtained":[{"floor":2.0,"key":"AttackPotion"},{"floor":5.0,"key":"EssenceOfSteel"},{"floor":6.0,"key":"GamblersBrew"},{"floor":14.0,"key":"Explosive Potion"},{"floor":18.0,"key":"SkillPotion"},{"floor":20.0,"key":"Swift Potion"},{"floor":33.0,"key":"EssenceOfSteel"}],"is_trial":false,"path_per_floor":["M","M","?","?","M","E","R","E","T","$","M","E","$","M","R","B",null,"M","?","M","?","$","R","M","?","T","R","M","M","R","E","R","B",null,"M","M","M","?","$","E"],"character_chosen":"WATCHER","items_purchased":["Apotheosis","JustLucky","Lantern","Singing Bowl"],"campfire_rested":5,"item_purchase_floors":[10,13,22,39],"current_hp_per_floor":[72,72,72,65,65,33,54,28,28,28,18,6,6,6,27,31,72,69,56,53,53,53,76,65,65,65,65,62,53,76,24,47,33,77,38,20,5,24,24,0,0],"gold":12,"neow_bonus":"THREE_ENEMY_KILL","is_daily":false,"chose_seed":false,"campfire_upgraded":1,"win_rate":0.0,"timestamp":1612706952,"path_taken":["M","M","?","?","M","E","R","E","T","$","M","E","?","M","R","BOSS","M","?","M","?","$","R","M","?","T","R","M","M","R","E","R","BOSS","M","M","M","?","$","E"],"items_purchased_type":["Card","Card","Relic","Relic"],"build_version":"2020-12-22","purchased_purges":1,"victory":false,"max_hp_per_floor":[72,72,72,72,72,72,72,72,72,72,72,72,72,72,72,72,72,72,77,77,77,77,77,77,77,77,77,77,77,77,77,77,77,77,77,77,77,77,77,77,77],"relic_stats":{"Singing Bowl":0,"counters":[20,83],"Sundial":[16],"Shuriken":[45],"Pantograph":50,"Astrolabe":["LikeWater","Ragnarok","Protect"],"Tiny Chest":0,"Black Star":0,"obtain_stats":[{"Anchor":8,"Lantern":22,"NeowsBlessing":0,"Singing Bowl":39,"Sundial":6,"Shuriken":12,"Pantograph":9,"Astrolabe":17,"Tiny Chest":31,"The Courier":4,"Black Star":34,"PureWater":0},{"Anchor":5,"Lantern":11,"NeowsBlessing":0,"Singing Bowl":19,"Sundial":4,"Shuriken":7,"Pantograph":5,"Astrolabe":9,"Tiny Chest":15,"The Courier":2,"Black Star":16,"PureWater":0},{"Anchor":18,"Lantern":39,"NeowsBlessing":0,"Singing Bowl":79,"Sundial":8,"Shuriken":24,"Pantograph":18,"Astrolabe":33,"Tiny Chest":56,"The Courier":2,"Black Star":63,"PureWater":0}]},"card_choices":[{"not_picked":["EmptyFist","TalkToTheHand"],"picked":"JustLucky","floor":1.0},{"not_picked":["ThirdEye","ClearTheMind"],"picked":"Weave","floor":2.0},{"not_picked":["FlyingSleeves","Establishment"],"picked":"EmptyMind","floor":5.0},{"not_picked":["FlyingSleeves","WreathOfFlame"],"picked":"ClearTheMind","floor":6.0},{"not_picked":["Conclude","FearNoEvil"],"picked":"CutThroughFate","floor":8.0},{"not_picked":["FlurryOfBlows","Protect"],"picked":"CutThroughFate","floor":11.0},{"not_picked":["FearNoEvil","EmptyBody"],"picked":"ThirdEye","floor":12.0},{"not_picked":["FearNoEvil","JustLucky","Crescendo"],"picked":"SKIP","floor":14.0},{"not_picked":["Alpha","Vault"],"picked":"DevaForm","floor":16.0},{"not_picked":["PathToVictory+1","BattleHymn+1"],"picked":"ReachHeaven+1","floor":18.0},{"not_picked":["Halt+1","TalkToTheHand"],"picked":"Indignation+1","floor":20.0},{"not_picked":["FearNoEvil","Protect"],"picked":"Study","floor":24.0},{"not_picked":["EmptyFist","Vengeance"],"picked":"Prostrate+1","floor":28.0},{"not_picked":["ClearTheMind+1","FlurryOfBlows"],"picked":"ThirdEye","floor":29.0},{"not_picked":["Fasting2","Evaluate"],"picked":"Wallop","floor":31.0},{"not_picked":["Omniscience","LessonLearned"],"picked":"DeusExMachina","floor":33.0},{"not_picked":["Crescendo","ClearTheMind"],"picked":"FearNoEvil+1","floor":35.0},{"not_picked":["Crescendo","WheelKick+1","BowlingBash"],"picked":"SKIP","floor":36.0},{"not_picked":["ClearTheMind+1","Study+1"],"picked":"CutThroughFate","floor":37.0}],"player_experience":307693,"relics_obtained":[{"floor":6.0,"key":"Sundial"},{"floor":8.0,"key":"Anchor"},{"floor":9.0,"key":"Pantograph"},{"floor":12.0,"key":"Shuriken"},{"floor":31.0,"key":"Tiny Chest"}],"event_choices":[{"cards_removed":["Strike_P"],"damage_healed":0.0,"max_hp_gain":0.0,"max_hp_loss":0.0,"gold_gain":0.0,"event_name":"The Cleric","player_choice":"Card Removal","floor":3.0,"gold_loss":50.0,"damage_taken":0.0},{"damage_healed":0.0,"max_hp_gain":0.0,"max_hp_loss":0.0,"gold_gain":0.0,"event_name":"Scrap Ooze","player_choice":"Success","floor":4.0,"gold_loss":0.0,"damage_taken":7.0,"relics_obtained":["The Courier"]},{"damage_healed":0.0,"max_hp_gain":5.0,"max_hp_loss":0.0,"gold_gain":0.0,"event_name":"Forgotten Altar","player_choice":"Shed Blood","floor":19.0,"gold_loss":0.0,"damage_taken":18.0},{"cards_removed":["Defend_P"],"damage_healed":0.0,"max_hp_gain":0.0,"max_hp_loss":0.0,"gold_gain":0.0,"event_name":"Back to Basics","player_choice":"Elegance","floor":21.0,"gold_loss":0.0,"damage_taken":0.0},{"damage_healed":0.0,"max_hp_gain":0.0,"max_hp_loss":0.0,"gold_gain":0.0,"event_name":"Upgrade Shrine","player_choice":"Upgraded","floor":25.0,"gold_loss":0.0,"damage_taken":0.0,"cards_upgraded":["Apotheosis"]},{"damage_healed":19.0,"max_hp_gain":0.0,"max_hp_loss":0.0,"gold_gain":0.0,"event_name":"Winding Halls","player_choice":"Writhe","floor":38.0,"gold_loss":0.0,"damage_taken":0.0,"cards_obtained":["Writhe"]}],"is_beta":false,"boss_relics":[{"not_picked":["Runic Dome","Sozu"],"picked":"Astrolabe"},{"not_picked":["Tiny House","Busted Crown"],"picked":"Black Star"}],"items_purged_floors":[39],"is_endless":false,"potions_floor_spawned":[2,5,6,14,18,20,33],"killed_by":"Nemesis","ascension_level":0}}