{"host":"f6f8cjhjgha9mpdq","time":1612718071,"event":{"mods":["BaseMod","Colored Map","DeckTracker","Keyboard Shortcuts","Minty Spire (QoL Compilation)","Permanent Neow","Quick Restart","Random Character Button","Relic Stats","StSLib","SuperFastMode"],"gold_per_floor":[119,133,143,143,143,143,159,159,159,175,175,100,100,125,125,125,125],"floor_reached":16,"language":"KOR","playtime":545,"items_purged":["Strike_R"],"score":184,"play_id":"44998cbc-fc8b-4986-9690-0276840bdd42","local_time":"20210208021431","is_ascension_mode":true,"campfire_choices":[{"data":"Entrench","floor":6.0,"key":"SMITH"},{"data":"Body Slam","floor":11.0,"key":"SMITH"},{"data":"Second Wind","floor":15.0,"key":"SMITH"}],"circlet_count":0,"master_deck":["AscendersBane","Strike_R","Defend_R","Defend_R","Defend_R","Defend_R","Bash","Entrench+1","Wild Strike","Shrug It Off","Armaments+1","Body Slam+1","Second Wind+1"],"relics":["Burning Blood","Frozen Egg 2","Golden Idol"],"acts_visited":["Exordium"],"potions_floor_usage":[16],"damage_taken":[{"damage":6.0,"enemies":"Small Slimes","floor":1.0,"turns":4.0},{"damage":9.0,"enemies":"Jaw Worm","floor":2.0,"turns":4.0},{"damage":6.0,"enemies":"Cultist","floor":3.0,"turns":4.0},{"damage":2.0,"enemies":"2 Fungi Beasts","floor":7.0,"turns":6.0},{"damage":22.0,"enemies":"Exordium Wildlife","floor":10.0,"turns":9.0},{"damage":3.0,"enemies":"Large Slime","floor":14.0,"turns":6.0},{"damage":25,"enemies":"Slime Boss","floor":16,"turns":3}],"seed_played":"4747381939241626481","potions_obtained":[{"floor":7.0,"key":"LiquidMemories"},{"floor":10.0,"key":"ColorlessPotion"}],"is_trial":false,"path_per_floor":["M","M","M","?","?","R","M","?","T","M","R","$","?","M","R","B"],"character_chosen":"IRONCLAD","items_purchased":[],"campfire_rested":0,"item_purchase_floors":[],"current_hp_per_floor":[68,65,65,65,65,65,69,62,62,46,46,46,20,23,23,0,0],"gold":125,"neow_bonus":"TRANSFORM_CARD","is_daily":false,"chose_seed":false,"campfire_upgraded":3,"win_rate":0.0,"timestamp":1612718071,"path_taken":["M","M","M","?","?","R","?","?","T","M","R","$","?","M","R","BOSS"],"items_purchased_type":[],"build_version":"2020-12-22","purchased_purges":1,"victory":false,"max_hp_per_floor":[75,75,75,75,75,75,75,75,75,75,75,75,75,75,75,75,75],"relic_stats":{"counters":[7,36],"Golden Idol":5,"obtain_stats":[{"Golden Idol":13,"Frozen Egg 2":9,"Burning Blood":0},{"Golden Idol":5,"Frozen Egg 2":4,"Burning Blood":0},{"Golden Idol":27,"Frozen Egg 2":18,"Burning Blood":0}],"Burning Blood":36},"card_choices":[{"not_picked":["Sword Boomerang","Iron Wave"],"picked":"Wild Strike","floor":1.0},{"not_picked":["Armaments","Havoc"],"picked":"Shrug It Off","floor":2.0},{"not_picked":["Entrench","Pommel Strike"],"picked":"Armaments","floor":3.0},{"not_picked":["Armaments","Spot Weakness"],"picked":"Body Slam","floor":7.0},{"not_picked":["Hemokinesis","Clothesline"],"picked":"Second Wind","floor":10.0},{"not_picked":["Clash","Cleave","True Grit"],"picked":"SKIP","floor":14.0}],"player_experience":587717,"relics_obtained":[{"floor":9.0,"key":"Frozen Egg 2"}],"event_choices":[{"damage_healed":0.0,"max_hp_gain":0.0,"max_hp_loss":0.0,"gold_gain":0.0,"event_name":"Living Wall","player_choice":"Grow","floor":4.0,"gold_loss":0.0,"damage_taken":0.0,"cards_upgraded":["Armaments"]},{"cards_removed":["Strike_R"],"damage_healed":0.0,"max_hp_gain":0.0,"max_hp_loss":0.0,"gold_gain":0.0,"event_name":"Bonfire Elementals","player_choice":"Offered Basic","floor":5.0,"gold_loss":0.0,"damage_taken":0.0},{"cards_removed":["Strike_R"],"damage_healed":0.0,"max_hp_gain":0.0,"max_hp_loss":0.0,"gold_gain":0.0,"event_name":"Golden Wing","player_choice":"Card Removal","floor":8.0,"gold_loss":0.0,"damage_taken":7.0},{"damage_healed":0.0,"max_hp_gain":0.0,"max_hp_loss":0.0,"gold_gain":0.0,"event_name":"Golden Idol","player_choice":"Take Damage","floor":13.0,"gold_loss":0.0,"damage_taken":26.0,"relics_obtained":["Golden Idol"]}],"is_beta":false,"boss_relics":[],"items_purged_floors":[12],"is_endless":false,"potions_floor_spawned":[7,10],"killed_by":"Slime Boss","ascension_level":20}}