{"host":"c02dmb09vpgjjjz3","time":1612711245,"event":{"mods":["Act Like it!","BaseMod","CapriCore","Colored Map","Downfall","GifTheSpireLib","Minty Spire (QoL Compilation)","Permanent Neow","Random Character Button","StSLib"],"gold_per_floor":[199,219,48,67,81,81,81,115,159,184,184,184,2,2,22,141,141,41,71,91,207,207,207,207],"floor_reached":22,"language":"ENG","playtime":1842,"items_purged":["hexamod:Strike"],"score":186,"play_id":"b711a6f5-850b-4f2b-8718-47395e24e340","local_time":"20210207092045","is_ascension_mode":false,"campfire_choices":[{"data":"hexamod:Float","floor":1,"key":"SMITH"},{"floor":11,"key":"REST"},{"floor":18,"key":"RECALL"}],"circlet_count":0,"master_deck":["hexamod:Strike","hexamod:Strike","hexamod:Strike","hexamod:Defend","hexamod:Defend","hexamod:Defend","hexamod:Defend","hexamod:Sear","hexamod:Float+1","hexamod:SwordOfDarkness","hexamod:SecondSeal","hexamod:ThirdSeal","hexamod:HeatMetal","hexamod:SpectersWail","hexamod:NightmareStrike","hexamod:SecondSeal","hexamod:FlamesFromBeyond","hexamod:RadiantFlame","hexamod:FlamesFromBeyond","hexamod:FastForward","hexamod:GhostOfSpirePast","hexamod:StepThrough","hexamod:FifthSeal","hexamod:FirstSeal","hexamod:ShieldOfDarkness","hexamod:GhostShield+1","hexamod:CatchUp+1","hexamod:PowerFromBeyond","hexamod:Hexaguard+1"],"relics":["hexamod:SpiritBrand","Blue Candle","Omamori","MealTicket","SlaversCollar","downfall:HeartBlessingBlue","downfall:GremlinWheel"],"acts_visited":["Exordium","TheCity"],"potions_floor_usage":[],"damage_taken":[{"damage":0,"enemies":"2 Louse","floor":2,"turns":4},{"damage":0,"enemies":"downfall:FleeingMerchant","floor":3,"turns":4},{"damage":1,"enemies":"Cultist","floor":4,"turns":3},{"damage":1,"enemies":"Jaw Worm","floor":5,"turns":2},{"damage":17,"enemies":"Exordium Thugs","floor":8,"turns":4},{"damage":21,"enemies":"3 Sentries","floor":9,"turns":7},{"damage":9,"enemies":"3 Louse","floor":10,"turns":3},{"damage":0,"enemies":"downfall:FleeingMerchant","floor":13,"turns":4},{"damage":12,"enemies":"Gremlin Gang","floor":15,"turns":3},{"damage":44,"enemies":"DF_ARCHETYPE_STREAMLINE","floor":16,"turns":9},{"damage":36,"enemies":"Shell Parasite","floor":19,"turns":6},{"damage":25,"enemies":"3 Byrds","floor":20,"turns":4},{"damage":15,"enemies":"3 Byrds","floor":21,"turns":6},{"damage":18,"enemies":"Centurion and Healer","floor":22,"turns":3}],"seed_played":"3086991399174244973","potions_obtained":[{"floor":5,"key":"Dexterity Potion"},{"floor":8,"key":"EssenceOfSteel"},{"floor":9,"key":"SteroidPotion"},{"floor":15,"key":"Regen Potion"},{"floor":19,"key":"LiquidMemories"}],"is_trial":false,"path_per_floor":["R","M","$","M","M","?","T","M","E","M","R","?","$","T","M","B",null,"R","M","M","?","M"],"character_chosen":"THE_SPIRIT","items_purchased":["hexamod:ThirdSeal","MealTicket","hexamod:StepThrough"],"campfire_rested":1,"item_purchase_floors":[3,13,13],"current_hp_per_floor":[70,70,70,69,68,68,68,51,30,21,42,65,65,65,53,9,70,80,44,26,18,0,0,0],"gold":207,"neow_bonus":"HUNDRED_GOLD","is_daily":false,"chose_seed":false,"campfire_upgraded":1,"win_rate":0.0,"timestamp":1612711245,"path_taken":["R","M","$","M","M","?","T","M","E","?","R","?","$","?","M","BOSS","R","M","M","?","?"],"items_purchased_type":["Card","Relic","Card"],"build_version":"2020-12-22","purchased_purges":1,"victory":false,"max_hp_per_floor":[70,70,70,70,70,70,70,70,70,70,70,70,70,70,70,70,70,80,80,80,80,80,80,80],"card_choices":[{"not_picked":["hexamod:HeatMetal","hexamod:AdvancingGuard"],"picked":"hexamod:SwordOfDarkness","floor":2},{"not_picked":["hexamod:GhostShield","hexamod:GhostflameBarrier"],"picked":"hexamod:SecondSeal","floor":3},{"not_picked":["hexamod:BacktrackSmack","hexamod:NightmareStrike"],"picked":"hexamod:HeatMetal","floor":4},{"not_picked":["hexamod:BurningTouch","hexamod:GhostOfSpireFuture"],"picked":"hexamod:SpectersWail","floor":4},{"not_picked":["hexamod:RetreatToShadows","hexamod:EtherealExpedition"],"picked":"hexamod:NightmareStrike","floor":5},{"not_picked":["hexamod:InspiringFlames","hexamod:EtherealExpedition","hexamod:HeatShield"],"picked":"SKIP","floor":5},{"not_picked":["hexamod:SwordOfDarkness","hexamod:SearingWound"],"picked":"hexamod:FlamesFromBeyond","floor":8},{"not_picked":["hexamod:GhostLash","hexamod:SwordOfDarkness","hexamod:NightmareStrike"],"picked":"SKIP","floor":8},{"not_picked":["hexamod:NightmareStrike","hexamod:ThermalTransfer"],"picked":"hexamod:RadiantFlame","floor":9},{"not_picked":["hexamod:PhantomFireball","hexamod:SpectralAdrenaline"],"picked":"hexamod:FlamesFromBeyond","floor":9},{"not_picked":["hexamod:BurningTouch","hexamod:ThermalTransfer"],"picked":"hexamod:FastForward","floor":10},{"not_picked":["hexamod:ThirdSeal","hexamod:ThermalTransfer","hexamod:SwordOfDarkness"],"picked":"SKIP","floor":10},{"not_picked":["hexamod:BurningTouch","hexamod:ThermalTransfer"],"picked":"hexamod:GhostOfSpirePast","floor":13},{"not_picked":["hexamod:PhantomFireball","hexamod:ThermalTransfer","hexamod:InspiringFlames"],"picked":"SKIP","floor":13},{"not_picked":["hexamod:BurningTouch","hexamod:BacktrackSmack","hexamod:SpectralAdrenaline"],"picked":"SKIP","floor":15},{"not_picked":["hexamod:GhostflameInferno","hexamod:ParanormalForm"],"picked":"hexamod:FifthSeal","floor":16},{"not_picked":["hexamod:SecondSeal","hexamod:SixthSeal"],"picked":"hexamod:FirstSeal","floor":19},{"not_picked":["hexamod:NightmareStrike","hexamod:Incineration"],"picked":"hexamod:ShieldOfDarkness","floor":19},{"not_picked":["hexamod:ParanormalForm","hexamod:GhostLash"],"picked":"hexamod:GhostShield+1","floor":19},{"not_picked":["hexamod:FlamesFromBeyond","hexamod:GhostLash"],"picked":"hexamod:CatchUp+1","floor":20},{"not_picked":["hexamod:FastForward","hexamod:AdvancingGuard+1"],"picked":"hexamod:PowerFromBeyond","floor":20},{"not_picked":["hexamod:InspiringFlames+1","hexamod:HeatMetal"],"picked":"hexamod:Hexaguard+1","floor":21}],"player_experience":102856,"relics_obtained":[{"floor":7,"key":"Blue Candle"},{"floor":9,"key":"Omamori"},{"floor":21,"key":"downfall:GremlinWheel"}],"event_choices":[{"damage_healed":23,"gold_gain":0,"player_choice":"Banana","damage_taken":0,"max_hp_gain":0,"max_hp_loss":0,"event_name":"Big Fish","floor":12,"gold_loss":0}],"is_beta":false,"boss_relics":[{"not_picked":["hexamod:UnbrokenSoul","Tiny House"],"picked":"SlaversCollar"}],"items_purged_floors":[3],"is_endless":false,"potions_floor_spawned":[5,8,9,15,19,20],"killed_by":"Centurion and Healer","ascension_level":0}}