{"host":"dn2xyj3kd3d9cfyb","time":1612681700,"event":{"mods":["BaseMod","Conspire","Hero for Fun","Hubris","Marisa£®ÏF”Í°°ƒß¿Ì…≥£©","Minty Spire (QoL Compilation)","Remilia£®¿Ÿ√◊¿Ú—«£©","Replay The Spire","Shop Mod","StSLib","The Animator","The Construct","The Cursed","The Mystic","Youmu£®ªÍ∆«—˝√Œ£©","Yuri Mod","Yuyuko"],"gold_per_floor":[13,25,43,57,74,90,103,129,155,184,199,218,92,128,128,232,232,247,238,253,253,265,279,314,333,333,344,361,399,417,457,457,562,562,576,426,426,437,451,477,494,510,510,1510,1527,1543,1543,1562,1562,1562],"floor_reached":51,"language":"ZHS","playtime":1104,"items_purged":["Replay:Hysterical Blindness","Do_Nothing"],"score":1275,"play_id":"57942259-a8af-4df3-aea2-d84506c9df61","local_time":"20210207150820","daily_mods":["Draft","Vintage","Heirloom","Time Dilation","Flight"],"is_ascension_mode":false,"campfire_choices":[{"data":"Normal_Punch","floor":32,"key":"SMITH"},{"data":"Side_Hop","floor":47,"key":"SMITH"},{"data":"Yawn","floor":49,"key":"SMITH"}],"circlet_count":0,"master_deck":["Demon Form","Wraith Form v2","Echo Form","DevaForm","mysticmod:GeminiForm","construct:SiegeForm","BatForm","yuri:DragonForm","yuri:GhostForm","Ignore","Toss_Stone+1","Consecutive_Normal_Punch+1","Hop","Toss_Stone","Slap","Normal_Punch+1","Side_Hop+1","Slap","Yawn+1","Yawn","Toss_Stone","Consecutive_Normal_Punch","Slap","Ignore","Ignore","Wear_Disguise","Do_Nothing","Do_Nothing","Oh","Serious_Punch+1","Side_Hop","Oh","Hop+1","Get_Hopes_Up"],"relics":["Cape","Du-Vu Doll","ReplayTheSpireMod:TigerMarble","Tiny Chest","Gremlin Horn","Smiling Mask","Ancient Tea Set","CeramicFish","Toy Ornithopter","MerchantsRug","ReplayTheSpireMod:CursedCoin","Kunai","Akabeko","PreservedInsect","hubris:Metronome","Lantern","Black Star","Omamori","Vajra","FossilizedHelix","Blue Doll","Gambling Chip","Whetstone","HornCleat"],"acts_visited":["Exordium","TheCity","TheBeyond"],"potions_floor_usage":[],"damage_taken":[{"damage":0,"enemies":"Small Slimes","floor":1,"turns":2},{"damage":0,"enemies":"2 Louse","floor":2,"turns":1},{"damage":0,"enemies":"Jaw Worm","floor":3,"turns":1},{"damage":0,"enemies":"Looter","floor":4,"turns":1},{"damage":0,"enemies":"conspire:2 RoseBushes","floor":5,"turns":1},{"damage":0,"enemies":"Exordium Wildlife","floor":6,"turns":1},{"damage":0,"enemies":"Blue Slaver","floor":7,"turns":1},{"damage":0,"enemies":"Lagavulin","floor":8,"turns":1},{"damage":0,"enemies":"3 Sentries","floor":10,"turns":2},{"damage":0,"enemies":"Red Slaver","floor":11,"turns":1},{"damage":0,"enemies":"Exordium Thugs","floor":12,"turns":1},{"damage":0,"enemies":"Gremlin Nob","floor":14,"turns":3},{"damage":0,"enemies":"Hexaghost","floor":16,"turns":1},{"damage":0,"enemies":"conspire:FuzzyDice","floor":18,"turns":1},{"damage":0,"enemies":"Chosen","floor":20,"turns":1},{"damage":0,"enemies":"Centurion and Healer","floor":22,"turns":1},{"damage":0,"enemies":"Shelled Parasite and Fungi","floor":23,"turns":1},{"damage":0,"enemies":"Gremlin Leader","floor":24,"turns":1},{"damage":0,"enemies":"3 Cultists","floor":25,"turns":3},{"damage":0,"enemies":"Snake Plant","floor":27,"turns":1},{"damage":0,"enemies":"Sentry and Sphere","floor":28,"turns":1},{"damage":0,"enemies":"Slavers","floor":29,"turns":1},{"damage":0,"enemies":"Cultist and Chosen","floor":30,"turns":1},{"damage":0,"enemies":"conspire:SneckoGhost","floor":31,"turns":2},{"damage":0,"enemies":"Collector","floor":33,"turns":1},{"damage":0,"enemies":"3 Shapes","floor":35,"turns":2},{"damage":0,"enemies":"3 Darklings","floor":38,"turns":2},{"damage":0,"enemies":"Sphere and 2 Shapes","floor":39,"turns":1},{"damage":0,"enemies":"Giant Head","floor":40,"turns":1},{"damage":0,"enemies":"Spire Growth","floor":41,"turns":1},{"damage":0,"enemies":"Maw","floor":42,"turns":1},{"damage":0,"enemies":"4 Shapes","floor":45,"turns":1},{"damage":0,"enemies":"3 Darklings","floor":46,"turns":2},{"damage":0,"enemies":"Jaw Worm Horde","floor":48,"turns":3},{"damage":0,"enemies":"conspire:OrnateMirror","floor":50,"turns":1}],"seed_played":"687082721807369018","potions_obtained":[{"floor":4,"key":"SneckoOil"},{"floor":5,"key":"construct:ShiftPotion"},{"floor":8,"key":"SteroidPotion"}],"is_trial":true,"path_per_floor":["M","M","M","M","M","M","M","E","T","E","M","M","$","E","R","B",null,"M","$","M","$","M","M","E","M","T","M","M","E","M","E","R","B",null,"M","$","?","M","M","E","M","M","T","$","M","M","R","M","R","B",null],"character_chosen":"OPM","items_purchased":["Wear_Disguise","Do_Nothing","MerchantsRug","ReplayTheSpireMod:CursedCoin","Serious_Punch+1","Omamori"],"campfire_rested":0,"item_purchase_floors":[13,13,19,19,19,36],"current_hp_per_floor":[999,999,999,999,999,999,999,1002,1002,1005,1005,1005,1008,1011,1011,1014,1014,1014,1017,1017,1017,1017,1017,1020,1020,1020,1020,1020,1023,1023,1026,1026,1029,1029,1029,1029,1029,1029,1029,1029,1029,1029,1029,1029,1029,1029,1029,1029,1029,1029],"gold":1562,"neow_bonus":"","is_daily":false,"chose_seed":false,"campfire_upgraded":3,"win_rate":0.0,"timestamp":1612681700,"path_taken":["M","M","M","M","M","M","M","E","T","E","M","M","$","E","R","BOSS","M","$","M","$","M","M","E","M","T","M","M","E","M","E","R","BOSS","M","$","?","M","M","E","M","M","T","$","M","M","R","M","R","BOSS"],"items_purchased_type":["Card","Card","Relic","Relic","Card","Relic"],"build_version":"2020-12-22","purchased_purges":2,"victory":true,"max_hp_per_floor":[999,999,999,999,999,999,999,1002,1002,1005,1005,1005,1008,1011,1011,1014,1014,1014,1017,1017,1017,1017,1017,1020,1020,1020,1020,1020,1023,1023,1026,1026,1029,1029,1029,1029,1029,1029,1029,1029,1029,1029,1029,1029,1029,1029,1029,1029,1029,1029],"card_choices":[{"not_picked":["Side_Hop","Slap"],"picked":"Ignore","floor":0},{"not_picked":["Slap","Yawn"],"picked":"Toss_Stone","floor":0},{"not_picked":["Ignore","Wear_Disguise"],"picked":"Consecutive_Normal_Punch","floor":0},{"not_picked":["Side_Hop","Yawn"],"picked":"Hop","floor":0},{"not_picked":["Ignore","Consecutive_Normal_Punch"],"picked":"Do_Nothing","floor":0},{"not_picked":["Side_Hop","Hop"],"picked":"Toss_Stone","floor":0},{"not_picked":["Do_Nothing","Yawn"],"picked":"Slap","floor":0},{"not_picked":["Hop","Yawn"],"picked":"Normal_Punch","floor":0},{"not_picked":["Slap","Hop"],"picked":"Side_Hop","floor":0},{"not_picked":["Ignore","Hop"],"picked":"Slap","floor":0},{"not_picked":["Normal_Punch","Side_Hop"],"picked":"Yawn","floor":0},{"not_picked":["Slap","Hop"],"picked":"Yawn","floor":0},{"not_picked":["Side_Hop","Slap"],"picked":"Toss_Stone","floor":0},{"not_picked":["Toss_Stone","Yawn"],"picked":"Consecutive_Normal_Punch","floor":0},{"not_picked":["Hop","Consecutive_Normal_Punch"],"picked":"Slap","floor":0},{"not_picked":["Side_Hop","Yawn"],"picked":"Ignore","floor":8},{"not_picked":["Hop","Normal_Punch"],"picked":"Ignore","floor":10},{"not_picked":["Wear_Disguise","Slap"],"picked":"Do_Nothing","floor":14},{"not_picked":["Serious_Punch","Terrifying_Presence"],"picked":"Oh","floor":16},{"not_picked":["Yawn","Slap"],"picked":"Side_Hop","floor":24},{"not_picked":["Side_Hop","Yawn"],"picked":"Oh","floor":29},{"not_picked":["Yawn","Slap"],"picked":"Hop+1","floor":31},{"not_picked":["Serious_Punch","Terrifying_Presence"],"picked":"Get_Hopes_Up","floor":33},{"not_picked":["Do_Nothing+1","Yawn+1","Slap+1"],"picked":"SKIP","floor":40}],"player_experience":624521,"relics_obtained":[{"floor":1,"key":"ReplayTheSpireMod:TigerMarble"},{"floor":2,"key":"Tiny Chest"},{"floor":3,"key":"ReplayTheSpireMod:Shallot"},{"floor":4,"key":"Replay:Ringing Soul"},{"floor":5,"key":"Art of War"},{"floor":6,"key":"Gremlin Horn"},{"floor":7,"key":"construct:FoamFinger"},{"floor":8,"key":"Chameleon Ring"},{"floor":9,"key":"Smiling Mask"},{"floor":10,"key":"Ancient Tea Set"},{"floor":11,"key":"Bottled Flame"},{"floor":12,"key":"CeramicFish"},{"floor":14,"key":"Toy Ornithopter"},{"floor":18,"key":"Pocketwatch"},{"floor":20,"key":"Replay:Bottled Snecko"},{"floor":22,"key":"Anchor"},{"floor":23,"key":"Replay:Bottled Flurry"},{"floor":24,"key":"ReplayTheSpireMod:Ninjato"},{"floor":25,"key":"Kunai"},{"floor":26,"key":"Akabeko"},{"floor":27,"key":"PreservedInsect"},{"floor":28,"key":"Pondfish Scales"},{"floor":29,"key":"yuri:PortableGlitches"},{"floor":30,"key":"hubris:Metronome"},{"floor":31,"key":"Lantern"},{"floor":35,"key":"AntiCross"},{"floor":38,"key":"Vajra"},{"floor":39,"key":"hubris:ToyBattleship"},{"floor":40,"key":"FossilizedHelix"},{"floor":40,"key":"Blue Doll"},{"floor":41,"key":"ReplayTheSpireMod:Lightbulb"},{"floor":42,"key":"Replay:Accelerometer"},{"floor":43,"key":"conspire:TopHat"},{"floor":45,"key":"Gambling Chip"},{"floor":46,"key":"Whetstone"},{"floor":48,"key":"HornCleat"}],"event_choices":[{"damage_healed":0,"gold_gain":0,"player_choice":"Memory 3","damage_taken":10,"max_hp_gain":0,"max_hp_loss":0,"event_name":"SensoryStone","floor":37,"gold_loss":0}],"is_beta":false,"boss_relics":[{"not_picked":["Runic Pyramid","Ectoplasm"],"picked":"hubris:CrackedHourglass"},{"not_picked":["Astrolabe","construct:ClawGrip"],"picked":"Black Star"}],"items_purged_floors":[19,44],"is_endless":false,"potions_floor_spawned":[4,5,8,10,12,14,18,23,24,25,28,30,33,39,40,46],"ascension_level":0}}