{"host":"7du22lxzqv5spo2i","time":1612715942,"event":{"mods":["AchievementEnabler","BaseMod","Minty Spire (QoL Compilation)","Quick Restart"],"gold_per_floor":[119,119,136,136,58,93,93,124,124,137,137,169,179,202,202,304,304,319,195,209,209,221,248,248,248,248],"floor_reached":25,"language":"ENG","playtime":1512,"items_purged":["Strike_B"],"score":277,"play_id":"742b44f6-fe0b-4b46-a3bf-808f1c51dc3f","local_time":"20210207103902","is_ascension_mode":true,"campfire_choices":[{"data":"Zap","floor":7.0,"key":"SMITH"},{"data":"Chaos","floor":11.0,"key":"SMITH"},{"floor":15.0,"key":"REST"},{"data":"Darkness","floor":24.0,"key":"SMITH"}],"circlet_count":0,"master_deck":["Strike_B+1","Strike_B","Defend_B","Defend_B","Defend_B","Defend_B","Zap+1","Dualcast+1","Rebound","Loop","Skim","Chaos+1","Sweeping Beam+1","Redo","Seek","Darkness+1","Leap+1","Tools of the Trade","Darkness+1","Genetic Algorithm"],"relics":["Cracked Core","NeowsBlessing","Smiling Mask","Molten Egg 2","Bird Faced Urn","Odd Mushroom","Runic Pyramid","Darkstone Periapt"],"acts_visited":["Exordium","TheCity"],"potions_floor_usage":[25],"damage_taken":[{"damage":0.0,"enemies":"Jaw Worm","floor":1.0,"turns":1.0},{"damage":0.0,"enemies":"Small Slimes","floor":3.0,"turns":1.0},{"damage":0.0,"enemies":"Gremlin Nob","floor":6.0,"turns":1.0},{"damage":4.0,"enemies":"3 Sentries","floor":8.0,"turns":6.0},{"damage":1.0,"enemies":"2 Louse","floor":10.0,"turns":2.0},{"damage":9.0,"enemies":"Lagavulin","floor":12.0,"turns":5.0},{"damage":20.0,"enemies":"Gremlin Gang","floor":13.0,"turns":3.0},{"damage":12.0,"enemies":"The Mushroom Lair","floor":14.0,"turns":3.0},{"damage":13.0,"enemies":"Slime Boss","floor":16.0,"turns":7.0},{"damage":0.0,"enemies":"Chosen","floor":18.0,"turns":4.0},{"damage":0.0,"enemies":"Spheric Guardian","floor":20.0,"turns":3.0},{"damage":11.0,"enemies":"Snecko","floor":22.0,"turns":5.0},{"damage":19.0,"enemies":"Book of Stabbing","floor":23.0,"turns":4.0},{"damage":57,"enemies":"Slavers","floor":25,"turns":4}],"seed_played":"3919953546614295494","potions_obtained":[{"floor":1.0,"key":"Explosive Potion"},{"floor":6.0,"key":"Explosive Potion"},{"floor":10.0,"key":"Explosive Potion"},{"floor":13.0,"key":"Weak Potion"},{"floor":16.0,"key":"GamblersBrew"},{"floor":23.0,"key":"Ancient Potion"}],"is_trial":false,"path_per_floor":["M","?","M","?","$","E","R","E","T","M","R","E","M","?","R","B",null,"M","$","M","?","M","E","R","E"],"character_chosen":"DEFECT","items_purchased":["Loop","Darkness"],"campfire_rested":1,"item_purchase_floors":[5,19],"current_hp_per_floor":[75,60,60,53,53,53,53,49,49,48,48,39,19,7,29,18,75,75,75,75,75,64,47,47,0,0],"gold":248,"neow_bonus":"THREE_ENEMY_KILL","is_daily":false,"chose_seed":false,"campfire_upgraded":3,"win_rate":0.0,"timestamp":1612715942,"path_taken":["M","?","M","?","?","E","R","E","T","M","R","E","M","?","R","BOSS","M","$","M","?","?","E","R","E"],"items_purchased_type":["Card","Card"],"build_version":"2020-12-22","purchased_purges":1,"victory":false,"max_hp_per_floor":[75,75,75,75,75,75,75,75,75,75,75,75,75,75,75,75,75,75,75,75,75,75,75,75,75,75],"card_choices":[{"not_picked":["Storm","Reprogram"],"picked":"Rebound","floor":1.0},{"not_picked":["Stack","Rebound","Streamline"],"picked":"SKIP","floor":3.0},{"not_picked":["Melter","Machine Learning"],"picked":"Skim","floor":6.0},{"not_picked":["Turbo","Stack"],"picked":"Chaos","floor":8.0},{"not_picked":["Conserve Battery","Steam Power"],"picked":"Sweeping Beam+1","floor":10.0},{"not_picked":["All For One+1","Recycle"],"picked":"Leap","floor":12.0},{"not_picked":["Compile Driver+1","Sweeping Beam+1","Streamline+1"],"picked":"SKIP","floor":13.0},{"not_picked":["Stack","Reprogram"],"picked":"Redo","floor":14.0},{"not_picked":["Thunder Strike+1","Echo Form"],"picked":"Seek","floor":16.0},{"not_picked":["Beam Cell+1","Aggregate","BootSequence"],"picked":"SKIP","floor":18.0},{"not_picked":["Sweeping Beam+1","FTL+1"],"picked":"Leap+1","floor":20.0},{"not_picked":["Gash+1","FTL+1"],"picked":"Darkness+1","floor":22.0},{"not_picked":["Go for the Eyes+1","Beam Cell+1"],"picked":"Genetic Algorithm","floor":23.0}],"player_experience":546972,"relics_obtained":[{"floor":6.0,"key":"Smiling Mask"},{"floor":9.0,"key":"Molten Egg 2"},{"floor":12.0,"key":"Bird Faced Urn"},{"floor":14.0,"key":"Odd Mushroom"},{"floor":23.0,"key":"Darkstone Periapt"}],"event_choices":[{"damage_healed":0.0,"max_hp_gain":0.0,"max_hp_loss":0.0,"gold_gain":0.0,"event_name":"Shining Light","player_choice":"Entered Light","floor":2.0,"gold_loss":0.0,"damage_taken":15.0,"cards_upgraded":["Strike_B","Dualcast"]},{"cards_removed":["Strike_B"],"damage_healed":0.0,"max_hp_gain":0.0,"max_hp_loss":0.0,"gold_gain":0.0,"event_name":"Golden Wing","player_choice":"Card Removal","floor":4.0,"gold_loss":0.0,"damage_taken":7.0},{"damage_healed":0.0,"max_hp_gain":0.0,"max_hp_loss":0.0,"gold_gain":0.0,"event_name":"Mushrooms","player_choice":"Fought Mushrooms","floor":14.0,"gold_loss":0.0,"damage_taken":0.0},{"cards_removed":["Leap"],"damage_healed":0.0,"max_hp_gain":0.0,"max_hp_loss":0.0,"gold_gain":0.0,"event_name":"NoteForYourself","player_choice":"Took Card","floor":21.0,"gold_loss":0.0,"damage_taken":0.0,"cards_obtained":["Tools of the Trade"]}],"is_beta":false,"boss_relics":[{"not_picked":["Calling Bell","Astrolabe"],"picked":"Runic Pyramid"}],"items_purged_floors":[19],"is_endless":false,"potions_floor_spawned":[1,6,10,13,16,23],"killed_by":"Slavers","ascension_level":1}}