{"host":"lne8wiuoeo5kx55p","time":1612670932,"event":{"mods":["BaseMod","Colored Map","Colored Powertips","Googly Eyes","Minty Spire (QoL Compilation)","Replay The Spire","StSLib"],"gold_per_floor":[9999,9999,9999,10015,9194,9194,9222,9234,9234,9250,9367,9384,9396,9431,9431,9534,9534,9548,9560,8877,8827,8837,8865,8865,8877,8877,8907,8924,8195,8195,8195],"floor_reached":30,"language":"ZHS","playtime":2564,"items_purged":["Defend_B","Defend_B","Strike_B"],"score":298,"play_id":"0e032ef5-9694-4683-92e9-5806a5da2fd7","local_time":"20210207120852","is_ascension_mode":true,"campfire_choices":[{"data":"Blizzard","floor":6,"key":"SMITH"},{"data":"Chill","floor":15,"key":"SMITH"}],"circlet_count":0,"master_deck":["Strike_B","Strike_B","Strike_B","Zap+1","Dualcast","Lockon","Blizzard+1","Cold Snap+1","Cold Snap+1","Chill+1","Coolheaded","Panic Button","ReplayRNGCard","Coolheaded+1","Defragment","Consume","Creative AI","Time Bomb","Seek","ReplayTheSpireMod:Calculation Training+1","Capacitor"],"relics":["Cracked Core","Snack Pack","CaptainsWheel","Cauldron","Replay:Bottled Eggs","Pantograph","Potion Belt","Black Star","Prayer Wheel","StoneCalendar","Orrery","Divine Protection","Matryoshka","Bottled Flame","Replay:Bottled Steam","Bronze Scales","Pocketwatch","Replay:Antivirus Software","Onion Ring","TheAbacus"],"acts_visited":["Exordium","TheCity"],"potions_floor_usage":[14,16,22,22,23,24,30],"damage_taken":[{"damage":0,"enemies":"2 Louse","floor":1,"turns":2},{"damage":5,"enemies":"Small Slimes","floor":4,"turns":2},{"damage":7,"enemies":"Replay:BlueRogue","floor":7,"turns":4},{"damage":0,"enemies":"Cultist","floor":8,"turns":3},{"damage":5,"enemies":"Looter","floor":10,"turns":2},{"damage":3,"enemies":"Blue Slaver","floor":12,"turns":3},{"damage":24,"enemies":"Exordium Thugs","floor":13,"turns":3},{"damage":10,"enemies":"3 Sentries","floor":14,"turns":5},{"damage":44,"enemies":"The Guardian","floor":16,"turns":9},{"damage":10,"enemies":"3 Byrds","floor":18,"turns":5},{"damage":3,"enemies":"Chosen","floor":19,"turns":4},{"damage":2,"enemies":"Sentry and Sphere","floor":22,"turns":6},{"damage":26,"enemies":"Gremlin Leader","floor":23,"turns":5},{"damage":0,"enemies":"Centurion and Healer","floor":24,"turns":1},{"damage":16,"enemies":"3 Cultists","floor":25,"turns":6},{"damage":36,"enemies":"Slavers","floor":27,"turns":7},{"damage":0,"enemies":"Chosen and Byrds","floor":28,"turns":4},{"damage":4,"enemies":"Snake Plant","floor":30,"turns":2}],"seed_played":"7564778551207159829","potions_obtained":[{"floor":5,"key":"PotionOfCapacity"},{"floor":5,"key":"BlessingOfTheForge"},{"floor":5,"key":"SmokeBomb"},{"floor":8,"key":"Toxic Potion"},{"floor":16,"key":"PowerPotion"},{"floor":18,"key":"PotionOfCapacity"},{"floor":19,"key":"DistilledChaos"},{"floor":23,"key":"Elixir"},{"floor":27,"key":"Ancient Potion"}],"is_trial":false,"path_per_floor":["M","?","?","M","$","R","E","M","T","M","?","M","M","E","R","B",null,"M","M","$","?","M","E","M","M","T","E","M","$","M"],"character_chosen":"DEFECT","items_purchased":["Snack Pack","CaptainsWheel","Cauldron","Cold Snap","StoneCalendar","Orrery","Creative AI","Replay:Antivirus Software","Onion Ring","TheAbacus","Capacitor"],"campfire_rested":0,"item_purchase_floors":[5,5,5,5,20,20,20,29,29,29,29],"current_hp_per_floor":[75,75,75,70,70,70,67,69,69,66,48,45,25,19,19,10,75,69,68,68,68,68,46,46,36,36,2,2,2,0,0],"gold":8195,"neow_bonus":"REMOVE_CARD","is_daily":false,"chose_seed":false,"campfire_upgraded":2,"win_rate":0.0,"timestamp":1612670932,"path_taken":["M","?","?","?","$","R","E","M","T","M","?","M","M","E","R","BOSS","M","M","$","?","M","E","?","M","T","E","M","$","M"],"items_purchased_type":["Relic","Relic","Relic","Card","Relic","Relic","Card","Relic","Relic","Relic","Card"],"build_version":"2020-12-22","purchased_purges":3,"victory":false,"max_hp_per_floor":[75,75,75,75,75,75,75,75,75,75,75,75,75,75,75,75,75,75,75,75,75,75,75,75,75,75,75,75,75,75,75],"card_choices":[{"not_picked":["Streamline","BasicCrystalCard"],"picked":"Lockon","floor":1},{"not_picked":["Go for the Eyes","Sweeping Beam"],"picked":"Cold Snap","floor":4},{"not_picked":["Ball Lightning","Go for the Eyes"],"picked":"Chill","floor":7},{"not_picked":["Barrage","Compile Driver","Fusion"],"picked":"SKIP","floor":8},{"not_picked":["FTL","Hologram"],"picked":"Coolheaded","floor":10},{"not_picked":["Cold Snap","Ball Lightning"],"picked":"Panic Button","floor":11},{"not_picked":["Steam Power","BasicCrystalCard"],"picked":"ReplayRNGCard","floor":12},{"not_picked":["Scrape","Darkness","Beam Cell"],"picked":"SKIP","floor":13},{"not_picked":["Leap","Ball Lightning","Hologram"],"picked":"SKIP","floor":14},{"not_picked":["Mirror Shield","Multi-Cast"],"picked":"ReplayTheSpireMod:Fabricate Wheel","floor":16},{"not_picked":["Compile Driver","Steam"],"picked":"Coolheaded+1","floor":18},{"not_picked":["Coolheaded","Streamline","Cold Snap"],"picked":"SKIP","floor":18},{"not_picked":["BootSequence","Panic Button","Conserve Battery"],"picked":"SKIP","floor":19},{"not_picked":["Hologram+1","Force Field","ReplaySolidLightProjector+1"],"picked":"SKIP","floor":19},{"not_picked":["Gash","Rebound"],"picked":"Defragment","floor":20},{"not_picked":["Gash","Barrage"],"picked":"Consume","floor":20},{"not_picked":["ReplayTheSpireMod:Reroute Power","Leap+1"],"picked":"Time Bomb","floor":22},{"not_picked":["FTL","Tempest","Streamline"],"picked":"SKIP","floor":22},{"not_picked":["Sweeping Beam","Reinforced Body","Go for the Eyes"],"picked":"SKIP","floor":23},{"not_picked":["Fusion","ReplayTheSpireMod:Repulse"],"picked":"Seek","floor":25},{"not_picked":["ReplayGash","Leap","Tempest"],"picked":"SKIP","floor":25},{"not_picked":["Doom and Gloom+1","Rebound","Melter"],"picked":"SKIP","floor":27},{"not_picked":["Conserve Battery","Beam Cell"],"picked":"ReplayTheSpireMod:Calculation Training+1","floor":28},{"not_picked":["Beam Cell+1","ReplayTheSpireMod:System Scan","FTL"],"picked":"SKIP","floor":28}],"player_experience":50730,"relics_obtained":[{"floor":7,"key":"Replay:Bottled Eggs"},{"floor":9,"key":"Pantograph"},{"floor":14,"key":"Potion Belt"},{"floor":23,"key":"Divine Protection"},{"floor":23,"key":"Matryoshka"},{"floor":26,"key":"Bottled Flame"},{"floor":26,"key":"Replay:Bottled Steam"},{"floor":27,"key":"Bronze Scales"},{"floor":27,"key":"Pocketwatch"}],"event_choices":[{"damage_healed":0,"gold_gain":0,"cards_transformed":["Defend_B"],"player_choice":"Change","damage_taken":0,"max_hp_gain":0,"max_hp_loss":0,"event_name":"Living Wall","floor":2,"gold_loss":0,"cards_obtained":["Blizzard"]},{"damage_healed":0,"gold_gain":0,"player_choice":"Forge","damage_taken":0,"max_hp_gain":0,"max_hp_loss":0,"event_name":"Accursed Blacksmith","floor":3,"gold_loss":0,"cards_upgraded":["Zap"]},{"damage_healed":0,"gold_gain":0,"player_choice":"Bet on Owner","damage_taken":0,"max_hp_gain":0,"max_hp_loss":0,"event_name":"The Joust","floor":21,"gold_loss":50}],"is_beta":false,"boss_relics":[{"not_picked":["Replay:Wanted Poster","Ring of Chaos"],"picked":"Black Star"}],"items_purged_floors":[5,20,29],"is_endless":false,"potions_floor_spawned":[8,12,13,16,18,19,23,27],"killed_by":"Snake Plant","ascension_level":1}}