{"host":"mydft8i2zzydgggw","time":1612665195,"event":{"mods":["AchievementEnabler","BaseMod","BetterRewards","Colored Map","Colored Powertips","DeckTracker","Keyboard Shortcuts","Minty Spire (QoL Compilation)","Rare Cards Sparkle","StSLib","SuperFastMode","everything is the same but u backflip on backflip"],"gold_per_floor":[116,116,129,144,158,158,171,196,196,196,196,220,241,241,241,371,371,385,300,324,324,14,14,45,57,69,81,107,135,147,159,171,309,321,346,64,64,78,141,141,185,260,260,279,279,295,331,355,355,355,355,355,106,140,140,140],"floor_reached":55,"language":"KOR","playtime":1916,"items_purged":["Clash","Writhe"],"score":1152,"play_id":"d75efe31-93ac-497a-a817-cad552203e28","local_time":"20210207113315","is_ascension_mode":true,"campfire_choices":[{"data":"True Grit","floor":6.0,"key":"SMITH"},{"data":"Blood for Blood","floor":10.0,"key":"SMITH"},{"floor":15.0,"key":"REST"},{"data":"Entrench","floor":23.0,"key":"SMITH"},{"data":"Impervious","floor":25.0,"key":"SMITH"},{"data":"Barricade","floor":27.0,"key":"SMITH"},{"data":"Battle Trance","floor":32.0,"key":"SMITH"},{"data":"Offering","floor":40.0,"key":"SMITH"},{"floor":49.0,"key":"RECALL"},{"data":"Spot Weakness","floor":52.0,"key":"SMITH"}],"circlet_count":0,"master_deck":["Bash","Twin Strike","True Grit+1","Blood for Blood+1","Immolate","Barricade+1","Feed","Warcry","Bloodletting+1","Combust","Spot Weakness+1","Clothesline","Dual Wield+1","True Grit+1","Entrench+1","Impervious+1","Battle Trance+1","Offering+1","Flame Barrier+1","Exhume+1","Armaments+1","Limit Break+1"],"relics":["Burning Blood","Calipers","Golden Idol","Pen Nib","Bronze Scales","Pandora\u0027s Box","Vajra","Nloth\u0027s Gift","Sling","MawBank","Bird Faced Urn","Nilry\u0027s Codex","War Paint","SacredBark","Medical Kit","Du-Vu Doll","Pantograph","Toxic Egg 2","Question Card","Ancient Tea Set","Nunchaku","Happy Flower"],"acts_visited":["Exordium","TheCity","TheBeyond","TheEnding"],"potions_floor_usage":[55],"damage_taken":[{"damage":7.0,"enemies":"Small Slimes","floor":1.0,"turns":3.0},{"damage":9.0,"enemies":"Jaw Worm","floor":3.0,"turns":3.0},{"damage":4.0,"enemies":"2 Louse","floor":4.0,"turns":3.0},{"damage":5.0,"enemies":"Gremlin Gang","floor":5.0,"turns":7.0},{"damage":11.0,"enemies":"Blue Slaver","floor":7.0,"turns":5.0},{"damage":11.0,"enemies":"Looter","floor":12.0,"turns":2.0},{"damage":6.0,"enemies":"3 Louse","floor":13.0,"turns":3.0},{"damage":32.0,"enemies":"Hexaghost","floor":16.0,"turns":6.0},{"damage":5.0,"enemies":"2 Thieves","floor":18.0,"turns":2.0},{"damage":12.0,"enemies":"Chosen","floor":20.0,"turns":4.0},{"damage":16.0,"enemies":"Gremlin Leader","floor":24.0,"turns":6.0},{"damage":4.0,"enemies":"Sentry and Sphere","floor":28.0,"turns":3.0},{"damage":0.0,"enemies":"Snake Plant","floor":29.0,"turns":5.0},{"damage":10.0,"enemies":"Champ","floor":33.0,"turns":20.0},{"damage":9.0,"enemies":"Orb Walker","floor":35.0,"turns":5.0},{"damage":11.0,"enemies":"3 Darklings","floor":38.0,"turns":6.0},{"damage":6.0,"enemies":"Mind Bloom Boss Battle","floor":39.0,"turns":9.0},{"damage":9.0,"enemies":"Giant Head","floor":41.0,"turns":12.0},{"damage":18.0,"enemies":"Writhing Mass","floor":44.0,"turns":9.0},{"damage":12.0,"enemies":"Transient","floor":46.0,"turns":5.0},{"damage":6.0,"enemies":"Reptomancer","floor":47.0,"turns":2.0},{"damage":21.0,"enemies":"Donu and Deca","floor":50.0,"turns":14.0},{"damage":19.0,"enemies":"Shield and Spear","floor":54.0,"turns":6.0},{"damage":79,"enemies":"The Heart","floor":55,"turns":8}],"seed_played":"-2621657510612336238","potions_obtained":[{"floor":3.0,"key":"AttackPotion"},{"floor":4.0,"key":"AttackPotion"},{"floor":7.0,"key":"ElixirPotion"},{"floor":12.0,"key":"FearPotion"},{"floor":16.0,"key":"EntropicBrew"},{"floor":20.0,"key":"EssenceOfSteel"},{"floor":28.0,"key":"Explosive Potion"},{"floor":35.0,"key":"FearPotion"},{"floor":38.0,"key":"Energy Potion"},{"floor":44.0,"key":"SkillPotion"},{"floor":46.0,"key":"SpeedPotion"}],"is_trial":false,"path_per_floor":["M","?","M","M","M","R","M","T","T","R","?","M","M","?","R","B",null,"M","?","M","?","$","R","E","R","T","R","M","M","?","?","R","B",null,"M","$","?","M","?","R","E","T","T","M","?","M","E","T","R","B",null,"R","$","E","B"],"character_chosen":"IRONCLAD","items_purchased":["Entrench","Sling","Medical Kit","PowerPotion","Armaments+1","Block Potion","Nunchaku"],"campfire_rested":1,"item_purchase_floors":[22,22,36,36,53,53,53],"current_hp_per_floor":[50,50,47,49,50,50,45,45,45,45,38,33,33,26,48,22,61,62,62,56,56,56,56,46,46,46,46,53,61,45,45,45,43,69,68,68,68,69,71,71,70,70,70,62,52,48,50,50,50,65,73,73,73,64,0,0],"gold":140,"neow_bonus":"ONE_RARE_RELIC","is_daily":false,"chose_seed":false,"campfire_upgraded":8,"win_rate":0.0,"timestamp":1612665195,"path_taken":["M","?","M","M","M","R","M","?","T","R","?","M","M","?","R","BOSS","M","?","M","?","$","R","E","R","T","R","M","?","?","?","R","BOSS","M","$","?","M","?","R","E","?","T","M","?","M","E","?","R","BOSS","R","$","E","BOSS"],"items_purchased_type":["Card","Relic","Relic","Potion","Card","Potion","Relic"],"build_version":"2020-12-22","purchased_purges":2,"victory":false,"max_hp_per_floor":[80,74,74,74,74,74,74,74,74,74,74,74,74,74,74,74,74,74,74,74,74,74,74,74,74,74,74,77,77,77,77,77,77,77,77,77,73,73,73,73,73,73,73,73,73,73,73,73,73,76,76,76,76,76,76,76],"card_choices":[{"not_picked":["Thunderclap","Dual Wield","Metallicize"],"picked":"SKIP","floor":1.0},{"not_picked":["Inflame","Dark Embrace"],"picked":"Twin Strike","floor":3.0},{"not_picked":["Combust","Clothesline","Anger"],"picked":"SKIP","floor":4.0},{"not_picked":["Dual Wield","Wild Strike"],"picked":"True Grit","floor":5.0},{"not_picked":["Clash","Heavy Blade"],"picked":"Blood for Blood","floor":7.0},{"not_picked":["Rampage","Dual Wield"],"picked":"Immolate","floor":12.0},{"not_picked":["Wild Strike","Flex","Havoc"],"picked":"SKIP","floor":13.0},{"not_picked":["Immolate","Demon Form"],"picked":"Barricade","floor":16.0},{"not_picked":["Rampage+1","Infernal Blade"],"picked":"True Grit+1","floor":18.0},{"not_picked":["Heavy Blade","Rupture","Intimidate"],"picked":"SKIP","floor":20.0},{"not_picked":["Clothesline","Demon Form"],"picked":"Impervious","floor":24.0},{"not_picked":["True Grit","Rage","Perfected Strike"],"picked":"SKIP","floor":28.0},{"not_picked":["Thunderclap","Searing Blow"],"picked":"Battle Trance","floor":29.0},{"not_picked":["Brutality","Demon Form"],"picked":"Offering","floor":33.0},{"not_picked":["Perfected Strike","Seeing Red+1"],"picked":"Flame Barrier+1","floor":35.0},{"not_picked":["Pommel Strike","Uppercut","Thunderclap+1"],"picked":"SKIP","floor":38.0},{"not_picked":["Brutality","Havoc+1","Warcry+1"],"picked":"SKIP","floor":41.0},{"not_picked":["Wild Strike","Evolve+1","Twin Strike"],"picked":"SKIP","floor":44.0},{"not_picked":["Heavy Blade","Dual Wield+1","Infernal Blade+1"],"picked":"SKIP","floor":46.0},{"not_picked":["Barricade","Feed"],"picked":"Exhume+1","floor":47.0},{"not_picked":["Immolate","Havoc+1","Headbutt"],"picked":"Limit Break+1","floor":54.0}],"player_experience":237505,"relics_obtained":[{"floor":8.0,"key":"Pen Nib"},{"floor":9.0,"key":"Bag of Marbles"},{"floor":24.0,"key":"MawBank"},{"floor":26.0,"key":"Bird Faced Urn"},{"floor":30.0,"key":"Nilry\u0027s Codex"},{"floor":39.0,"key":"Du-Vu Doll"},{"floor":41.0,"key":"Pantograph"},{"floor":42.0,"key":"Toxic Egg 2"},{"floor":47.0,"key":"Question Card"},{"floor":48.0,"key":"Ancient Tea Set"},{"floor":54.0,"key":"Happy Flower"}],"event_choices":[{"damage_healed":0.0,"max_hp_gain":0.0,"max_hp_loss":6.0,"gold_gain":0.0,"event_name":"Golden Idol","player_choice":"Lose Max HP","floor":2.0,"gold_loss":0.0,"damage_taken":0.0,"relics_obtained":["Golden Idol"]},{"damage_healed":0.0,"max_hp_gain":0.0,"max_hp_loss":0.0,"gold_gain":0.0,"event_name":"Scrap Ooze","player_choice":"Success","floor":11.0,"gold_loss":0.0,"damage_taken":7.0,"relics_obtained":["Bronze Scales"]},{"cards_removed":["Strike_R"],"damage_healed":0.0,"max_hp_gain":0.0,"max_hp_loss":0.0,"gold_gain":0.0,"event_name":"Golden Wing","player_choice":"Card Removal","floor":14.0,"gold_loss":0.0,"damage_taken":7.0},{"damage_healed":0.0,"max_hp_gain":0.0,"max_hp_loss":0.0,"gold_gain":0.0,"event_name":"Addict","player_choice":"Obtained Relic","floor":19.0,"gold_loss":85.0,"damage_taken":0.0,"relics_obtained":["Vajra"]},{"damage_healed":0.0,"max_hp_gain":0.0,"max_hp_loss":0.0,"gold_gain":0.0,"event_name":"N\u0027loth","player_choice":"Traded Relic","floor":21.0,"relics_lost":["Bag of Marbles"],"gold_loss":0.0,"damage_taken":0.0,"relics_obtained":["Nloth\u0027s Gift"]},{"damage_healed":0.0,"max_hp_gain":0.0,"max_hp_loss":0.0,"gold_gain":0.0,"event_name":"Cursed Tome","player_choice":"Obtained Book","floor":30.0,"gold_loss":0.0,"damage_taken":16.0},{"damage_healed":0.0,"max_hp_gain":0.0,"max_hp_loss":0.0,"gold_gain":0.0,"event_name":"The Mausoleum","player_choice":"Opened","floor":31.0,"gold_loss":0.0,"damage_taken":0.0,"relics_obtained":["War Paint"],"cards_obtained":["Writhe"]},{"damage_healed":0.0,"max_hp_gain":0.0,"max_hp_loss":4.0,"gold_gain":0.0,"event_name":"Winding Halls","player_choice":"Max HP","floor":37.0,"gold_loss":0.0,"damage_taken":0.0},{"damage_healed":0.0,"max_hp_gain":0.0,"max_hp_loss":0.0,"gold_gain":0.0,"event_name":"MindBloom","player_choice":"Fight","floor":39.0,"gold_loss":0.0,"damage_taken":0.0},{"damage_healed":0.0,"max_hp_gain":0.0,"max_hp_loss":0.0,"gold_gain":0.0,"event_name":"SensoryStone","player_choice":"Memory 3","floor":45.0,"gold_loss":0.0,"damage_taken":10.0}],"is_beta":false,"boss_relics":[{"not_picked":["Runic Pyramid","Cursed Key"],"picked":"Pandora\u0027s Box"},{"not_picked":["Black Star","Fusion Hammer"],"picked":"SacredBark"}],"items_purged_floors":[22,36],"is_endless":false,"potions_floor_spawned":[3,4,7,12,16,20,28,35,38,44,46],"killed_by":"The Heart","ascension_level":7}}