{"host":"tzwikg9s6mkzv6w0","time":1612698540,"event":{"mods":["BaseMod","Good Game Mod","Minty Spire (QoL Compilation)","Spicy Shops","StSLib"],"gold_per_floor":[118,129,139,214,228,228,240,240,266,11,11,37,101,114,114,114,114],"floor_reached":16,"language":"ZHS","playtime":566,"items_purged":[],"score":138,"play_id":"ede5a5f6-1ca6-4fc6-83cb-cbf11f6839fb","local_time":"20210207194900","is_ascension_mode":true,"campfire_choices":[{"data":"Tools of the Trade","floor":6.0,"key":"SMITH"},{"data":"Eviscerate","floor":8.0,"key":"SMITH"},{"data":"Burning Pact","floor":11.0,"key":"SMITH"},{"data":"Tactician","floor":15.0,"key":"SMITH"}],"circlet_count":0,"master_deck":["Strike_G","Strike_G","Strike_G","Strike_G","Strike_G","Defend_G","Defend_G","Defend_G","Defend_G","Defend_G","Survivor","Neutralize","Burning Pact+1","Tools of the Trade+1","Dash","Adrenaline","Eviscerate+1","Tactician+1"],"relics":["Ring of the Snake","REME:ComplimentaryCards","Sundial","Omamori","PreservedInsect"],"acts_visited":["Exordium"],"potions_floor_usage":[],"damage_taken":[{"damage":4.0,"enemies":"Jaw Worm","floor":1.0,"turns":4.0},{"damage":0.0,"enemies":"Cultist","floor":2.0,"turns":5.0},{"damage":0.0,"enemies":"Small Slimes","floor":3.0,"turns":5.0},{"damage":6.0,"enemies":"2 Fungi Beasts","floor":5.0,"turns":4.0},{"damage":3.0,"enemies":"Large Slime","floor":7.0,"turns":6.0},{"damage":14.0,"enemies":"3 Sentries","floor":12.0,"turns":8.0},{"damage":11.0,"enemies":"Lagavulin Event","floor":13.0,"turns":4.0},{"damage":0.0,"enemies":"3 Louse","floor":14.0,"turns":4.0},{"damage":20,"enemies":"Hexaghost","floor":16,"turns":9}],"seed_played":"-8520313598317152000","potions_obtained":[{"floor":1.0,"key":"DistilledChaos"},{"floor":2.0,"key":"Poison Potion"},{"floor":7.0,"key":"Poison Potion"}],"is_trial":false,"path_per_floor":["M","M","M","?","M","R","M","R","T","$","R","E","?","M","R","B"],"character_chosen":"THE_SILENT","items_purchased":["Sundial"],"campfire_rested":0,"item_purchase_floors":[10],"current_hp_per_floor":[59,59,59,53,47,47,44,44,44,44,44,30,19,19,19,0,0],"gold":114,"neow_bonus":"THREE_RARE_CARDS","is_daily":false,"chose_seed":false,"campfire_upgraded":4,"win_rate":0.0,"timestamp":1612698540,"path_taken":["M","M","M","?","?","R","M","R","T","$","R","E","?","M","R","BOSS"],"items_purchased_type":["Relic"],"build_version":"2020-12-22","purchased_purges":0,"victory":false,"max_hp_per_floor":[63,63,63,63,63,63,63,63,63,63,63,63,63,63,63,63,63],"card_choices":[{"not_picked":["Phantasmal Killer","Night Terror"],"picked":"Tools of the Trade","floor":0.0},{"not_picked":["Well Laid Plans","Slice"],"picked":"Dash","floor":1.0},{"not_picked":["Dagger Throw","Outmaneuver","Poisoned Stab"],"picked":"SKIP","floor":2.0},{"not_picked":["PiercingWail","Distraction"],"picked":"Adrenaline","floor":3.0},{"not_picked":["Outmaneuver","Noxious Fumes","PiercingWail"],"picked":"SKIP","floor":5.0},{"not_picked":["Poisoned Stab","Flying Knee"],"picked":"Eviscerate","floor":7.0},{"not_picked":["PiercingWail","Dodge and Roll","Quick Slash"],"picked":"SKIP","floor":12.0},{"not_picked":["Bane","Doppelganger"],"picked":"Tactician","floor":13.0},{"not_picked":["Sucker Punch","Catalyst","Dagger Throw"],"picked":"SKIP","floor":14.0}],"player_experience":84907,"relics_obtained":[{"floor":12.0,"key":"Omamori"}],"event_choices":[{"damage_healed":0.0,"max_hp_gain":0.0,"max_hp_loss":0.0,"gold_gain":75.0,"event_name":"FaceTrader","player_choice":"Touch","floor":4.0,"gold_loss":0.0,"damage_taken":6.0},{"damage_healed":0.0,"max_hp_gain":0.0,"max_hp_loss":0.0,"gold_gain":30.0,"event_name":"Dead Adventurer","player_choice":"Searched \u00273\u0027 times","floor":13.0,"gold_loss":0.0,"damage_taken":0.0,"relics_obtained":["PreservedInsect"]}],"is_beta":false,"boss_relics":[],"items_purged_floors":[],"is_endless":false,"potions_floor_spawned":[1,2,7],"killed_by":"Hexaghost","ascension_level":7}}