{"host":"1c52r9kaxdyo25eq","time":1612671449,"event":{"mods":["AchievementEnabler","BaseMod","DeckTracker","Minty Spire (QoL Compilation)","Rare Cards Sparkle","SuperFastMode","everything is the same but u backflip on backflip"],"gold_per_floor":[111,111,111,111,161,161,192,212,259,277,315,60,60,80,80,171,171,186,211,229,229,229,229],"floor_reached":22,"language":"KOR","playtime":442,"items_purged":[],"score":416,"play_id":"e95b251e-9d80-4e77-833e-732e2a9a693c","local_time":"20210207131729","is_ascension_mode":true,"campfire_choices":[{"data":"Hemokinesis","floor":6,"key":"SMITH"},{"data":"Evolve","floor":13,"key":"SMITH"},{"data":"True Grit","floor":15,"key":"SMITH"}],"circlet_count":0,"master_deck":["AscendersBane","Bash","Feel No Pain","Double Tap+1","Dark Embrace","Hemokinesis+1","Hemokinesis","Exhume+1","Heavy Blade","Immolate+1","Battle Trance","Evolve+1","True Grit+1","Feed"],"relics":["Pandora\u0027s Box","Golden Idol","Centennial Puzzle","War Paint","Bag of Marbles","Lee\u0027s Waffle","Mark of Pain","FaceOfCleric"],"acts_visited":["Exordium","TheCity"],"potions_floor_usage":[22,22,22,22],"damage_taken":[{"damage":14.0,"enemies":"Jaw Worm","floor":1.0,"turns":2.0},{"damage":0,"enemies":"3 Sentries","floor":7,"turns":1},{"damage":0,"enemies":"2 Louse","floor":8,"turns":1},{"damage":4,"enemies":"Small Slimes","floor":10,"turns":2},{"damage":24,"enemies":"Lagavulin","floor":11,"turns":4},{"damage":0,"enemies":"Blue Slaver","floor":14,"turns":1},{"damage":42,"enemies":"Slime Boss","floor":16,"turns":7},{"damage":26,"enemies":"Shell Parasite","floor":18,"turns":3},{"damage":14,"enemies":"3 Byrds","floor":19,"turns":3},{"damage":21,"enemies":"3 Cultists","floor":20,"turns":4},{"damage":4,"enemies":"Snake Plant","floor":22,"turns":1}],"seed_played":"7896278284498424073","potions_obtained":[{"floor":11,"key":"EntropicBrew"},{"floor":14,"key":"ColorlessPotion"}],"is_trial":false,"path_per_floor":["M","?","$","?","?","R","E","M","T","M","E","$","R","M","R","B",null,"M","M","M","?","M"],"character_chosen":"IRONCLAD","items_purchased":["Evolve","Lee\u0027s Waffle"],"campfire_rested":0,"item_purchase_floors":[12,12],"current_hp_per_floor":[54,54,54,54,54,54,54,54,54,50,26,75,75,75,75,33,65,42,31,13,13,9,9],"gold":229,"neow_bonus":"BOSS_RELIC","is_daily":false,"chose_seed":false,"campfire_upgraded":3,"win_rate":0.0,"timestamp":1612671449,"path_taken":["M","?","$","?","?","R","E","?","T","M","E","$","R","M","R","BOSS","M","M","M","?","?"],"items_purchased_type":["Card","Relic"],"build_version":"2020-12-22","purchased_purges":0,"victory":false,"max_hp_per_floor":[75,68,68,68,68,68,68,68,68,68,68,75,75,75,75,75,75,78,81,84,84,84,84],"card_choices":[{"not_picked":["Twin Strike","Cleave","Shockwave"],"picked":"SKIP","floor":1.0},{"not_picked":["True Grit","Havoc","Searing Blow"],"picked":"SKIP","floor":7},{"not_picked":["Clothesline","True Grit","Perfected Strike"],"picked":"SKIP","floor":8},{"not_picked":["Flex","Pommel Strike","Seeing Red"],"picked":"SKIP","floor":10},{"not_picked":["Flex","Pommel Strike","Seeing Red"],"picked":"SKIP","floor":10},{"not_picked":["Barricade","Sever Soul","Anger"],"picked":"SKIP","floor":11},{"not_picked":["Carnage","Rupture"],"picked":"True Grit","floor":14},{"not_picked":["Impervious","Immolate"],"picked":"Feed","floor":16},{"not_picked":["Anger","Cleave","Pummel"],"picked":"SKIP","floor":18},{"not_picked":["Clothesline+1","Bloodletting","Entrench"],"picked":"SKIP","floor":19},{"not_picked":["Clothesline+1","Bloodletting","Entrench"],"picked":"SKIP","floor":19},{"not_picked":["Headbutt","Clothesline","Twin Strike"],"picked":"SKIP","floor":20}],"player_experience":649071,"relics_obtained":[{"floor":7,"key":"Centennial Puzzle"},{"floor":9,"key":"War Paint"},{"floor":11,"key":"Bag of Marbles"}],"event_choices":[{"damage_healed":0.0,"max_hp_gain":0.0,"max_hp_loss":7.0,"gold_gain":0.0,"event_name":"Golden Idol","player_choice":"Lose Max HP","floor":2.0,"gold_loss":0.0,"damage_taken":0.0,"relics_obtained":["Golden Idol"]},{"damage_healed":0,"gold_gain":0,"player_choice":"Grow","damage_taken":0,"max_hp_gain":0,"max_hp_loss":0,"event_name":"Living Wall","floor":4,"gold_loss":0,"cards_upgraded":["Immolate"]},{"damage_healed":0,"gold_gain":50,"player_choice":"Pray","damage_taken":0,"max_hp_gain":0,"max_hp_loss":0,"event_name":"Golden Shrine","floor":5,"gold_loss":0},{"damage_healed":0,"gold_gain":0,"player_choice":"Trade","damage_taken":0,"relics_obtained":["FaceOfCleric"],"max_hp_gain":0,"max_hp_loss":0,"event_name":"FaceTrader","floor":21,"gold_loss":0}],"is_beta":false,"boss_relics":[{"not_picked":["Philosopher\u0027s Stone","Black Star"],"picked":"Mark of Pain"}],"items_purged_floors":[],"is_endless":false,"potions_floor_spawned":[11,14,19],"killed_by":"Snake Plant","ascension_level":18}}