{"host":"p0hktren06injwdf","time":1612721032,"event":{"mods":["AchievementEnabler","BaseMod","Colored Map","DeckTracker","Minty Spire (QoL Compilation)","Permanent Neow","StSLib","SuperFastMode"],"gold_per_floor":[116,136,136,153,131,131,158,158,158,171,194,214,227,152,152,227,227,239,239,26,26,37,37,65,79,104,104,104,104,124,137,137,137,137],"floor_reached":33,"language":"KOR","playtime":669,"items_purged":["Strike_B"],"score":538,"play_id":"b44567cb-6105-4dbf-81b7-47f47ff00792","local_time":"20210208030352","is_ascension_mode":true,"campfire_choices":[{"data":"Hyperbeam","floor":6,"key":"SMITH"},{"floor":8,"key":"REST"},{"data":"Zap","floor":15,"key":"SMITH"},{"floor":23,"key":"REST"},{"data":"Stack","floor":28,"key":"SMITH"},{"floor":32,"key":"REST"}],"circlet_count":0,"master_deck":["AscendersBane","Defend_B","Defend_B","Defend_B","Defend_B","Zap+1","Dualcast","Ball Lightning","Hologram","Undo","Conserve Battery","Hyperbeam+1","Biased Cognition","Skim","Loop","Echo Form","Rebound+1","Master of Strategy","Reinforced Body+1","Stack+1","Chaos","Stack","Glacier"],"relics":["Cracked Core","Potion Belt","Thread and Needle","Emotion Chip","SacredBark","Calipers","Blood Vial"],"acts_visited":["Exordium","TheCity"],"potions_floor_usage":[16,24,24,24,24,30,33,33,33],"damage_taken":[{"damage":7,"enemies":"Jaw Worm","floor":1,"turns":3},{"damage":2,"enemies":"Cultist","floor":2,"turns":4},{"damage":4,"enemies":"2 Louse","floor":4,"turns":2},{"damage":16,"enemies":"Exordium Thugs","floor":5,"turns":4},{"damage":28,"enemies":"Lagavulin","floor":7,"turns":6},{"damage":0,"enemies":"Looter","floor":10,"turns":3},{"damage":0,"enemies":"3 Louse","floor":12,"turns":1},{"damage":0,"enemies":"2 Fungi Beasts","floor":13,"turns":2},{"damage":2,"enemies":"Slime Boss","floor":16,"turns":6},{"damage":19,"enemies":"2 Thieves","floor":18,"turns":3},{"damage":24,"enemies":"Shell Parasite","floor":22,"turns":5},{"damage":1,"enemies":"Slavers","floor":24,"turns":3},{"damage":9,"enemies":"Snecko","floor":25,"turns":6},{"damage":9,"enemies":"Cultist and Chosen","floor":30,"turns":5},{"damage":15,"enemies":"Snake Plant","floor":31,"turns":6},{"damage":36,"enemies":"Automaton","floor":33,"turns":16}],"seed_played":"-6724497972160289583","potions_obtained":[{"floor":1,"key":"Block Potion"},{"floor":4,"key":"Weak Potion"},{"floor":5,"key":"EntropicBrew"},{"floor":7,"key":"EssenceOfSteel"},{"floor":18,"key":"BlessingOfTheForge"},{"floor":24,"key":"SpeedPotion"},{"floor":31,"key":"Block Potion"}],"is_trial":false,"path_per_floor":["M","M","?","M","M","R","E","R","T","M","T","M","M","$","R","B",null,"M","?","$","?","M","R","E","M","T","?","R","?","M","M","R","B"],"character_chosen":"DEFECT","items_purchased":["Master of Strategy"],"campfire_rested":3,"item_purchase_floors":[20],"current_hp_per_floor":[57,55,55,51,35,35,7,28,28,28,28,28,28,28,28,26,60,41,41,41,41,17,38,37,28,28,28,28,28,21,8,29,0,0],"gold":137,"neow_bonus":"RANDOM_COMMON_RELIC","is_daily":false,"chose_seed":false,"campfire_upgraded":3,"win_rate":0.0,"timestamp":1612721032,"path_taken":["M","M","?","?","M","R","E","R","T","M","?","M","M","$","R","BOSS","M","?","$","?","M","R","E","?","T","?","R","?","M","M","R","BOSS"],"items_purchased_type":["Card"],"build_version":"2020-12-22","purchased_purges":1,"victory":false,"max_hp_per_floor":[71,71,71,71,71,71,71,71,71,71,71,71,71,71,71,71,71,71,71,71,71,71,71,71,71,71,71,71,71,71,71,71,71,71],"card_choices":[{"not_picked":["Darkness","Steam"],"picked":"Ball Lightning","floor":1},{"not_picked":["Lockon","Coolheaded"],"picked":"Hologram","floor":2},{"not_picked":["Coolheaded","Loop"],"picked":"Conserve Battery","floor":4},{"not_picked":["Hologram","Redo"],"picked":"Hyperbeam","floor":5},{"not_picked":["Cold Snap","Darkness"],"picked":"Biased Cognition","floor":7},{"not_picked":["Hologram","Compile Driver","Streamline"],"picked":"SKIP","floor":10},{"not_picked":["Consume","Recycle"],"picked":"Skim","floor":12},{"not_picked":["Gash","Darkness"],"picked":"Loop","floor":13},{"not_picked":["Fission","Amplify"],"picked":"Echo Form","floor":16},{"not_picked":["Coolheaded+1","Tempest"],"picked":"Rebound+1","floor":18},{"not_picked":["Chaos","Melter"],"picked":"Reinforced Body+1","floor":22},{"not_picked":["Go for the Eyes","Compile Driver","Lockon"],"picked":"SKIP","floor":24},{"not_picked":["Barrage","Rip and Tear","Redo+1"],"picked":"SKIP","floor":25},{"not_picked":["Stack","Leap","Genetic Algorithm"],"picked":"SKIP","floor":30},{"not_picked":["Leap","Genetic Algorithm"],"picked":"Stack","floor":30},{"not_picked":["Fusion","Machine Learning"],"picked":"Glacier","floor":31}],"player_experience":1027570,"relics_obtained":[{"floor":7,"key":"Thread and Needle"},{"floor":9,"key":"Emotion Chip"},{"floor":24,"key":"Calipers"},{"floor":26,"key":"Blood Vial"}],"event_choices":[{"damage_healed":0,"gold_gain":0,"cards_transformed":["Strike_B"],"player_choice":"Transformed","damage_taken":0,"max_hp_gain":0,"max_hp_loss":0,"event_name":"Transmorgrifier","floor":3,"gold_loss":0,"cards_obtained":["Undo"]},{"damage_healed":0,"gold_gain":0,"player_choice":"Ignored","damage_taken":0,"max_hp_gain":0,"max_hp_loss":0,"event_name":"Vampires","floor":19,"gold_loss":0},{"damage_healed":0,"gold_gain":0,"player_choice":"Ignored","damage_taken":0,"max_hp_gain":0,"max_hp_loss":0,"event_name":"Ghosts","floor":21,"gold_loss":0},{"damage_healed":0,"gold_gain":0,"cards_transformed":["Strike_B","Strike_B"],"player_choice":"Became Test Subject","damage_taken":0,"max_hp_gain":0,"max_hp_loss":0,"event_name":"Drug Dealer","floor":27,"gold_loss":0,"cards_obtained":["Stack","Chaos"]},{"damage_healed":0,"gold_gain":0,"player_choice":"Ignored","damage_taken":0,"max_hp_gain":0,"max_hp_loss":0,"event_name":"Cursed Tome","floor":29,"gold_loss":0}],"is_beta":false,"boss_relics":[{"not_picked":["Tiny House","Fusion Hammer"],"picked":"SacredBark"}],"items_purged_floors":[14],"is_endless":false,"potions_floor_spawned":[1,4,5,7,13,18,24,25,31],"killed_by":"Automaton","ascension_level":20}}