{"host":"lly094a91h6n5nv5","time":1612735848,"event":{"mods":["AchievementEnabler","BaseMod","Block Reminder","Colored Map","Minty Spire (QoL Compilation)"],"gold_per_floor":[112,1,18,18,28,28,28,28,28,63,81,81,107,119,119,222,222,238,20,36,53,53,53,80,80,127,156,156,169,169,189,189,293,293,312,245,255,255,266,266,294,294,294,326,336,67,118,130,130,130],"floor_reached":51,"language":"ENG","playtime":4389,"items_purged":["Strike_G"],"score":1232,"play_id":"06e5cb09-da7e-4674-a7cb-a0d35298c4fe","local_time":"20210207161048","is_ascension_mode":true,"campfire_choices":[{"data":"Footwork","floor":6.0,"key":"SMITH"},{"data":"Crippling Poison","floor":8.0,"key":"SMITH"},{"data":"Deadly Poison","floor":12.0,"key":"SMITH"},{"data":"Neutralize","floor":15.0,"key":"SMITH"},{"data":"Catalyst","floor":23.0,"key":"SMITH"},{"data":"Adrenaline","floor":25.0,"key":"SMITH"},{"floor":28.0,"key":"REST"},{"data":"Malaise","floor":32.0,"key":"SMITH"},{"data":"Catalyst","floor":40.0,"key":"SMITH"},{"data":"Panacea","floor":42.0,"key":"SMITH"},{"data":"Tools of the Trade","floor":49,"key":"SMITH"}],"circlet_count":0,"master_deck":["Defend_G+1","Defend_G+1","Defend_G+1","Defend_G+1","Survivor","Neutralize+1","Tools of the Trade+1","Sucker Punch","Footwork+1","Blur","Crippling Poison+1","Burst+1","Panacea+1","Blur","Deadly Poison+1","PiercingWail","Adrenaline+1","Noxious Fumes+1","Malaise+1","Catalyst+1","Backflip","Prepared+1","Burst+1","Reflex+1","Noxious Fumes+1","Catalyst+1","Leg Sweep","Well Laid Plans+1"],"relics":["Ring of the Snake","Potion Belt","Frozen Egg 2","FossilizedHelix","Busted Crown","Pocketwatch","Vajra","Omamori","Astrolabe","MealTicket","Lantern","Darkstone Periapt","Bag of Preparation","Gambling Chip"],"acts_visited":["Exordium","TheCity","TheBeyond"],"potions_floor_usage":[50,50,50,50],"damage_taken":[{"damage":1.0,"enemies":"Small Slimes","floor":1.0,"turns":5.0},{"damage":0.0,"enemies":"Cultist","floor":3.0,"turns":7.0},{"damage":4.0,"enemies":"2 Louse","floor":5.0,"turns":4.0},{"damage":0.0,"enemies":"Lagavulin","floor":10.0,"turns":15.0},{"damage":3.0,"enemies":"Large Slime","floor":11.0,"turns":10.0},{"damage":5.0,"enemies":"Gremlin Nob","floor":13.0,"turns":5.0},{"damage":12.0,"enemies":"Exordium Thugs","floor":14.0,"turns":5.0},{"damage":55.0,"enemies":"Slime Boss","floor":16.0,"turns":21.0},{"damage":0.0,"enemies":"Spheric Guardian","floor":18.0,"turns":5.0},{"damage":5.0,"enemies":"3 Byrds","floor":20.0,"turns":4.0},{"damage":0.0,"enemies":"Snake Plant","floor":21.0,"turns":6.0},{"damage":11.0,"enemies":"Slavers","floor":24.0,"turns":7.0},{"damage":27.0,"enemies":"Gremlin Leader","floor":27.0,"turns":5.0},{"damage":0.0,"enemies":"Snecko","floor":29.0,"turns":5.0},{"damage":0.0,"enemies":"Shelled Parasite and Fungi","floor":31.0,"turns":4.0},{"damage":0.0,"enemies":"Champ","floor":33.0,"turns":13.0},{"damage":0.0,"enemies":"Orb Walker","floor":35.0,"turns":4.0},{"damage":0.0,"enemies":"3 Shapes","floor":37.0,"turns":4.0},{"damage":0.0,"enemies":"Jaw Worm Horde","floor":39.0,"turns":4.0},{"damage":0.0,"enemies":"Nemesis","floor":41.0,"turns":7.0},{"damage":24.0,"enemies":"Reptomancer","floor":44.0,"turns":3.0},{"damage":0.0,"enemies":"Transient","floor":45.0,"turns":5.0},{"damage":0,"enemies":"2 Orb Walkers","floor":47,"turns":3},{"damage":0,"enemies":"3 Darklings","floor":48,"turns":4},{"damage":0,"enemies":"Donu and Deca","floor":50,"turns":7}],"seed_played":"-4085056228738550819","potions_obtained":[{"floor":3.0,"key":"DistilledChaos"},{"floor":5.0,"key":"AttackPotion"},{"floor":10.0,"key":"Dexterity Potion"},{"floor":11.0,"key":"FairyPotion"},{"floor":16.0,"key":"CunningPotion"},{"floor":21.0,"key":"SteroidPotion"},{"floor":27.0,"key":"Dexterity Potion"},{"floor":31.0,"key":"GamblersBrew"},{"floor":33.0,"key":"Fruit Juice"},{"floor":41.0,"key":"SteroidPotion"},{"floor":44.0,"key":"CunningPotion"},{"floor":45.0,"key":"Strength Potion"}],"is_trial":false,"path_per_floor":["M","$","M","?","M","R","?","R","T","E","M","R","E","M","R","B",null,"M","$","M","M","?","R","E","R","T","E","R","M","?","M","R","B",null,"M","$","M","?","M","R","E","R","T","E","M","$","?","M","R","B",null],"character_chosen":"THE_SILENT","items_purchased":["Footwork","Blur","Noxious Fumes+1","Malaise","Noxious Fumes+1","Well Laid Plans+1","Bag of Preparation","Energy Potion"],"campfire_rested":1,"item_purchase_floors":[2,2,19,19,36,46,46,46],"current_hp_per_floor":[62,62,62,62,58,58,58,58,58,58,55,55,50,38,38,7,54,54,54,49,49,49,49,38,38,38,11,32,32,32,32,32,37,66,66,66,66,66,66,66,66,66,66,42,42,57,57,57,57,57],"gold":130,"neow_bonus":"TRANSFORM_CARD","is_daily":false,"chose_seed":false,"campfire_upgraded":10,"win_rate":0.0,"timestamp":1612735848,"path_taken":["M","$","M","?","?","R","?","R","T","E","?","R","E","M","R","BOSS","M","$","M","M","?","R","E","R","T","E","R","M","?","?","R","BOSS","M","$","M","?","M","R","E","R","T","E","M","$","?","M","R","BOSS"],"items_purchased_type":["Card","Card","Card","Card","Card","Card","Relic","Potion"],"build_version":"2020-12-22","purchased_purges":1,"victory":true,"max_hp_per_floor":[70,70,70,70,70,70,70,70,70,70,70,70,70,70,70,70,70,70,70,70,70,70,70,70,70,70,70,70,70,70,70,70,75,75,75,75,75,75,75,75,75,75,75,75,75,75,75,75,75,75],"card_choices":[{"not_picked":["Heel Hook","Prepared"],"picked":"Sucker Punch","floor":1.0},{"not_picked":["Backflip","Quick Slash"],"picked":"Crippling Poison","floor":3.0},{"not_picked":["Prepared","Slice"],"picked":"Blur","floor":5.0},{"not_picked":["Acrobatics","Sucker Punch"],"picked":"Deadly Poison","floor":10.0},{"not_picked":["Prepared","Outmaneuver","Cloak And Dagger"],"picked":"SKIP","floor":11.0},{"not_picked":["Flechettes","Dagger Throw","Unload"],"picked":"SKIP","floor":13.0},{"not_picked":["Dodge and Roll","Prepared"],"picked":"PiercingWail","floor":14.0},{"not_picked":["A Thousand Cuts+1","Malaise"],"picked":"Adrenaline","floor":16.0},{"not_picked":["Slice"],"picked":"SKIP","floor":18.0},{"not_picked":["Prepared"],"picked":"SKIP","floor":20.0},{"not_picked":["Slice+1"],"picked":"SKIP","floor":21.0},{"not_picked":["Endless Agony"],"picked":"SKIP","floor":24.0},{"not_picked":["All Out Attack"],"picked":"SKIP","floor":27.0},{"not_picked":["Masterful Stab"],"picked":"SKIP","floor":29.0},{"not_picked":[],"picked":"Backflip","floor":31.0},{"not_picked":["Dagger Throw"],"picked":"SKIP","floor":35.0},{"not_picked":[],"picked":"Catalyst","floor":37.0},{"not_picked":["Concentrate+1"],"picked":"SKIP","floor":39.0},{"not_picked":[],"picked":"Leg Sweep","floor":41.0},{"not_picked":["Quick Slash"],"picked":"SKIP","floor":44.0},{"not_picked":["PiercingWail+1"],"picked":"SKIP","floor":45.0},{"not_picked":["Backstab+1"],"picked":"SKIP","floor":48}],"player_experience":186315,"relics_obtained":[{"floor":9.0,"key":"Potion Belt"},{"floor":10.0,"key":"Frozen Egg 2"},{"floor":13.0,"key":"FossilizedHelix"},{"floor":24.0,"key":"Pocketwatch"},{"floor":26.0,"key":"Vajra"},{"floor":27.0,"key":"Omamori"},{"floor":41.0,"key":"MealTicket"},{"floor":43.0,"key":"Lantern"},{"floor":44.0,"key":"Darkstone Periapt"},{"floor":47,"key":"Gambling Chip"}],"event_choices":[{"damage_healed":0.0,"max_hp_gain":0.0,"max_hp_loss":0.0,"gold_gain":0.0,"event_name":"Match and Keep!","player_choice":"2 cards matched","floor":4.0,"gold_loss":0.0,"damage_taken":0.0,"cards_obtained":["Burst","Panacea"]},{"damage_healed":0.0,"max_hp_gain":0.0,"max_hp_loss":0.0,"gold_gain":0.0,"event_name":"Accursed Blacksmith","player_choice":"Forge","floor":7.0,"gold_loss":0.0,"damage_taken":0.0,"cards_upgraded":["Burst"]},{"damage_healed":0.0,"max_hp_gain":0.0,"max_hp_loss":0.0,"gold_gain":0.0,"event_name":"The Library","player_choice":"Read","floor":22.0,"gold_loss":0.0,"damage_taken":0.0,"cards_obtained":["Catalyst"]},{"damage_healed":0.0,"max_hp_gain":0.0,"max_hp_loss":0.0,"gold_gain":0.0,"event_name":"Back to Basics","player_choice":"Simplicity","floor":30.0,"gold_loss":0.0,"damage_taken":0.0,"cards_upgraded":["Strike_G","Strike_G","Strike_G","Defend_G","Defend_G","Defend_G","Defend_G","Defend_G"]},{"cards_removed":["Defend_G"],"damage_healed":0.0,"max_hp_gain":0.0,"max_hp_loss":0.0,"gold_gain":0.0,"event_name":"Falling","player_choice":"Removed Skill","floor":38.0,"gold_loss":0.0,"damage_taken":0.0},{"damage_healed":0,"gold_gain":0,"player_choice":"Fight","damage_taken":0,"max_hp_gain":0,"max_hp_loss":0,"event_name":"Mysterious Sphere","floor":47,"gold_loss":0}],"is_beta":false,"boss_relics":[{"not_picked":["WristBlade","Tiny House"],"picked":"Busted Crown"},{"not_picked":["Runic Dome","Snecko Eye"],"picked":"Astrolabe"}],"items_purged_floors":[19],"is_endless":false,"potions_floor_spawned":[3,5,10,11,16,21,27,31,33,41,44,45],"ascension_level":8}}