{"host":"04x9isxu4s2lvye3","time":1612731897,"event":{"mods":["BaseMod","Colored Powertips","Highlight Path","Minty Spire (QoL Compilation)"],"gold_per_floor":[113,133,83,100,114,114,148,148,148,148,158,191,266,61,61,61,61],"floor_reached":16,"language":"ENG","playtime":805,"items_purged":["Strike_G"],"score":138,"play_id":"e0005b14-b7f1-4835-a26c-4d27f7f81242","local_time":"20210207160457","is_ascension_mode":true,"campfire_choices":[{"data":"Neutralize","floor":6,"key":"SMITH"},{"floor":10,"key":"REST"},{"floor":15,"key":"REST"}],"circlet_count":0,"master_deck":["Strike_G","Strike_G","Defend_G","Defend_G","Defend_G","Defend_G","Defend_G","Survivor","Neutralize+1","Flying Knee","PiercingWail","Deflect","Dodge and Roll","Acrobatics","Noxious Fumes","Heel Hook","Backstab","Blind"],"relics":["WristBlade","Shovel","Dead Branch","Ornamental Fan"],"acts_visited":["Exordium"],"potions_floor_usage":[7,16],"damage_taken":[{"damage":1,"enemies":"2 Louse","floor":1,"turns":3},{"damage":6,"enemies":"Jaw Worm","floor":2,"turns":5},{"damage":0,"enemies":"Small Slimes","floor":4,"turns":4},{"damage":4,"enemies":"3 Louse","floor":5,"turns":5},{"damage":54,"enemies":"Lagavulin","floor":7,"turns":13},{"damage":7,"enemies":"Blue Slaver","floor":11,"turns":4},{"damage":22,"enemies":"3 Sentries","floor":12,"turns":7},{"damage":25,"enemies":"Slime Boss","floor":16,"turns":7}],"seed_played":"7690171704296242171","potions_obtained":[{"floor":5,"key":"Regen Potion"},{"floor":12,"key":"CunningPotion"}],"is_trial":false,"path_per_floor":["M","M","?","M","M","R","E","?","T","R","M","E","?","$","R","B"],"character_chosen":"THE_SILENT","items_purchased":["Backstab","Blind"],"campfire_rested":2,"item_purchase_floors":[14,14],"current_hp_per_floor":[69,63,63,63,59,59,20,20,20,41,34,12,1,1,22,0,0],"gold":61,"neow_bonus":"BOSS_RELIC","is_daily":false,"chose_seed":false,"campfire_upgraded":1,"win_rate":0.0,"timestamp":1612731897,"path_taken":["M","M","?","M","M","R","E","?","T","R","M","E","?","$","R","BOSS"],"items_purchased_type":["Card","Card"],"build_version":"2020-12-22","purchased_purges":1,"victory":false,"max_hp_per_floor":[70,70,70,70,70,70,70,70,70,70,70,70,70,70,70,70,70],"card_choices":[{"not_picked":["Bane","Acrobatics"],"picked":"Flying Knee","floor":1},{"not_picked":["Slice","Flying Knee"],"picked":"PiercingWail","floor":2},{"not_picked":["Tools of the Trade","Underhanded Strike"],"picked":"Deflect","floor":4},{"not_picked":["Well Laid Plans","Poisoned Stab"],"picked":"Dodge and Roll","floor":5},{"not_picked":["Catalyst","Bane"],"picked":"Acrobatics","floor":7},{"not_picked":["Outmaneuver","Dodge and Roll","Deflect"],"picked":"SKIP","floor":11},{"not_picked":["Choke","Underhanded Strike"],"picked":"Heel Hook","floor":12}],"player_experience":247206,"relics_obtained":[{"floor":7,"key":"Shovel"},{"floor":9,"key":"Dead Branch"},{"floor":12,"key":"Ornamental Fan"}],"event_choices":[{"cards_removed":["Strike_G"],"damage_healed":0,"gold_gain":0,"player_choice":"Card Removal","damage_taken":0,"max_hp_gain":0,"max_hp_loss":0,"event_name":"The Cleric","floor":3,"gold_loss":50},{"damage_healed":0,"gold_gain":0,"cards_transformed":["Strike_G"],"player_choice":"Change","damage_taken":0,"max_hp_gain":0,"max_hp_loss":0,"event_name":"Living Wall","floor":8,"gold_loss":0,"cards_obtained":["Noxious Fumes"]},{"damage_healed":0,"gold_gain":75,"player_choice":"Gather Gold","damage_taken":11,"max_hp_gain":0,"max_hp_loss":0,"event_name":"World of Goop","floor":13,"gold_loss":0}],"is_beta":false,"boss_relics":[],"items_purged_floors":[14],"is_endless":false,"potions_floor_spawned":[5,12],"killed_by":"Slime Boss","ascension_level":5}}