{"host":"3y2rtlgteqp2nuo3","time":1612676821,"event":{"mods":["2.2 Compatiblity","AchievementEnabler","BaseMod","Colored Map","DeckTracker","Highlight Path","Keyboard Shortcuts","Minty Spire (QoL Compilation)","Permanent Neow","Quick Restart","StSLib","SuperFastMode","everything is the same but u backflip on backflip"],"gold_per_floor":[109,34,49,49,68,68,95,107,159,174,74,92,106,126,126,203,203,223,240,240,250,125,154,4,4,27,47,47,60,93,112,112,186,186,199,24,38,55,80,80,106,106,106,106,134,154,154,154,154,154,154],"floor_reached":52,"language":"KOR","playtime":1393,"items_purged":["Strike_P","Strike_P","CrushJoints+1","Defend_P","Defend_P"],"score":2262,"play_id":"ae48a561-5e8e-4e3c-8dea-fb67f6f2219d","local_time":"20210207144701","is_ascension_mode":true,"campfire_choices":[{"data":"Eruption","floor":6.0,"key":"SMITH"},{"data":"CrushJoints","floor":15.0,"key":"SMITH"},{"floor":28.0,"key":"REST"},{"data":"CutThroughFate","floor":32.0,"key":"SMITH"},{"data":"Vigilance","floor":40.0,"key":"SMITH"},{"floor":42.0,"key":"REST"},{"data":"MentalFortress","floor":44.0,"key":"SMITH"},{"floor":49,"key":"REST"}],"circlet_count":0,"master_deck":["AscendersBane","Defend_P","Eruption+1","Vigilance+1","Evaluate","CutThroughFate+1","Ragnarok+1","Tantrum","FearNoEvil+1","Adaptation+1","Adaptation+1","Necronomicurse","MentalFortress+1"],"relics":["PureWater","Nunchaku","Meat on the Bone","Happy Flower","Dream Catcher","Astrolabe","Necronomicon","Question Card","MealTicket","Strawberry","VioletLotus","Gambling Chip","TeardropLocket","Akabeko","Blood Vial"],"acts_visited":["Exordium","TheCity","TheBeyond"],"potions_floor_usage":[],"damage_taken":[{"damage":3.0,"enemies":"2 Louse","floor":1.0,"turns":3.0},{"damage":9.0,"enemies":"Jaw Worm","floor":3.0,"turns":5.0},{"damage":0.0,"enemies":"Cultist","floor":5.0,"turns":4.0},{"damage":0.0,"enemies":"Gremlin Nob","floor":7.0,"turns":2.0},{"damage":2.0,"enemies":"2 Fungi Beasts","floor":8.0,"turns":3.0},{"damage":7.0,"enemies":"Large Slime","floor":10.0,"turns":4.0},{"damage":5.0,"enemies":"Red Slaver","floor":12.0,"turns":4.0},{"damage":0.0,"enemies":"Exordium Thugs","floor":13.0,"turns":2.0},{"damage":0.0,"enemies":"Large Slime","floor":14.0,"turns":2.0},{"damage":0.0,"enemies":"Slime Boss","floor":16.0,"turns":4.0},{"damage":0.0,"enemies":"3 Byrds","floor":18.0,"turns":3.0},{"damage":0.0,"enemies":"Chosen","floor":19.0,"turns":2.0},{"damage":1.0,"enemies":"3 Cultists","floor":21.0,"turns":3.0},{"damage":5.0,"enemies":"Book of Stabbing","floor":23.0,"turns":2.0},{"damage":0.0,"enemies":"Centurion and Healer","floor":27.0,"turns":1.0},{"damage":0.0,"enemies":"Snake Plant","floor":29.0,"turns":1.0},{"damage":0.0,"enemies":"Gremlin Leader","floor":30.0,"turns":3.0},{"damage":0.0,"enemies":"Snecko","floor":31.0,"turns":2.0},{"damage":7.0,"enemies":"Champ","floor":33.0,"turns":5.0},{"damage":27.0,"enemies":"3 Shapes","floor":35.0,"turns":1.0},{"damage":10.0,"enemies":"Orb Walker","floor":37.0,"turns":2.0},{"damage":0.0,"enemies":"Sphere and 2 Shapes","floor":38.0,"turns":2.0},{"damage":7.0,"enemies":"Mind Bloom Boss Battle","floor":39.0,"turns":3.0},{"damage":19.0,"enemies":"Nemesis","floor":41.0,"turns":2.0},{"damage":0.0,"enemies":"Reptomancer","floor":45.0,"turns":2.0},{"damage":4,"enemies":"Writhing Mass","floor":46,"turns":2},{"damage":14,"enemies":"Donu and Deca","floor":50,"turns":3},{"damage":0,"enemies":"Time Eater","floor":51,"turns":2}],"seed_played":"1647250276610938860","potions_obtained":[{"floor":3.0,"key":"Fire Potion"},{"floor":5.0,"key":"StancePotion"},{"floor":16.0,"key":"Swift Potion"},{"floor":23.0,"key":"BottledMiracle"},{"floor":27.0,"key":"BottledMiracle"},{"floor":37.0,"key":"FearPotion"}],"is_trial":false,"path_per_floor":["M","$","M","?","M","R","E","M","T","M","$","M","M","M","R","B",null,"M","M","?","M","$","E","$","?","T","M","R","M","E","M","R","B",null,"M","$","M","M","?","R","E","R","T","R","E","M","?","?","R","B","B",null],"character_chosen":"WATCHER","items_purchased":[],"campfire_rested":3,"item_purchase_floors":[],"current_hp_per_floor":[58,58,49,44,44,44,44,42,42,35,35,42,42,42,42,42,62,62,62,41,40,40,35,35,35,35,35,55,55,62,62,62,55,70,43,58,48,48,41,41,34,56,56,56,56,54,54,43,65,53,55],"gold":154,"neow_bonus":"RANDOM_COMMON_RELIC","is_daily":false,"chose_seed":false,"campfire_upgraded":5,"win_rate":0.0,"timestamp":1612676821,"path_taken":["M","$","M","?","M","R","E","M","T","M","?","M","M","M","R","BOSS","M","M","?","M","$","E","$","?","T","M","R","M","E","M","R","BOSS","M","$","?","M","?","R","E","R","T","R","E","M","?","?","R","BOSS","BOSS"],"items_purchased_type":[],"build_version":"2020-12-22","purchased_purges":5,"victory":true,"max_hp_per_floor":[68,68,68,68,68,68,68,68,68,68,68,68,68,68,68,68,68,68,68,68,68,68,68,68,68,68,68,68,68,75,75,75,75,75,75,75,75,75,75,75,75,75,75,75,75,75,75,75,75,75,75],"card_choices":[{"not_picked":["WreathOfFlame","JustLucky"],"picked":"Evaluate","floor":1.0},{"not_picked":["JustLucky","Evaluate"],"picked":"CutThroughFate","floor":3.0},{"not_picked":["ThirdEye","CarveReality"],"picked":"Ragnarok","floor":5.0},{"not_picked":["ReachHeaven","ForeignInfluence"],"picked":"CrushJoints","floor":7.0},{"not_picked":["ReachHeaven","Protect","BattleHymn"],"picked":"SKIP","floor":8.0},{"not_picked":["Weave","SashWhip","ThirdEye"],"picked":"SKIP","floor":10.0},{"not_picked":["Crescendo","JustLucky","Prostrate"],"picked":"SKIP","floor":12.0},{"not_picked":["BattleHymn","Prostrate"],"picked":"Tantrum","floor":13.0},{"not_picked":["CarveReality","CrushJoints","Evaluate"],"picked":"SKIP","floor":14.0},{"not_picked":["MasterReality","Judgement"],"picked":"DeusExMachina","floor":16.0},{"not_picked":["PathToVictory","FlyingSleeves","WreathOfFlame"],"picked":"SKIP","floor":18.0},{"not_picked":["FollowUp+1","CutThroughFate","Prostrate"],"picked":"SKIP","floor":19.0},{"not_picked":["DeceiveReality","DevaForm","Nirvana"],"picked":"SKIP","floor":21.0},{"not_picked":["WaveOfTheHand","WheelKick","Collect"],"picked":"SKIP","floor":23.0},{"not_picked":["JustLucky","WaveOfTheHand+1","Consecrate","EmptyBody"],"picked":"SKIP","floor":27.0},{"not_picked":["Tantrum","FlyingSleeves","CarveReality","LessonLearned"],"picked":"SKIP","floor":29.0},{"not_picked":["BattleHymn","Fasting2","ThirdEye","LikeWater"],"picked":"SKIP","floor":30.0},{"not_picked":["BowlingBash+1","Crescendo","JustLucky","Weave"],"picked":"SKIP","floor":31.0},{"not_picked":["Weave","BowlingBash+1","FlurryOfBlows","ThirdEye"],"picked":"SKIP","floor":35.0},{"not_picked":["PathToVictory+1","JustLucky","Prostrate","Swivel"],"picked":"SKIP","floor":37.0},{"not_picked":["EmptyMind","EmptyFist+1","FearNoEvil","JustLucky"],"picked":"SKIP","floor":38.0},{"not_picked":["Devotion","BowlingBash","Halt"],"picked":"MentalFortress","floor":41.0},{"not_picked":["SpiritShield","FlyingSleeves","CrushJoints+1","Collect+1"],"picked":"SKIP","floor":45},{"not_picked":["EmptyFist","PathToVictory+1","Consecrate","WaveOfTheHand"],"picked":"SKIP","floor":46}],"player_experience":766195,"relics_obtained":[{"floor":7.0,"key":"Happy Flower"},{"floor":9.0,"key":"Dream Catcher"},{"floor":20.0,"key":"Necronomicon"},{"floor":23.0,"key":"Question Card"},{"floor":26.0,"key":"MealTicket"},{"floor":30.0,"key":"Strawberry"},{"floor":39.0,"key":"Gambling Chip"},{"floor":41.0,"key":"TeardropLocket"},{"floor":43.0,"key":"Akabeko"},{"floor":45,"key":"Blood Vial"}],"event_choices":[{"damage_healed":0.0,"max_hp_gain":0.0,"max_hp_loss":0.0,"gold_gain":0.0,"event_name":"Scrap Ooze","player_choice":"Success","floor":4.0,"gold_loss":0.0,"damage_taken":5.0,"relics_obtained":["Meat on the Bone"]},{"damage_healed":0.0,"max_hp_gain":0.0,"max_hp_loss":0.0,"gold_gain":0.0,"event_name":"Cursed Tome","player_choice":"Obtained Book","floor":20.0,"gold_loss":0.0,"damage_taken":21.0},{"damage_healed":0.0,"max_hp_gain":0.0,"max_hp_loss":0.0,"gold_gain":0.0,"event_name":"Accursed Blacksmith","player_choice":"Forge","floor":25.0,"gold_loss":0.0,"damage_taken":0.0,"cards_upgraded":["Ragnarok"]},{"damage_healed":0.0,"max_hp_gain":0.0,"max_hp_loss":0.0,"gold_gain":0.0,"event_name":"MindBloom","player_choice":"Fight","floor":39.0,"gold_loss":0.0,"damage_taken":0.0},{"cards_removed":["DeusExMachina"],"damage_healed":0,"gold_gain":0,"player_choice":"Removed Skill","damage_taken":0,"max_hp_gain":0,"max_hp_loss":0,"event_name":"Falling","floor":47,"gold_loss":0},{"damage_healed":0,"gold_gain":0,"player_choice":"Damaged","damage_taken":11,"max_hp_gain":0,"max_hp_loss":0,"event_name":"Wheel of Change","floor":48,"gold_loss":0}],"is_beta":false,"boss_relics":[{"not_picked":["SlaversCollar","SacredBark"],"picked":"Astrolabe"},{"not_picked":["Black Star","Cursed Key"],"picked":"VioletLotus"}],"items_purged_floors":[2,11,22,24,36],"is_endless":false,"potions_floor_spawned":[3,5,12,14,16,21,23,27,37,41,46],"ascension_level":20}}