{"host":"5z7rhcocprldured","time":1612740036,"event":{"mods":["2.2 Compatiblity","AchievementEnabler","BaseMod","Best Route Mod","Better Altar","Better Match","Better Note","Better Sensory Stone","Better Skull","Better Third Choice","BetterRewards","Block Reminder","Colored Map","Colored Powertips","Emptier Cage","Googly Eyes","Hermit","Marisa????????","Minty Spire (QoL Compilation)","Permanent Neow","Potionbrewer","Rare Cards Sparkle","StSLib","Synergy Search","The Cursed","The Hierophant","The Runesmith","Unceasing Turn Reminder"],"gold_per_floor":[124,136,148,180,208,250,262,336,348,386,468,495,507,531,543,656,668,697,722,388,400,400,400,417,104,127,145,159,159,174,207,207,311,311,326,326,326,346,365,400,156,156,156,156,172,172,183,197,197,197,197],"floor_reached":50,"language":"ENG","playtime":2952,"items_purged":["Strike_G","Defend_G"],"score":606,"play_id":"503da03c-3bbd-4377-a018-143bc9f74387","local_time":"20210207232036","is_ascension_mode":false,"campfire_choices":[{"data":"Bouncing Flask","floor":7,"key":"SMITH"},{"floor":13,"key":"REST"},{"data":"Dodge and Roll","floor":15,"key":"SMITH"},{"data":"Caltrops","floor":23,"key":"SMITH"},{"data":"After Image","floor":29,"key":"SMITH"},{"floor":32,"key":"RECALL"},{"data":"Caltrops","floor":42,"key":"SMITH"},{"data":"Defend_G","floor":49,"key":"SMITH"}],"circlet_count":0,"master_deck":["Strike_G","Strike_G","Strike_G","Defend_G+1","Defend_G","Defend_G","Survivor","Neutralize","Blade Dance","DeusExMachina+1","Bouncing Flask+1","Backflip","Dodge and Roll+1","Backflip","After Image+1","Blade Dance","Bullet Time","Footwork+1","PiercingWail","Apotheosis+1","Caltrops+1","Terror","Venomology","Noxious Fumes","Caltrops+1","Night Terror","Finesse","Deadly Poison+1","Catalyst+1"],"relics":["Ring of the Snake","MawBank","Blood Vial","Tingsha","StoneCalendar","HornCleat","Regal Pillow","potionbrewer:SlideRule","Coffee Dripper","Molten Egg 2","Bottled Lightning","potionbrewer:BhaskarasWheel","Runesmith:AutoHammer","Strange Spoon","potionbrewer:BottledElixir"],"acts_visited":["Exordium","TheCity","TheBeyond"],"potions_floor_usage":[6,21,28,28,28,28,30,30,30,30,31,31,31,33,33,38,39,40,40,40,45,47,48,50,50,50,50,50,50,50,50,50,50,50],"damage_taken":[{"damage":6,"enemies":"Jaw Worm","floor":1,"turns":4},{"damage":0,"enemies":"Small Slimes","floor":4,"turns":3},{"damage":0,"enemies":"2 Louse","floor":5,"turns":3},{"damage":20,"enemies":"Gremlin Nob","floor":6,"turns":4},{"damage":5,"enemies":"3 Sentries","floor":8,"turns":11},{"damage":8,"enemies":"3 Sentries","floor":10,"turns":7},{"damage":0,"enemies":"Looter","floor":12,"turns":3},{"damage":0,"enemies":"Exordium Wildlife","floor":14,"turns":4},{"damage":18,"enemies":"Slime Boss","floor":16,"turns":7},{"damage":5,"enemies":"Spheric Guardian","floor":18,"turns":5},{"damage":0,"enemies":"Chosen","floor":19,"turns":4},{"damage":4,"enemies":"Shelled Parasite and Fungi","floor":21,"turns":6},{"damage":9,"enemies":"Chosen and Byrds","floor":24,"turns":6},{"damage":0,"enemies":"Cultist and Chosen","floor":27,"turns":6},{"damage":0,"enemies":"Sentry and Sphere","floor":28,"turns":3},{"damage":0,"enemies":"Snecko","floor":30,"turns":4},{"damage":0,"enemies":"Gremlin Leader","floor":31,"turns":4},{"damage":0,"enemies":"Automaton","floor":33,"turns":8},{"damage":9,"enemies":"3 Darklings","floor":35,"turns":5},{"damage":3,"enemies":"Orb Walker","floor":38,"turns":5},{"damage":0,"enemies":"3 Darklings","floor":39,"turns":5},{"damage":16,"enemies":"Reptomancer","floor":40,"turns":7},{"damage":8,"enemies":"Writhing Mass","floor":45,"turns":5},{"damage":0,"enemies":"Maw","floor":47,"turns":6},{"damage":5,"enemies":"Sphere and 2 Shapes","floor":48,"turns":5},{"damage":75,"enemies":"Awakened One","floor":50,"turns":7}],"seed_played":"5054383672063126730","potions_obtained":[{"floor":4,"key":"FearPotion"},{"floor":10,"key":"potionbrewer:FreezingPotion"},{"floor":12,"key":"GamblersBrew"},{"floor":16,"key":"Weak Potion"},{"floor":28,"key":"Swift Potion"},{"floor":31,"key":"Fire Potion"},{"floor":33,"key":"Weak Potion"},{"floor":40,"key":"Energy Potion"}],"is_trial":false,"path_per_floor":["M","?","?","M","M","E","R","?","T","E","T","M","R","M","R","B",null,"M","M","$","M","?","R","M","$","T","M","M","R","M","E","R","B",null,"M","?","?","M","M","E","$","R","T","?","M","$","M","M","R","B"],"character_chosen":"THE_SILENT","items_purchased":["Apotheosis","Caltrops","Terror","Molten Egg 2","Strange Spoon"],"campfire_rested":1,"item_purchase_floors":[20,20,20,25,41],"current_hp_per_floor":[64,69,48,50,52,34,34,31,31,25,25,27,64,66,66,50,75,70,72,72,70,70,70,63,63,63,65,67,67,69,71,71,73,75,66,66,66,74,75,59,59,59,59,59,53,53,55,52,52,0,0],"gold":197,"neow_bonus":"RANDOM_COMMON_RELIC","is_daily":false,"chose_seed":false,"campfire_upgraded":6,"win_rate":0.0,"timestamp":1612740036,"path_taken":["M","?","?","M","M","E","R","?","T","E","?","M","R","M","R","BOSS","M","M","$","M","?","R","M","$","T","M","M","R","M","E","R","BOSS","M","?","?","M","M","E","$","R","T","?","M","$","M","M","R","BOSS"],"items_purchased_type":["Card","Card","Card","Relic","Relic"],"build_version":"2020-12-22","purchased_purges":2,"victory":false,"max_hp_per_floor":[70,75,75,75,75,75,75,75,75,75,75,75,75,75,75,75,75,75,75,75,75,75,75,75,75,75,75,75,75,75,75,75,75,75,75,75,75,75,75,75,75,75,75,75,75,75,75,75,75,75,75],"card_choices":[{"not_picked":["Poisoned Stab","Backflip"],"picked":"Blade Dance","floor":1},{"not_picked":["Bane","Tactician"],"picked":"Bouncing Flask","floor":4},{"not_picked":["Cloak And Dagger","Poisoned Stab"],"picked":"Backflip","floor":5},{"not_picked":["Quick Slash","Dagger Throw"],"picked":"Dodge and Roll","floor":6},{"not_picked":["Dagger Throw","Acrobatics"],"picked":"Backflip","floor":8},{"not_picked":["Malaise","All Out Attack"],"picked":"After Image","floor":10},{"not_picked":["Choke","Riddle With Holes","Quick Slash"],"picked":"SKIP","floor":12},{"not_picked":["Eviscerate","Quick Slash"],"picked":"Blade Dance","floor":14},{"not_picked":["Unload","Tools of the Trade"],"picked":"Bullet Time","floor":16},{"not_picked":["Quick Slash","PiercingWail"],"picked":"Footwork+1","floor":18},{"not_picked":["Blade Dance+1","Dodge and Roll"],"picked":"PiercingWail","floor":19},{"not_picked":["Escape Plan","Poisoned Stab","Underhanded Strike+1"],"picked":"SKIP","floor":21},{"not_picked":["Quick Slash","Caltrops+1"],"picked":"Venomology","floor":24},{"not_picked":["Poisoned Stab+1","Dagger Spray+1"],"picked":"Noxious Fumes","floor":27},{"not_picked":["Skewer+1","Heel Hook+1"],"picked":"Caltrops","floor":28},{"not_picked":["Tactician+1","Endless Agony+1","Poisoned Stab+1"],"picked":"SKIP","floor":30},{"not_picked":["Prepared","Deflect","Dagger Spray+1"],"picked":"SKIP","floor":31},{"not_picked":["Adrenaline","A Thousand Cuts"],"picked":"Night Terror","floor":33},{"not_picked":["Bane+1","PiercingWail","Choke+1"],"picked":"SKIP","floor":35},{"not_picked":["Jack Of All Trades","Purity"],"picked":"Finesse","floor":36},{"not_picked":["Backflip+1","Underhanded Strike+1","Quick Slash+1"],"picked":"SKIP","floor":38},{"not_picked":["Slice+1","Flechettes+1","Blade Dance+1"],"picked":"SKIP","floor":39},{"not_picked":["Phantasmal Killer","Sucker Punch+1"],"picked":"Deadly Poison+1","floor":40},{"not_picked":["Slice+1","Sucker Punch+1","Dagger Spray+1"],"picked":"SKIP","floor":45},{"not_picked":["Leg Sweep","Dagger Throw+1","Acrobatics"],"picked":"SKIP","floor":47},{"not_picked":["All Out Attack+1","Eviscerate+1"],"picked":"Catalyst+1","floor":48}],"player_experience":161840,"relics_obtained":[{"floor":6,"key":"Tingsha"},{"floor":8,"key":"StoneCalendar"},{"floor":9,"key":"HornCleat"},{"floor":10,"key":"Regal Pillow"},{"floor":11,"key":"potionbrewer:SlideRule"},{"floor":31,"key":"Bottled Lightning"},{"floor":40,"key":"Runesmith:AutoHammer"},{"floor":43,"key":"potionbrewer:BottledElixir"}],"event_choices":[{"damage_healed":0,"gold_gain":0,"player_choice":"Donut","damage_taken":0,"max_hp_gain":5,"max_hp_loss":0,"event_name":"Big Fish","floor":2,"gold_loss":0},{"damage_healed":0,"gold_gain":30,"player_choice":"Searched \u00272\u0027 times","damage_taken":0,"max_hp_gain":0,"max_hp_loss":0,"event_name":"Dead Adventurer","floor":8,"gold_loss":0},{"damage_healed":0,"gold_gain":0,"player_choice":"Forge","damage_taken":0,"max_hp_gain":0,"max_hp_loss":0,"event_name":"Accursed Blacksmith","floor":22,"gold_loss":0,"cards_upgraded":["Apotheosis"]},{"damage_healed":0,"gold_gain":3,"player_choice":"1","damage_taken":0,"max_hp_gain":0,"max_hp_loss":0,"event_name":"betterStone:BetterStone","floor":36,"gold_loss":0},{"cards_removed":["Strike_G"],"damage_healed":0,"gold_gain":0,"player_choice":"Removed Attack","damage_taken":0,"max_hp_gain":0,"max_hp_loss":0,"event_name":"Falling","floor":37,"gold_loss":0},{"cards_removed":["Defend_G"],"damage_healed":0,"gold_gain":0,"player_choice":"Purged","damage_taken":0,"max_hp_gain":0,"max_hp_loss":0,"event_name":"Purifier","floor":44,"gold_loss":0}],"is_beta":false,"boss_relics":[{"not_picked":["Astrolabe","WristBlade"],"picked":"Coffee Dripper"},{"not_picked":["Sozu","Runic Dome"],"picked":"potionbrewer:BhaskarasWheel"}],"items_purged_floors":[25,41],"is_endless":false,"potions_floor_spawned":[4,10,12,16,27,28,31,33,39,40,47,48],"killed_by":"Awakened One","ascension_level":0}}