{"host":"630px4nyj50z5id8","time":1612689802,"event":{"mods":["BaseMod","Better Note","Colored Powertips","Good Game Mod","Minty Spire (QoL Compilation)","Quick Restart","Rare Cards Sparkle","Relic Filter Mod","Replay The Spire","StSLib","Waifu the Spire"],"gold_per_floor":[110,110,127,52,52,82,82,113,159,193,93,93,121,133,133,231,231,244,259,134,151,163,163,190,190,190,215,233,253,288,387,387,488,488,498,518,536,553,16,46,65,83,107,107],"floor_reached":43,"language":"ZHS","playtime":2628,"items_purged":["Regret","Strike_B","Strike_B","Defend_B"],"score":780,"play_id":"e1726b7d-bfb1-4625-982e-94fa5251a1cc","local_time":"20210207172322","is_ascension_mode":true,"campfire_choices":[{"data":"Echo Form","floor":7,"key":"SMITH"},{"data":"Zap","floor":12,"key":"SMITH"},{"data":"Chill","floor":15,"key":"SMITH"},{"data":"Barrage","floor":23,"key":"SMITH"},{"data":"ReplayRNGCard","floor":25,"key":"SMITH"},{"data":"Strike_B+1","floor":32,"key":"PURGE"}],"circlet_count":0,"master_deck":["Strike_B+1","Defend_B","Defend_B","Defend_B","Zap+1","Dualcast","Echo Form+1","Turbo","Panic Button","Self Repair","ReplayTheSpireMod:System Scan","Compile Driver","Chill+1","Barrage+1","Electrodynamics","Redo+1","Leap+1","Tempest","ReplayRNGCard+1","Conserve Battery","Defragment","ReplayRNGCard","Leap+1","Glacier","FIFO Queue+1","Aggregate+1","Specialist","Coolheaded+1","Turbo","Chill"],"relics":["Cracked Core","REME:ComplimentaryCards","NeowsBlessing","PreservedInsect","ReplayTheSpireMod:Ninjato","Carrot","Tiny Chest","StoneCalendar","Replay:Rubber Ducky","Nuclear Battery","Replay:Wax Seal","Bottled Lightning","Whetstone","Blood Vial","Coffee Dripper","Replay:Antivirus Software","Strange Spoon","Meat on the Bone","Akabeko"],"acts_visited":["Exordium","TheCity","TheBeyond"],"potions_floor_usage":[8,10,13,16,24,27,30,38,38,38,38,38,41],"damage_taken":[{"damage":0,"enemies":"2 Louse","floor":1,"turns":1},{"damage":0,"enemies":"Cultist","floor":3,"turns":1},{"damage":0,"enemies":"3 Sentries","floor":6,"turns":1},{"damage":16,"enemies":"Gremlin Nob","floor":8,"turns":3},{"damage":0,"enemies":"Lagavulin","floor":10,"turns":3},{"damage":0,"enemies":"Gremlin Nob","floor":13,"turns":2},{"damage":2,"enemies":"Jaw Worm","floor":14,"turns":5},{"damage":20,"enemies":"Hexaghost","floor":16,"turns":9},{"damage":0,"enemies":"Chosen","floor":18,"turns":4},{"damage":3,"enemies":"Shell Parasite","floor":19,"turns":5},{"damage":0,"enemies":"Centurion and Healer","floor":21,"turns":8},{"damage":14,"enemies":"Snake Plant","floor":22,"turns":4},{"damage":0,"enemies":"Book of Stabbing","floor":24,"turns":3},{"damage":0,"enemies":"Slavers","floor":27,"turns":3},{"damage":6,"enemies":"Cultist and Chosen","floor":28,"turns":4},{"damage":0,"enemies":"Sentry and Sphere","floor":29,"turns":3},{"damage":11,"enemies":"Book of Stabbing","floor":30,"turns":4},{"damage":45,"enemies":"Collector","floor":33,"turns":8},{"damage":14,"enemies":"Orb Walker","floor":35,"turns":3},{"damage":10,"enemies":"3 Shapes","floor":36,"turns":3},{"damage":0,"enemies":"3 Darklings","floor":37,"turns":3},{"damage":0,"enemies":"Transient","floor":38,"turns":5},{"damage":24,"enemies":"Nemesis","floor":40,"turns":6},{"damage":0,"enemies":"Maw","floor":41,"turns":6},{"damage":16,"enemies":"Spire Growth","floor":42,"turns":5}],"seed_played":"8839543252169113360","potions_obtained":[{"floor":3,"key":"Block Potion"},{"floor":5,"key":"FearPotion"},{"floor":5,"key":"Fire Potion"},{"floor":5,"key":"Flashbang"},{"floor":10,"key":"LifebloodPotion"},{"floor":13,"key":"Dexterity Potion"},{"floor":14,"key":"ColorlessPotion"},{"floor":18,"key":"Languid Potion"},{"floor":22,"key":"Swift Potion"},{"floor":29,"key":"ColorlessPotion"},{"floor":30,"key":"Languid Potion"},{"floor":33,"key":"Weak Potion"},{"floor":35,"key":"DuplicationPotion"},{"floor":36,"key":"EntropicBrew"},{"floor":40,"key":"Fruit Juice"}],"is_trial":false,"path_per_floor":["M","?","M","$","?","E","R","E","T","E","$","R","E","M","R","B",null,"M","M","$","M","M","R","E","R","T","E","M","M","E","?","R","B",null,"M","M","M","M","$","E","M","M","T"],"character_chosen":"DEFECT","items_purchased":["Specialist","Replay:Antivirus Software","Strange Spoon"],"campfire_rested":0,"item_purchase_floors":[39,39,39],"current_hp_per_floor":[75,75,75,75,75,75,75,66,66,66,66,66,73,75,75,62,75,75,75,75,75,68,68,75,75,75,75,69,69,65,65,65,29,75,61,53,62,71,71,56,63,49,49,49],"gold":107,"neow_bonus":"THREE_ENEMY_KILL","is_daily":false,"chose_seed":false,"campfire_upgraded":5,"win_rate":0.0,"timestamp":1612689802,"path_taken":["M","?","M","$","?","E","R","E","T","E","$","R","E","M","R","BOSS","M","M","$","M","M","R","E","R","T","E","M","?","E","?","R","BOSS","M","M","M","M","$","E","M","M","T"],"items_purchased_type":["Card","Relic","Relic"],"build_version":"2020-12-22","purchased_purges":4,"victory":false,"max_hp_per_floor":[75,75,75,75,75,75,75,75,75,75,75,75,75,75,75,75,75,75,75,75,75,75,75,75,75,75,75,75,75,75,75,75,75,75,75,75,75,75,75,75,80,80,80,80],"card_choices":[{"not_picked":["Darkness","Leap"],"picked":"Turbo","floor":1},{"not_picked":["Sweeping Beam","BasicCrystalCard"],"picked":"Panic Button","floor":3},{"not_picked":["Aggregate","Go for the Eyes"],"picked":"Self Repair","floor":6},{"not_picked":["Ball Lightning","Reinforced Body"],"picked":"ReplayTheSpireMod:System Scan","floor":8},{"not_picked":["Rebound","ReplaySolidLightProjector"],"picked":"Compile Driver","floor":10},{"not_picked":["Biased Cognition","Turbo"],"picked":"Chill","floor":13},{"not_picked":["Panic Button","Beam Cell"],"picked":"Barrage","floor":14},{"not_picked":["Fission","Mirror Shield"],"picked":"Electrodynamics","floor":16},{"not_picked":["BasicCrystalCard","Gash"],"picked":"Redo+1","floor":18},{"not_picked":["ReplayGash+1","Sweeping Beam"],"picked":"Leap+1","floor":19},{"not_picked":["Stack","Hologram+1"],"picked":"Tempest","floor":21},{"not_picked":["BasicCrystalCard","Stack","Leap+1"],"picked":"SKIP","floor":22},{"not_picked":["Darkness","Sweeping Beam"],"picked":"ReplayRNGCard","floor":24},{"not_picked":["Ball Lightning","All For One","Redo"],"picked":"SKIP","floor":27},{"not_picked":["Gash+1","Rebound","Go for the Eyes+1"],"picked":"SKIP","floor":28},{"not_picked":["Compile Driver","ReplayGash"],"picked":"Conserve Battery","floor":29},{"not_picked":["Self Repair+1","Chaos"],"picked":"Defragment","floor":30},{"not_picked":["Seek","Reboot"],"picked":"ReplayRNGCard","floor":33},{"not_picked":["Conserve Battery","Ball Lightning+1"],"picked":"Leap+1","floor":35},{"not_picked":["Panic Button+1","Skim"],"picked":"Glacier","floor":36},{"not_picked":["ReplayGash","Tempest"],"picked":"FIFO Queue+1","floor":37},{"not_picked":["Capacitor+1","Cold Snap"],"picked":"Aggregate+1","floor":38},{"not_picked":["Crystallizer","Melter"],"picked":"Coolheaded+1","floor":40},{"not_picked":["Static Discharge","Redo+1"],"picked":"Turbo","floor":41},{"not_picked":["Electrodynamics","Compile Driver+1"],"picked":"Chill","floor":42}],"player_experience":412829,"relics_obtained":[{"floor":6,"key":"ReplayTheSpireMod:Ninjato"},{"floor":8,"key":"Carrot"},{"floor":9,"key":"Tiny Chest"},{"floor":10,"key":"StoneCalendar"},{"floor":13,"key":"Replay:Rubber Ducky"},{"floor":24,"key":"Replay:Wax Seal"},{"floor":26,"key":"Bottled Lightning"},{"floor":27,"key":"Whetstone"},{"floor":30,"key":"Blood Vial"},{"floor":40,"key":"Meat on the Bone"},{"floor":43,"key":"Akabeko"}],"event_choices":[{"damage_healed":0,"gold_gain":0,"player_choice":"Box","damage_taken":0,"relics_obtained":["PreservedInsect"],"max_hp_gain":0,"max_hp_loss":0,"event_name":"Big Fish","floor":2,"gold_loss":0,"cards_obtained":["Regret"]},{"damage_healed":0,"gold_gain":0,"player_choice":"Got Potions","damage_taken":0,"max_hp_gain":0,"max_hp_loss":0,"event_name":"Lab","floor":5,"gold_loss":0},{"damage_healed":0,"gold_gain":99,"player_choice":"Stole From Cult","damage_taken":0,"max_hp_gain":0,"max_hp_loss":0,"event_name":"Nest","floor":31,"gold_loss":0}],"is_beta":false,"boss_relics":[{"not_picked":["Busted Crown","Runic Dome"],"picked":"Nuclear Battery"},{"not_picked":["Replay:Bronze Core","SlaversCollar"],"picked":"Coffee Dripper"}],"items_purged_floors":[4,11,20,39],"is_endless":false,"potions_floor_spawned":[3,10,13,14,18,19,22,29,30,33,35,36,40],"ascension_level":4}}