{"host":"61ejhfsushs0xmcl","time":1612686735,"event":{"mods":["ATMod(°¢èªMod)","Act Like it!","BaseMod","Colored Map","Gensokyo","Gold Saver","Minty Spire (QoL Compilation)","MostiFishMod","SIMod","Spicy Shops","StSLib","TestMod","The Servant 0.9.4","[IsaacMod]ÒÔÈö¼âËþ","¡¾ÒÅÎï¿¨ÅÆ¡¿REMEMod","óô»ðÖ¸ÄÏ"],"gold_per_floor":[114,114,114,18,36,36,369,589,665,694,707,739,739,757,757,855,855,872,886,902,915,934,964,241,305,330,290,290,343,343,413,413,867,867,1154,1192,805,805,506,506,618,670,670,715,772,772,443,778,493,618,618,530,-870,-790,-665],"floor_reached":56,"language":"ZHS","playtime":3138,"items_purged":["Strike_AJ","Defend_TS","Strike_RR","Strike_RD","Defend_FS","HarmonyShield","CheerUp","Defend_PP+1"],"score":1637,"play_id":"4e549934-6b03-4171-b33e-fe97127074f0","local_time":"20210207163215","is_ascension_mode":false,"campfire_choices":[{"data":"Overwhelming","floor":6.0,"key":"SMITH"},{"data":"Generousity","floor":13.0,"key":"SMITH"},{"data":"FriendshipIsMagic","floor":15.0,"key":"SMITH"},{"data":"HarmonyForm","floor":28.0,"key":"SMITH"},{"data":"AllByMyself","floor":30.0,"key":"SMITH"},{"floor":32.0,"key":"RECALL"},{"data":"TakeTheLead","floor":40,"key":"SMITH"}],"circlet_count":0,"master_deck":["Overwhelming+1","Ragnarok+1","FriendshipIsMagic+1","ThrowingApples","Batlization","AlloutStrike","Generousity+1","RunningOfTheLeaves+1","HarmonyForm+1","InspirationRecovery","BatchProduction","Honesty+1","TenInstruments","AllByMyself+1","DynamicVision+1","ServeMeal","AppleFeast+1","BigDeal+1","Harmanyblast","TakeTheLead+1","Gensokyo:ManorOfTheDishes+1","Batlization+1","CheerUp+1","TakeTheLead"],"relics":["The_element_of_harmony","AT_ATBox","REME_ComplimentaryCards","DaveBox","testmod-TestBox","HushsDoor","SatanicBible","testmod-EqualTreatment","RhineSuit","SynthV:TestCard","Happy Flower","Gensokyo:Justice","GypsyBard","Omamori","ChiXiaoBlade","AT_MibuBalloonWealth","SteamSale","ClockworkSouvenir","TheAbacus","BFFS","Blood Vial","Celestia","Shuriken","AT_SunfireAegis","Runic Dome","Dodecahedron","War Paint","GuppysTail","Art of War","Bag of Preparation","TheBible","Technique","Juzu Bracelet","Boneless","Membership Card","testmod-CrystalShield","Hyacinth","Orrery","HowToJump","Sofa","REME_CardOfGreed","AT_SpeedBoots","DeathBook","CombinedTypeHook","SynthV:MejaisSoulstealer","Runic Dome","OriginationStaff"],"acts_visited":["Exordium","Gensokyo:Gensokyo","Gensokyo:Gensokyoer","TheEnding"],"potions_floor_usage":[55,55,55],"damage_taken":[{"damage":0.0,"enemies":"Gensokyo:3_Fairies","floor":1.0,"turns":2.0},{"damage":4.0,"enemies":"Gensokyo:Gryphon","floor":5.0,"turns":5.0},{"damage":18.0,"enemies":"Gensokyo:Aya","floor":7.0,"turns":7.0},{"damage":0.0,"enemies":"Gensokyo:Python","floor":8.0,"turns":2.0},{"damage":0.0,"enemies":"Gensokyo:Mamizou","floor":10.0,"turns":5.0},{"damage":0.0,"enemies":"Gensokyo:2_Rabbits","floor":11.0,"turns":2.0},{"damage":0.0,"enemies":"Gensokyo:Cirno","floor":12.0,"turns":4.0},{"damage":2.0,"enemies":"Gensokyo:Python_and_Kodama","floor":14.0,"turns":3.0},{"damage":0.0,"enemies":"Gensokyo:Reimu","floor":16.0,"turns":4.0},{"damage":0.0,"enemies":"Gensokyo:Chomper","floor":18.0,"turns":2.0},{"damage":2.0,"enemies":"Gensokyo:2_Gloops","floor":19.0,"turns":3.0},{"damage":16.0,"enemies":"Gensokyo:Mirror_and_Dog","floor":20.0,"turns":3.0},{"damage":11.0,"enemies":"Gensokyo:Wraith","floor":21.0,"turns":3.0},{"damage":30.0,"enemies":"Gensokyo:Monolith_and_Dog","floor":22.0,"turns":4.0},{"damage":0.0,"enemies":"Gensokyo:Reisen","floor":23.0,"turns":3.0},{"damage":41.0,"enemies":"Gensokyo:Slime_Group","floor":25.0,"turns":4.0},{"damage":21.0,"enemies":"Gensokyo:Koishi","floor":29.0,"turns":4.0},{"damage":0,"enemies":"Gensokyo:Eternal_Rivals","floor":33,"turns":6},{"damage":0,"enemies":"Gensokyo:3_Bats","floor":35,"turns":2},{"damage":0,"enemies":"Gensokyo:AncientGuardian","floor":36,"turns":2},{"damage":3,"enemies":"Gensokyo:4_Bats","floor":41,"turns":3},{"damage":0,"enemies":"Gensokyo:Marisa","floor":42,"turns":3},{"damage":0,"enemies":"Gensokyo:SeedOfUnknown","floor":44,"turns":3},{"damage":40,"enemies":"Gensokyo:AtlasGolem","floor":48,"turns":4},{"damage":1,"enemies":"Gensokyo:Yuyuko","floor":50,"turns":4},{"damage":1,"enemies":"Shield and Spear","floor":54,"turns":1},{"damage":0,"enemies":"Delirium","floor":55,"turns":12}],"seed_played":"3425008063025769013","potions_obtained":[{"floor":1.0,"key":"DistilledChaos"},{"floor":7.0,"key":"Fire Potion"},{"floor":8.0,"key":"Fire Potion"},{"floor":19.0,"key":"Dexterity Potion"},{"floor":22.0,"key":"AttackPotion"},{"floor":25.0,"key":"LiquidMemories"},{"floor":41,"key":"testmod-TestPotion"}],"is_trial":false,"path_per_floor":["M","?","?","COS","M","R","E","M","T","E","M","E","R","M","R","B",null,"M","M","M","M","M","E","COS","M","T","?","R","E","R","T","R","B",null,"M","M","COS","?","$","R","M","E","T","M","?","?","R","M","R","B",null,"R","$","E","B",null],"character_chosen":"TWI_CLASS","items_purchased":["BatchProduction","Dodecahedron","War Paint","GuppysTail","Bag of Preparation","TheBible","Technique","Membership Card","testmod-CrystalShield","Hyacinth","Orrery","HowToJump","Sofa","REME_CardOfGreed","AT_SpeedBoots","Diplopia","DeathBook","CombinedTypeHook","SynthV:MejaisSoulstealer"],"campfire_rested":0,"item_purchase_floors":[17,39,39,39,47,47,47,49,49,49,49,52,52,53,53,53,53,53,53],"current_hp_per_floor":[58,58,58,58,54,54,46,56,56,66,66,77,77,82,82,82,74,74,72,74,73,66,67,67,38,38,38,38,33,33,33,33,61,67,67,67,67,57,57,57,66,67,67,67,52,52,52,14,14,14,67,67,67,66,67],"gold":-665,"neow_bonus":"REMOVE_TWO","is_daily":false,"chose_seed":false,"campfire_upgraded":6,"win_rate":0.0,"timestamp":1612686735,"path_taken":["M","?","?","COS","M","R","E","M","T","E","M","E","R","?","R","BOSS","M","M","M","M","M","E","COS","M","T","?","R","E","R","?","R","BOSS","M","M","COS","?","$","R","M","E","T","?","?","?","R","M","R","BOSS","R","$","E","BOSS"],"items_purchased_type":["Card","Relic","Relic","Relic","Relic","Relic","Relic","Relic","Relic","Relic","Relic","Relic","Relic","Relic","Relic","Relic","Relic","Relic","Relic"],"build_version":"2020-12-22","purchased_purges":8,"victory":true,"max_hp_per_floor":[82,82,82,82,82,82,82,82,82,82,82,82,82,82,82,82,74,74,74,74,74,74,74,74,74,74,74,74,74,74,74,74,74,67,67,67,67,67,67,67,67,67,67,67,67,67,67,67,67,67,67,67,67,67,67],"card_choices":[{"not_picked":["Return_To_Past"],"picked":"RunningOfTheLeaves","floor":1.0},{"not_picked":["Return_To_Past","Celebrities"],"picked":"SKIP","floor":1.0},{"not_picked":["PartyTime","TwentyPercentcooler","FarmExpert"],"picked":"Overwhelming","floor":5.0},{"not_picked":["Boundary","RashStunts","GemstoneDetection","Smile"],"picked":"SKIP","floor":5.0},{"not_picked":["Sisterhood","Stare","Overwhelming"],"picked":"FriendshipIsMagic","floor":7.0},{"not_picked":["Smile","Boundary","RushToSky"],"picked":"CheerUp","floor":7.0},{"not_picked":["KillingWithKindness","ISayNo","Flutterguy","ThrowingApples"],"picked":"SKIP","floor":7.0},{"not_picked":["Winterwrapup","RashStunts","Celebrities","ThrowingApples"],"picked":"SKIP","floor":8.0},{"not_picked":["Anxiousness","RushToSky","Winterwrapup","ServeMeal"],"picked":"SKIP","floor":8.0},{"not_picked":["Mischief","Laughter","Sisterhood"],"picked":"ThrowingApples","floor":10.0},{"not_picked":["FriendshipIsMagic","Honesty","PinkiePromise","ServeMeal"],"picked":"SKIP","floor":10.0},{"not_picked":["Return_To_Past","AppleFever","CleanLibrary"],"picked":"Batlization","floor":11.0},{"not_picked":["Winterwrapup","BatchProduction","TwentyPercentcooler"],"picked":"AlloutStrike","floor":11.0},{"not_picked":["Anxiousness","Tornado","Winterwrapup"],"picked":"Generousity","floor":12.0},{"not_picked":["AlloutStrike","Anxiousness","Laughter","PinkiePromise"],"picked":"SKIP","floor":12.0},{"not_picked":["FriendOfNature","Batlization","Lasso"],"picked":"RunningOfTheLeaves","floor":14.0},{"not_picked":["Whining","TasteRainbow","FarmExpert","PartyAlone"],"picked":"SKIP","floor":14.0},{"not_picked":["MirrorLake","FriendshipIsMagic","PartyCana"],"picked":"HarmonyForm","floor":16.0},{"not_picked":["Harmanyblast","Sisterhood","CowboySkills"],"picked":"InspirationRecovery","floor":16.0},{"not_picked":["FriendOfNature","Charge","ISayNo"],"picked":"Honesty+1","floor":18.0},{"not_picked":["ThrowingApples","HideCarefully","Honesty","PinkiePromise+1"],"picked":"SKIP","floor":18.0},{"not_picked":["Whining","AppleFeast","Magictrain+1","RushToSky"],"picked":"SKIP","floor":19.0},{"not_picked":["Magictrain+1","PinkiePromise+1","TwentyPercentcooler","FriendOfNature"],"picked":"SKIP","floor":19.0},{"not_picked":["RunningOfTheLeaves","KillingWithKindness+1","CheerUp"],"picked":"TenInstruments","floor":20.0},{"not_picked":["Yay+1","Boundary","Mischief"],"picked":"AllByMyself","floor":20.0},{"not_picked":["BeautySensation","SwiftKick","Batlization"],"picked":"DynamicVision+1","floor":21.0},{"not_picked":["Lasso","Honesty","TenInstruments+1"],"picked":"ServeMeal","floor":21.0},{"not_picked":["TenInstruments","BehindTheScene","FarmExpert","Yay+1"],"picked":"SKIP","floor":22.0},{"not_picked":["ThrowingApples","FollowTherRainbow+1","Boundary+1","Winterwrapup"],"picked":"SKIP","floor":22.0},{"not_picked":["ServeMeal","Louder","Anxiousness"],"picked":"AppleFeast+1","floor":23.0},{"not_picked":["TenInstruments+1","FarmExpert","RushToSky+1"],"picked":"BigDeal","floor":23.0},{"not_picked":["FriendOfNature","Magictrain","BatchProduction+1"],"picked":"Harmanyblast","floor":25.0},{"not_picked":["HideCarefully+1","CleanLibrary","KillingWithKindness","Perfectionism"],"picked":"SKIP","floor":25.0},{"not_picked":["Sisterhood","BeautySensation","LoveMe","Overwhelming"],"picked":"SKIP","floor":29.0},{"not_picked":["Celebrities","ReinventMyself","Lasso+1","GemstoneDetection"],"picked":"SKIP","floor":29.0},{"not_picked":["FarmExpert+1","ReinventMyself","BehindTheScene","Louder"],"picked":"SKIP","floor":29.0},{"not_picked":["Stare","InspirationRecovery","PinkieSense"],"picked":"TakeTheLead","floor":33},{"not_picked":["Yay","Anxiousness","Celebrities","Whining"],"picked":"SKIP","floor":35},{"not_picked":["CowboySkills","FarmExpert+1","RashStunts","Celebrities"],"picked":"SKIP","floor":35},{"not_picked":["Honesty+1","PartyTime+1","ThunderCloud+1","MirrorLake"],"picked":"SKIP","floor":36},{"not_picked":["HideCarefully","PartyAlone+1","RashStunts","ServeMeal+1"],"picked":"SKIP","floor":36},{"not_picked":["Mischief+1","CleanLibrary+1","Flutterguy"],"picked":"Batlization+1","floor":41},{"not_picked":["KillingWithKindness+1","RashStunts+1","CleanLibrary+1","FollowTherRainbow+1"],"picked":"SKIP","floor":41},{"not_picked":["Charge","Anxiousness","Celebrities+1","SonicRainbow"],"picked":"SKIP","floor":41},{"not_picked":["Batlization+1","Honesty+1","FriendOfNature"],"picked":"CheerUp+1","floor":42},{"not_picked":["ThunderCloud","Batlization+1","MessyAndOrderly","Yay"],"picked":"SKIP","floor":42},{"not_picked":["RushToSky+1","Dear_Princess+1","FriendOfNature+1","Lasso+1"],"picked":"SKIP","floor":44},{"not_picked":["HideCarefully+1","GemstoneDetection","CleanLibrary","BehindTheScene+1"],"picked":"SKIP","floor":44},{"not_picked":["RushToSky+1","Dear_Princess+1","FriendOfNature+1","Lasso+1"],"picked":"SKIP","floor":44},{"not_picked":["HideCarefully+1","GemstoneDetection","CleanLibrary","BehindTheScene+1"],"picked":"SKIP","floor":44},{"not_picked":["PartyCana","SonicRainbow","FriendshipIsMagic"],"picked":"TakeTheLead","floor":48},{"not_picked":["Lasso+1","RushToSky","Louder","Winterwrapup+1"],"picked":"SKIP","floor":48},{"not_picked":["PartyAlone","CheerUp","AlloutStrike","Winterwrapup"],"picked":"SKIP","floor":48},{"not_picked":["Lasso+1","RushToSky+1","AlloutStrike+1","Louder"],"picked":"SKIP","floor":54},{"not_picked":["CowboySkills","DynamicVision+1","PinkiePromise+1","SwiftKick+1"],"picked":"SKIP","floor":54}],"player_experience":877573,"relics_obtained":[{"floor":1.0,"key":"SynthV:TestCard"},{"floor":7.0,"key":"GypsyBard"},{"floor":12.0,"key":"Omamori"},{"floor":23.0,"key":"AT_MibuBalloonWealth"},{"floor":26.0,"key":"Blood Vial"},{"floor":29.0,"key":"Celestia"},{"floor":31.0,"key":"Shuriken"},{"floor":42,"key":"Art of War"},{"floor":54,"key":"OriginationStaff"}],"event_choices":[],"is_beta":false,"boss_relics":[{"not_picked":["SlaversCollar","testmod-Nine"],"picked":"ChiXiaoBlade"},{"not_picked":[]},{"not_picked":["testmod-TimeTraveler","GuanYuAspect"],"picked":"Runic Dome"},{"not_picked":[]}],"items_purged_floors":[17,34,39,47,49,52,52,53],"is_endless":false,"potions_floor_spawned":[1,7,8,11,19,22,25,33,36,41,48],"ascension_level":0}}