{"host":"gaqyve1328ta0etl","time":1612725836,"event":{"mods":["BaseMod","Colored Map","Colored Powertips","Duelist Mod","Googly Eyes","Hero for Fun","Minty Spire (QoL Compilation)","Shop Mod","StSLib","SuperFastMode","The Hierophant","The Runesmith"],"gold_per_floor":[367,378,390,67,67,67,102,80,80,80,80,80,96,59,59,159,159,178,78,93,111,111,111,126,126,126,143,156,172,272,283,283,283,283],"floor_reached":33,"language":"ENG","playtime":980,"items_purged":["Strike_B","Strike_B"],"score":374,"play_id":"18912274-6295-40a6-8734-323bfbafa867","local_time":"20210207112356","is_ascension_mode":true,"campfire_choices":[{"data":"Genetic Algorithm","floor":6,"key":"SMITH"},{"floor":11,"key":"REST"},{"floor":15,"key":"REST"},{"floor":23,"key":"REST"},{"data":"Defragment","floor":25,"key":"SMITH"},{"floor":32,"key":"REST"}],"circlet_count":0,"master_deck":["AscendersBane","Strike_B","Strike_B","Defend_B","Defend_B","Defend_B","Defend_B","Zap","Dualcast","Self Repair","Genetic Algorithm+1","Defragment+1","Tempest","Streamline","Hyperbeam","Melter","Reinforced Body","Core Surge","Capacitor","Defragment","Barrage","Ball Lightning","Hyperbeam"],"relics":["Cracked Core","Eternal Feather","Lizard Tail","Dream Catcher","Torii","Nunchaku","Nuclear Battery","Letter Opener"],"acts_visited":["Exordium","TheCity"],"potions_floor_usage":[16,16,18,21,27,29],"damage_taken":[{"damage":1,"enemies":"2 Louse","floor":1,"turns":2},{"damage":0,"enemies":"Small Slimes","floor":2,"turns":3},{"damage":0,"enemies":"Cultist","floor":3,"turns":3},{"damage":45,"enemies":"3 Sentries","floor":7,"turns":10},{"damage":18,"enemies":"2 Fungi Beasts","floor":13,"turns":4},{"damage":52,"enemies":"Hexaghost","floor":16,"turns":12},{"damage":13,"enemies":"Chosen","floor":18,"turns":5},{"damage":26,"enemies":"Shell Parasite","floor":20,"turns":8},{"damage":15,"enemies":"Shelled Parasite and Fungi","floor":21,"turns":5},{"damage":20,"enemies":"Centurion and Healer","floor":24,"turns":10},{"damage":7,"enemies":"Chosen and Byrds","floor":27,"turns":6},{"damage":31,"enemies":"Snake Plant","floor":28,"turns":5},{"damage":33,"enemies":"Snecko","floor":29,"turns":6},{"damage":30,"enemies":"Sentry and Sphere","floor":31,"turns":4},{"damage":72,"enemies":"Champ","floor":33,"turns":10}],"seed_played":"-5479502729564075405","potions_obtained":[{"floor":2,"key":"Dexterity Potion"},{"floor":3,"key":"Ancient Potion"},{"floor":13,"key":"LiquidMemories"},{"floor":18,"key":"DuplicationPotion"},{"floor":20,"key":"Explosive Potion"},{"floor":24,"key":"AttackPotion"},{"floor":31,"key":"SteroidPotion"}],"is_trial":false,"path_per_floor":["M","M","M","$","?","R","E","?","T","?","R","T","M","$","R","B",null,"M","$","M","M","$","R","M","R","T","M","M","M","?","M","R","B"],"character_chosen":"DEFECT","items_purchased":["Eternal Feather","Melter"],"campfire_rested":4,"item_purchase_floors":[4,14],"current_hp_per_floor":[49,56,63,63,56,62,24,24,24,24,52,52,41,41,72,27,63,57,57,38,30,30,64,51,63,63,63,39,13,13,33,67,0,0],"gold":283,"neow_bonus":"TWO_FIFTY_GOLD","is_daily":false,"chose_seed":false,"campfire_upgraded":2,"win_rate":0.0,"timestamp":1612725836,"path_taken":["M","M","M","$","?","R","E","?","T","?","R","?","M","$","R","BOSS","M","$","M","M","$","R","M","R","T","M","M","M","?","M","R","BOSS"],"items_purchased_type":["Relic","Card"],"build_version":"2020-12-22","purchased_purges":2,"victory":false,"max_hp_per_floor":[75,75,75,75,75,75,75,75,75,75,75,75,75,75,75,75,75,75,75,75,75,75,75,75,75,75,75,75,75,75,75,75,75,75],"card_choices":[{"not_picked":["Streamline","Conserve Battery"],"picked":"Self Repair","floor":1},{"not_picked":["Steam","Redo"],"picked":"Genetic Algorithm","floor":2},{"not_picked":["Redo","Conserve Battery"],"picked":"Defragment","floor":3},{"not_picked":["Compile Driver","Beam Cell"],"picked":"Tempest","floor":7},{"not_picked":["Fusion","Double Energy"],"picked":"Streamline","floor":11},{"not_picked":["Capacitor","Streamline"],"picked":"Hyperbeam","floor":13},{"not_picked":["Barrage","Conserve Battery"],"picked":"Reinforced Body","floor":15},{"not_picked":["Multi-Cast","Biased Cognition"],"picked":"Core Surge","floor":16},{"not_picked":["Auto Shields","Genetic Algorithm+1"],"picked":"Capacitor","floor":18},{"not_picked":["Tempest","Darkness"],"picked":"Defragment","floor":20},{"not_picked":["Skim","Heatsinks+1","Go for the Eyes"],"picked":"SKIP","floor":21},{"not_picked":["Stack","Recycle"],"picked":"Barrage","floor":24},{"not_picked":["Rebound","Cold Snap","Barrage"],"picked":"SKIP","floor":27},{"not_picked":["Melter+1","FTL"],"picked":"Ball Lightning","floor":28},{"not_picked":["Genetic Algorithm","Skim+1"],"picked":"Hyperbeam","floor":29},{"not_picked":["Leap","Stack","Beam Cell"],"picked":"SKIP","floor":31}],"player_experience":2103005,"relics_obtained":[{"floor":7,"key":"Dream Catcher"},{"floor":9,"key":"Torii"},{"floor":12,"key":"Nunchaku"},{"floor":26,"key":"Letter Opener"}],"event_choices":[{"damage_healed":0,"gold_gain":0,"player_choice":"Success","damage_taken":7,"relics_obtained":["Lizard Tail"],"max_hp_gain":0,"max_hp_loss":0,"event_name":"Scrap Ooze","floor":5,"gold_loss":0},{"damage_healed":0,"gold_gain":0,"player_choice":"Left Gold","damage_taken":0,"max_hp_gain":0,"max_hp_loss":0,"event_name":"World of Goop","floor":8,"gold_loss":22},{"damage_healed":0,"gold_gain":0,"player_choice":"Ignored","damage_taken":0,"max_hp_gain":0,"max_hp_loss":0,"event_name":"Shining Light","floor":10,"gold_loss":0},{"damage_healed":0,"gold_gain":100,"player_choice":"Pray","damage_taken":0,"max_hp_gain":0,"max_hp_loss":0,"event_name":"Golden Shrine","floor":30,"gold_loss":0}],"is_beta":false,"boss_relics":[{"not_picked":["Snecko Eye","Philosopher\u0027s Stone"],"picked":"Nuclear Battery"}],"items_purged_floors":[4,19],"is_endless":false,"potions_floor_spawned":[2,3,13,18,20,24,31],"killed_by":"Champ","ascension_level":10}}