{"host":"aapp7ew3jk5k1bvd","time":1612686594,"event":{"mods":["AchievementEnabler","BaseMod","Colored Map","Minty Spire (QoL Compilation)","Permanent Neow","StSLib","SuperFastMode"],"gold_per_floor":[114,125,73,73,93,93,103,103,103,120,151,151,76,89,89,89,89],"floor_reached":16,"language":"KOR","playtime":377,"items_purged":["Strike_R"],"score":158,"play_id":"4f563f77-4124-4c4b-ab85-120e72602acb","local_time":"20210207172954","is_ascension_mode":true,"campfire_choices":[{"data":"Searing Blow","floor":6.0,"key":"SMITH"},{"data":"Searing Blow+1","floor":8.0,"key":"SMITH"},{"data":"Searing Blow+2","floor":12,"key":"SMITH"},{"floor":15,"key":"REST"}],"circlet_count":0,"master_deck":["AscendersBane","Strike_R","Strike_R","Strike_R","Defend_R","Defend_R","Defend_R","Defend_R","Searing Blow+3","Flame Barrier","Shrug It Off","Entrench","Flame Barrier"],"relics":["Burning Blood","Calipers","WingedGreaves"],"acts_visited":["Exordium"],"potions_floor_usage":[11,14],"damage_taken":[{"damage":14.0,"enemies":"Jaw Worm","floor":1.0,"turns":7.0},{"damage":6.0,"enemies":"Cultist","floor":2.0,"turns":3.0},{"damage":6.0,"enemies":"Small Slimes","floor":5.0,"turns":4.0},{"damage":10.0,"enemies":"2 Fungi Beasts","floor":7.0,"turns":4.0},{"damage":9.0,"enemies":"Red Slaver","floor":10.0,"turns":4.0},{"damage":38,"enemies":"Gremlin Nob","floor":11,"turns":5},{"damage":17,"enemies":"Lots of Slimes","floor":14,"turns":6},{"damage":30,"enemies":"Slime Boss","floor":16,"turns":5}],"seed_played":"3894574552336107647","potions_obtained":[{"floor":2.0,"key":"DistilledChaos"},{"floor":11,"key":"BloodPotion"},{"floor":14,"key":"SkillPotion"}],"is_trial":false,"path_per_floor":["M","M","$","?","M","R","M","R","T","M","E","R","$","M","R","B"],"character_chosen":"IRONCLAD","items_purchased":["Shrug It Off"],"campfire_rested":1,"item_purchase_floors":[3],"current_hp_per_floor":[64,64,64,64,64,64,60,60,60,57,25,25,25,30,54,24,24],"gold":89,"neow_bonus":"TRANSFORM_CARD","is_daily":false,"chose_seed":false,"campfire_upgraded":3,"win_rate":0.0,"timestamp":1612686594,"path_taken":["M","M","$","?","M","R","M","R","T","M","E","R","?","M","R","BOSS"],"items_purchased_type":["Card"],"build_version":"2020-12-22","purchased_purges":1,"victory":false,"max_hp_per_floor":[80,80,80,80,80,80,80,80,80,80,80,80,80,80,80,80,80],"card_choices":[{"not_picked":["Headbutt","Warcry","Heavy Blade"],"picked":"SKIP","floor":1.0},{"not_picked":["Warcry","Dropkick"],"picked":"Flame Barrier","floor":2.0},{"not_picked":["Perfected Strike","Blood for Blood","Rage"],"picked":"SKIP","floor":5.0},{"not_picked":["Heavy Blade","Pummel"],"picked":"Entrench","floor":7.0},{"not_picked":["True Grit","Whirlwind","Thunderclap"],"picked":"SKIP","floor":10.0},{"not_picked":["Thunderclap","Iron Wave","Demon Form"],"picked":"SKIP","floor":11},{"not_picked":["Bloodletting","Clash"],"picked":"Flame Barrier","floor":14}],"player_experience":1330626,"relics_obtained":[{"floor":9.0,"key":"Calipers"},{"floor":11,"key":"WingedGreaves"}],"event_choices":[{"cards_removed":["Strike_R"],"damage_healed":0.0,"max_hp_gain":0.0,"max_hp_loss":0.0,"gold_gain":0.0,"event_name":"Bonfire Elementals","player_choice":"Offered Basic","floor":4.0,"gold_loss":0.0,"damage_taken":0.0}],"is_beta":false,"boss_relics":[],"items_purged_floors":[13],"is_endless":false,"potions_floor_spawned":[2,11,14],"killed_by":"Slime Boss","ascension_level":11}}