{"host":"x5w9zppki4gdwvc7","time":1612657666,"event":{"mods":["AchievementEnabler","BaseMod","Colored Powertips","DeckTracker","Minty Spire (QoL Compilation)"],"gold_per_floor":[366,377,393,6,17,49,49,49,49,68,93,93,136,151,151,261,261,284,307,335,335,354,389,389,389,389,399,399,426,440,143,143,143,143],"floor_reached":33,"language":"ENG","playtime":2551,"items_purged":["Writhe","Strike_P"],"score":283,"play_id":"d9f7cb10-dccc-4c3f-be83-142f505ac92f","local_time":"20210207012746","is_ascension_mode":false,"campfire_choices":[{"data":"Eruption","floor":7.0,"key":"SMITH"},{"floor":12.0,"key":"REST"},{"floor":15.0,"key":"REST"},{"data":"Ragnarok","floor":24.0,"key":"SMITH"},{"data":"Evaluate","floor":28.0,"key":"SMITH"},{"floor":32.0,"key":"REST"}],"circlet_count":0,"master_deck":["Strike_P","Strike_P","Defend_P","Defend_P","Defend_P","Defend_P","Eruption+1","Vigilance","SashWhip","Evaluate+1","FlurryOfBlows","PathToVictory","Pray","JustLucky","Evaluate","EmptyFist","Wireheading","Ragnarok+1","CutThroughFate","Prostrate","FlurryOfBlows+1","SashWhip+1","DevaForm","EmptyBody","Study","Enlightenment"],"relics":["PureWater","Ice Cream","Tiny Chest","CeramicFish","Mummified Hand","Snecko Eye","StrikeDummy","Yang","Dead Branch"],"acts_visited":["Exordium","TheCity"],"potions_floor_usage":[33,33,33],"damage_taken":[{"damage":9.0,"enemies":"Small Slimes","floor":1.0,"turns":5.0},{"damage":11.0,"enemies":"Cultist","floor":2.0,"turns":5.0},{"damage":3.0,"enemies":"Jaw Worm","floor":3.0,"turns":4.0},{"damage":14.0,"enemies":"Red Slaver","floor":5.0,"turns":2.0},{"damage":11.0,"enemies":"Gremlin Nob","floor":6.0,"turns":3.0},{"damage":10.0,"enemies":"Exordium Thugs","floor":10.0,"turns":4.0},{"damage":0.0,"enemies":"3 Louse","floor":11.0,"turns":3.0},{"damage":7.0,"enemies":"3 Sentries","floor":13.0,"turns":7.0},{"damage":4.0,"enemies":"Large Slime","floor":14.0,"turns":6.0},{"damage":34.0,"enemies":"The Guardian","floor":16.0,"turns":11.0},{"damage":0.0,"enemies":"Chosen","floor":18.0,"turns":3.0},{"damage":2.0,"enemies":"Shell Parasite","floor":19.0,"turns":3.0},{"damage":11.0,"enemies":"Snake Plant","floor":20.0,"turns":4.0},{"damage":6.0,"enemies":"Cultist and Chosen","floor":22.0,"turns":4.0},{"damage":33.0,"enemies":"Slavers","floor":23.0,"turns":4.0},{"damage":7.0,"enemies":"Chosen and Byrds","floor":27.0,"turns":4.0},{"damage":25.0,"enemies":"Snake Plant","floor":29.0,"turns":5.0},{"damage":0.0,"enemies":"Shelled Parasite and Fungi","floor":30.0,"turns":4.0},{"damage":25,"enemies":"Collector","floor":33,"turns":7}],"seed_played":"3792768191696973993","potions_obtained":[{"floor":1.0,"key":"SpeedPotion"},{"floor":14.0,"key":"Fire Potion"},{"floor":16.0,"key":"GamblersBrew"},{"floor":18.0,"key":"LiquidBronze"},{"floor":27.0,"key":"SneckoOil"},{"floor":29.0,"key":"DistilledChaos"},{"floor":30.0,"key":"LiquidMemories"}],"is_trial":false,"path_per_floor":["M","M","M","$","M","E","R","?","T","M","M","R","E","M","R","B",null,"M","M","M","?","M","E","R","T","T","M","R","M","M","$","R","B"],"character_chosen":"WATCHER","items_purchased":["Ice Cream","Study","Enlightenment","Weak Potion"],"campfire_rested":3,"item_purchase_floors":[4,31,31,31],"current_hp_per_floor":[63,52,49,49,35,24,24,24,24,14,14,35,28,24,45,11,72,72,70,59,72,66,33,33,33,33,26,26,1,1,1,22,0,0],"gold":143,"neow_bonus":"TWO_FIFTY_GOLD","is_daily":false,"chose_seed":false,"campfire_upgraded":3,"win_rate":0.0,"timestamp":1612657666,"path_taken":["M","M","M","$","M","E","R","?","T","M","?","R","E","M","R","BOSS","M","M","M","?","M","E","R","?","T","?","R","M","M","$","R","BOSS"],"items_purchased_type":["Relic","Card","Card","Potion"],"build_version":"2020-12-22","purchased_purges":2,"victory":false,"max_hp_per_floor":[72,72,72,72,72,72,72,72,72,72,72,72,72,72,72,72,72,72,72,72,72,72,72,72,72,72,72,72,72,72,72,72,72,72],"card_choices":[{"not_picked":["BowlingBash","FollowUp"],"picked":"SashWhip","floor":1.0},{"not_picked":["Halt","Consecrate"],"picked":"Evaluate","floor":2.0},{"not_picked":["EmptyBody","JustLucky"],"picked":"FlurryOfBlows","floor":3.0},{"not_picked":["Halt","SashWhip"],"picked":"PathToVictory","floor":5.0},{"not_picked":["Omniscience","FollowUp"],"picked":"Pray","floor":6.0},{"not_picked":["ThirdEye","Protect"],"picked":"Evaluate","floor":10.0},{"not_picked":["ClearTheMind","FollowUp"],"picked":"EmptyFist","floor":11.0},{"not_picked":["SpiritShield","InnerPeace"],"picked":"Wireheading","floor":13.0},{"not_picked":["Protect","SashWhip","ClearTheMind"],"picked":"SKIP","floor":14.0},{"not_picked":["Blasphemy","ConjureBlade"],"picked":"Ragnarok","floor":16.0},{"not_picked":["JustLucky","EmptyBody"],"picked":"CutThroughFate","floor":18.0},{"not_picked":["Collect","CutThroughFate"],"picked":"Prostrate","floor":19.0},{"not_picked":["FollowUp+1","FlyingSleeves"],"picked":"FlurryOfBlows+1","floor":20.0},{"not_picked":["DeceiveReality","Crescendo"],"picked":"SashWhip+1","floor":22.0},{"not_picked":["Adaptation","CutThroughFate"],"picked":"DevaForm","floor":23.0},{"not_picked":["Protect+1","SashWhip+1","EmptyBody"],"picked":"SKIP","floor":27.0},{"not_picked":["EmptyFist","SashWhip"],"picked":"EmptyBody","floor":29.0},{"not_picked":["Wireheading","Crescendo+1","EmptyFist"],"picked":"SKIP","floor":30.0}],"player_experience":513291,"relics_obtained":[{"floor":6.0,"key":"Tiny Chest"},{"floor":9.0,"key":"CeramicFish"},{"floor":13.0,"key":"Mummified Hand"},{"floor":23.0,"key":"StrikeDummy"},{"floor":25.0,"key":"Yang"},{"floor":26.0,"key":"Dead Branch"}],"event_choices":[{"damage_healed":0.0,"max_hp_gain":0.0,"max_hp_loss":0.0,"gold_gain":0.0,"cards_transformed":["Strike_P"],"event_name":"Transmorgrifier","player_choice":"Transformed","floor":8.0,"gold_loss":0.0,"damage_taken":0.0,"cards_obtained":["JustLucky"]},{"damage_healed":13.0,"max_hp_gain":0.0,"max_hp_loss":0.0,"gold_gain":0.0,"event_name":"Wheel of Change","player_choice":"Full Heal","floor":21.0,"gold_loss":0.0,"damage_taken":0.0}],"is_beta":false,"boss_relics":[{"not_picked":["SacredBark","Empty Cage"],"picked":"Snecko Eye"}],"items_purged_floors":[4,31],"is_endless":false,"potions_floor_spawned":[1,14,16,18,19,27,29,30],"killed_by":"Collector","ascension_level":0}}