{"host":"roto7j7840a50pxh","time":1612697661,"event":{"mods":["Act Like it!","BaseMod","Better Altar","Better Note","Better Sensory Stone","Better Skull","Better Third Choice","BetterRewards","Colored Map","Colored Powertips","Downfall","Elementarium","Hermit","Highlight Path","Hubris","Infinite Spire","Minty Spire (QoL Compilation)","Replay The Spire","Robot Space Explorer","Shade Mod","Spicy Shops","StSLib","The Construct","The Cursed","The Dragon Tamer","The Hierophant","The Jungle","The Necromancer","The Runesmith","The Servant 0.9.4","TheVacant"],"gold_per_floor":[119,138,150,166,178,211,211,228,251,261,287,28,40,50,50,149,149,165,365,365,375,388,388,416,18,18,18,118,151,151,151,151,263,263,299,332,364,364,404,404,463,463,489,540,594,665,179,205,205,205],"floor_reached":51,"language":"ENG","playtime":6265,"items_purged":["Amnesia","Shade:Strike_Shade"],"score":1866,"play_id":"fa892546-fa78-4be5-9bb0-32e77abd53f3","local_time":"20210207063421","is_ascension_mode":true,"campfire_choices":[{"data":"Shade:AuraOfUnlife","floor":15.0,"key":"SMITH"},{"data":"Shade:GreaterAnimation","floor":23.0,"key":"SMITH"},{"floor":32.0,"key":"REST"},{"data":"Shade:AnimateDead","floor":40.0,"key":"SMITH"},{"data":"Shade:PressTheAttack","floor":42.0,"key":"SMITH"},{"data":"Shade:CommandSoldier","floor":49.0,"key":"SMITH"}],"circlet_count":0,"master_deck":["Shade:Strike_Shade","Shade:Strike_Shade","Shade:Strike_Shade","Shade:Defend_Shade","Shade:Defend_Shade+1","Shade:Defend_Shade+1","Shade:Defend_Shade","Shade:AnimateDead+1","Shade:CarefulCut","Shade:CommandSoldier+1","Shade:FuneraryArmor","Shade:PressTheAttack+1","Shade:FuneraryJewels+1","Shade:GreyBargain","Shade:ExtraLimbs","Shade:ExtraLimbs+1","Shade:GraveStillness+1","Shade:ExtraLimbs+1","Shade:Bonestorm","Shade:AuraOfUnlife+1","Shade:CommandSoldier","Shade:ClawBack","Shade:AblativeArmor","Shade:OpenGraves","Shade:CloudOfShrapnel","Shade:FingerOfDeath","Shade:Haruspicy","Shade:GreaterAnimation+1","Shade:FreshBones","Shade:CoffinDance+1","Shade:Brains","Shade:Brains+1","Shade:SpectralStrikes+1","Shade:BoneShards","Shade:CommandSoldier+1","Shade:Coordination+1","Shade:FeralStrike+1","Shade:SkeletonArmy+1","Shade:FleshOffering+1","Shade:Frenzy","Shade:StitchTogether","Shade:FeralStrike+1","Shade:OpenGraves+1","Shade:GraveStillness","Shade:Premonition"],"relics":["Shade:YorickSkull","champ:Barbells","hubris:TenFootPole","Anchor","Replay:Rubber Ducky","ReplayTheSpireMod:TigerMarble","Chemical X","construct:WeddingRing","ClockworkSouvenir","bronze:MakeshiftBattery","ReplayTheSpireMod:Shallot","ReplayTheSpireMod:CursedCoin","Omamori","HandDrill","hubris:Reverence","Replay:WaspNest","hubris:FunFungus","infinitespire:FocusingShard","Mango","hubris:ToyBattleship","infinitespire:EvilPickle","Painkiller Herb","hexamod:BolsterEngine","hubris:CrystalStatue","Dream Catcher","hubris:SlimyHat","hubris:Potato","Lantern","Guide Book","infinitespire:Lucky Rock"],"acts_visited":["Exordium","TheCity","TheBeyond"],"potions_floor_usage":[50,50],"damage_taken":[{"damage":0.0,"enemies":"Small Slimes","floor":1.0,"turns":2.0},{"damage":0.0,"enemies":"2 Louse","floor":2.0,"turns":2.0},{"damage":0.0,"enemies":"Cultist","floor":3.0,"turns":3.0},{"damage":0.0,"enemies":"Large Slime","floor":4.0,"turns":5.0},{"damage":0.0,"enemies":"2 Fungi Beasts","floor":5.0,"turns":3.0},{"damage":0.0,"enemies":"Gremlin Nob","floor":6.0,"turns":3.0},{"damage":0.0,"enemies":"Exordium Thugs","floor":8.0,"turns":3.0},{"damage":1.0,"enemies":"Red Slaver","floor":10.0,"turns":3.0},{"damage":16.0,"enemies":"3 Sentries","floor":11.0,"turns":6.0},{"damage":0.0,"enemies":"Lots of Slimes","floor":13.0,"turns":3.0},{"damage":0.0,"enemies":"Looter","floor":14.0,"turns":2.0},{"damage":33.0,"enemies":"Slime Boss","floor":16.0,"turns":9.0},{"damage":0.0,"enemies":"Chosen","floor":18.0,"turns":4.0},{"damage":0.0,"enemies":"Spheric Guardian","floor":21.0,"turns":3.0},{"damage":0.0,"enemies":"Centurion and Healer","floor":22.0,"turns":6.0},{"damage":44.0,"enemies":"Book of Stabbing","floor":24.0,"turns":6.0},{"damage":0.0,"enemies":"Colosseum Slavers","floor":28.0,"turns":3.0},{"damage":0.0,"enemies":"Colosseum Nobs","floor":28.0,"turns":3.0},{"damage":8.0,"enemies":"Gremlin Leader","floor":29.0,"turns":6.0},{"damage":7.0,"enemies":"Pondfish","floor":33.0,"turns":8.0},{"damage":0.0,"enemies":"3 Darklings","floor":35.0,"turns":4.0},{"damage":0.0,"enemies":"3 Shapes","floor":36.0,"turns":4.0},{"damage":5.0,"enemies":"Writhing Mass","floor":37.0,"turns":5.0},{"damage":2.0,"enemies":"Maw","floor":39.0,"turns":5.0},{"damage":10.0,"enemies":"Reptomancer","floor":41.0,"turns":4.0},{"damage":0.0,"enemies":"4 Shapes","floor":44.0,"turns":3.0},{"damage":0.0,"enemies":"Jaw Worm Horde","floor":45.0,"turns":1.0},{"damage":0.0,"enemies":"Giant Head","floor":46.0,"turns":5.0},{"damage":0.0,"enemies":"Transient","floor":48.0,"turns":5.0},{"damage":0,"enemies":"Time Eater","floor":50,"turns":5}],"seed_played":"-5724618048895671330","potions_obtained":[{"floor":3.0,"key":"ColorlessPotion"},{"floor":4.0,"key":"Adrenaline Potion"},{"floor":6.0,"key":"ColorlessPotion"},{"floor":13.0,"key":"bronze:BurnAndBuffPotion"},{"floor":14.0,"key":"Regen Potion"},{"floor":18.0,"key":"Adrenaline Potion"},{"floor":24.0,"key":"Doom Potion"},{"floor":28.0,"key":"Energy Potion"},{"floor":33.0,"key":"Energy Potion"},{"floor":39.0,"key":"EssenceOfSteel"},{"floor":41.0,"key":"AttackPotion"},{"floor":44.0,"key":"PowerPotion"}],"is_trial":false,"path_per_floor":["M","M","M","M","M","E","?","M","T","M","E","$","M","M","R","B",null,"M","?","AVR","M","M","R","E","$","T","?","?","E","?","T","R","B",null,"?","?","?","?","?","T","E","T","T","?","?","E","T","?","T","B",null],"character_chosen":"SHADE","items_purchased":["champ:Barbells","Shade:CommandSoldier","Shade:FuneraryArmor","hubris:TenFootPole","Shade:PressTheAttack","Shade:FuneraryJewels","Shade:GreyBargain","Shade:OpenGraves","Chemical X","Shade:CloudOfShrapnel","ReplayTheSpireMod:CursedCoin","Omamori","HandDrill","hubris:Reverence","hubris:Potato","Lantern","Guide Book","infinitespire:Lucky Rock"],"campfire_rested":1,"item_purchase_floors":[0,0,0,0,0,0,0,12,12,12,25,25,25,25,47,47,47,47],"current_hp_per_floor":[45,45,45,45,45,45,65,65,65,64,48,48,48,48,48,15,53,53,53,53,53,65,65,21,21,21,21,21,27,27,27,50,44,70,70,71,69,69,67,67,58,58,58,58,58,60,60,62,62,64],"gold":205,"neow_bonus":"","is_daily":false,"chose_seed":false,"campfire_upgraded":5,"win_rate":0.0,"timestamp":1612697661,"path_taken":["M","M","M","M","M","E","?","M","T","M","E","$","M","M","R","BOSS","M","?","AVR","M","M","R","E","$","T","?","?","E","?","?","R","BOSS","?","?","?","?","?","T","E","T","T","?","?","E","T","?","T","BOSS"],"items_purchased_type":["Relic","Card","Card","Relic","Card","Card","Card","Card","Relic","Card","Relic","Relic","Relic","Relic","Relic","Relic","Relic","Relic"],"build_version":"2020-12-22","purchased_purges":2,"victory":true,"max_hp_per_floor":[65,65,65,65,65,65,65,65,65,65,65,65,65,65,65,65,65,65,65,65,65,65,65,65,65,65,65,65,79,79,79,79,79,79,79,79,79,79,79,79,79,79,79,79,79,79,79,79,79,79],"card_choices":[{"not_picked":["Shade:SkeletonHug","Shade:CallWraith"],"picked":"Shade:ExtraLimbs","floor":1.0},{"not_picked":["Shade:GreyBargain","Shade:SanguineRitual"],"picked":"Shade:ExtraLimbs","floor":2.0},{"not_picked":["Shade:Premonition","Shade:SkeletonArmy"],"picked":"Shade:GraveStillness","floor":3.0},{"not_picked":["Shade:SpontaneousRitual","Shade:FleshOffering"],"picked":"Shade:ExtraLimbs","floor":4.0},{"not_picked":["Shade:CallWraith","Shade:RitualOffering"],"picked":"Shade:Bonestorm","floor":5.0},{"not_picked":["Shade:GreyBargain","Shade:Trample"],"picked":"Shade:AuraOfUnlife","floor":6.0},{"not_picked":["Shade:Consume","Shade:AncientSpear"],"picked":"Shade:CommandSoldier","floor":8.0},{"not_picked":["Shade:CallWraith","Shade:PotionOfRestlessness"],"picked":"Shade:ClawBack","floor":10.0},{"not_picked":["Shade:Premonition","Shade:DangerousRitual"],"picked":"Shade:AblativeArmor","floor":11.0},{"not_picked":["Shade:FeralStrike","Shade:FuneraryArmor"],"picked":"Shade:FingerOfDeath","floor":13.0},{"not_picked":["Shade:CallOfTheGrave","Shade:BoneShards"],"picked":"Shade:Haruspicy","floor":14.0},{"not_picked":["Shade:MadHubris","Shade:Consume"],"picked":"Shade:GreaterAnimation","floor":16.0},{"not_picked":["Shade:PoundOfFlesh","Shade:SkeletonHug"],"picked":"Shade:FreshBones","floor":18.0},{"not_picked":["Shade:CallWraith","Shade:Patience"],"picked":"Shade:CoffinDance+1","floor":21.0},{"not_picked":["Shade:BoneShards","Shade:RitualOffering"],"picked":"Shade:Brains","floor":22.0},{"not_picked":["Shade:CallWraith","Shade:GraveStillness"],"picked":"Shade:Brains+1","floor":24.0},{"not_picked":["Shade:Frenzy","Shade:CloudOfShrapnel"],"picked":"Shade:BoneShards","floor":28.0},{"not_picked":["Shade:BoneShards","Shade:Trample"],"picked":"Shade:CommandSoldier","floor":29.0},{"not_picked":["Shade:Consume","Shade:OminousRitual"],"picked":"Shade:Coordination","floor":33.0},{"not_picked":["Shade:Haruspicy+1","Shade:AblativeArmor"],"picked":"Shade:FeralStrike+1","floor":35.0},{"not_picked":["Shade:CoffinDance","Shade:WallOfFlesh"],"picked":"Shade:SkeletonArmy+1","floor":36.0},{"not_picked":["Shade:GreyBargain+1","Shade:WallOfFlesh"],"picked":"Shade:FleshOffering+1","floor":37.0},{"not_picked":["Shade:FleshToFlesh+1","Shade:Tombstone"],"picked":"Shade:Frenzy","floor":39.0},{"not_picked":["Shade:FleshToFlesh+1","Shade:FleshOffering+1"],"picked":"Shade:StitchTogether","floor":41.0},{"not_picked":["Shade:CoffinDance","Shade:FuneraryJewels"],"picked":"Shade:FeralStrike+1","floor":44.0},{"not_picked":["Shade:RavenousHorde","Shade:FuneraryJewels"],"picked":"Shade:OpenGraves+1","floor":45.0},{"not_picked":["Shade:LyeBath+1","Shade:FleshOffering"],"picked":"Shade:GraveStillness","floor":46.0},{"not_picked":["Shade:WallOfFlesh","Shade:Brains+1"],"picked":"Shade:Premonition","floor":48.0}],"player_experience":1905472,"relics_obtained":[{"floor":6.0,"key":"Anchor"},{"floor":9.0,"key":"Replay:Rubber Ducky"},{"floor":11.0,"key":"ReplayTheSpireMod:TigerMarble"},{"floor":24.0,"key":"ReplayTheSpireMod:Shallot"},{"floor":26.0,"key":"Replay:WaspNest"},{"floor":28.0,"key":"hubris:FunFungus"},{"floor":28.0,"key":"infinitespire:FocusingShard"},{"floor":29.0,"key":"Mango"},{"floor":31.0,"key":"hubris:ToyBattleship"},{"floor":41.0,"key":"hubris:CrystalStatue"},{"floor":43.0,"key":"Dream Catcher"},{"floor":46.0,"key":"hubris:SlimyHat"}],"event_choices":[{"damage_healed":0.0,"max_hp_gain":0.0,"max_hp_loss":0.0,"gold_gain":250.0,"event_name":"The Joust","player_choice":"Bet on Owner","floor":19.0,"gold_loss":50.0,"damage_taken":0.0},{"cards_removed":["Shade:GreaterAnimation"],"damage_healed":0.0,"max_hp_gain":0.0,"max_hp_loss":0.0,"gold_gain":0.0,"event_name":"betterNote:BetterNote","player_choice":"Take \u0026 Give","floor":27.0,"gold_loss":0.0,"damage_taken":0.0,"cards_obtained":["Shade:SpectralStrikes"]},{"damage_healed":0.0,"max_hp_gain":0.0,"max_hp_loss":0.0,"gold_gain":0.0,"event_name":"Colosseum","player_choice":"Fight","floor":28.0,"gold_loss":0.0,"damage_taken":0.0},{"damage_healed":0.0,"max_hp_gain":0.0,"max_hp_loss":0.0,"gold_gain":0.0,"event_name":"Colosseum","player_choice":"Fought Nobs","floor":28.0,"gold_loss":0.0,"damage_taken":0.0},{"damage_healed":0.0,"max_hp_gain":0.0,"max_hp_loss":0.0,"gold_gain":0.0,"event_name":"Cursed Tome","player_choice":"Ignored","floor":30.0,"gold_loss":0.0,"damage_taken":0.0},{"damage_healed":0.0,"max_hp_gain":0.0,"max_hp_loss":0.0,"gold_gain":0.0,"event_name":"WeMeetAgain","player_choice":"Gave Potion","floor":38.0,"gold_loss":0.0,"damage_taken":0.0,"relics_obtained":["hexamod:BolsterEngine"]}],"is_beta":false,"boss_relics":[{"not_picked":["Runesmith:UraniumAnvil","ReplayTheSpireMod:DimensionalGlitch"],"picked":"construct:WeddingRing"},{"not_picked":["Replay:Drink Me","Empty Cage"],"picked":"Painkiller Herb"}],"items_purged_floors":[12,20],"is_endless":false,"potions_floor_spawned":[3,4,6,13,14,18,24,28,33,39,41,44,45],"ascension_level":5}}