{"host":"lxu17chzujqn8whl","time":1612678993,"event":{"mods":["BaseMod","Minty Spire (QoL Compilation)","Relic Stats","StSLib"],"gold_per_floor":[110,122,122,136,152,152,183,183,183,195,195,215,247,1,1,102,102,114,164,21,21,39,39,39,39],"floor_reached":24,"language":"ENG","playtime":602,"items_purged":[],"score":256,"play_id":"278d8048-2ba6-419f-86c6-4ebb3c319876","local_time":"20210206222313","is_ascension_mode":false,"campfire_choices":[{"data":"Seeing Red","floor":6.0,"key":"SMITH"},{"floor":11.0,"key":"REST"},{"data":"Bash","floor":15.0,"key":"SMITH"},{"data":"Berserk","floor":23,"key":"SMITH"}],"circlet_count":0,"master_deck":["Defend_R","Defend_R","Defend_R","Defend_R","Bash+1","Seeing Red+1","Pommel Strike","Bloodletting","Berserk+1","Cleave","Bite","Bite","Bite","Bite","Bite","Clothesline"],"relics":["Burning Blood","Vajra","Bottled Lightning","Bottled Flame","Matryoshka","Pear","SacredBark"],"acts_visited":["Exordium","TheCity"],"potions_floor_usage":[],"damage_taken":[{"damage":11.0,"enemies":"Jaw Worm","floor":1.0,"turns":4.0},{"damage":8.0,"enemies":"Small Slimes","floor":2.0,"turns":4.0},{"damage":1.0,"enemies":"Cultist","floor":4.0,"turns":3.0},{"damage":20.0,"enemies":"Exordium Thugs","floor":5.0,"turns":4.0},{"damage":36.0,"enemies":"Lagavulin","floor":7.0,"turns":5.0},{"damage":5.0,"enemies":"Blue Slaver","floor":10.0,"turns":2.0},{"damage":9.0,"enemies":"Large Slime","floor":12.0,"turns":4.0},{"damage":28.0,"enemies":"Gremlin Nob","floor":13.0,"turns":4.0},{"damage":30.0,"enemies":"Slime Boss","floor":16.0,"turns":9.0},{"damage":40.0,"enemies":"Shell Parasite","floor":18.0,"turns":4.0},{"damage":28,"enemies":"2 Thieves","floor":22,"turns":4},{"damage":75,"enemies":"Book of Stabbing","floor":24,"turns":6}],"seed_played":"-1724485121841341117","potions_obtained":[{"floor":2.0,"key":"Dexterity Potion"},{"floor":7.0,"key":"LiquidMemories"},{"floor":13.0,"key":"CultistPotion"},{"floor":22,"key":"FearPotion"}],"is_trial":false,"path_per_floor":["M","M","?","M","M","R","E","?","T","M","R","M","E","$","R","B",null,"M","?","$","?","M","R","E"],"character_chosen":"IRONCLAD","items_purchased":["Pear","Blood Vial"],"campfire_rested":1,"item_purchase_floors":[14,20],"current_hp_per_floor":[83,81,69,74,60,60,30,30,30,31,57,54,32,42,42,18,98,64,64,64,64,58,58,1,1],"gold":39,"neow_bonus":"TEN_PERCENT_HP_BONUS","is_daily":false,"chose_seed":false,"campfire_upgraded":3,"win_rate":0.0,"timestamp":1612678993,"path_taken":["M","M","?","M","M","R","E","?","T","?","R","M","E","?","R","BOSS","M","?","?","?","M","R","E"],"items_purchased_type":["Relic","Relic"],"build_version":"2020-12-22","purchased_purges":0,"victory":false,"max_hp_per_floor":[88,88,88,88,88,88,88,88,88,88,88,88,88,98,98,98,98,98,98,98,98,98,98,98,98],"relic_stats":{"counters":[12,53],"obtain_stats":[{"Blood Vial":20,"Bottled Flame":9,"Matryoshka":13,"Pear":14,"SacredBark":17,"Vajra":3,"Bottled Lightning":7,"Burning Blood":0},{"Blood Vial":10,"Bottled Flame":5,"Matryoshka":8,"Pear":8,"SacredBark":9,"Vajra":2,"Bottled Lightning":5,"Burning Blood":0},{"Blood Vial":43,"Bottled Flame":20,"Matryoshka":30,"Pear":30,"SacredBark":39,"Vajra":8,"Bottled Lightning":20,"Burning Blood":0}],"Burning Blood":66},"card_choices":[{"not_picked":["Anger","Iron Wave"],"picked":"Seeing Red","floor":1.0},{"not_picked":["Headbutt","Perfected Strike","Heavy Blade"],"picked":"SKIP","floor":2.0},{"not_picked":["Headbutt","True Grit","Thunderclap"],"picked":"SKIP","floor":4.0},{"not_picked":["Body Slam","Armaments"],"picked":"Pommel Strike","floor":5.0},{"not_picked":["Headbutt","Iron Wave"],"picked":"Bloodletting","floor":7.0},{"not_picked":["Pommel Strike","Flex","Clash"],"picked":"SKIP","floor":10.0},{"not_picked":["Body Slam","Combust","Shrug It Off"],"picked":"SKIP","floor":12.0},{"not_picked":["Metallicize","Power Through","Barricade"],"picked":"SKIP","floor":13.0},{"not_picked":["Double Tap","Impervious"],"picked":"Berserk","floor":16.0},{"not_picked":["Carnage+1","Armaments"],"picked":"Cleave","floor":18.0},{"not_picked":["Clash","Havoc+1"],"picked":"Clothesline","floor":22}],"player_experience":645409,"relics_obtained":[{"floor":7.0,"key":"Bottled Lightning"},{"floor":9.0,"key":"Bottled Flame"},{"floor":13.0,"key":"Matryoshka"}],"event_choices":[{"damage_healed":0.0,"max_hp_gain":0.0,"max_hp_loss":0.0,"gold_gain":0.0,"event_name":"Scrap Ooze","player_choice":"Success","floor":3.0,"gold_loss":0.0,"damage_taken":12.0,"relics_obtained":["Vajra"]},{"cards_removed":["Strike_R"],"damage_healed":0.0,"max_hp_gain":0.0,"max_hp_loss":0.0,"gold_gain":0.0,"event_name":"Purifier","player_choice":"Purged","floor":8.0,"gold_loss":0.0,"damage_taken":0.0},{"damage_healed":0,"gold_gain":100,"player_choice":"Bet on Murderer","damage_taken":0,"max_hp_gain":0,"max_hp_loss":0,"event_name":"The Joust","floor":19,"gold_loss":50},{"damage_healed":0,"gold_gain":0,"player_choice":"Became a vampire (Vial)","damage_taken":0,"max_hp_gain":0,"max_hp_loss":0,"event_name":"Vampires","floor":21,"relics_lost":["Blood Vial"],"gold_loss":0,"cards_obtained":["Bite","Bite","Bite","Bite","Bite"]}],"is_beta":false,"boss_relics":[{"not_picked":["Snecko Eye","Ectoplasm"],"picked":"SacredBark"}],"items_purged_floors":[],"is_endless":false,"potions_floor_spawned":[2,7,13,22],"killed_by":"Book of Stabbing","ascension_level":0}}