{"host":"a5lz0e76zb3fcwkm","time":1612715016,"event":{"mods":["AchievementEnabler","BaseMod","Colored Map","Colored Powertips","Minty Spire (QoL Compilation)","StSLib","SuperFastMode"],"gold_per_floor":[116,127,87,97,22,22,36,68,68,100,116,116,146,157,157,231,231,245,245,261,279,179,197,197,530,530,530,530,362,40,52,52,124,124,136,136,150,161,176,204,204,204,228,228,228,240,253,279,279,279,279,279,279,2,29,29],"floor_reached":57,"language":"KOR","playtime":3262,"items_purged":["Strike_G","Defend_G","Strike_G","Defend_G"],"score":3033,"play_id":"5d7ed67c-750c-44fb-b75d-78c3dd8d62a1","local_time":"20210208012336","is_ascension_mode":true,"campfire_choices":[{"data":"Apotheosis","floor":6.0,"key":"SMITH"},{"floor":12.0,"key":"REST"},{"floor":15.0,"key":"RECALL"},{"data":"Prepared","floor":24.0,"key":"SMITH"},{"data":"Neutralize","floor":27.0,"key":"SMITH"},{"data":"Well Laid Plans","floor":32.0,"key":"SMITH"},{"floor":45,"key":"REST"},{"data":"Footwork","floor":49,"key":"SMITH"},{"data":"PiercingWail","floor":53,"key":"SMITH"}],"circlet_count":0,"master_deck":["AscendersBane","Defend_G","Defend_G","Survivor","Neutralize+1","Apotheosis+1","All Out Attack","PiercingWail+1","Blur","Reflex","Deadly Poison","Deadly Poison","Prepared+1","Grand Finale","Backflip+1","Deflect+1","Deflect+1","Acrobatics","Well Laid Plans+1","Blur","Escape Plan","Footwork+1","Catalyst+1"],"relics":["Ring of the Snake","Bag of Preparation","Pear","Pantograph","Orichalcum","Nloth\u0027s Gift","Old Coin","Letter Opener","PreservedInsect","HoveringKite","Oddly Smooth Stone","Singing Bowl","Happy Flower","Gremlin Horn","Anchor","Blood Vial"],"acts_visited":["Exordium","TheCity","TheBeyond","TheEnding"],"potions_floor_usage":[56],"damage_taken":[{"damage":0.0,"enemies":"Small Slimes","floor":1.0,"turns":4.0},{"damage":1.0,"enemies":"Cultist","floor":2.0,"turns":4.0},{"damage":1.0,"enemies":"Jaw Worm","floor":4.0,"turns":4.0},{"damage":0.0,"enemies":"Lots of Slimes","floor":7.0,"turns":2.0},{"damage":8.0,"enemies":"Lagavulin","floor":8.0,"turns":8.0},{"damage":16.0,"enemies":"Gremlin Nob","floor":10.0,"turns":4.0},{"damage":1.0,"enemies":"Exordium Thugs","floor":11.0,"turns":3.0},{"damage":0.0,"enemies":"Lagavulin","floor":13.0,"turns":6.0},{"damage":0.0,"enemies":"Gremlin Gang","floor":14.0,"turns":3.0},{"damage":5.0,"enemies":"The Guardian","floor":16.0,"turns":10.0},{"damage":8.0,"enemies":"3 Byrds","floor":18.0,"turns":7.0},{"damage":2.0,"enemies":"Chosen","floor":20.0,"turns":6.0},{"damage":1.0,"enemies":"Centurion and Healer","floor":21.0,"turns":7.0},{"damage":0.0,"enemies":"Snake Plant","floor":23.0,"turns":2.0},{"damage":0.0,"enemies":"Slavers","floor":25.0,"turns":1.0},{"damage":13.0,"enemies":"Sentry and Sphere","floor":31.0,"turns":5.0},{"damage":0.0,"enemies":"Champ","floor":33.0,"turns":13.0},{"damage":0.0,"enemies":"Orb Walker","floor":35.0,"turns":5.0},{"damage":0.0,"enemies":"3 Shapes","floor":37.0,"turns":4.0},{"damage":1.0,"enemies":"Transient","floor":38.0,"turns":6.0},{"damage":0.0,"enemies":"4 Shapes","floor":39.0,"turns":2.0},{"damage":29.0,"enemies":"Nemesis","floor":40.0,"turns":7.0},{"damage":0,"enemies":"Jaw Worm Horde","floor":46,"turns":4},{"damage":0,"enemies":"3 Darklings","floor":47,"turns":3},{"damage":0,"enemies":"Reptomancer","floor":48,"turns":4},{"damage":0,"enemies":"Awakened One","floor":50,"turns":13},{"damage":43,"enemies":"Time Eater","floor":51,"turns":16},{"damage":6,"enemies":"Shield and Spear","floor":55,"turns":5},{"damage":55,"enemies":"The Heart","floor":56,"turns":15}],"seed_played":"-7361872768800258601","potions_obtained":[{"floor":3.0,"key":"FearPotion"},{"floor":3.0,"key":"BlessingOfTheForge"},{"floor":3.0,"key":"ColorlessPotion"},{"floor":10.0,"key":"SkillPotion"},{"floor":11.0,"key":"SteroidPotion"},{"floor":13.0,"key":"GamblersBrew"},{"floor":18.0,"key":"GamblersBrew"},{"floor":23.0,"key":"ColorlessPotion"},{"floor":31.0,"key":"DuplicationPotion"},{"floor":37.0,"key":"Dexterity Potion"},{"floor":40.0,"key":"Block Potion"}],"is_trial":false,"path_per_floor":["M","M","?","M","$","R","M","E","T","E","M","R","E","M","R","B",null,"M","?","M","M","$","M","R","E","T","R","T","$","$","M","R","B",null,"M","$","M","M","M","E","?","T","T","?","R","M","M","E","R","B","B",null,"R","$","E","B",null],"character_chosen":"THE_SILENT","items_purchased":["Well Laid Plans","PreservedInsect","FairyPotion","Anchor"],"campfire_rested":2,"item_purchase_floors":[29,30,54,54],"current_hp_per_floor":[44,43,43,42,42,42,42,34,44,28,27,49,49,49,49,69,74,66,66,64,63,63,63,63,63,63,63,63,63,63,50,50,75,76,76,76,76,75,75,46,46,46,46,46,68,68,68,68,68,76,33,65,65,65,61,23],"gold":29,"neow_bonus":"RANDOM_COLORLESS_2","is_daily":false,"chose_seed":false,"campfire_upgraded":6,"win_rate":0.0,"timestamp":1612715016,"path_taken":["M","M","?","?","?","R","M","E","T","E","?","R","E","M","R","BOSS","M","?","?","?","$","M","R","E","T","R","?","?","$","?","R","BOSS","M","$","?","M","M","E","?","?","T","?","R","M","M","E","R","BOSS","BOSS","R","$","E","BOSS"],"items_purchased_type":["Card","Relic","Potion","Relic"],"build_version":"2020-12-22","purchased_purges":4,"victory":true,"max_hp_per_floor":[66,66,66,66,66,66,66,66,76,76,76,76,76,76,76,76,76,76,76,76,76,76,76,76,76,76,76,76,76,76,76,76,76,76,76,76,76,76,76,76,76,76,76,76,76,76,76,76,76,76,76,76,76,76,78,78],"card_choices":[{"not_picked":["Violence","HandOfGreed"],"picked":"Apotheosis","floor":0.0},{"not_picked":["Poisoned Stab","Caltrops"],"picked":"All Out Attack","floor":1.0},{"not_picked":["Distraction","Infinite Blades","Underhanded Strike"],"picked":"SKIP","floor":2.0},{"not_picked":["Outmaneuver","Flying Knee"],"picked":"PiercingWail","floor":4.0},{"not_picked":["Skewer","Expertise"],"picked":"Blur","floor":7.0},{"not_picked":["Masterful Stab","Underhanded Strike"],"picked":"Reflex","floor":8.0},{"not_picked":["Quick Slash","Dodge and Roll","PiercingWail"],"picked":"SKIP","floor":10.0},{"not_picked":["Outmaneuver","Poisoned Stab"],"picked":"Deadly Poison","floor":11.0},{"not_picked":["Infinite Blades","Sucker Punch"],"picked":"Deadly Poison","floor":13.0},{"not_picked":["Bouncing Flask","Poisoned Stab"],"picked":"Prepared","floor":14.0},{"not_picked":["Doppelganger","Unload"],"picked":"Grand Finale","floor":16.0},{"not_picked":["Skewer","Prepared"],"picked":"Acrobatics","floor":18.0},{"not_picked":["Corpse Explosion","Flying Knee","Dodge and Roll"],"picked":"SKIP","floor":20.0},{"not_picked":["PiercingWail","Deadly Poison","A Thousand Cuts"],"picked":"SKIP","floor":21.0},{"not_picked":["Infinite Blades","Catalyst","Backflip"],"picked":"SKIP","floor":23.0},{"not_picked":["Dagger Spray+1","Dodge and Roll","A Thousand Cuts"],"picked":"SKIP","floor":25.0},{"not_picked":["Envenom","Cloak And Dagger"],"picked":"Blur","floor":31.0},{"not_picked":["Flechettes+1","Caltrops","Setup"],"picked":"SKIP","floor":35.0},{"not_picked":["Prepared","Quick Slash","Skewer"],"picked":"SKIP","floor":37.0},{"not_picked":["Bane+1","Accuracy","Dagger Spray"],"picked":"SKIP","floor":38.0},{"not_picked":["Bane","Concentrate","All Out Attack+1"],"picked":"SKIP","floor":39.0},{"not_picked":["Slice","Underhanded Strike","Sucker Punch"],"picked":"SKIP","floor":40.0},{"not_picked":["Dagger Throw","A Thousand Cuts"],"picked":"Escape Plan","floor":46},{"not_picked":["Bouncing Flask","Slice"],"picked":"Footwork","floor":47},{"not_picked":["Outmaneuver+1","Cloak And Dagger"],"picked":"Catalyst+1","floor":48},{"not_picked":["Backstab","Calculated Gamble","A Thousand Cuts"],"picked":"Singing Bowl","floor":55}],"player_experience":1847730,"relics_obtained":[{"floor":8.0,"key":"Bag of Preparation"},{"floor":9.0,"key":"Pear"},{"floor":10.0,"key":"Pantograph"},{"floor":13.0,"key":"Orichalcum"},{"floor":25.0,"key":"Old Coin"},{"floor":28.0,"key":"Letter Opener"},{"floor":40.0,"key":"Oddly Smooth Stone"},{"floor":42.0,"key":"Singing Bowl"},{"floor":43.0,"key":"Happy Flower"},{"floor":48,"key":"Gremlin Horn"},{"floor":55,"key":"Blood Vial"}],"event_choices":[{"damage_healed":0.0,"max_hp_gain":0.0,"max_hp_loss":0.0,"gold_gain":0.0,"event_name":"The Woman in Blue","player_choice":"Bought 3 Potions","floor":3.0,"gold_loss":0.0,"damage_taken":0.0},{"damage_healed":0.0,"max_hp_gain":0.0,"max_hp_loss":0.0,"gold_gain":0.0,"event_name":"N\u0027loth","player_choice":"Traded Relic","floor":19.0,"relics_lost":["Astrolabe"],"gold_loss":0.0,"damage_taken":0.0,"relics_obtained":["Nloth\u0027s Gift"]},{"cards_removed":["Strike_G"],"damage_healed":0.0,"max_hp_gain":0.0,"max_hp_loss":0.0,"gold_gain":0.0,"event_name":"Falling","player_choice":"Removed Attack","floor":41.0,"gold_loss":0.0,"damage_taken":0.0},{"damage_healed":0,"gold_gain":0,"player_choice":"Ignored","damage_taken":0,"max_hp_gain":0,"max_hp_loss":0,"event_name":"Mysterious Sphere","floor":44,"gold_loss":0}],"is_beta":false,"boss_relics":[{"not_picked":["Cursed Key","Black Star"],"picked":"Astrolabe"},{"not_picked":["Runic Dome","Velvet Choker"],"picked":"HoveringKite"}],"items_purged_floors":[5,22,29,30],"is_endless":false,"potions_floor_spawned":[4,10,11,13,16,18,23,31,37,38,39,40,47],"ascension_level":20}}