{"host":"qzi6bhetobyvb8z3","time":1612725171,"event":{"mods":["Aspiration","BaseMod","BetterRewards","Friendly Minions","GifTheSpireLib","Hubris","KomeijiMod","Minty Spire (QoL Compilation)","Quick Restart","Replay The Spire","Shop Mod","StSLib"],"gold_per_floor":[170,190,190,41,41,72,72,72,72,82,113,113,13,31,31,127,127,139,170,197,197,215,111,126,126,126,142,142,154,180,196,196,301,301,313,325,378,188,200,236,236,251,305,317,329,341,21,31,31,31,31,31,18,48,48,48],"floor_reached":55,"language":"ZHS","playtime":2561,"items_purged":["Regret","hubris:Sloth","Strike_Remiria","Defend_Remirira","Strike_Remiria"],"score":726,"play_id":"02873721-53f0-4bb1-a711-b40ee97b21d6","local_time":"20210208031251","is_ascension_mode":false,"campfire_choices":[{"data":"CurseofVladTepes","floor":12.0,"key":"SMITH"},{"data":"ThirstForBlood","floor":15.0,"key":"SMITH"},{"floor":28.0,"key":"RECALL"},{"floor":32.0,"key":"REST"},{"data":"ScarletDestiny","floor":52,"key":"SMITH"},{"data":"MillenniumVampire","floor":52,"key":"SMITH"}],"circlet_count":0,"master_deck":["Strike_Remiria","Strike_Remiria","Defend_Remirira","Defend_Remirira","Defend_Remirira","Absorbed","Scratch","CruelSlaughter","SealingFear","CurseofVladTepes+1","RocketKickup","Feint","ChainGang","ThirstForBlood+1","ScarletDestiny+1","BloodyMagicSquare","BodyStrengthen","Inflame+1","HeartBreak_Remiria","VampirishNight+1","BathedInBlood+1","Burning Pact","RocketKickup+1","NaturallyHealing+1","MillenniumVampire+1","TricksterDevil+1"],"relics":["ThirstyCrossSpe","NeowsBlessing","Blood Vial","Tiny Chest","hubris:Icosahedron","Red Mask","Orichalcum","hubris:Towel","MerchantsRug","Coffee Dripper","Lantern","hubris:ToyBattleship","hubris:SlimyHat","hubris:HerbalPaste","Lizard Tail","ReplayTheSpireMod:Ninjato"],"acts_visited":["Exordium","TheCity","TheBeyond","TheEnding"],"potions_floor_usage":[50],"damage_taken":[{"damage":0.0,"enemies":"Cultist","floor":1.0,"turns":1.0},{"damage":0.0,"enemies":"Small Slimes","floor":2.0,"turns":1.0},{"damage":0.0,"enemies":"Gremlin Nob","floor":6.0,"turns":1.0},{"damage":0.0,"enemies":"2 Louse","floor":10.0,"turns":1.0},{"damage":16.0,"enemies":"3 Sentries","floor":11.0,"turns":5.0},{"damage":12.0,"enemies":"Blue Slaver","floor":14.0,"turns":3.0},{"damage":47.0,"enemies":"The Guardian","floor":16.0,"turns":9.0},{"damage":21.0,"enemies":"2 Thieves","floor":18.0,"turns":4.0},{"damage":2.0,"enemies":"Masked Bandits","floor":19.0,"turns":2.0},{"damage":10.0,"enemies":"Shell Parasite","floor":22.0,"turns":5.0},{"damage":16.0,"enemies":"Snecko","floor":24.0,"turns":5.0},{"damage":10.0,"enemies":"Centurion and Healer","floor":27.0,"turns":5.0},{"damage":11.0,"enemies":"Cultist and Chosen","floor":29.0,"turns":6.0},{"damage":14.0,"enemies":"Gremlin Leader","floor":30.0,"turns":4.0},{"damage":22.0,"enemies":"Snecko","floor":31.0,"turns":8.0},{"damage":46.0,"enemies":"Pondfish","floor":33.0,"turns":10.0},{"damage":3.0,"enemies":"3 Darklings","floor":35.0,"turns":3.0},{"damage":0.0,"enemies":"3 Shapes","floor":36.0,"turns":4.0},{"damage":31.0,"enemies":"Writhing Mass","floor":39.0,"turns":5.0},{"damage":4.0,"enemies":"Maw","floor":42.0,"turns":5.0},{"damage":17.0,"enemies":"4 Shapes","floor":44.0,"turns":2.0},{"damage":18.0,"enemies":"3 Darklings","floor":45.0,"turns":3.0},{"damage":14.0,"enemies":"Transient","floor":46.0,"turns":5.0},{"damage":27.0,"enemies":"Sphere and 2 Shapes","floor":48.0,"turns":5.0},{"damage":67,"enemies":"Replay:Hell Engine","floor":50,"turns":7},{"damage":46,"enemies":"Shield and Spear","floor":54,"turns":6},{"damage":68,"enemies":"The Heart","floor":55,"turns":3}],"seed_played":"-4277945078100271406","potions_obtained":[{"floor":6.0,"key":"FearPotion"},{"floor":11.0,"key":"SteroidPotion"},{"floor":14.0,"key":"Dexterity Potion"},{"floor":16.0,"key":"Ancient Potion"},{"floor":18.0,"key":"Dexterity Potion"},{"floor":19.0,"key":"Elixir"},{"floor":27.0,"key":"Adrenaline Potion"},{"floor":33.0,"key":"Fire Potion"},{"floor":42.0,"key":"Cursed Concoction"},{"floor":44.0,"key":"Languid Potion"},{"floor":48.0,"key":"LiquidMemories"}],"is_trial":false,"path_per_floor":["M","M","?","$","?","E","?","$","T","M","E","R","$","M","R","B",null,"M","?","T","?","M","$","M","?","T","M","R","M","E","M","R","B",null,"M","M","T","$","M","?","R","M","T","M","M","M","$","M","R","B",null,"R","$","E","B"],"character_chosen":"RemiriaScarlet","items_purchased":["CurseofVladTepes","MerchantsRug","Lantern","hubris:SlimyHat","Potion Belt","hubris:HerbalPaste","Lizard Tail"],"campfire_rested":1,"item_purchase_floors":[4,23,38,47,47,47,53],"current_hp_per_floor":[100,100,100,100,100,100,100,100,100,100,84,84,84,74,74,29,100,79,79,79,79,71,71,59,92,92,86,86,82,74,58,89,81,106,103,105,105,105,76,52,52,55,55,42,26,14,14,88,112,50,112,112,112,80,19,19],"gold":48,"neow_bonus":"THREE_ENEMY_KILL","is_daily":false,"chose_seed":false,"campfire_upgraded":4,"win_rate":0.0,"timestamp":1612725171,"path_taken":["M","?","?","$","?","E","?","?","T","M","E","R","$","M","R","BOSS","M","?","?","?","?","$","M","?","T","M","R","M","E","M","R","BOSS","M","M","?","?","M","?","R","M","T","M","M","M","$","M","R","BOSS","R","$","E","BOSS"],"items_purchased_type":["Card","Relic","Relic","Relic","Relic","Relic","Relic"],"build_version":"2020-12-22","purchased_purges":5,"victory":false,"max_hp_per_floor":[100,100,100,100,100,100,100,100,100,100,100,100,100,100,100,100,100,100,100,100,100,100,100,100,100,100,102,102,102,104,106,106,106,106,106,106,106,106,106,108,108,110,110,112,112,112,112,112,112,112,112,112,112,112,112,112],"card_choices":[{"not_picked":["FierceSweep","StigmaNizer"],"picked":"CruelSlaughter","floor":1.0},{"not_picked":["VampireKiss_Remiria","SeparateFleshBlood"],"picked":"SealingFear","floor":2.0},{"not_picked":["Cripple","YoungDemonLord","Heavy Blade"],"picked":"RocketKickup","floor":6.0},{"not_picked":["VampirishNight","YoungDemonLord","Havoc"],"picked":"Feint","floor":10.0},{"not_picked":["BloodySuit","FateMeister","Dropkick"],"picked":"ChainGang","floor":11.0},{"not_picked":["FierceSweep","SeparateFleshBlood","hubris:CleavingFinish"],"picked":"ThirstForBlood","floor":14.0},{"not_picked":["RedMagic","Coercion","Eclipse"],"picked":"ScarletDestiny","floor":16.0},{"not_picked":["Warpath+1","Offensive","Perfected Strike"],"picked":"BloodyMagicSquare","floor":18.0},{"not_picked":["FierceSweep+1","SeparateFleshBlood","FitfulNightmare","Ghostly Armor"],"picked":"SKIP","floor":22.0},{"not_picked":["ServantFlier","Cripple","Body Slam"],"picked":"BodyStrengthen","floor":24.0},{"not_picked":["Warpath","NightDance","FierceSweep","Sword Boomerang"],"picked":"Singing Bowl","floor":27.0},{"not_picked":["DamonLordCradle_Remiria","BodyStrengthen","ServantFlier"],"picked":"Inflame","floor":29.0},{"not_picked":["Warpath","Paradox","BloodPact","Clothesline"],"picked":"Singing Bowl","floor":30.0},{"not_picked":["StigmaNizer","SealingFear","DoubleEdge","Perfected Strike"],"picked":"Singing Bowl","floor":31.0},{"not_picked":["BadLadyScramble","MiserableFate_Remiria","Feed"],"picked":"HeartBreak_Remiria","floor":33.0},{"not_picked":["BloodPact+1","BloodCleaner+1","Whirlwind"],"picked":"VampirishNight+1","floor":35.0},{"not_picked":["Feint+1","BloodySuit+1","Rampage"],"picked":"BathedInBlood+1","floor":36.0},{"not_picked":["BodyStrengthen+1","BloodySuit","DamonLordCradle_Remiria"],"picked":"Burning Pact","floor":39.0},{"not_picked":["SealingFear","Rewrite","NaturallyHealing","Shockwave"],"picked":"Singing Bowl","floor":40.0},{"not_picked":["Warpath+1","StigmaNizer","Paradox","Flex"],"picked":"Singing Bowl","floor":42.0},{"not_picked":["DemonLordWalk+1","BodyStrengthen+1","NaturallyHealing","Clothesline"],"picked":"Singing Bowl","floor":44.0},{"not_picked":["ScarletNetherworld+1","BloodySuit+1","Anger"],"picked":"RocketKickup+1","floor":45.0},{"not_picked":["DemonsDinnerFork_Remiria+1","RocketKickup+1","ReplayReversal"],"picked":"NaturallyHealing+1","floor":46.0},{"not_picked":["BloodPact+1","Tearing","Spot Weakness"],"picked":"MillenniumVampire","floor":48.0},{"not_picked":["LifeBreak+1","Cripple"],"picked":"TricksterDevil+1","floor":54}],"player_experience":706040,"relics_obtained":[{"floor":6.0,"key":"Tiny Chest"},{"floor":11.0,"key":"Omamori"},{"floor":19.0,"key":"Red Mask"},{"floor":20.0,"key":"Orichalcum"},{"floor":26.0,"key":"Singing Bowl"},{"floor":30.0,"key":"Smiling Mask"},{"floor":37.0,"key":"Blue Doll"},{"floor":40.0,"key":"Replay:Arrowhead"},{"floor":43.0,"key":"hubris:ToyBattleship"},{"floor":54,"key":"ReplayTheSpireMod:Ninjato"}],"event_choices":[{"damage_healed":0.0,"max_hp_gain":0.0,"max_hp_loss":0.0,"gold_gain":0.0,"event_name":"Big Fish","player_choice":"Box","floor":3.0,"gold_loss":0.0,"damage_taken":0.0,"relics_obtained":["Blood Vial"],"cards_obtained":["Regret"]},{"damage_healed":0.0,"max_hp_gain":0.0,"max_hp_loss":0.0,"gold_gain":0.0,"event_name":"Masked Bandits","player_choice":"Fought Bandits","floor":19.0,"gold_loss":0.0,"damage_taken":0.0},{"damage_healed":33.0,"max_hp_gain":0.0,"max_hp_loss":0.0,"gold_gain":0.0,"event_name":"The Library","player_choice":"Heal","floor":25.0,"gold_loss":0.0,"damage_taken":0.0}],"is_beta":false,"boss_relics":[{"not_picked":["Honey Jar","Replay:Wanted Poster"],"picked":"Fusion Hammer"},{"not_picked":["Ring of Chaos","aspiration:DefectSkillbook"],"picked":"Coffee Dripper"}],"items_purged_floors":[4,13,38,47,53],"is_endless":false,"potions_floor_spawned":[6,11,14,16,18,19,22,27,33,42,44,48],"killed_by":"The Heart","ascension_level":0}}