{"host":"unahupgi85cj6bxp","time":1612681924,"event":{"mods":["Act Like it!","Aspiration","BaseMod","Card Forge","Conspire","Downfall","Energized Spire","Hubris","Infinite Spire","Minty Spire (QoL Compilation)","Replay The Spire","StSLib"],"gold_per_floor":[99,119,119,33,51,62,88,113,13,28,61,61,78,108,125,221,221,21,33,133,133,143,162,162,181,211,221,234,266,266,296,306,306,306,306],"floor_reached":33,"language":"ENG","playtime":4491,"items_purged":[],"score":417,"play_id":"99443adb-5464-4ef0-ba60-556369937c07","local_time":"20210206231204","is_ascension_mode":true,"campfire_choices":[{"floor":1,"key":"RECALL"},{"floor":9,"key":"REST"},{"floor":18,"key":"REST"},{"floor":30,"key":"REST"},{"floor":30,"key":"DIG"}],"circlet_count":0,"master_deck":["Slimebound:Strike_Slimebound+1","Slimebound:Strike_Slimebound+1","Slimebound:Strike_Slimebound+1","Slimebound:Tackle+1","Slimebound:Defend_Slimebound+1","Slimebound:Defend_Slimebound+1","Slimebound:Defend_Slimebound+1","Slimebound:Defend_Slimebound+1","Slimebound:Split+1","Slimebound:CorrosiveSpit+1","Slimebound:GoopSpray+1","Slimebound:Schlurp+1","Slimebound:ItLooksTasty+1","Slimebound:LevelUp+1","Slimebound:LeadByExample+1","Slimebound:GoopSpray+1","Slimebound:SplitBruiser+1","Slimebound:SlimeTap+1","Slimebound:SamplingLick+1","Slimebound:TongueLash+1","Slimebound:LevelUp+1","Slimebound:OozeBath+1","Slimebound:MegaLick+1","Slimebound:LeadByExample+1","Slimebound:LeechEnergy+1","Slimebound:RainOfGoop+1","Slimebound:FinishingTackle+1","Slimebound:SplitLeeching+1","Slimebound:LeechEnergy+1","Slimebound:DivideAndConquer+1","Slimebound:Chomp+1","Slimebound:Equalize+1","Slimebound:Overexert"],"relics":["Hammer of Thor","Seething Fire","Anvil of the Gods","aspiration:RunicSpoon","infinitespire:Magic Flask","downfall:HeartBlessingRed","PreservedInsect","Slimebound:AggressiveSlimeRelic","Ring of Chaos","downfall:HeartBlessingGreen","downfall:HeartBlessingBlue","conspire:GlowingRock","HornCleat","hubris:Towel","Replay:Multitool","Matryoshka","Gambling Chip","Replay:Accelerometer","Ancient Tea Set"],"acts_visited":["Exordium","TheCity"],"potions_floor_usage":[8,16,20,29,29,29,31,33],"damage_taken":[{"damage":0,"enemies":"2 Louse","floor":2,"turns":2},{"damage":0,"enemies":"downfall:FleeingMerchant","floor":4,"turns":4},{"damage":0,"enemies":"Cultist","floor":5,"turns":3},{"damage":0,"enemies":"conspire:RoseBush","floor":6,"turns":3},{"damage":12,"enemies":"3 Sentries","floor":8,"turns":5},{"damage":0,"enemies":"3 Louse","floor":10,"turns":2},{"damage":0,"enemies":"Lagavulin","floor":11,"turns":4},{"damage":7,"enemies":"Large Slime","floor":13,"turns":3},{"damage":1,"enemies":"Replay:BlueRogue","floor":14,"turns":3},{"damage":2,"enemies":"Blue Slaver","floor":15,"turns":2},{"damage":14,"enemies":"IC_STATUS_ARCHETYPE","floor":16,"turns":4},{"damage":3,"enemies":"Shell Parasite","floor":19,"turns":3},{"damage":2,"enemies":"Colosseum Nobs","floor":20,"turns":3},{"damage":0,"enemies":"Snake Plant","floor":22,"turns":2},{"damage":27,"enemies":"Centurion and Healer","floor":23,"turns":6},{"damage":1,"enemies":"Chosen and Byrds","floor":25,"turns":3},{"damage":13,"enemies":"Slavers","floor":26,"turns":3},{"damage":1,"enemies":"Snake Plant","floor":27,"turns":3},{"damage":9,"enemies":"Shelled Parasite and Fungi","floor":28,"turns":3},{"damage":16,"enemies":"Nightmare","floor":29,"turns":3},{"damage":10,"enemies":"Slavers","floor":31,"turns":3},{"damage":5,"enemies":"Centurion and Healer","floor":32,"turns":4},{"damage":29,"enemies":"DF_ARCHETYPE_CLAW","floor":33,"turns":5}],"seed_played":"3939790258330310237","potions_obtained":[{"floor":2,"key":"DistilledChaos"},{"floor":5,"key":"Death Potion"},{"floor":11,"key":"Adrenaline Potion"},{"floor":15,"key":"CultistPotion"},{"floor":19,"key":"Energy Potion"},{"floor":23,"key":"Doom Potion"},{"floor":27,"key":"Fire Potion"},{"floor":28,"key":"Energy Potion"},{"floor":29,"key":"Fruit Juice"},{"floor":32,"key":"LifebloodPotion"}],"is_trial":false,"path_per_floor":["R","M","?","$","M","M","T","E","R","M","E","?","M","E","M","B",null,"R","M","?","?","M","M","T","M","E","M","M","NM","R","E","M","B"],"character_chosen":"SLIMEBOUND","items_purchased":["Slimebound:Schlurp","Slimebound:ItLooksTasty"],"campfire_rested":3,"item_purchase_floors":[4,4],"current_hp_per_floor":[65,65,65,65,65,65,65,53,65,65,65,65,58,57,55,41,65,75,72,70,70,70,43,43,42,29,28,19,3,25,20,15,0,0,0],"gold":306,"neow_bonus":"BOSS_RELIC","is_daily":false,"chose_seed":false,"campfire_upgraded":0,"win_rate":0.0,"timestamp":1612681924,"path_taken":["R","M","?","$","M","M","T","E","R","?","E","?","?","E","M","BOSS","R","M","?","?","M","M","T","M","E","M","M","NM","R","E","M","BOSS"],"items_purchased_type":["Card","Card"],"build_version":"2020-12-22","purchased_purges":0,"victory":false,"max_hp_per_floor":[65,65,65,65,65,65,65,65,65,65,65,65,65,65,65,65,65,75,75,75,75,75,75,75,75,75,75,75,75,75,80,80,80,80,80],"card_choices":[{"not_picked":["Slimebound:Replication","Slimebound:RollThrough"],"picked":"Slimebound:SplitLeeching","floor":2},{"not_picked":["Slimebound:PressTheAttack","Slimebound:LeechingTouch"],"picked":"Slimebound:GoopSpray","floor":4},{"not_picked":["Slimebound:RejuvenatingLick","Slimebound:SplitMire"],"picked":"Slimebound:LevelUp","floor":5},{"not_picked":["Slimebound:Replication","Slimebound:LivingWall"],"picked":"Slimebound:LeadByExample","floor":6},{"not_picked":["Slimebound:GoopTackle","Slimebound:SplitMire"],"picked":"Slimebound:GoopSpray","floor":8},{"not_picked":["Slimebound:FirmFortitude","Slimebound:Schlurp"],"picked":"Slimebound:SplitBruiser","floor":10},{"not_picked":["Slimebound:LeadByExample","Slimebound:Nibble"],"picked":"Slimebound:SlimeTap","floor":11},{"not_picked":["Slimebound:HauntingLick","Slimebound:Replication"],"picked":"Slimebound:SamplingLick","floor":13},{"not_picked":["Slimebound:RollThrough","Slimebound:Gluttony"],"picked":"Slimebound:TongueLash","floor":14},{"not_picked":["Slimebound:SplitAcid","Slimebound:GoopSpray"],"picked":"Slimebound:LevelUp","floor":15},{"not_picked":["Slimebound:SelfFormingGoo","Slimebound:DouseInSlime"],"picked":"Slimebound:OozeBath","floor":16},{"not_picked":["Slimebound:GoopSpray","Slimebound:ComboTackle"],"picked":"Slimebound:MegaLick","floor":19},{"not_picked":["Slimebound:LeechingTouch","Slimebound:SplitLeeching"],"picked":"Slimebound:LeadByExample","floor":20},{"not_picked":["Slimebound:LeechingTouch","Slimebound:SamplingLick"],"picked":"Slimebound:LeechEnergy","floor":22},{"not_picked":["Slimebound:HauntingLick","Slimebound:GoopTackle"],"picked":"Slimebound:RainOfGoop","floor":23},{"not_picked":["Slimebound:SlimeSpikes","Slimebound:Replication+1"],"picked":"Slimebound:FinishingTackle+1","floor":25},{"not_picked":["Slimebound:DisruptingSlam","Slimebound:GoopTackle"],"picked":"Slimebound:SplitLeeching","floor":26},{"not_picked":["Slimebound:SamplingLick","Slimebound:GoopTackle+1"],"picked":"Slimebound:LeechEnergy+1","floor":27},{"not_picked":["Slimebound:Grow+1","Slimebound:SplitLeeching"],"picked":"Slimebound:DivideAndConquer","floor":28},{"not_picked":["Slimebound:ItLooksTasty+1","Slimebound:SamplingLick"],"picked":"Slimebound:Chomp","floor":29},{"not_picked":["Slimebound:Teamwork","Slimebound:Grow"],"picked":"Slimebound:Equalize+1","floor":31},{"not_picked":["Slimebound:SamplingLick","Slimebound:BestDefense"],"picked":"Slimebound:Overexert","floor":32}],"player_experience":886361,"relics_obtained":[{"floor":8,"key":"infinitespire:Magic Flask"},{"floor":11,"key":"PreservedInsect"},{"floor":14,"key":"Slimebound:AggressiveSlimeRelic"},{"floor":20,"key":"conspire:GlowingRock"},{"floor":20,"key":"HornCleat"},{"floor":24,"key":"Replay:Multitool"},{"floor":26,"key":"Matryoshka"},{"floor":29,"key":"Gambling Chip"},{"floor":30,"key":"Replay:Accelerometer"},{"floor":31,"key":"Ancient Tea Set"}],"event_choices":[{"cards_removed":["Slimebound:SplitLeeching"],"damage_healed":5,"gold_gain":0,"player_choice":"Offered Common","damage_taken":0,"max_hp_gain":0,"max_hp_loss":0,"event_name":"Bonfire Elementals","floor":3,"gold_loss":0},{"cards_removed":["Slimebound:SplitLeeching"],"damage_healed":5,"gold_gain":0,"player_choice":"Offered Special","damage_taken":0,"max_hp_gain":0,"max_hp_loss":0,"event_name":"Bonfire Elementals","floor":3,"gold_loss":0}],"is_beta":false,"boss_relics":[{"not_picked":["ReplayTheSpireMod:SealedPack","hubris:Stopwatch"],"picked":"Ring of Chaos"}],"items_purged_floors":[],"is_endless":false,"potions_floor_spawned":[2,5,11,15,19,23,27,28,29,32],"killed_by":"DF_ARCHETYPE_CLAW","ascension_level":2}}