{"host":"i4vlfbz13gs2xtdj","time":1612720775,"event":{"mods":["2.2 Compatiblity","AchievementEnabler","Act Like it!","Aspiration","BaseMod","Bestiary","Better Altar","Better Match","Better Note","Better Sensory Stone","Better Skull","Better Third Choice","BetterRewards","CatGirl Mod","Challenge The Spire","Colored Map","Colored Powertips","Curses Come First","Defuse TimeMaze Blight","Elementarium","Energized Spire","Fox Events","Friendly Minions","GifTheSpireLib","Halation","Hubris","Infinite Spire","Jedi Mod","Marked Mod","Menagerie","Minty Spire (QoL Compilation)","Pale of the Ancients","Potionbrewer","Rare Cards Sparkle","Relic Sorter","Relic Stats","Reliquary","Replay The Spire","Shop Mod","Somnambulant","Spicy Shops","Spikes Relics","Spire Arcade","StSLib","Stuff the Spire","The Blue Laboratory","The Marked","The Sage","Trackpad","Useless Jewels Mod","Wandering Minibosses"],"gold_per_floor":[10,24,38,38,56,91,108,436,436,436,447,447,457,476,476,577,577,588,602,602,602,9,9,37,57,57,84,84,84,84,84,84,84,84],"floor_reached":33,"language":"ENG","playtime":2253,"items_purged":["StuffTheSpire:CuriosityCurse"],"score":312,"play_id":"c26ee3d5-662e-4842-bdbe-2877401793db","local_time":"20210207125935","is_ascension_mode":false,"campfire_choices":[{"data":"Reinforced Body","floor":10,"key":"SMITH"},{"floor":15,"key":"REST"},{"data":"Forethought","floor":23,"key":"SMITH"},{"floor":32,"key":"REST"}],"circlet_count":0,"master_deck":["Strike_B+1","Defend_B","Defend_B","Defend_B","Defend_B","Zap","Dualcast","Beam Cell","Double Energy","Sweeping Beam","Menagerie:BloodySpellbook","Reinforced Body+1","BasicCrystalCard","jedi:reiji","Conserve Battery","Dagger Spray","ShadowRift+1","Heel Hook","Skim","Ball Lightning","Rainbow+1","Streamline+1","jedi:overflow+1","Forethought+1","Skim","Ball Lightning+1"],"relics":["Cracked Core","Calipers","Ring of Misfortune","ReplayTheSpireMod:Ring of Collecting","hubris:TinFlute","Vajra","Ring of Peace","reliquary:HotPoker","sagemod:Falmels_Amulet","potionbrewer:WarMedal","halation:PinkSoulGem","MerchantsRug","Regal Pillow","Replay:Antivirus Software","ReplayTheSpireMod:Ring of Addiction","Potion Belt","hubris:EmptyBottle","Juzu Bracelet","aspiration:TomeofQuesting","reliquary:RosewoodLute"],"acts_visited":["Menagerie:Menagerie","Elementarium:Elementarium"],"potions_floor_usage":[6,11,16,16,18,25,27,27,27,27,27,27,27,33,33,33,33,33],"damage_taken":[{"damage":1,"enemies":"Menagerie:2_RABBITS","floor":1,"turns":3},{"damage":0,"enemies":"Menagerie:StygianBoar","floor":2,"turns":2},{"damage":4,"enemies":"Menagerie:MonstrousExperiment","floor":3,"turns":2},{"damage":0,"enemies":"Menagerie:3_RABBITS","floor":5,"turns":3},{"damage":3,"enemies":"Menagerie:Hydra","floor":6,"turns":4},{"damage":1,"enemies":"Menagerie:MeltingSalamander","floor":7,"turns":3},{"damage":5,"enemies":"Menagerie:RedMage","floor":11,"turns":3},{"damage":0,"enemies":"Menagerie:STYGIAN_BOAR_AND_RABBIT","floor":13,"turns":3},{"damage":0,"enemies":"Menagerie:3_RABBITS","floor":14,"turns":3},{"damage":11,"enemies":"Menagerie:AVATARS","floor":16,"turns":7},{"damage":4,"enemies":"Elementarium:MUD_AND_TAR_GOLEMS","floor":18,"turns":4},{"damage":0,"enemies":"Elementarium:Cyclone","floor":19,"turns":5},{"damage":19,"enemies":"Elementarium:WarGolem","floor":24,"turns":5},{"damage":0,"enemies":"Elementarium:Hydrostalker","floor":25,"turns":7},{"damage":9,"enemies":"Nightmare","floor":27,"turns":6},{"damage":62,"enemies":"Elementarium:PHOENIXES","floor":33,"turns":8}],"seed_played":"2021430418732421232","potions_obtained":[{"floor":2,"key":"SteroidPotion"},{"floor":5,"key":"Reflective Coating"},{"floor":7,"key":"Toxic Potion"},{"floor":11,"key":"blueLaboratory:CreativityPotion"},{"floor":13,"key":"potionbrewer:AcidPotion"},{"floor":14,"key":"DuplicationPotion"},{"floor":24,"key":"EssenceOfDarkness"},{"floor":26,"key":"Venom Potion"},{"floor":26,"key":"blueLaboratory:BottleOfVodka"},{"floor":26,"key":"blueLaboratory:BottleOfRum"},{"floor":27,"key":"blueLaboratory:Moonshine"}],"is_trial":false,"path_per_floor":["M","M","M","?","M","E","M","?","T","R","M","?","M","M","R_BF","B",null,"M","M","?","?","$","R","E","M","T","NM","?","?","?","?","R","B"],"character_chosen":"DEFECT","items_purchased":["MerchantsRug","Forethought","Regal Pillow","Strength Potion","Adrenaline Potion"],"campfire_rested":2,"item_purchase_floors":[22,22,22,22,22],"current_hp_per_floor":[74,74,70,70,70,67,66,18,18,18,13,13,13,13,35,24,75,71,71,71,71,71,71,52,52,52,43,43,40,23,23,57,0,0],"gold":84,"neow_bonus":"ONE_RARE_RELIC","is_daily":false,"chose_seed":false,"campfire_upgraded":2,"win_rate":0.0,"timestamp":1612720775,"path_taken":["M","M","?","?","?","E","?","?","T","R","?","?","M","?","R_BF","BOSS","M","M","?","?","?","R","E","M","T","NM","?","?","?","?","R","BOSS"],"items_purchased_type":["Relic","Card","Relic","Potion","Potion"],"build_version":"2020-12-22","purchased_purges":1,"victory":false,"max_hp_per_floor":[75,75,75,75,75,75,75,75,75,75,75,75,75,75,75,75,75,75,75,75,75,75,75,75,75,75,75,75,75,75,66,66,66,66],"relic_stats":{"Regal Pillow":15,"counters":[16,68],"Juzu Bracelet":2,"obtain_stats":[{"Potion Belt":26,"MerchantsRug":22,"potionbrewer:WarMedal":20,"Regal Pillow":22,"Calipers":0,"sagemod:Falmels_Amulet":17,"ReplayTheSpireMod:Ring of Addiction":26,"Vajra":8,"aspiration:TomeofQuesting":30,"Juzu Bracelet":27,"hubris:EmptyBottle":26,"reliquary:RosewoodLute":31,"reliquary:HotPoker":9,"Ring of Misfortune":4,"ReplayTheSpireMod:Ring of Collecting":4,"Ring of Peace":9,"Replay:Antivirus Software":24,"Cracked Core":0,"halation:PinkSoulGem":21,"hubris:TinFlute":6},{"Potion Belt":14,"MerchantsRug":12,"potionbrewer:WarMedal":12,"Regal Pillow":12,"Calipers":0,"sagemod:Falmels_Amulet":10,"ReplayTheSpireMod:Ring of Addiction":14,"Vajra":6,"aspiration:TomeofQuesting":15,"Juzu Bracelet":15,"hubris:EmptyBottle":14,"reliquary:RosewoodLute":15,"reliquary:HotPoker":6,"Ring of Misfortune":3,"ReplayTheSpireMod:Ring of Collecting":3,"Ring of Peace":6,"Replay:Antivirus Software":13,"Cracked Core":0,"halation:PinkSoulGem":12,"hubris:TinFlute":5},{"Potion Belt":54,"MerchantsRug":42,"potionbrewer:WarMedal":42,"Regal Pillow":42,"Calipers":0,"sagemod:Falmels_Amulet":33,"ReplayTheSpireMod:Ring of Addiction":54,"Vajra":17,"aspiration:TomeofQuesting":60,"Juzu Bracelet":60,"hubris:EmptyBottle":54,"reliquary:RosewoodLute":60,"reliquary:HotPoker":17,"Ring of Misfortune":7,"ReplayTheSpireMod:Ring of Collecting":7,"Ring of Peace":17,"Replay:Antivirus Software":47,"Cracked Core":0,"halation:PinkSoulGem":42,"hubris:TinFlute":14}]},"card_choices":[{"not_picked":["Blizzard","ReplaySort"],"picked":"Beam Cell","floor":1},{"not_picked":["Streamline","Redo"],"picked":"Double Energy","floor":2},{"not_picked":["BasicCrystalCard","Barrage"],"picked":"Sweeping Beam","floor":3},{"not_picked":["Panic Button","hubris:PowerSurge"],"picked":"Reinforced Body","floor":5},{"not_picked":["Gash","Creative AI"],"picked":"BasicCrystalCard","floor":6},{"not_picked":["ReplayTheSpireMod:System Scan","jedi:blockon"],"picked":"jedi:reiji","floor":7},{"not_picked":["Glacier","Sweeping Beam"],"picked":"Conserve Battery","floor":11},{"not_picked":["ReplayTheSpireMod:GoodbyeWorld","Amplify"],"picked":"Skim","floor":13},{"not_picked":["Compile Driver","Cold Snap"],"picked":"Ball Lightning","floor":14},{"not_picked":["jedi:bruteforce","Machine Learning"],"picked":"Rainbow","floor":16},{"not_picked":["Panic Button","jedi:blockon"],"picked":"Streamline","floor":18},{"not_picked":["StuffTheSpire:LoadUp+1","Redo"],"picked":"jedi:overflow+1","floor":19},{"not_picked":["StuffTheSpire:Plugnplay","Sweeping Beam"],"picked":"Skim","floor":24},{"not_picked":["FIFO Queue","Coolheaded"],"picked":"Ball Lightning+1","floor":25},{"not_picked":["jedi:BurstLightning","BasicCrystalCard","Leap"],"picked":"SKIP","floor":27}],"player_experience":353000,"relics_obtained":[{"floor":4,"key":"Ring of Misfortune"},{"floor":4,"key":"ReplayTheSpireMod:Ring of Collecting"},{"floor":6,"key":"hubris:TinFlute"},{"floor":9,"key":"Ring of Peace"},{"floor":9,"key":"reliquary:HotPoker"},{"floor":24,"key":"Replay:Antivirus Software"},{"floor":26,"key":"ReplayTheSpireMod:Ring of Addiction"},{"floor":26,"key":"Potion Belt"},{"floor":26,"key":"hubris:EmptyBottle"},{"floor":27,"key":"Juzu Bracelet"}],"event_choices":[{"damage_healed":0,"gold_gain":328,"player_choice":"GO UP RE GO GO ","damage_taken":55,"relics_obtained":["Vajra"],"max_hp_gain":0,"max_hp_loss":0,"event_name":"betterSkull:BetterSkull","floor":8,"gold_loss":0,"cards_upgraded":["Strike_B"]},{"damage_healed":0,"gold_gain":0,"player_choice":"Meditate","damage_taken":0,"max_hp_gain":0,"max_hp_loss":0,"event_name":"Elementarium:SculptureGarden","floor":28,"gold_loss":0,"cards_upgraded":["ShadowRift","Rainbow","Streamline"]},{"damage_healed":0,"gold_gain":0,"player_choice":"Poke through","damage_taken":3,"max_hp_gain":0,"max_hp_loss":0,"event_name":"Elementarium:GreatTreasure","floor":29,"gold_loss":0},{"damage_healed":0,"gold_gain":0,"player_choice":"RE ","damage_taken":19,"relics_obtained":["aspiration:TomeofQuesting"],"max_hp_gain":0,"max_hp_loss":0,"event_name":"betterSkull:BetterSkull","floor":30,"gold_loss":0,"cards_upgraded":[]},{"damage_healed":0,"gold_gain":0,"player_choice":"Essence","damage_taken":0,"relics_obtained":["reliquary:RosewoodLute"],"max_hp_gain":0,"max_hp_loss":7,"event_name":"Elementarium:ShatteredPortal","floor":31,"gold_loss":0}],"is_beta":false,"boss_relics":[{"not_picked":["SacredBark","hubris:GrandSneckoEye"],"picked":"sagemod:Falmels_Amulet"}],"items_purged_floors":[22],"is_endless":false,"potions_floor_spawned":[2,5,7,11,13,14,24,27],"killed_by":"Elementarium:PHOENIXES","ascension_level":0}}