{"host":"fxrgx7wt2cpkbhka","time":1612675213,"event":{"mods":["AchievementEnabler","BaseMod","Colored Powertips","Dark Map","Minty Spire (QoL Compilation)","Permanent Neow","Quick Restart","Slay-I","StSLib","Waifu the Spire"],"gold_per_floor":[118,118,19,194,210,210,235,62,89,124,124,149,167,167,167,167,167],"floor_reached":16,"language":"ENG","playtime":439,"items_purged":["Injury","Doubt"],"score":150,"play_id":"acdeb050-1e71-4b97-8da1-26c921c4b3fe","local_time":"20210206212013","is_ascension_mode":true,"campfire_choices":[{"data":"Footwork","floor":6,"key":"SMITH"},{"floor":15,"key":"REST"}],"circlet_count":0,"master_deck":["AscendersBane","Strike_G","Strike_G","Strike_G","Strike_G","Defend_G","Defend_G","Defend_G","Defend_G","Defend_G","Survivor","Neutralize","Deadly Poison+1","Footwork+1","Poisoned Stab+1","Sucker Punch","All Out Attack","Leg Sweep","Unload"],"relics":["Ring of the Snake","Golden Idol","Lantern","Bag of Preparation"],"acts_visited":["Exordium"],"potions_floor_usage":[16],"damage_taken":[{"damage":2,"enemies":"Jaw Worm","floor":1,"turns":5},{"damage":6,"enemies":"2 Louse","floor":5,"turns":3},{"damage":5,"enemies":"Small Slimes","floor":7,"turns":5},{"damage":21,"enemies":"3 Sentries","floor":10,"turns":10},{"damage":0,"enemies":"Red Slaver","floor":12,"turns":3},{"damage":0,"enemies":"2 Fungi Beasts","floor":13,"turns":3},{"damage":40,"enemies":"Slime Boss","floor":16,"turns":10}],"seed_played":"2630586282405153366","potions_obtained":[{"floor":5,"key":"SteroidPotion"},{"floor":12,"key":"Dexterity Potion"}],"is_trial":false,"path_per_floor":["M","?","$","?","M","R","M","$","T","E","?","M","M","?","R","B"],"character_chosen":"THE_SILENT","items_purchased":["Poisoned Stab","All Out Attack"],"campfire_rested":1,"item_purchase_floors":[3,8],"current_hp_per_floor":[61,61,61,61,55,55,50,50,50,29,15,15,15,15,36,0,0],"gold":167,"neow_bonus":"THREE_CARDS","is_daily":false,"chose_seed":false,"campfire_upgraded":1,"win_rate":0.0,"timestamp":1612675213,"path_taken":["M","?","$","?","M","R","M","$","T","E","?","M","M","?","R","BOSS"],"items_purchased_type":["Card","Card"],"build_version":"2020-12-22","purchased_purges":2,"victory":false,"max_hp_per_floor":[70,70,70,70,70,70,70,70,70,70,70,70,70,70,70,70,70],"card_choices":[{"not_picked":["PiercingWail","Slice"],"picked":"Deadly Poison","floor":0},{"not_picked":["Slice","Distraction"],"picked":"Footwork","floor":1},{"not_picked":["Prepared","Outmaneuver"],"picked":"Sucker Punch","floor":5},{"not_picked":["Quick Slash","Prepared","Acrobatics"],"picked":"SKIP","floor":7},{"not_picked":["Prepared","Skewer","Deflect"],"picked":"SKIP","floor":10},{"not_picked":["Blade Dance","PiercingWail","Dagger Throw"],"picked":"SKIP","floor":12},{"not_picked":["Heel Hook","Calculated Gamble"],"picked":"Leg Sweep","floor":13}],"player_experience":748791,"relics_obtained":[{"floor":9,"key":"Lantern"},{"floor":10,"key":"Bag of Preparation"}],"event_choices":[{"damage_healed":0,"gold_gain":0,"player_choice":"Take Wound","damage_taken":0,"relics_obtained":["Golden Idol"],"max_hp_gain":0,"max_hp_loss":0,"event_name":"Golden Idol","floor":2,"gold_loss":0,"cards_obtained":["Injury"]},{"damage_healed":0,"gold_gain":175,"player_choice":"AGREE","damage_taken":0,"max_hp_gain":0,"max_hp_loss":0,"event_name":"Liars Game","floor":4,"gold_loss":0,"cards_obtained":["Doubt"]},{"damage_healed":0,"gold_gain":0,"player_choice":"Entered Light","damage_taken":14,"max_hp_gain":0,"max_hp_loss":0,"event_name":"Shining Light","floor":11,"gold_loss":0,"cards_upgraded":["Poisoned Stab","Deadly Poison"]},{"damage_healed":0,"gold_gain":0,"cards_transformed":["Strike_G"],"player_choice":"Transformed","damage_taken":0,"max_hp_gain":0,"max_hp_loss":0,"event_name":"Transmorgrifier","floor":14,"gold_loss":0,"cards_obtained":["Unload"]}],"is_beta":false,"boss_relics":[],"items_purged_floors":[3,8],"is_endless":false,"potions_floor_spawned":[5,12],"killed_by":"Slime Boss","ascension_level":10}}