{"host":"6iujvpkwiavgcr2h","time":1612709614,"event":{"mods":["2.2 Compatiblity","Abigail Mod","AchievementEnabler","Act Like it!","AlwaysNeverKeys","Aspiration","BaseMod","BetterRewards","Conspire","Dio Mod","Downfall","Elementarium","Friendly Minions","Gensokyo","GifTheSpireLib","Gremlin Mod","Hallownest","Hero for Fun","HololiveMod","Hubris","Jorbs\u0027s Wanderer Trilogy","Minty Spire (QoL Compilation)","Permanent Neow","Quick Restart","READ ME - Guardian Mod","Railgun Mod","Replay The Spire","Shop Mod","Spikes Relics","StSLib","Stuff the Spire","The Animator","The Bug Knight","The Forsaken","The Hayseed","The Necromancer","The Runesmith","The Saiyan","The Wild Card","TheHero","Yuri Mod"],"gold_per_floor":[119,44,62,62,74,74,100,113,113,113,113,146,8,22,22,123,123,143,161,161,177,177,177,177,177],"floor_reached":24,"language":"ENG","playtime":2408,"items_purged":[],"score":256,"play_id":"d539401f-2150-4145-8e7d-f93f299614ab","local_time":"20210207155334","is_ascension_mode":false,"campfire_choices":[{"data":"Sweeping Beam","floor":6,"key":"SMITH"},{"floor":11,"key":"DIG"},{"data":"White Noise","floor":15,"key":"SMITH"},{"floor":23,"key":"DIG"}],"circlet_count":0,"master_deck":["Strike_B","Strike_B","Strike_B","Strike_B","Defend_B","Defend_B","Defend_B","Defend_B","Zap","Dualcast","BootSequence","Hallownest:skillGreenpathMap","Sweeping Beam+1","Cold Snap","Mirror Shield","Doom and Gloom","Ball Lightning","ReplayTheSpireMod:Calculation Training","Storm","White Noise+1","Amplify","Defragment","StuffTheSpire:Synthwave"],"relics":["Cracked Core","aspiration:Nostalgia","theForsaken:JudgementScales","Hallownest:DreamNailRelic","Replay:Multitool","theForsaken:Lifeblossom","WingedGreaves","conspire:DecoderRing","conspire:RoyalGoblet","aspiration:EnhancedActuators","Frozen Eye"],"acts_visited":["Hallownest:Greenpath","Gensokyo:Gensokyoer"],"potions_floor_usage":[16,24,24,24],"damage_taken":[{"damage":1,"enemies":"Hallownest:monsterHuskWarrior","floor":1,"turns":3},{"damage":0,"enemies":"Hallownest:monsterHuskGuard","floor":3,"turns":4},{"damage":0,"enemies":"Hallownest:2_MossCreeps","floor":5,"turns":5},{"damage":0,"enemies":"Hallownest:eliteMossKnight","floor":7,"turns":7},{"damage":2,"enemies":"Hallownest:1_Baldur_1_Crawlid_1_Warrior","floor":8,"turns":6},{"damage":0,"enemies":"Hallownest:eliteVengeflyKing","floor":12,"turns":4},{"damage":7,"enemies":"Hallownest:1_Ooma_and_2_Uuma","floor":14,"turns":4},{"damage":70,"enemies":"Hallownest:BossHornet","floor":16,"turns":9},{"damage":12,"enemies":"Gensokyo:Chomper","floor":18,"turns":4},{"damage":21,"enemies":"Gensokyo:CosmicMonolith","floor":19,"turns":3},{"damage":36,"enemies":"Gensokyo:Chomper_and_Gloop","floor":21,"turns":7},{"damage":25,"enemies":"Gensokyo:Koishi","floor":24,"turns":2}],"seed_played":"-1799885423553758997","potions_obtained":[{"floor":1,"key":"hexamod:SoulburnPotion"},{"floor":5,"key":"Swift Potion"},{"floor":12,"key":"Weak Potion"},{"floor":16,"key":"AttackPotion"}],"is_trial":false,"path_per_floor":["M","?","M","?","M","R","E","M","T","?","R","E","$","M","R","B",null,"M","M","COS","M","$","R","E"],"character_chosen":"DEFECT","items_purchased":["ReplayTheSpireMod:Calculation Training","Storm"],"campfire_rested":0,"item_purchase_floors":[13,13],"current_hp_per_floor":[74,74,74,74,74,74,74,72,72,75,75,75,75,71,71,7,75,63,48,48,18,18,18,0,0],"gold":177,"neow_bonus":"NOSTALGIA","is_daily":false,"chose_seed":false,"campfire_upgraded":2,"win_rate":0.0,"timestamp":1612709614,"path_taken":["M","?","M","?","?","R","E","M","T","?","R","E","$","M","R","BOSS","M","M","COS","M","$","R","E"],"items_purchased_type":["Card","Card"],"build_version":"2020-12-22","purchased_purges":0,"victory":false,"max_hp_per_floor":[75,75,75,75,75,75,75,75,75,75,75,75,75,75,75,75,75,75,75,75,75,75,75,75,75],"card_choices":[{"not_picked":["ReplayTheSpireMod:Repulse","Skim"],"picked":"BootSequence","floor":1},{"not_picked":["Melter","Hologram"],"picked":"Sweeping Beam","floor":3},{"not_picked":["Stack","Coolheaded"],"picked":"Cold Snap","floor":5},{"not_picked":["ReplayGash","Leap"],"picked":"Mirror Shield","floor":7},{"not_picked":["Hologram","Steam"],"picked":"Doom and Gloom","floor":8},{"not_picked":["Reboot","Coolheaded"],"picked":"Ball Lightning","floor":12},{"not_picked":["Ball Lightning","Compile Driver"],"picked":"White Noise","floor":14},{"not_picked":["Fission","StuffTheSpire:LaunchingStrike"],"picked":"Amplify","floor":16},{"not_picked":["Ball Lightning","Streamline+1"],"picked":"Defragment","floor":18},{"not_picked":["Loop","Turbo"],"picked":"StuffTheSpire:Synthwave","floor":19},{"not_picked":["Turbo+1","Crystallizer","Genetic Algorithm"],"picked":"SKIP","floor":21}],"player_experience":328148,"relics_obtained":[{"floor":7,"key":"Replay:Multitool"},{"floor":9,"key":"theForsaken:Lifeblossom"},{"floor":11,"key":"WingedGreaves"},{"floor":12,"key":"conspire:DecoderRing"},{"floor":23,"key":"aspiration:EnhancedActuators"}],"event_choices":[],"is_beta":false,"boss_relics":[{"not_picked":["hubris:GrandSneckoEye","CosmicIsotope"],"picked":"conspire:RoyalGoblet"}],"items_purged_floors":[],"is_endless":false,"potions_floor_spawned":[1,5,12,16,19,21],"killed_by":"Gensokyo:Koishi","ascension_level":0}}