{"host":"4kmvpqjeiacgn1pr","time":1612659722,"event":{"mods":["A Penny For Your Troubles","AchievementEnabler","AlwaysNeverKeys","Aspiration","BaseMod","Bestiary","Better Altar","Better Match","Better Note","Better Sensory Stone","Better Skull","Better Third Choice","Better Vampires","BetterRewards","Colored Map","Colored Powertips","Conspire","Curses Come First","Downfall","Halation","Highlight Path","Infinite Spire","Minty Spire (QoL Compilation)","Permanent Neow","Quick Restart","Rare Cards Sparkle","Relic Sorter","Relic Stats","Replay The Spire","Reworked Bosses","Shop Mod","Smile Girya","Spicy Shops","Spikes Relics","StSLib","Waifu the Spire"],"gold_per_floor":[116,116,116,133,38,38,52,69,69,99,99,99,125,143,143,245,245,255,267,267,267,285,315,315,315,315,315,330,347,376,376,376,376,376],"floor_reached":33,"language":"ENG","playtime":1179,"items_purged":["Clumsy"],"score":518,"play_id":"b76cc396-943c-419f-9c68-41faf1e98c9e","local_time":"20210206200202","is_ascension_mode":true,"campfire_choices":[{"data":"Wraith Form v2","floor":11,"key":"SMITH"},{"data":"conspire:DoublingDagger","floor":15,"key":"SMITH"},{"data":"Distraction","floor":24,"key":"SMITH"},{"data":"infinitespire:Punishment","floor":27,"key":"SMITH"},{"floor":32,"key":"DIG"}],"circlet_count":0,"master_deck":["AscendersBane","Strike_G","Strike_G","Strike_G","Strike_G","Defend_G","Defend_G","Defend_G","Defend_G","Defend_G","Survivor","Neutralize","Replay:Poison Smokescreen+1","Blade Dance","Wraith Form v2+1","Deflect","Flying Knee","Cloak And Dagger","Storm of Steel+1","conspire:DoublingDagger+1","ReplayTheSpireMod:From All Sides+1","Distraction+1","Cloak And Dagger","Poisoned Stab","Eviscerate+1","Flying Knee","infinitespire:Punishment+1","conspire:PoisonWeapons","Choke+1","Grand Finale+1"],"relics":["conspire:SpecialSausage","halation:PinkSoulGem","halation:StarCompass","Counterbalance","halation:SelfBoilingWater","Golden Egg","Iron Hammer","Ninja Scroll","halation:Prosthetics","conspire:DecoderRing","ReplayTheSpireMod:Lightbulb","ReplayTheSpireMod:TigerMarble","infinitespire:PuzzleCube","halation:PromiseList"],"acts_visited":["Exordium","TheCity"],"potions_floor_usage":[13,16,16,33],"damage_taken":[{"damage":2.0,"enemies":"2 Louse","floor":1.0,"turns":4.0},{"damage":0.0,"enemies":"Jaw Worm","floor":4.0,"turns":4.0},{"damage":0.0,"enemies":"Cultist","floor":7.0,"turns":2.0},{"damage":2.0,"enemies":"3 Louse","floor":8.0,"turns":4.0},{"damage":0,"enemies":"Lagavulin","floor":10,"turns":6},{"damage":0,"enemies":"3 Sentries","floor":13,"turns":6},{"damage":0,"enemies":"Lots of Slimes","floor":14,"turns":2},{"damage":29,"enemies":"The Guardian","floor":16,"turns":7},{"damage":0,"enemies":"Spheric Guardian","floor":18,"turns":1},{"damage":2,"enemies":"2 Thieves","floor":19,"turns":2},{"damage":4,"enemies":"3 Cultists","floor":22,"turns":3},{"damage":6,"enemies":"conspire:SneckoGhost","floor":23,"turns":6},{"damage":0,"enemies":"Snake Plant","floor":28,"turns":1},{"damage":0,"enemies":"Cultist and Chosen","floor":29,"turns":3},{"damage":8,"enemies":"conspire:Head Lice","floor":30,"turns":4},{"damage":14,"enemies":"bossMod:newCollector","floor":33,"turns":3}],"seed_played":"-5308357920539382415","potions_obtained":[{"floor":7.0,"key":"EssenceOfSteel"},{"floor":8.0,"key":"Reflective Coating"},{"floor":14,"key":"SteroidPotion"},{"floor":16,"key":"Ancient Potion"},{"floor":28,"key":"CultistPotion"},{"floor":29,"key":"EssenceOfSteel"}],"is_trial":false,"path_per_floor":["M","?","T","M","$","?","M","M","T","E","R","?","E","M","R","B",null,"M","M","?","?","M","E","R","AVR","T","R","M","M","E","?","R_BF","B"],"character_chosen":"THE_SILENT","items_purchased":["halation:SelfBoilingWater"],"campfire_rested":0,"item_purchase_floors":[5],"current_hp_per_floor":[61,61,61,61,61,61,61,59,59,59,59,59,59,59,59,30,34,34,32,32,32,28,22,22,22,22,22,22,22,14,14,14,0,0],"gold":376,"neow_bonus":"BOSS_RELIC","is_daily":false,"chose_seed":false,"campfire_upgraded":4,"win_rate":0.0,"timestamp":1612659722,"path_taken":["M","?","?","M","?","?","M","?","T","E","R","?","E","M","R","BOSS","M","?","?","?","M","E","R","AVR","T","R","M","?","E","?","R_BF","BOSS"],"items_purchased_type":["Relic"],"build_version":"2020-12-22","purchased_purges":1,"victory":false,"max_hp_per_floor":[70,70,70,70,70,70,70,70,70,70,70,70,70,70,70,70,35,35,35,35,35,35,35,35,35,35,35,35,35,35,35,35,35,35],"relic_stats":{"counters":[16,58],"obtain_stats":[{"Golden Egg":9,"Counterbalance":3,"conspire:SpecialSausage":0,"halation:Prosthetics":17,"halation:StarCompass":2,"halation:SelfBoilingWater":5,"Ninja Scroll":13,"conspire:DecoderRing":23,"Iron Hammer":10,"ReplayTheSpireMod:TigerMarble":26,"halation:PromiseList":32,"halation:PinkSoulGem":20,"ReplayTheSpireMod:Lightbulb":25,"infinitespire:PuzzleCube":30,"Ring of the Snake":0},{"Golden Egg":4,"Counterbalance":1,"conspire:SpecialSausage":0,"halation:Prosthetics":8,"halation:StarCompass":1,"halation:SelfBoilingWater":2,"Ninja Scroll":6,"conspire:DecoderRing":12,"Iron Hammer":5,"ReplayTheSpireMod:TigerMarble":12,"halation:PromiseList":15,"halation:PinkSoulGem":10,"ReplayTheSpireMod:Lightbulb":12,"infinitespire:PuzzleCube":15,"Ring of the Snake":0},{"Golden Egg":14,"Counterbalance":4,"conspire:SpecialSausage":0,"halation:Prosthetics":35,"halation:StarCompass":4,"halation:SelfBoilingWater":8,"Ninja Scroll":26,"conspire:DecoderRing":47,"Iron Hammer":20,"ReplayTheSpireMod:TigerMarble":47,"halation:PromiseList":55,"halation:PinkSoulGem":38,"ReplayTheSpireMod:Lightbulb":47,"infinitespire:PuzzleCube":55,"Ring of the Snake":0}]},"card_choices":[{"not_picked":["Dagger Spray","Bouncing Flask"],"picked":"Replay:Poison Smokescreen","floor":1.0},{"not_picked":["Hidden Blade","Dodge and Roll"],"picked":"Blade Dance","floor":4.0},{"not_picked":["Reflex","Bane"],"picked":"Deflect","floor":7.0},{"not_picked":["Cloak And Dagger","Deflect"],"picked":"Flying Knee","floor":8.0},{"not_picked":["Backflip","InfectiousVector"],"picked":"Cloak And Dagger","floor":10},{"not_picked":["PiercingWail","Sneak Up"],"picked":"Storm of Steel","floor":13},{"not_picked":["Well Laid Plans","Outmaneuver"],"picked":"conspire:DoublingDagger","floor":14},{"not_picked":["infinitespire:Neurotoxin","Grand Finale"],"picked":"ReplayTheSpireMod:From All Sides","floor":16},{"not_picked":["Sneak Up","ReplayTheSpireMod:Exploit Weakness"],"picked":"Distraction","floor":18},{"not_picked":["Sucker Punch","ReplayTheSpireMod:Speed Training"],"picked":"Cloak And Dagger","floor":19},{"not_picked":["ReplayTheSpireMod:Tripwire","Bane"],"picked":"Eviscerate+1","floor":22},{"not_picked":["Dodge and Roll","Outmaneuver+1"],"picked":"Flying Knee","floor":23},{"not_picked":["Catalyst+1","Bane"],"picked":"conspire:PoisonWeapons","floor":28},{"not_picked":["Tactician+1","Flying Knee"],"picked":"Choke+1","floor":29},{"not_picked":["InfectiousVector","ReplayTheSpireMod:Speed Training"],"picked":"Dodge and Roll","floor":30}],"player_experience":452185,"relics_obtained":[{"floor":3.0,"key":"Counterbalance"},{"floor":9.0,"key":"Golden Egg"},{"floor":10,"key":"Iron Hammer"},{"floor":13,"key":"Ninja Scroll"},{"floor":23,"key":"conspire:DecoderRing"},{"floor":26,"key":"ReplayTheSpireMod:TigerMarble"},{"floor":30,"key":"infinitespire:PuzzleCube"},{"floor":32,"key":"halation:PromiseList"}],"event_choices":[{"damage_healed":0.0,"max_hp_gain":0.0,"max_hp_loss":0.0,"gold_gain":0.0,"cards_transformed":["Strike_G"],"event_name":"Transmorgrifier","player_choice":"Transformed","floor":6.0,"gold_loss":0.0,"damage_taken":0.0,"cards_obtained":["Wraith Form v2"]},{"damage_healed":0,"gold_gain":0,"player_choice":"Forge","damage_taken":0,"max_hp_gain":0,"max_hp_loss":0,"event_name":"Accursed Blacksmith","floor":12,"gold_loss":0,"cards_upgraded":["Replay:Poison Smokescreen"]},{"damage_healed":0,"gold_gain":0,"player_choice":"Read","damage_taken":0,"max_hp_gain":0,"max_hp_loss":0,"event_name":"The Library","floor":21,"gold_loss":0,"cards_obtained":["Poisoned Stab"]},{"damage_healed":0,"gold_gain":0,"cards_transformed":["Dodge and Roll"],"player_choice":"Transformed","damage_taken":0,"max_hp_gain":0,"max_hp_loss":0,"event_name":"Transmorgrifier","floor":31,"gold_loss":0,"cards_obtained":["Grand Finale"]}],"is_beta":false,"boss_relics":[{"not_picked":["Replay:Ancient Bell","Replay:Wanted Poster"],"picked":"halation:Prosthetics"}],"items_purged_floors":[25],"is_endless":false,"potions_floor_spawned":[7,8,14,16,28,29,30],"killed_by":"bossMod:newCollector","ascension_level":10}}