{"host":"rxqgn04mcfja67mv","time":1612721731,"event":{"mods":["2.2 Compatiblity","AchievementEnabler","BaseMod","Better Match","Better Note","Better Third Choice","Better Vampires","BetterRewards","Duelist Mod","Grow up Mod","Hermit","Hubris","Minty Spire (QoL Compilation)","Quick Restart","Rare Cards Sparkle","Replay The Spire","Robot Space Explorer","Shop Mod","Spicy Shops","StSLib","Synergy Search","The Bug Knight"],"gold_per_floor":[117,17,28,28,48,73,73,103,103,32,32,50,78,90,90,194,194,214,214,85,103,25,25,25,25,25,45,45,45,45,63,63,166,166,179,103,119,1,1,31,43,43,43,43,0,81,131,150,150,150,150,150,3,31,31],"floor_reached":56,"language":"ENG","playtime":2250,"items_purged":["Shame"],"score":1402,"play_id":"f0a320e8-a9c6-4701-8489-c7b75a204c9a","local_time":"20210207181531","is_ascension_mode":true,"campfire_choices":[{"floor":7,"key":"RECALL"},{"data":"Crystallizer","floor":11,"key":"SMITH"},{"data":"Chill","floor":15,"key":"SMITH"},{"data":"Storm","floor":24,"key":"SMITH"},{"floor":30,"key":"REST"},{"floor":44,"key":"REST"},{"data":"ReplayTheSpireMod:Restless Dread","floor":52,"key":"PURGE"}],"circlet_count":0,"master_deck":["Strike_B","Strike_B","Strike_B","Strike_B","Defend_B","Defend_B","Defend_B","Zap","Dualcast","Chill+1","Tempest","Leap","Echo Form+1","Panic Button","Conserve Battery","Crystallizer+1","Darkness","ReplayTheSpireMod:Omega Cannon+1","ReplayTheSpireMod:Calculation Training+1","BasicCrystalCard","Storm+1","Stack","ReplayRNGCard","Hologram+1","Defragment","Clumsy","Writhe","Turbo+1","Conserve Battery","Self Repair+1","Panacea","Enlightenment","ReplayUltimateDefense","Loop"],"relics":["Cracked Core","NeowsBlessing","hubris:Spice","Gambling Chip","DataDisk","HollowMod:PaleOreRelic","betterThird:NestCultRelic","hubris:Towel","Red Mask","Peace Pipe","hubris:GlazedTorus"],"acts_visited":["Exordium","TheCity","TheBeyond","TheEnding"],"potions_floor_usage":[16,16,35,35,48,48,55,55,55],"damage_taken":[{"damage":0,"enemies":"2 Louse","floor":1,"turns":1},{"damage":0,"enemies":"Jaw Worm","floor":3,"turns":1},{"damage":0,"enemies":"Cultist","floor":5,"turns":1},{"damage":40,"enemies":"3 Sentries","floor":6,"turns":8},{"damage":3,"enemies":"Red Slaver","floor":12,"turns":4},{"damage":18,"enemies":"Lagavulin","floor":13,"turns":6},{"damage":10,"enemies":"Blue Slaver","floor":14,"turns":3},{"damage":75,"enemies":"Hexaghost","floor":16,"turns":7},{"damage":11,"enemies":"Spheric Guardian","floor":18,"turns":3},{"damage":0,"enemies":"3 Byrds","floor":21,"turns":2},{"damage":22,"enemies":"Snake Plant","floor":27,"turns":3},{"damage":11,"enemies":"Snecko","floor":31,"turns":3},{"damage":89,"enemies":"Pondfish","floor":33,"turns":10},{"damage":26,"enemies":"3 Shapes","floor":35,"turns":4},{"damage":11,"enemies":"3 Darklings","floor":37,"turns":3},{"damage":127,"enemies":"Giant Head","floor":40,"turns":8},{"damage":55,"enemies":"Jaw Worm Horde","floor":41,"turns":5},{"damage":108,"enemies":"2 Orb Walkers","floor":47,"turns":6},{"damage":60,"enemies":"Writhing Mass","floor":48,"turns":6},{"damage":96,"enemies":"Replay:Hell Engine","floor":50,"turns":8},{"damage":81,"enemies":"Shield and Spear","floor":54,"turns":4},{"damage":452,"enemies":"The Heart","floor":55,"turns":12}],"seed_played":"-845043621197835733","potions_obtained":[{"floor":1,"key":"Flashbang"},{"floor":5,"key":"SteroidPotion"},{"floor":12,"key":"Swift Potion"},{"floor":21,"key":"Strength Potion"},{"floor":33,"key":"Venom Potion"},{"floor":40,"key":"BlessingOfTheForge"},{"floor":47,"key":"SteroidPotion"},{"floor":48,"key":"GamblersBrew"},{"floor":54,"key":"PowerPotion"}],"is_trial":false,"path_per_floor":["M","$","M","?","M","E","R","?","T","$","R","M","E","M","R","B",null,"M","?","$","M","$","?","R","?","T","M","?","?","R","M","R","B",null,"M","$","M","$","?","E","M","?","T","R","?","T","?","M","R","B",null,"R","$","E","B",null],"character_chosen":"DEFECT","items_purchased":["Tempest","Crystallizer","HollowMod:PaleOreRelic","BasicCrystalCard","Storm","Defragment","hubris:Spice","Loop"],"campfire_rested":2,"item_purchase_floors":[2,10,20,20,22,36,38,53],"current_hp_per_floor":[95,105,115,125,135,113,123,141,151,161,171,178,170,170,180,115,247,246,256,266,271,281,283,293,84,94,82,92,102,212,211,221,142,377,361,371,370,380,411,294,249,259,269,407,417,427,329,279,279,203,507,517,527,456,24],"gold":31,"neow_bonus":"THREE_ENEMY_KILL","is_daily":false,"chose_seed":false,"campfire_upgraded":3,"win_rate":0.0,"timestamp":1612721731,"path_taken":["M","$","M","?","M","E","R","?","T","?","R","M","E","?","R","BOSS","M","?","?","M","$","?","R","?","T","?","?","?","R","M","R","BOSS","M","$","M","$","?","E","M","?","T","R","?","?","?","M","R","BOSS","R","$","E","BOSS"],"items_purchased_type":["Card","Card","Relic","Card","Card","Card","Relic","Card"],"build_version":"2020-12-22","purchased_purges":1,"victory":true,"max_hp_per_floor":[95,105,115,125,135,153,163,181,191,201,211,221,223,225,235,245,247,257,259,269,271,281,283,293,303,313,315,325,335,345,355,365,375,377,387,397,399,401,411,405,415,425,427,437,447,457,467,477,487,497,507,517,527,521,531],"card_choices":[{"not_picked":["Time Bomb","Hologram"],"picked":"Chill","floor":1},{"not_picked":["Undo","Sweeping Beam"],"picked":"Leap","floor":3},{"not_picked":["Cold Snap","ReplayTheSpireMod:System Scan"],"picked":"Panic Button","floor":5},{"not_picked":["Ball Lightning","Hologram"],"picked":"Conserve Battery","floor":6},{"not_picked":["Gash","Stack"],"picked":"Darkness","floor":12},{"not_picked":["Steam","Rip and Tear"],"picked":"hubris:SpiceAddiction","floor":13},{"not_picked":["Barrage","ReplayGash"],"picked":"hubris:SpiceAddiction","floor":14},{"not_picked":["hubris:SpiceAddiction","hubris:SpiceAddiction"],"picked":"ReplayTheSpireMod:Omega Cannon","floor":16},{"not_picked":["ReplaySort+1","Cold Snap"],"picked":"ReplayTheSpireMod:Calculation Training+1","floor":18},{"not_picked":["Gash","ReplaySolidLightProjector"],"picked":"hubris:SpiceAddiction","floor":21},{"not_picked":["Heatsinks","Stack"],"picked":"hubris:SpiceAddiction","floor":27},{"not_picked":["Leap+1","hubris:SpiceAddiction"],"picked":"Stack","floor":31},{"not_picked":["hubris:SpiceAddiction","hubris:SpiceAddiction"],"picked":"ReplayRNGCard","floor":33},{"not_picked":["Sweeping Beam+1","BasicCrystalCard"],"picked":"Hologram+1","floor":35},{"not_picked":["Undo","Leap+1"],"picked":"hubris:SpiceAddiction","floor":37},{"not_picked":["ReplayTheSpireMod:Reroute Power+1","hubris:SpiceAddiction"],"picked":"hubris:SpiceAddiction","floor":40},{"not_picked":["hubris:SpiceAddiction","Cold Snap"],"picked":"Turbo+1","floor":41},{"not_picked":["Hologram","Rebound+1"],"picked":"Conserve Battery","floor":47},{"not_picked":["Genetic Algorithm+1","Time Bomb+1"],"picked":"Self Repair+1","floor":48},{"not_picked":["Replay:Sssssssssstrike","Dark Shackles"],"picked":"Panacea","floor":49},{"not_picked":["Secret Technique","Deep Breath"],"picked":"Enlightenment","floor":49},{"not_picked":["Jack Of All Trades","Secret Weapon"],"picked":"ReplayUltimateDefense","floor":49},{"not_picked":["Sweeping Beam+1","Doom and Gloom"],"picked":"hubris:SpiceAddiction","floor":54}],"player_experience":427686,"relics_obtained":[{"floor":6,"key":"hubris:Spice"},{"floor":9,"key":"Gambling Chip"},{"floor":13,"key":"DataDisk"},{"floor":40,"key":"hubris:Spice"},{"floor":43,"key":"hubris:Spice"},{"floor":46,"key":"Peace Pipe"},{"floor":47,"key":"hubris:GlazedTorus"},{"floor":54,"key":"hubris:Spice"}],"event_choices":[{"damage_healed":0,"gold_gain":30,"player_choice":"Searched \u00273\u0027 times","damage_taken":0,"relics_obtained":["hubris:Spice"],"max_hp_gain":0,"max_hp_loss":0,"event_name":"Dead Adventurer","floor":8,"gold_loss":0},{"damage_healed":0,"gold_gain":0,"player_choice":"Stole Relic","damage_taken":0,"relics_obtained":["hubris:Spice"],"max_hp_gain":0,"max_hp_loss":0,"event_name":"Addict","floor":23,"gold_loss":0,"cards_obtained":["Shame"]},{"damage_healed":0,"gold_gain":0,"player_choice":"Madness","damage_taken":0,"relics_obtained":["betterThird:NestCultRelic"],"max_hp_gain":0,"max_hp_loss":0,"event_name":"betterThird:BetterNest","floor":28,"gold_loss":0},{"damage_healed":0,"gold_gain":0,"player_choice":"Upgraded","damage_taken":0,"max_hp_gain":0,"max_hp_loss":0,"event_name":"Upgrade Shrine","floor":29,"gold_loss":0,"cards_upgraded":["ReplayTheSpireMod:Omega Cannon"]},{"damage_healed":100,"gold_gain":0,"player_choice":"Writhe","damage_taken":0,"max_hp_gain":0,"max_hp_loss":0,"event_name":"Winding Halls","floor":39,"gold_loss":0,"cards_obtained":["Writhe"]},{"damage_healed":0,"gold_gain":0,"player_choice":"Paid","damage_taken":0,"relics_obtained":["Red Mask"],"max_hp_gain":0,"max_hp_loss":0,"event_name":"Tomb of Lord Red Mask","floor":45,"gold_loss":43},{"damage_healed":0,"gold_gain":0,"player_choice":"Fight","damage_taken":0,"max_hp_gain":0,"max_hp_loss":0,"event_name":"Mysterious Sphere","floor":47,"gold_loss":0},{"damage_healed":0,"gold_gain":0,"player_choice":"Memory 3","damage_taken":10,"max_hp_gain":0,"max_hp_loss":0,"event_name":"SensoryStone","floor":49,"gold_loss":0}],"is_beta":false,"boss_relics":[{"not_picked":["hubris:Spice","hubris:Spice"],"picked":"hubris:Spice"},{"not_picked":["hubris:Spice","hubris:Spice"],"picked":"hubris:Spice"}],"items_purged_floors":[53],"is_endless":false,"potions_floor_spawned":[1,5,12,21,33,40,47,48,54],"ascension_level":4}}