{"host":"x3688v8yj57o2b0e","time":1612657082,"event":{"mods":["BaseMod","Minty Spire (QoL Compilation)"],"gold_per_floor":[117,130,11,31,46,73,73,27,27,45,101,101,131,141,141,241,241,261,176,176,191,211,245,245,277,277,277,311,18,18,18],"floor_reached":30,"language":"ENG","playtime":2350,"items_purged":[],"score":292,"play_id":"d72e7d36-92b4-47cf-8f9d-7796145a05a8","local_time":"20210206191802","is_ascension_mode":true,"campfire_choices":[{"data":"Vigilance","floor":12,"key":"SMITH"},{"floor":15,"key":"REST"},{"data":"Eruption","floor":24,"key":"SMITH"}],"circlet_count":0,"master_deck":["Strike_P+1","Strike_P+1","Strike_P+1","Strike_P+1","Defend_P+1","Defend_P+1","Defend_P+1","Defend_P+1","Eruption+1","Vigilance+1","FollowUp","ThirdEye","CutThroughFate","FlurryOfBlows","ThirdEye","Halt","InnerPeace","SashWhip","EmptyFist","BowlingBash","CarveReality","FlyingSleeves","Crescendo","SpiritShield","EmptyFist","TalkToTheHand","Swivel+1","WaveOfTheHand","FlurryOfBlows","FlyingSleeves","SandsOfTime","Halt"],"relics":["Runic Pyramid","Potion Belt","StrikeDummy","Dead Branch","Darkstone Periapt","Velvet Choker","Art of War","Mercury Hourglass","Damaru","InkBottle","Red Mask","HornCleat"],"acts_visited":["Exordium","TheCity"],"potions_floor_usage":[6,16,23,23,23,25,25,28,30],"damage_taken":[{"damage":0,"enemies":"Cultist","floor":1,"turns":2},{"damage":2,"enemies":"Small Slimes","floor":2,"turns":4},{"damage":1,"enemies":"Jaw Worm","floor":4,"turns":2},{"damage":1,"enemies":"Looter","floor":5,"turns":3},{"damage":14,"enemies":"Gremlin Nob","floor":6,"turns":3},{"damage":0,"enemies":"Blue Slaver","floor":10,"turns":3},{"damage":7,"enemies":"3 Sentries","floor":11,"turns":5},{"damage":1,"enemies":"3 Sentries","floor":13,"turns":4},{"damage":5,"enemies":"Exordium Thugs","floor":14,"turns":3},{"damage":33,"enemies":"The Guardian","floor":16,"turns":11},{"damage":6,"enemies":"3 Byrds","floor":18,"turns":6},{"damage":0,"enemies":"Shell Parasite","floor":21,"turns":4},{"damage":0,"enemies":"Centurion and Healer","floor":22,"turns":4},{"damage":23,"enemies":"Slavers","floor":23,"turns":7},{"damage":19,"enemies":"Book of Stabbing","floor":25,"turns":5},{"damage":25,"enemies":"Masked Bandits","floor":28,"turns":4},{"damage":22,"enemies":"3 Cultists","floor":30,"turns":3}],"seed_played":"-1017807555511897851","potions_obtained":[{"floor":4,"key":"BottledMiracle"},{"floor":7,"key":"SpeedPotion"},{"floor":7,"key":"BlessingOfTheForge"},{"floor":7,"key":"Strength Potion"},{"floor":11,"key":"SteroidPotion"},{"floor":14,"key":"LiquidBronze"},{"floor":16,"key":"Regen Potion"},{"floor":21,"key":"SneckoOil"},{"floor":23,"key":"LiquidMemories"},{"floor":28,"key":"ColorlessPotion"}],"is_trial":false,"path_per_floor":["M","M","$","M","M","E","?","$","T","M","?","R","E","M","R","B",null,"M","?","?","M","M","E","R","E","T","?","?","$","M"],"character_chosen":"WATCHER","items_purchased":["CutThroughFate","FlurryOfBlows","ThirdEye","EmptyFist","HornCleat","Halt"],"campfire_rested":1,"item_purchase_floors":[3,3,3,8,29,29],"current_hp_per_floor":[72,70,70,69,68,54,54,54,54,54,47,47,46,41,62,29,72,66,66,66,66,66,43,43,24,24,24,11,11,0,0],"gold":18,"neow_bonus":"BOSS_RELIC","is_daily":false,"chose_seed":false,"campfire_upgraded":2,"win_rate":0.0,"timestamp":1612657082,"path_taken":["M","?","$","M","M","E","?","$","T","?","?","R","E","M","R","BOSS","M","?","?","M","?","E","R","E","T","?","?","?","M"],"items_purchased_type":["Card","Card","Card","Card","Relic","Card"],"build_version":"2020-12-22","purchased_purges":0,"victory":false,"max_hp_per_floor":[72,72,72,72,72,72,72,72,72,72,72,72,72,72,72,72,72,72,72,72,72,72,72,72,72,72,72,72,72,72,72],"card_choices":[{"not_picked":["Prostrate","WaveOfTheHand"],"picked":"FollowUp","floor":1},{"not_picked":["WindmillStrike","InnerPeace"],"picked":"ThirdEye","floor":2},{"not_picked":["SignatureMove","Wireheading"],"picked":"Halt","floor":4},{"not_picked":["FlurryOfBlows","EmptyBody"],"picked":"InnerPeace","floor":5},{"not_picked":["Vengeance","Devotion"],"picked":"SashWhip","floor":6},{"not_picked":["Evaluate","ThirdEye"],"picked":"BowlingBash","floor":10},{"not_picked":["ThirdEye","EmptyMind"],"picked":"CarveReality","floor":11},{"not_picked":["SandsOfTime","Prostrate"],"picked":"FlyingSleeves","floor":13},{"not_picked":["CrushJoints","LikeWater"],"picked":"Crescendo","floor":14},{"not_picked":["Ragnarok","Judgement"],"picked":"SpiritShield","floor":16},{"not_picked":["ThirdEye","CrushJoints"],"picked":"EmptyFist","floor":18},{"not_picked":["PathToVictory","Evaluate"],"picked":"Swivel+1","floor":21},{"not_picked":["Evaluate+1","FollowUp"],"picked":"WaveOfTheHand","floor":22},{"not_picked":["FlyingSleeves","WreathOfFlame"],"picked":"FlurryOfBlows","floor":23},{"not_picked":["EmptyMind","Meditate"],"picked":"FlyingSleeves","floor":25},{"not_picked":["InnerPeace+1","Scrawl"],"picked":"SandsOfTime","floor":28}],"player_experience":196973,"relics_obtained":[{"floor":6,"key":"Potion Belt"},{"floor":9,"key":"StrikeDummy"},{"floor":11,"key":"Dead Branch"},{"floor":13,"key":"Darkstone Periapt"},{"floor":23,"key":"Mercury Hourglass"},{"floor":25,"key":"Damaru"},{"floor":26,"key":"InkBottle"},{"floor":28,"key":"Red Mask"}],"event_choices":[{"damage_healed":0,"gold_gain":0,"player_choice":"Got Potions","damage_taken":0,"max_hp_gain":0,"max_hp_loss":0,"event_name":"Lab","floor":7,"gold_loss":0},{"damage_healed":0,"gold_gain":0,"player_choice":"Searched \u00271\u0027 times","damage_taken":0,"max_hp_gain":0,"max_hp_loss":0,"event_name":"Dead Adventurer","floor":11,"gold_loss":0},{"damage_healed":0,"gold_gain":0,"player_choice":"Obtained Relic","damage_taken":0,"relics_obtained":["Art of War"],"max_hp_gain":0,"max_hp_loss":0,"event_name":"Addict","floor":19,"gold_loss":85},{"damage_healed":0,"gold_gain":0,"player_choice":"Read","damage_taken":0,"max_hp_gain":0,"max_hp_loss":0,"event_name":"The Library","floor":20,"gold_loss":0,"cards_obtained":["TalkToTheHand"]},{"damage_healed":0,"gold_gain":0,"player_choice":"Simplicity","damage_taken":0,"max_hp_gain":0,"max_hp_loss":0,"event_name":"Back to Basics","floor":27,"gold_loss":0,"cards_upgraded":["Strike_P","Strike_P","Strike_P","Strike_P","Defend_P","Defend_P","Defend_P","Defend_P"]},{"damage_healed":0,"gold_gain":0,"player_choice":"Fought Bandits","damage_taken":0,"max_hp_gain":0,"max_hp_loss":0,"event_name":"Masked Bandits","floor":28,"gold_loss":0}],"is_beta":false,"boss_relics":[{"not_picked":["Fusion Hammer","SlaversCollar"],"picked":"Velvet Choker"}],"items_purged_floors":[],"is_endless":false,"potions_floor_spawned":[4,11,14,16,21,23,28],"killed_by":"3 Cultists","ascension_level":1}}