{"host":"dt8tt9y5uobrbn6j","time":1612671759,"event":{"mods":["100% Spire Juice","ATMod(°¢èªMod)","Act Like it!","BaseMod","Better Third Choice","BetterRewards","Bossed Relics","Card Forge","Colored Powertips","Conspire","HololiveMod","Mimic Mod","Minty Spire (QoL Compilation)","Quick Restart","Relic Stats","Reliquary","Retaliation","Shop Mod","StSLib","The Bug Knight","The Jungle","Weighted Paths","óô»ðÖ¸ÄÏ"],"gold_per_floor":[110,110,126,126,144,175,175,175,175,209,258,268,284,284,5,81,81,97,112,132,149,168,181,197,224,224,259,277,277,307,338,238,311,311,324,199,199,214,234,234,260,277,277,310,310,149,174,223,73,73,73,73,73,73,100,100],"floor_reached":57,"language":"ZHS","playtime":2917,"items_purged":["Strike_P","Strike_P","Strike_P","Strike_P"],"score":4432,"play_id":"3902dbac-58c5-40e6-b4d0-fb18c56fefeb","local_time":"20210207122239","is_ascension_mode":true,"campfire_choices":[{"data":"Apotheosis","floor":8.0,"key":"SMITH"},{"floor":40.0,"key":"RECALL"},{"data":"Study","floor":53.0,"key":"SMITH"}],"circlet_count":0,"master_deck":["AscendersBane","Defend_P","Defend_P","Defend_P","Defend_P","Eruption","Vigilance+1","SignatureMove","Apotheosis+1","Trip","Worship+1","DeceiveReality","SpiritShield","DevaForm","Protect","Study+1","Prostrate","AT_RealFormLess","Omniscience","MasterReality","ThirdEye+1","Sanctity+1","Scrawl"],"relics":["PureWater","Hammer of Thor","Seething Fire","Anvil of the Gods","AT_ATBox","Chemical X","Meat on the Bone","Bag of Preparation","reliquary:BrokenClock","ClockworkSouvenir","HollowMod:StagPassRelic","Hololive_LightStick","AT_BellowingDragoncrestRing","Orichalcum","reliquary:TridentHead","AT_TrinityForce","AT_ImmortalShieldbow","HornCleat","Pocketwatch","theJungle:WildMango","Prayer Wheel","AT_SunfireAegis","Coffee Dripper","Art of War","Pear","Anchor","TheAbacus","InkBottle","conspire:Boomerang","conspire:GiftBox"],"acts_visited":["Exordium","Exordium","TheBeyond","TheEnding"],"potions_floor_usage":[],"damage_taken":[{"damage":0.0,"enemies":"Cultist","floor":1.0,"turns":2.0},{"damage":0.0,"enemies":"Small Slimes","floor":3.0,"turns":2.0},{"damage":0.0,"enemies":"2 Louse","floor":5.0,"turns":2.0},{"damage":0.0,"enemies":"Gremlin Nob","floor":6.0,"turns":2.0},{"damage":0.0,"enemies":"HollowMod:MossKnight","floor":10.0,"turns":2.0},{"damage":0.0,"enemies":"Looter","floor":12.0,"turns":3.0},{"damage":0.0,"enemies":"Blue Slaver","floor":13.0,"turns":1.0},{"damage":0.0,"enemies":"Hexaghost","floor":16.0,"turns":7.0},{"damage":0.0,"enemies":"theJungle:Flameango_and_Byrd","floor":18.0,"turns":2.0},{"damage":21.0,"enemies":"theJungle:5_Spyders","floor":19.0,"turns":5.0},{"damage":0.0,"enemies":"Snake Plant","floor":20.0,"turns":3.0},{"damage":0.0,"enemies":"theJungle:SlimyTreeVines","floor":21.0,"turns":6.0},{"damage":20.0,"enemies":"theJungle:2_Flameangoes","floor":22.0,"turns":3.0},{"damage":0.0,"enemies":"theJungle:2_Snecko_Cultists","floor":23.0,"turns":3.0},{"damage":0.0,"enemies":"theJungle:Lyon","floor":24.0,"turns":2.0},{"damage":0.0,"enemies":"theJungle:Cassacara","floor":25.0,"turns":3.0},{"damage":0.0,"enemies":"theJungle:2_Phrogs","floor":27.0,"turns":4.0},{"damage":0.0,"enemies":"theJungle:JungleHuntersEncounter","floor":28.0,"turns":4.0},{"damage":0.0,"enemies":"theJungle:2_Snecko_Cultists","floor":30.0,"turns":3.0},{"damage":8.0,"enemies":"theJungle:MamaSnecko","floor":31.0,"turns":4.0},{"damage":16.0,"enemies":"theJungle:TotemBoss","floor":33.0,"turns":5.0},{"damage":0.0,"enemies":"Orb Walker","floor":35.0,"turns":4.0},{"damage":0.0,"enemies":"3 Shapes","floor":38.0,"turns":2.0},{"damage":0.0,"enemies":"Jaw Worm Horde","floor":39.0,"turns":2.0},{"damage":0.0,"enemies":"Nemesis","floor":41.0,"turns":3.0},{"damage":0.0,"enemies":"Transient","floor":42.0,"turns":2.0},{"damage":0.0,"enemies":"Reptomancer","floor":44.0,"turns":5.0},{"damage":11.0,"enemies":"3 Darklings","floor":45.0,"turns":3.0},{"damage":0.0,"enemies":"Giant Head","floor":47.0,"turns":2.0},{"damage":0.0,"enemies":"2 Orb Walkers","floor":48.0,"turns":3.0},{"damage":0.0,"enemies":"Time Eater","floor":50.0,"turns":4.0},{"damage":0.0,"enemies":"Donu and Deca","floor":51.0,"turns":5.0},{"damage":0.0,"enemies":"Shield and Spear","floor":55.0,"turns":3.0},{"damage":42,"enemies":"The Heart","floor":56,"turns":6}],"seed_played":"1563091572452141114","potions_obtained":[{"floor":1.0,"key":"AttackPotion"},{"floor":12.0,"key":"LiquidBronze"},{"floor":16.0,"key":"BlessingOfTheForge"},{"floor":18.0,"key":"SkillPotion"},{"floor":20.0,"key":"DistilledChaos"},{"floor":31.0,"key":"SpeedPotion"},{"floor":35.0,"key":"PowerPotion"},{"floor":41.0,"key":"LiquidBronze"},{"floor":44.0,"key":"LiquidMemories"},{"floor":48.0,"key":"LiquidBronze"}],"is_trial":false,"path_per_floor":["M","?","M","?","M","E","?","R","T","E","T","M","M","?","R","B",null,"M","M","M","M","M","M","M","E","T","E","M","?","MIM","E","R","B",null,"M","$","?","M","M","R","E","M","T","E","M","R","E","?","R","B","B",null,"R","$","E","B",null],"character_chosen":"WATCHER","items_purchased":["Chemical X","Meat on the Bone","SignatureMove","Bag of Preparation","reliquary:BrokenClock","Apotheosis","ClockworkSouvenir","HollowMod:StagPassRelic","Trip","reliquary:TridentHead","TheAbacus"],"campfire_rested":0,"item_purchase_floors":[0,0,0,0,0,0,0,0,0,15,46],"current_hp_per_floor":[31,31,43,39,39,39,19,19,19,31,31,43,43,39,39,39,61,61,40,40,46,38,38,38,38,38,38,38,52,52,44,44,40,72,72,72,62,62,82,82,82,82,92,92,81,81,81,81,81,81,81,89,89,89,89,47],"gold":100,"neow_bonus":"","is_daily":false,"chose_seed":false,"campfire_upgraded":2,"win_rate":0.0,"timestamp":1612671759,"path_taken":["M","?","M","?","M","E","?","R","T","E","?","?","M","?","R","BOSS","M","M","M","?","M","?","M","E","T","E","M","?","?","E","R","BOSS","M","$","?","M","M","R","E","M","T","E","M","M","E","?","R","BOSS","BOSS","R","$","E","BOSS"],"items_purchased_type":["Relic","Relic","Card","Relic","Relic","Card","Relic","Relic","Card","Relic","Relic"],"build_version":"2020-12-22","purchased_purges":4,"victory":true,"max_hp_per_floor":[68,68,68,68,68,68,68,68,68,68,68,68,68,68,68,68,68,68,68,68,68,68,68,68,68,68,68,68,82,82,82,82,82,82,82,82,82,82,82,82,82,82,92,92,92,92,92,92,92,92,92,92,92,92,92,92],"relic_stats":{"TheAbacus":[726],"counters":[99,352],"Prayer Wheel":4,"Bag of Preparation":[116],"Art of War":[10],"Chemical X":[4],"Orichalcum":[90],"obtain_stats":[{"AT_ATBox":0,"Ginger":14,"Whetstone":11,"Boot":26,"BFFS":37,"Leech":40,"conspire:GlowingRock":43,"TheBean":10,"MealTicket":21,"Fusion Hammer":25,"TuHaoJin":34,"Kunai":21,"HollowMod:PaleOreRelic":21,"KeepersGift":0,"MerchantsRug":12,"conspire:TreasureMap":0,"BookofShadows":21,"Pear":37,"PunchingBag":37,"Blue Candle":21,"BelialBook":29,"Velvet Choker":40,"Eternal Feather":21,"SteamSale":3,"BloodBag":32,"Akabeko":37,"conspire:BottledYoYo":37,"reliquary:BrokenClock":0,"HushsDoor":0,"StrikeDummy":40,"conspire:Flyswatter":21,"BloodDonationMachine":32,"GuppysTail":28,"Lantern":0,"Regal Pillow":48,"Singing Bowl":0,"GnawedLeaf":37,"StoneCalendar":37,"Bag of Preparation":37,"Ancient Tea Set":37,"Cursed Key":37,"reliquary:TridentHead":15,"PokeGo":21,"Matryoshka":37,"AT_TrinityForce":17,"Chemical X":0,"InkBottle":47,"Potion Belt":0,"Lee\u0027s Waffle":29,"Circlet":46,"Damaru":45,"The Courier":17,"PreservedInsect":21,"Omamori":9,"Seething Fire":0,"GoldenEye":21,"Habit":21,"D4":40,"AT_ImmortalShieldbow":25,"D6":21,"Busted Crown":21,"AT_BellowingDragoncrestRing":10,"TheBible":21,"Ornamental Fan":21,"MagicMushroom":21,"Orrery":31,"Art of War":21,"Bottled Lightning":37,"conspire:DeflatedDodgeball":40,"AT_SunfireAegis":31,"Toy Ornithopter":0,"Chaos":15,"Calipers":31,"Tiny House":37,"NineVolt":12,"conspire:RoyalGoblet":21,"Gremlin Horn":42,"CeramicFish":6,"Vajra":9,"Hammer of Thor":0,"HollowMod:StagPassRelic":21,"conspire:SeveredTorchhead":21,"Lizard Tail":12,"theJungle:SneckoAutograph":30,"HornCleat":37,"conspire:DecoderRing":12,"Strawberry":37,"Philosopher\u0027s Stone":21,"Prayer Wheel":32,"Toxic Egg 2":37,"theJungle:WildMango":29,"conspire:Dentures":25,"Girya":32,"Astrolabe":21,"Dead Branch":5,"BookOfRevelations":23,"Oddly Smooth Stone":37,"conspire:SlowCooker":21,"conspire:Boomerang":40,"Letter Opener":21,"War Paint":37,"Question Card":37,"Du-Vu Doll":37,"OrangePellets":0,"conspire:GiftBox":21,"YumHeart":0,"Anvil of the Gods":0,"Shuriken":21,"Bronze Scales":21,"ForgetMeNow":48,"Molten Egg 2":27,"Black Star":21,"EdensBlessing":21,"Pocketwatch":0,"Meat on the Bone":21,"SacredBark":42,"SharpPlug":21,"Mango":21,"conspire:SpecialSausage":40,"Yang":42,"Incense Burner":21,"Juzu Bracelet":42,"TeardropLocket":48,"PrismaticShard":0,"Empty Cage":21,"conspire:TopHat":21,"ClockworkSouvenir":21,"Frozen Eye":42,"Dream Catcher":29,"TheAbacus":37,"ChampionBelt":37,"Mummified Hand":6,"Pantograph":23,"PillsDrop":37,"Tiny Chest":9,"DoctorsRemote":21,"HollowMod:LifeEnderRelic":21,"Odd Mushroom":10,"Orichalcum":11,"Medical Kit":0,"White Beast Statue":37,"Calling Bell":21,"Peace Pipe":21,"Anchor":15,"CaptainsWheel":32,"Hololive_LightStick":6,"HolyWater":21,"Bag of Marbles":35,"Coffee Dripper":17,"Membership Card":0,"PureWater":0,"TungstenRod":15,"FossilizedHelix":0},{"AT_ATBox":0,"Ginger":10,"Whetstone":44,"Boot":52,"BFFS":19,"Leech":27,"conspire:GlowingRock":21,"TheBean":8,"MealTicket":13,"Fusion Hammer":16,"TuHaoJin":18,"Kunai":13,"HollowMod:PaleOreRelic":13,"KeepersGift":0,"MerchantsRug":9,"conspire:TreasureMap":0,"BookofShadows":13,"Pear":19,"PunchingBag":19,"Blue Candle":13,"BelialBook":16,"Velvet Choker":21,"Eternal Feather":13,"SteamSale":3,"BloodBag":17,"Akabeko":19,"conspire:BottledYoYo":19,"reliquary:BrokenClock":65,"HushsDoor":0,"StrikeDummy":21,"conspire:Flyswatter":13,"BloodDonationMachine":17,"GuppysTail":16,"Lantern":0,"Regal Pillow":31,"Singing Bowl":0,"GnawedLeaf":19,"StoneCalendar":19,"Bag of Preparation":19,"Ancient Tea Set":19,"Cursed Key":19,"reliquary:TridentHead":72,"PokeGo":13,"Matryoshka":19,"AT_TrinityForce":73,"Chemical X":0,"InkBottle":94,"Potion Belt":0,"Lee\u0027s Waffle":16,"Circlet":21,"Damaru":29,"The Courier":11,"PreservedInsect":13,"Omamori":42,"Seething Fire":0,"GoldenEye":13,"Habit":13,"D4":21,"AT_ImmortalShieldbow":81,"D6":13,"Busted Crown":13,"AT_BellowingDragoncrestRing":70,"TheBible":13,"Ornamental Fan":13,"MagicMushroom":13,"Orrery":17,"Art of War":13,"Bottled Lightning":19,"conspire:DeflatedDodgeball":61,"AT_SunfireAegis":85,"Toy Ornithopter":0,"Chaos":10,"Calipers":17,"Tiny House":19,"NineVolt":9,"conspire:RoyalGoblet":13,"Gremlin Horn":21,"CeramicFish":5,"Vajra":42,"Hammer of Thor":0,"HollowMod:StagPassRelic":13,"conspire:SeveredTorchhead":13,"Lizard Tail":9,"theJungle:SneckoAutograph":16,"HornCleat":19,"conspire:DecoderRing":9,"Strawberry":19,"Philosopher\u0027s Stone":13,"Prayer Wheel":17,"Toxic Egg 2":19,"theJungle:WildMango":83,"conspire:Dentures":16,"Girya":17,"Astrolabe":13,"Dead Branch":39,"BookOfRevelations":14,"Oddly Smooth Stone":19,"conspire:SlowCooker":13,"conspire:Boomerang":21,"Letter Opener":13,"War Paint":24,"Question Card":19,"Du-Vu Doll":19,"OrangePellets":0,"conspire:GiftBox":13,"YumHeart":35,"Anvil of the Gods":0,"Shuriken":13,"Bronze Scales":13,"ForgetMeNow":22,"Molten Egg 2":53,"Black Star":13,"EdensBlessing":13,"Pocketwatch":0,"Meat on the Bone":13,"SacredBark":21,"SharpPlug":13,"Mango":13,"conspire:SpecialSausage":21,"Yang":21,"Incense Burner":13,"Juzu Bracelet":21,"TeardropLocket":64,"PrismaticShard":0,"Empty Cage":13,"conspire:TopHat":13,"ClockworkSouvenir":13,"Frozen Eye":21,"Dream Catcher":16,"TheAbacus":19,"ChampionBelt":19,"Mummified Hand":40,"Pantograph":14,"PillsDrop":19,"Tiny Chest":7,"DoctorsRemote":13,"HollowMod:LifeEnderRelic":13,"Odd Mushroom":43,"Orichalcum":70,"Medical Kit":0,"White Beast Statue":19,"Calling Bell":13,"Peace Pipe":13,"Anchor":10,"CaptainsWheel":17,"Hololive_LightStick":69,"HolyWater":13,"Bag of Marbles":23,"Coffee Dripper":48,"Membership Card":0,"PureWater":0,"TungstenRod":10,"FossilizedHelix":35},{"AT_ATBox":0,"Ginger":38,"Whetstone":154,"Boot":185,"BFFS":71,"Leech":88,"conspire:GlowingRock":76,"TheBean":33,"MealTicket":55,"Fusion Hammer":64,"TuHaoJin":68,"Kunai":55,"HollowMod:PaleOreRelic":55,"KeepersGift":0,"MerchantsRug":36,"conspire:TreasureMap":0,"BookofShadows":55,"Pear":71,"PunchingBag":71,"Blue Candle":55,"BelialBook":64,"Velvet Choker":76,"Eternal Feather":55,"SteamSale":9,"BloodBag":66,"Akabeko":71,"conspire:BottledYoYo":71,"reliquary:BrokenClock":240,"HushsDoor":0,"StrikeDummy":76,"conspire:Flyswatter":55,"BloodDonationMachine":66,"GuppysTail":64,"Lantern":0,"Regal Pillow":94,"Singing Bowl":0,"GnawedLeaf":71,"StoneCalendar":71,"Bag of Preparation":71,"Ancient Tea Set":71,"Cursed Key":71,"reliquary:TridentHead":254,"PokeGo":55,"Matryoshka":71,"AT_TrinityForce":261,"Chemical X":0,"InkBottle":331,"Potion Belt":0,"Lee\u0027s Waffle":64,"Circlet":76,"Damaru":91,"The Courier":43,"PreservedInsect":55,"Omamori":149,"Seething Fire":0,"GoldenEye":55,"Habit":55,"D4":76,"AT_ImmortalShieldbow":288,"D6":55,"Busted Crown":55,"AT_BellowingDragoncrestRing":250,"TheBible":55,"Ornamental Fan":55,"MagicMushroom":55,"Orrery":66,"Art of War":55,"Bottled Lightning":71,"conspire:DeflatedDodgeball":213,"AT_SunfireAegis":303,"Toy Ornithopter":0,"Chaos":38,"Calipers":66,"Tiny House":71,"NineVolt":36,"conspire:RoyalGoblet":55,"Gremlin Horn":76,"CeramicFish":16,"Vajra":149,"Hammer of Thor":0,"HollowMod:StagPassRelic":55,"conspire:SeveredTorchhead":55,"Lizard Tail":36,"theJungle:SneckoAutograph":64,"HornCleat":71,"conspire:DecoderRing":36,"Strawberry":71,"Philosopher\u0027s Stone":55,"Prayer Wheel":66,"Toxic Egg 2":71,"theJungle:WildMango":296,"conspire:Dentures":64,"Girya":66,"Astrolabe":55,"Dead Branch":139,"BookOfRevelations":58,"Oddly Smooth Stone":71,"conspire:SlowCooker":55,"conspire:Boomerang":76,"Letter Opener":55,"War Paint":82,"Question Card":71,"Du-Vu Doll":71,"OrangePellets":0,"conspire:GiftBox":55,"YumHeart":129,"Anvil of the Gods":0,"Shuriken":55,"Bronze Scales":55,"ForgetMeNow":78,"Molten Egg 2":188,"Black Star":55,"EdensBlessing":55,"Pocketwatch":0,"Meat on the Bone":55,"SacredBark":76,"SharpPlug":55,"Mango":55,"conspire:SpecialSausage":76,"Yang":76,"Incense Burner":55,"Juzu Bracelet":76,"TeardropLocket":222,"PrismaticShard":0,"Empty Cage":55,"conspire:TopHat":55,"ClockworkSouvenir":55,"Frozen Eye":76,"Dream Catcher":64,"TheAbacus":71,"ChampionBelt":71,"Mummified Hand":144,"Pantograph":58,"PillsDrop":71,"Tiny Chest":30,"DoctorsRemote":55,"HollowMod:LifeEnderRelic":55,"Odd Mushroom":151,"Orichalcum":250,"Medical Kit":0,"White Beast Statue":71,"Calling Bell":55,"Peace Pipe":55,"Anchor":38,"CaptainsWheel":66,"Hololive_LightStick":248,"HolyWater":55,"Bag of Marbles":81,"Coffee Dripper":171,"Membership Card":0,"PureWater":0,"TungstenRod":38,"FossilizedHelix":129}],"InkBottle":[12],"Meat on the Bone":204,"Pocketwatch":[16]},"card_choices":[{"not_picked":["AT_SoftenMuscles","FollowUp","Crescendo"],"picked":"SKIP","floor":1.0},{"not_picked":["CutThroughFate","EmptyBody"],"picked":"Worship","floor":3.0},{"not_picked":["BattleHymn","Study","FollowUp"],"picked":"SKIP","floor":5.0},{"not_picked":["Indignation","Crescendo","JustLucky"],"picked":"SKIP","floor":6.0},{"not_picked":["CrushJoints","Evaluate"],"picked":"DeceiveReality","floor":10.0},{"not_picked":["LikeWater","CutThroughFate"],"picked":"SpiritShield","floor":12.0},{"not_picked":["InnerPeace","PathToVictory","Wallop"],"picked":"SKIP","floor":13.0},{"not_picked":["Alpha","Devotion"],"picked":"DevaForm","floor":16.0},{"not_picked":["ClearTheMind","Evaluate"],"picked":"Protect","floor":18.0},{"not_picked":["Crescendo","EmptyFist","CrushJoints"],"picked":"SKIP","floor":19.0},{"not_picked":["Worship","EmptyFist","ClearTheMind"],"picked":"SKIP","floor":20.0},{"not_picked":["Worship","EmptyFist","ClearTheMind"],"picked":"SKIP","floor":20.0},{"not_picked":["PathToVictory","Prostrate"],"picked":"Study","floor":21.0},{"not_picked":["Prostrate","DevaForm","AT_SoftenMuscles"],"picked":"SKIP","floor":22.0},{"not_picked":["DevaForm","AT_SoftenMuscles"],"picked":"Prostrate","floor":22.0},{"not_picked":["FlyingSleeves","ClearTheMind","WreathOfFlame"],"picked":"SKIP","floor":23.0},{"not_picked":["Perseverance","WaveOfTheHand","BowlingBash"],"picked":"SKIP","floor":24.0},{"not_picked":["BattleHymn","AT_SoftenMuscles","Wallop"],"picked":"SKIP","floor":25.0},{"not_picked":["CrushJoints","Consecrate"],"picked":"AT_RealFormLess","floor":27.0},{"not_picked":["FlyingSleeves","TalkToTheHand+1","FearNoEvil+1"],"picked":"SKIP","floor":28.0},{"not_picked":["Meditate","Halt+1"],"picked":"Omniscience","floor":31.0},{"not_picked":["Wish","AT_IrregularMenstruation"],"picked":"MasterReality","floor":33.0},{"not_picked":["FollowUp","Pray","Wireheading"],"picked":"SKIP","floor":35.0},{"not_picked":["Crescendo","Consecrate+1","FollowUp+1"],"picked":"SKIP","floor":35.0},{"not_picked":["FollowUp","Meditate"],"picked":"ThirdEye+1","floor":38.0},{"not_picked":["SashWhip+1","Indignation","FearNoEvil"],"picked":"SKIP","floor":38.0},{"not_picked":["FlurryOfBlows","Prostrate+1","Perseverance"],"picked":"SKIP","floor":39.0},{"not_picked":["Halt","JustLucky","Protect"],"picked":"SKIP","floor":39.0},{"not_picked":["Wish","ReachHeaven","PathToVictory"],"picked":"SKIP","floor":41.0},{"not_picked":["FlyingSleeves+1","EmptyBody","Fasting2"],"picked":"SKIP","floor":42.0},{"not_picked":["FollowUp","PathToVictory","Sanctity"],"picked":"SKIP","floor":42.0},{"not_picked":["JustLucky+1","Consecrate","Establishment"],"picked":"SKIP","floor":44.0},{"not_picked":["JustLucky","EmptyFist"],"picked":"Sanctity+1","floor":47.0},{"not_picked":["Alpha","Judgement"],"picked":"Scrawl","floor":55.0},{"not_picked":["AT_SoftenMuscles","Fasting2","ForeignInfluence"],"picked":"SKIP","floor":55.0}],"player_experience":877262,"relics_obtained":[{"floor":6.0,"key":"Hololive_LightStick"},{"floor":10.0,"key":"AT_BellowingDragoncrestRing"},{"floor":11.0,"key":"Orichalcum"},{"floor":25.0,"key":"AT_ImmortalShieldbow"},{"floor":26.0,"key":"HornCleat"},{"floor":27.0,"key":"Pocketwatch"},{"floor":30.0,"key":"Prayer Wheel"},{"floor":31.0,"key":"AT_SunfireAegis"},{"floor":41.0,"key":"Art of War"},{"floor":43.0,"key":"Pear"},{"floor":44.0,"key":"Anchor"},{"floor":47.0,"key":"InkBottle"},{"floor":48.0,"key":"conspire:Boomerang"},{"floor":55.0,"key":"conspire:GiftBox"}],"event_choices":[{"damage_healed":0.0,"max_hp_gain":0.0,"max_hp_loss":0.0,"gold_gain":0.0,"event_name":"betterThird:BetterSerpent","player_choice":"Ignored","floor":2.0,"gold_loss":0.0,"damage_taken":110.0},{"damage_healed":0.0,"max_hp_gain":0.0,"max_hp_loss":0.0,"gold_gain":0.0,"event_name":"conspire:Investor","player_choice":"Leave","floor":4.0,"gold_loss":0.0,"damage_taken":0.0},{"damage_healed":39.0,"max_hp_gain":0.0,"max_hp_loss":68.0,"gold_gain":0.0,"event_name":"betterThird:BetterShining","player_choice":"Upgrade","floor":7.0,"gold_loss":0.0,"damage_taken":20.0,"cards_upgraded":["Vigilance","Worship"]},{"damage_healed":0.0,"max_hp_gain":0.0,"max_hp_loss":0.0,"gold_gain":0.0,"event_name":"The Woman in Blue","player_choice":"Bought 0 Potions","floor":14.0,"gold_loss":0.0,"damage_taken":0.0},{"damage_healed":0.0,"max_hp_gain":0.0,"max_hp_loss":0.0,"gold_gain":0.0,"event_name":"SensoryStone","player_choice":"Memory 3","floor":37.0,"gold_loss":0.0,"damage_taken":10.0},{"damage_healed":0.0,"max_hp_gain":0.0,"max_hp_loss":0.0,"gold_gain":0.0,"event_name":"Mysterious Sphere","player_choice":"Fight","floor":48.0,"gold_loss":0.0,"damage_taken":0.0}],"is_beta":false,"boss_relics":[{"not_picked":["SlaversCollar","conspire:RoyalGoblet"],"picked":"AT_TrinityForce"},{"not_picked":["Cursed Key","AT_MortalBlade"],"picked":"Coffee Dripper"}],"items_purged_floors":[0,32,36,49],"is_endless":false,"potions_floor_spawned":[1,12,16,18,19,20,25,31,35,41,44,48],"ascension_level":20}}