{"host":"cijhj3091wf4aho3","time":1612669891,"event":{"mods":["BaseMod","Colored Map","Colored Powertips","Downfall","Friendly Minions","GifTheSpireLib","Highlight Path","Minty Spire (QoL Compilation)","Permanent Neow","Random Character Button","Relic Sorter","Relic Stats","StSLib","everything is the same but u backflip on backflip","slay the spire mod where everything is the same but ironclad has a cowboy hat"],"gold_per_floor":[99,111,129,229,242,274,300,315,326,126,36,66,86,115,135,236,236,236,252,252,252,269,269,269,269],"floor_reached":23,"language":"ENG","playtime":1265,"items_purged":["bronze:Defend"],"score":298,"play_id":"a145767d-4078-4cf4-bda2-83dc634ab178","local_time":"20210206195131","is_ascension_mode":true,"campfire_choices":[{"floor":1,"key":"RECALL"},{"floor":10,"key":"REST"},{"data":"bronze:FindAndReplace","floor":18,"key":"SMITH"}],"circlet_count":0,"master_deck":["bronze:Strike","bronze:Strike","bronze:Strike","bronze:Strike","bronze:Defend","bronze:Defend","bronze:Defend","bronze:Replicate","bronze:Goto+1","bronze:BronzeOrb","bronze:Constructor","bronze:Boost","bronze:SpaghettiCode","bronze:Philosophize","bronze:Iterate","bronze:Philosophize","bronze:FindAndReplace+1","Necronomicurse"],"relics":["bronze:BronzeCore","PreservedInsect","Blood Vial","downfall:HeartBlessingRed","downfall:HeartBlessingGreen","Art of War","Tiny Chest","Busted Crown","Necronomicon"],"acts_visited":["Exordium","TheCity"],"potions_floor_usage":[6,16,16,23],"damage_taken":[{"damage":3,"enemies":"Small Slimes","floor":2,"turns":4},{"damage":1,"enemies":"Jaw Worm","floor":3,"turns":5},{"damage":3,"enemies":"2 Louse","floor":5,"turns":3},{"damage":21,"enemies":"Lagavulin","floor":6,"turns":10},{"damage":5,"enemies":"Exordium Thugs","floor":8,"turns":5},{"damage":17,"enemies":"Large Slime","floor":9,"turns":9},{"damage":0,"enemies":"downfall:FleeingMerchant","floor":11,"turns":4},{"damage":0,"enemies":"Gremlin Nob","floor":12,"turns":2},{"damage":0,"enemies":"2 Fungi Beasts","floor":13,"turns":3},{"damage":5,"enemies":"Lagavulin","floor":14,"turns":5},{"damage":0,"enemies":"Exordium Wildlife","floor":15,"turns":4},{"damage":8,"enemies":"WA_ARCHETYPE_RETAIN","floor":16,"turns":5},{"damage":0,"enemies":"Chosen","floor":19,"turns":3},{"damage":36,"enemies":"3 Byrds","floor":22,"turns":6},{"damage":27,"enemies":"Snecko","floor":23,"turns":3}],"seed_played":"-2260357398084812875","potions_obtained":[{"floor":2,"key":"LiquidBronze"},{"floor":5,"key":"PowerPotion"},{"floor":12,"key":"hexamod:SoulburnPotion"},{"floor":13,"key":"Ancient Potion"},{"floor":14,"key":"DuplicationPotion"},{"floor":22,"key":"SkillPotion"}],"is_trial":false,"path_per_floor":["R","M","M","?","M","E","T","M","M","R","$","E","M","E","M","B",null,"R","M","?","?","M","M"],"character_chosen":"THE_AUTOMATON","items_purchased":[],"campfire_rested":1,"item_purchase_floors":[],"current_hp_per_floor":[70,67,66,66,63,42,42,39,24,45,47,49,51,48,50,44,64,64,66,66,50,16,0,0,0],"gold":269,"neow_bonus":"UPGRADE_CARD","is_daily":false,"chose_seed":false,"campfire_upgraded":1,"win_rate":0.0,"timestamp":1612669891,"path_taken":["R","M","M","?","M","E","T","M","M","R","$","E","M","E","M","BOSS","R","M","?","?","M","M"],"items_purchased_type":[],"build_version":"2020-12-22","purchased_purges":1,"victory":false,"max_hp_per_floor":[70,70,70,70,70,70,70,70,70,70,70,70,70,70,70,70,70,70,70,70,70,70,70,70,70],"relic_stats":{"Blood Vial":22,"Busted Crown":4,"counters":[15,71],"Tiny Chest":0,"PreservedInsect":150,"Art of War":[3],"Necronomicon":[1],"obtain_stats":[{"Blood Vial":7,"bronze:BronzeCore":0,"Busted Crown":17,"downfall:HeartBlessingRed":10,"downfall:HeartBlessingGreen":10,"Tiny Chest":14,"PreservedInsect":6,"Art of War":12,"Necronomicon":21},{"Blood Vial":4,"bronze:BronzeCore":0,"Busted Crown":12,"downfall:HeartBlessingRed":6,"downfall:HeartBlessingGreen":6,"Tiny Chest":10,"PreservedInsect":4,"Art of War":8,"Necronomicon":13},{"Blood Vial":22,"bronze:BronzeCore":0,"Busted Crown":59,"downfall:HeartBlessingRed":36,"downfall:HeartBlessingGreen":36,"Tiny Chest":50,"PreservedInsect":22,"Art of War":42,"Necronomicon":62}]},"card_choices":[{"not_picked":["bronze:Backtrace","bronze:CutThrough"],"picked":"bronze:BronzeOrb","floor":2},{"not_picked":["bronze:Turbo","bronze:Invalidate"],"picked":"bronze:Constructor","floor":3},{"not_picked":["bronze:Overheat","bronze:Terminator","bronze:Shield"],"picked":"SKIP","floor":5},{"not_picked":["bronze:Allocate","bronze:NullPointer"],"picked":"bronze:Boost","floor":6},{"not_picked":["bronze:FineTuning","bronze:OilSpill","bronze:WhirlingStrike"],"picked":"SKIP","floor":8},{"not_picked":["bronze:CutThrough","bronze:ForLoop"],"picked":"bronze:SpaghettiCode","floor":9},{"not_picked":["bronze:OilSpill","bronze:Repair","bronze:Repulsor"],"picked":"SKIP","floor":11},{"not_picked":["bronze:InfiniteLoop","bronze:Branch"],"picked":"bronze:Philosophize","floor":12},{"not_picked":["bronze:ItsAFeature","bronze:Shield"],"picked":"bronze:Iterate","floor":13},{"not_picked":["bronze:Overheat","bronze:Turbo"],"picked":"bronze:Philosophize","floor":14},{"not_picked":["bronze:Shell","bronze:BugBarrage","bronze:DelayedSlice"],"picked":"SKIP","floor":15},{"not_picked":["bronze:HardenedForm","bronze:AlphaBuild"],"picked":"bronze:FindAndReplace","floor":16},{"not_picked":["bronze:Backtrace"],"picked":"SKIP","floor":19},{"not_picked":["bronze:CloningBeam"],"picked":"SKIP","floor":22}],"player_experience":569288,"relics_obtained":[{"floor":6,"key":"PreservedInsect"},{"floor":7,"key":"Blood Vial"},{"floor":12,"key":"Art of War"},{"floor":14,"key":"Tiny Chest"},{"floor":21,"key":"Necronomicon"}],"event_choices":[],"is_beta":false,"boss_relics":[{"not_picked":["Empty Cage","Runic Dome"],"picked":"Busted Crown"}],"items_purged_floors":[11],"is_endless":false,"potions_floor_spawned":[2,5,12,13,14,15,22],"killed_by":"Snecko","ascension_level":5}}