{"host":"8lgo2trwv2o0qyml","time":1612721036,"event":{"mods":["BaseMod","Colored Map","Colored Powertips","DeckTracker","Highlight Path","Hubris","Infinite Spire","Minty Spire (QoL Compilation)","Quick Restart","Random Character Button","Relic Sorter","Replay The Spire","StSLib","SuperFastMode","Synergy Search"],"gold_per_floor":[116,43,43,114,114,142,142,169,169,169,187,187,249,277,277,376,376,396,396,410,420,420,420,420,420],"floor_reached":24,"playtime":1281,"items_purged":[],"score":259,"play_id":"33bbaa88-1a85-41f5-b38f-4b6d9a471d90","local_time":"20210207130356","is_ascension_mode":false,"campfire_choices":[{"data":"hubris:DuctTapeCard","floor":7,"key":"SMITH"},{"data":"MasterReality","floor":10,"key":"SMITH"},{"data":"ClearTheMind","floor":12,"key":"SMITH"},{"data":"Swivel","floor":15,"key":"SMITH"},{"data":"Judgement","floor":23,"key":"SMITH"}],"circlet_count":0,"master_deck":["Strike_P+1","Strike_P+1","Strike_P+1","Strike_P+1","Defend_P+1","Defend_P+1","Defend_P+1","Defend_P+1","Vigilance","Tantrum","Swivel+1","hubris:DuctTapeCard+2","MasterReality+1","ClearTheMind+1","CarveReality","Evaluate","Judgement+1","Consecrate","Consecrate+1","BattleHymn+1"],"relics":["HolyWater","NeowsBlessing","Sundial","Darkstone Periapt","Spirit Poop","hubris:DuctTape","Bronze Scales","ReplayTheSpireMod:Shallot","Matryoshka","Happy Flower","Replay:Blank Codex"],"acts_visited":["Exordium","TheCity"],"potions_floor_usage":[16,16,16],"damage_taken":[{"damage":0,"enemies":"Cultist","floor":1,"turns":1},{"damage":0,"enemies":"Replay:BlueRogue","floor":6,"turns":1},{"damage":0,"enemies":"Lagavulin","floor":8,"turns":1},{"damage":0,"enemies":"Small Slimes","floor":11,"turns":2},{"damage":26,"enemies":"Lagavulin Event","floor":13,"turns":5},{"damage":6,"enemies":"3 Sentries","floor":14,"turns":4},{"damage":21,"enemies":"The Guardian","floor":16,"turns":11},{"damage":0,"enemies":"3 Byrds","floor":18,"turns":4},{"damage":0,"enemies":"2 Thieves","floor":20,"turns":3},{"damage":6,"enemies":"Centurion and Healer","floor":21,"turns":5},{"damage":61,"enemies":"Nightmare","floor":24,"turns":6}],"seed_played":"-4170224173893079735","potions_obtained":[{"floor":8,"key":"Block Potion"},{"floor":13,"key":"Venom Potion"},{"floor":14,"key":"Death Potion"},{"floor":20,"key":"SteroidPotion"}],"is_trial":false,"path_per_floor":["M","$","?","T","?","E","R","E","T","R","M","R","?","E","R","B",null,"M","?","M","M","?","R","NM"],"character_chosen":"WATCHER","items_purchased":["Tantrum"],"campfire_rested":0,"item_purchase_floors":[2],"current_hp_per_floor":[72,72,72,72,72,72,72,72,72,72,72,72,46,40,40,19,72,72,72,72,66,50,50,0,0],"gold":420,"neow_bonus":"THREE_ENEMY_KILL","is_daily":false,"chose_seed":false,"campfire_upgraded":5,"win_rate":0.0,"timestamp":1612721036,"path_taken":["M","$","?","?","?","E","R","E","T","R","?","R","?","E","R","BOSS","M","?","M","M","?","R","NM"],"items_purchased_type":["Card"],"build_version":"2020-12-22","purchased_purges":0,"victory":false,"max_hp_per_floor":[72,72,72,72,72,72,72,72,72,72,72,72,72,72,72,72,72,72,72,72,72,72,72,72,72],"card_choices":[{"not_picked":["EmptyBody","EmptyFist"],"picked":"Halt","floor":1},{"not_picked":["Ragnarok","Protect"],"picked":"Swivel","floor":6},{"not_picked":["FlyingSleeves","Consecrate"],"picked":"MasterReality","floor":8},{"not_picked":["SashWhip","FollowUp"],"picked":"ClearTheMind","floor":11},{"not_picked":["PathToVictory","Replay:Hum"],"picked":"CarveReality","floor":13},{"not_picked":["CutThroughFate","SashWhip"],"picked":"Evaluate","floor":14},{"not_picked":["Brilliance","Vault"],"picked":"Judgement","floor":16},{"not_picked":["Tantrum","SashWhip"],"picked":"Consecrate","floor":18},{"not_picked":["SignatureMove+1","Replay:Hum"],"picked":"Consecrate+1","floor":20},{"not_picked":["ThirdEye","WaveOfTheHand"],"picked":"BattleHymn+1","floor":21}],"player_experience":124173,"relics_obtained":[{"floor":4,"key":"Darkstone Periapt"},{"floor":6,"key":"hubris:DuctTape"},{"floor":8,"key":"Bronze Scales"},{"floor":9,"key":"ReplayTheSpireMod:Shallot"},{"floor":14,"key":"Happy Flower"},{"floor":22,"key":"Replay:Blank Codex"}],"event_choices":[{"damage_healed":0,"gold_gain":0,"player_choice":"Box","damage_taken":0,"relics_obtained":["Sundial"],"max_hp_gain":0,"max_hp_loss":0,"event_name":"Big Fish","floor":3,"gold_loss":0,"cards_obtained":["Regret"]},{"cards_removed":["Regret"],"damage_healed":0,"gold_gain":0,"player_choice":"Offered Curse","damage_taken":0,"relics_obtained":["Spirit Poop"],"max_hp_gain":0,"max_hp_loss":0,"event_name":"Bonfire Elementals","floor":5,"gold_loss":0},{"damage_healed":0,"gold_gain":30,"player_choice":"Searched \u00273\u0027 times","damage_taken":0,"relics_obtained":["Matryoshka"],"max_hp_gain":0,"max_hp_loss":0,"event_name":"Dead Adventurer","floor":13,"gold_loss":0},{"damage_healed":0,"gold_gain":0,"player_choice":"Simplicity","damage_taken":0,"max_hp_gain":0,"max_hp_loss":0,"event_name":"Back to Basics","floor":19,"gold_loss":0,"cards_upgraded":["Strike_P","Strike_P","Strike_P","Strike_P","Defend_P","Defend_P","Defend_P","Defend_P"]},{"damage_healed":0,"gold_gain":0,"player_choice":"Obtained Book","damage_taken":16,"max_hp_gain":0,"max_hp_loss":0,"event_name":"Cursed Tome","floor":22,"gold_loss":0}],"is_beta":false,"boss_relics":[{"not_picked":["hubris:GrandSneckoEye","Runic Pyramid"],"picked":"HolyWater"}],"items_purged_floors":[],"is_endless":false,"potions_floor_spawned":[8,13,14,20],"killed_by":"Nightmare","ascension_level":0}}