{"host":"4par9lyhj7bf4dsa","time":1612682703,"event":{"mods":["AchievementEnabler","BaseMod","Colored Map","Minty Spire (QoL Compilation)","Relic Stats","StSLib"],"gold_per_floor":[109,109,127,1,17,55,69,69,69,92,123,123,164,184,184,280,280,305,325,235,38,59,59,93,108,108,108,144,20,36,52,52,52,52],"floor_reached":33,"language":"ENG","playtime":1884,"items_purged":["Strike_P","Strike_P"],"score":592,"play_id":"8c33ae82-2b6d-47f3-8848-6c92d9d9c079","local_time":"20210207182503","is_ascension_mode":true,"campfire_choices":[{"floor":8,"key":"REST"},{"data":"CrushJoints","floor":15,"key":"SMITH"},{"data":"Conclude","floor":23,"key":"SMITH"},{"floor":32,"key":"REST"}],"circlet_count":0,"master_deck":["AscendersBane","Strike_P","Defend_P","Defend_P","Defend_P","Defend_P","Eruption","Vigilance","CrushJoints+1","FlurryOfBlows","BowlingBash","FlyingSleeves+1","FearNoEvil","ThirdEye","FollowUp","ClearTheMind+1","Conclude+1","Vengeance","FlurryOfBlows","FlyingSleeves+1","ThirdEye+1"],"relics":["Black Star","Golden Idol","Pantograph","InkBottle","Yang","Bag of Preparation","Regal Pillow","PreservedInsect","Tiny Chest","Cursed Key","TeardropLocket","Turnip","Bronze Scales","Frozen Egg 2"],"acts_visited":["Exordium","TheCity"],"potions_floor_usage":[11,13,16,18,22,24],"damage_taken":[{"damage":7,"enemies":"2 Louse","floor":1,"turns":3},{"damage":0,"enemies":"Small Slimes","floor":3,"turns":3},{"damage":0,"enemies":"Cultist","floor":5,"turns":3},{"damage":34,"enemies":"Gremlin Nob","floor":6,"turns":5},{"damage":5,"enemies":"Exordium Thugs","floor":7,"turns":4},{"damage":5,"enemies":"3 Louse","floor":10,"turns":3},{"damage":13,"enemies":"Lagavulin","floor":11,"turns":6},{"damage":0,"enemies":"3 Sentries","floor":13,"turns":4},{"damage":0,"enemies":"2 Fungi Beasts","floor":14,"turns":2},{"damage":15,"enemies":"The Guardian","floor":16,"turns":12},{"damage":0,"enemies":"3 Byrds","floor":18,"turns":4},{"damage":7,"enemies":"2 Thieves","floor":19,"turns":4},{"damage":18,"enemies":"Snake Plant","floor":22,"turns":4},{"damage":9,"enemies":"Slavers","floor":24,"turns":3},{"damage":0,"enemies":"Chosen and Byrds","floor":25,"turns":3},{"damage":0,"enemies":"Gremlin Leader","floor":28,"turns":3},{"damage":0,"enemies":"Sentry and Sphere","floor":30,"turns":2},{"damage":0,"enemies":"Snecko","floor":31,"turns":2},{"damage":101,"enemies":"Collector","floor":33,"turns":7}],"seed_played":"1050762645578305991","potions_obtained":[{"floor":3,"key":"EssenceOfSteel"},{"floor":11,"key":"StancePotion"},{"floor":13,"key":"DuplicationPotion"},{"floor":18,"key":"LiquidBronze"},{"floor":22,"key":"Dexterity Potion"},{"floor":30,"key":"StancePotion"},{"floor":31,"key":"StancePotion"}],"is_trial":false,"path_per_floor":["M","?","M","$","M","E","M","R","T","M","E","?","E","M","R","B",null,"M","M","?","$","M","R","E","M","T","T","E","$","M","M","R","B"],"character_chosen":"WATCHER","items_purchased":["BowlingBash","DuplicationPotion","Conclude","BottledMiracle","FlurryOfBlows"],"campfire_rested":2,"item_purchase_floors":[4,4,21,21,29],"current_hp_per_floor":[58,58,58,58,58,24,19,39,39,34,21,43,43,43,43,52,63,63,56,56,56,38,38,29,29,29,29,29,29,29,29,64,0,0],"gold":52,"neow_bonus":"BOSS_RELIC","is_daily":false,"chose_seed":false,"campfire_upgraded":2,"win_rate":0.0,"timestamp":1612682703,"path_taken":["M","?","M","$","M","E","M","R","T","M","E","?","E","M","R","BOSS","M","M","?","$","M","R","E","?","T","?","E","$","M","M","R","BOSS"],"items_purchased_type":["Card","Potion","Card","Potion","Card"],"build_version":"2020-12-22","purchased_purges":2,"victory":false,"max_hp_per_floor":[72,67,67,67,67,67,67,67,67,67,67,67,67,67,67,67,67,67,67,67,67,67,67,67,67,67,67,67,67,67,67,67,67,67],"relic_stats":{"Regal Pillow":15,"counters":[19,77],"Golden Idol":96,"Yang":[175],"PreservedInsect":88,"Bag of Preparation":[24],"Cursed Key":0,"Pantograph":27,"Bronze Scales":[15],"Tiny Chest":0,"Turnip":[3],"Black Star":5,"obtain_stats":[{"Regal Pillow":11,"Golden Idol":2,"Yang":9,"PreservedInsect":13,"Bag of Preparation":11,"TeardropLocket":24,"Frozen Egg 2":28,"Cursed Key":17,"Pantograph":6,"Bronze Scales":28,"Tiny Chest":13,"Turnip":24,"Black Star":0,"PureWater":0,"InkBottle":6},{"Regal Pillow":7,"Golden Idol":1,"Yang":5,"PreservedInsect":8,"Bag of Preparation":7,"TeardropLocket":14,"Frozen Egg 2":16,"Cursed Key":10,"Pantograph":4,"Bronze Scales":16,"Tiny Chest":8,"Turnip":14,"Black Star":0,"PureWater":0,"InkBottle":4},{"Regal Pillow":27,"Golden Idol":3,"Yang":18,"PreservedInsect":31,"Bag of Preparation":27,"TeardropLocket":60,"Frozen Egg 2":66,"Cursed Key":45,"Pantograph":14,"Bronze Scales":66,"Tiny Chest":31,"Turnip":60,"Black Star":0,"PureWater":0,"InkBottle":14}],"InkBottle":[23]},"card_choices":[{"not_picked":["EmptyBody","Evaluate"],"picked":"CrushJoints","floor":1},{"not_picked":["Prostrate","Halt"],"picked":"FlurryOfBlows","floor":3},{"not_picked":["FlurryOfBlows","CutThroughFate"],"picked":"FlyingSleeves","floor":5},{"not_picked":["Perseverance","Fasting2"],"picked":"FearNoEvil","floor":6},{"not_picked":["Weave","SashWhip","BowlingBash"],"picked":"SKIP","floor":7},{"not_picked":["ReachHeaven","MentalFortress"],"picked":"ThirdEye","floor":10},{"not_picked":["DeceiveReality","FlyingSleeves","Omniscience"],"picked":"SKIP","floor":11},{"not_picked":["ThirdEye","WreathOfFlame"],"picked":"FollowUp","floor":13},{"not_picked":["ThirdEye","Crescendo","EmptyBody"],"picked":"SKIP","floor":14},{"not_picked":["Study","LikeWater"],"picked":"ClearTheMind+1","floor":18},{"not_picked":["FollowUp","Prostrate+1","EmptyFist"],"picked":"SKIP","floor":19},{"not_picked":["Protect","Halt","ThirdEye"],"picked":"SKIP","floor":22},{"not_picked":["Halt","Establishment","Conclude"],"picked":"SKIP","floor":24},{"not_picked":["Prostrate","EmptyBody","JustLucky"],"picked":"SKIP","floor":25},{"not_picked":["WindmillStrike","CutThroughFate"],"picked":"Vengeance","floor":28},{"not_picked":["Swivel","SashWhip"],"picked":"FlyingSleeves+1","floor":30},{"not_picked":["Crescendo","Consecrate"],"picked":"ThirdEye+1","floor":31}],"player_experience":998547,"relics_obtained":[{"floor":6,"key":"Pantograph"},{"floor":6,"key":"InkBottle"},{"floor":9,"key":"Yang"},{"floor":11,"key":"Bag of Preparation"},{"floor":11,"key":"Regal Pillow"},{"floor":13,"key":"PreservedInsect"},{"floor":13,"key":"Tiny Chest"},{"floor":24,"key":"TeardropLocket"},{"floor":24,"key":"Turnip"},{"floor":28,"key":"Bronze Scales"},{"floor":28,"key":"Frozen Egg 2"}],"event_choices":[{"damage_healed":0,"gold_gain":0,"player_choice":"Lose Max HP","damage_taken":0,"relics_obtained":["Golden Idol"],"max_hp_gain":0,"max_hp_loss":5,"event_name":"Golden Idol","floor":2,"gold_loss":0},{"damage_healed":22,"gold_gain":0,"player_choice":"Banana","damage_taken":0,"max_hp_gain":0,"max_hp_loss":0,"event_name":"Big Fish","floor":12,"gold_loss":0},{"cards_removed":["Strike_P"],"damage_healed":0,"gold_gain":0,"player_choice":"Upgrade and Remove","damage_taken":0,"max_hp_gain":0,"max_hp_loss":0,"event_name":"Designer","floor":20,"gold_loss":90,"cards_upgraded":["FlyingSleeves"]}],"is_beta":false,"boss_relics":[{"not_picked":["Empty Cage","Calling Bell"],"picked":"Cursed Key"}],"items_purged_floors":[21,29],"is_endless":false,"potions_floor_spawned":[3,5,7,11,13,18,22,30,31],"killed_by":"Collector","ascension_level":13}}