{"host":"gc8h028r85mpey4t","time":1612672972,"event":{"mods":["BaseMod","BetterRewards","Colored Powertips","Minty Spire (QoL Compilation)","StSLib","The Senshi"],"gold_per_floor":[99,99,99,114,42,42,42,42,117,132,132,147,147,162,162,162,162],"floor_reached":16,"language":"ENG","playtime":430,"items_purged":[],"score":90,"play_id":"df87cd26-a073-4ca2-9fe8-a3ac084535c5","local_time":"20210206204252","daily_mods":["Heirloom","Purple Cards","Lethality"],"is_ascension_mode":false,"campfire_choices":[{"data":"theSenshi:MoonTiaraMagic","floor":6,"key":"SMITH"},{"data":"theSenshi:MoonTiaraMagic","floor":7,"key":"SMITH"},{"data":"theSenshi:TuxedoSmokingBomber","floor":8,"key":"SMITH"},{"data":"theSenshi:SailorKick","floor":11,"key":"SMITH"},{"floor":15,"key":"REST"}],"circlet_count":0,"master_deck":["theSenshi:SailorKick","theSenshi:SailorKick","theSenshi:SailorKick+1","theSenshi:SailorKick","theSenshi:SailorBlock","theSenshi:SailorBlock","theSenshi:SailorBlock","theSenshi:SailorBlock","theSenshi:RoseThrow","theSenshi:MoonPrismPowerMakeUp","theSenshi:MoonTiaraMagic+1","theSenshi:MoonTiaraMagic+1","theSenshi:TuxedoSmokingBomber+1","theSenshi:SailorVenusAssists","theSenshi:SailorMercuryAssists","theSenshi:TuxedoSmokingBomber"],"relics":["theSenshi:TransformationBroochRelic","WingedGreaves","theSenshi:TransformationPenRelic"],"acts_visited":["Exordium"],"potions_floor_usage":[],"damage_taken":[{"damage":5,"enemies":"2 Louse","floor":1,"turns":3},{"damage":8,"enemies":"Jaw Worm","floor":4,"turns":3},{"damage":3,"enemies":"Cultist","floor":10,"turns":3},{"damage":7,"enemies":"Looter","floor":12,"turns":2},{"damage":16,"enemies":"Gremlin Gang","floor":14,"turns":3},{"damage":66,"enemies":"The Guardian","floor":16,"turns":6}],"seed_played":"8884597751285247366","potions_obtained":[{"floor":4,"key":"DuplicationPotion"}],"is_trial":false,"path_per_floor":["M","$","?","M","$","R","R","R","T","M","R","M","?","M","R","B"],"character_chosen":"THE_SENSHI","items_purchased":["theSenshi:MoonTiaraMagic","theSenshi:TuxedoSmokingBomber"],"campfire_rested":1,"item_purchase_floors":[5,5],"current_hp_per_floor":[70,70,70,62,62,62,62,62,62,59,59,52,52,36,58,0,0],"gold":162,"neow_bonus":"","is_daily":true,"chose_seed":false,"campfire_upgraded":4,"win_rate":0.0,"timestamp":1612672972,"path_taken":["M","$","?","M","$","R","R","R","T","M","R","M","?","?","R","BOSS"],"items_purchased_type":["Card","Card"],"build_version":"2020-12-22","purchased_purges":0,"victory":false,"max_hp_per_floor":[75,75,75,75,75,75,75,75,75,75,75,75,75,75,75,75,75],"card_choices":[{"not_picked":["theSenshi:MoonPower","theSenshi:LunasBite","theSenshi:SchoolBag"],"picked":"SKIP","floor":1},{"not_picked":["theSenshi:LunasBite","theSenshi:SailorMercuryAssists"],"picked":"theSenshi:MoonTiaraMagic","floor":4},{"not_picked":["theSenshi:Sidestep","theSenshi:MoonPower"],"picked":"theSenshi:SailorVenusAssists","floor":10},{"not_picked":["theSenshi:MoonPower","theSenshi:GlimpseOfThePast"],"picked":"theSenshi:SailorMercuryAssists","floor":12},{"not_picked":["theSenshi:PlutosSolemnity","theSenshi:SailorJupiterAssists"],"picked":"theSenshi:TuxedoSmokingBomber","floor":14}],"player_experience":110094,"relics_obtained":[{"floor":9,"key":"theSenshi:TransformationPenRelic"}],"event_choices":[{"damage_healed":0,"gold_gain":0,"player_choice":"Ignored","damage_taken":0,"max_hp_gain":0,"max_hp_loss":0,"event_name":"Golden Idol","floor":3,"gold_loss":0},{"damage_healed":0,"gold_gain":0,"player_choice":"Ignored","damage_taken":0,"max_hp_gain":0,"max_hp_loss":0,"event_name":"Liars Game","floor":13,"gold_loss":0}],"is_beta":false,"boss_relics":[],"items_purged_floors":[],"is_endless":false,"potions_floor_spawned":[4],"killed_by":"The Guardian","ascension_level":0}}