{"host":"usrgk25etjl0nf5i","time":1612667019,"event":{"mods":["2.2 Compatiblity","BaseMod","Downfall","Hubris","Minty Spire (QoL Compilation)","Permanent Neow","StSLib","SuperFastMode"],"gold_per_floor":[117,217,236,24,24,51,51,81,81,6,41,41,56,69,69,165,215,226,245,245,245,63,96,96,130,130,130,130,130,130,145,145,240,240,257,257,257,257,257,257,287,287,339,339,131,131,160,174,174,174],"floor_reached":51,"language":"ENG","playtime":4295,"items_purged":["Normality","Clumsy"],"score":960,"play_id":"7f8bce94-a84b-45e3-b836-e459804c31e6","local_time":"20210206190339","is_ascension_mode":true,"campfire_choices":[{"floor":7,"key":"REST"},{"floor":15,"key":"REST"},{"data":"1","floor":24,"key":"LIFT"},{"data":"2","floor":27,"key":"LIFT"},{"data":"3","floor":29,"key":"LIFT"},{"data":"Adaptation","floor":32,"key":"SMITH"},{"data":"Discovery","floor":40,"key":"SMITH"},{"data":"Judgement","floor":42,"key":"SMITH"},{"data":"WindmillStrike","floor":46,"key":"SMITH"},{"data":"Ghostly","floor":49,"key":"SMITH"}],"circlet_count":0,"master_deck":["Strike_P","Strike_P","Strike_P","Strike_P","Defend_P","Defend_P","Eruption+1","Vigilance","FollowUp","CurseOfTheBell","CurseOfTheBell","Judgement+1","WindmillStrike+1","Apotheosis+1","Adaptation+1","WheelKick","Consecrate","WreathOfFlame","BowlingBash","EmptyFist","Alpha","Tantrum","FlurryOfBlows+1","Consecrate","Ghostly+1","Ghostly","Ghostly","Ghostly","Ghostly","Ragnarok","CutThroughFate+1","Ragnarok","ClearTheMind+1","Discovery+1","FlurryOfBlows+1","Ghostly","FollowUp","WindmillStrike+1","Crescendo+1"],"relics":["VioletLotus","downfall:ExtraCursedBell","Juzu Bracelet","hubris:Metronome","Girya","hubris:SlimyHat","hubris:SphereOfDissonance","Blood Vial","Bag of Marbles","Tiny House","Pen Nib","StrikeDummy","Bronze Scales","expansioncontent:StudyCardRelic","hubris:Towel","Guardian:PocketSentry","hexamod:BolsterEngine","Happy Flower","CaptainsWheel"],"acts_visited":["Exordium","TheCity","TheBeyond"],"potions_floor_usage":[8,16,23,33,50,50,50],"damage_taken":[{"damage":5,"enemies":"2 Louse","floor":1,"turns":4},{"damage":14,"enemies":"Jaw Worm","floor":3,"turns":3},{"damage":29,"enemies":"Lagavulin","floor":6,"turns":8},{"damage":9,"enemies":"3 Sentries","floor":8,"turns":4},{"damage":32,"enemies":"Gremlin Nob","floor":11,"turns":3},{"damage":4,"enemies":"Small Slimes","floor":13,"turns":3},{"damage":12,"enemies":"Exordium Wildlife","floor":14,"turns":2},{"damage":18,"enemies":"Slime Boss","floor":16,"turns":7},{"damage":30,"enemies":"Chosen","floor":18,"turns":6},{"damage":33,"enemies":"2 Thieves","floor":19,"turns":3},{"damage":3,"enemies":"Gremlin Leader","floor":23,"turns":3},{"damage":13,"enemies":"Book of Stabbing","floor":25,"turns":5},{"damage":1,"enemies":"Centurion and Healer","floor":31,"turns":3},{"damage":2,"enemies":"Collector","floor":33,"turns":4},{"damage":11,"enemies":"3 Shapes","floor":35,"turns":2},{"damage":3,"enemies":"Reptomancer","floor":41,"turns":3},{"damage":1,"enemies":"Giant Head","floor":47,"turns":4},{"damage":0,"enemies":"Orb Walker","floor":48,"turns":2},{"damage":13,"enemies":"Awakened One","floor":50,"turns":6}],"seed_played":"5155392983827527756","potions_obtained":[{"floor":1,"key":"DistilledChaos"},{"floor":6,"key":"bronze:BurnAndBuffPotion"},{"floor":14,"key":"Guardian:BlockOnCardUsePotion"},{"floor":17,"key":"champ:CounterPotion"},{"floor":23,"key":"SteroidPotion"},{"floor":25,"key":"BlessingOfTheForge"},{"floor":33,"key":"Strength Potion"},{"floor":41,"key":"Block Potion"}],"is_trial":false,"path_per_floor":["M","?","M","$","?","E","R","E","T","$","E","$","M","M","R","B",null,"M","M","?","?","$","E","R","E","T","R","?","R","?","M","R","B",null,"M","?","?","?","?","R","E","R","T","?","$","R","E","M","R","B",null],"character_chosen":"WATCHER","items_purchased":["Apotheosis","Adaptation","Ragnarok","Happy Flower","FollowUp"],"campfire_rested":2,"item_purchase_floors":[4,4,22,45,45],"current_hp_per_floor":[67,72,58,58,58,29,52,43,43,43,13,16,14,4,27,11,66,38,7,37,40,41,38,38,27,27,27,30,30,33,34,34,34,39,30,33,36,39,41,41,38,38,38,41,41,41,40,41,41,28],"gold":174,"neow_bonus":"BOSS_RELIC","is_daily":false,"chose_seed":false,"campfire_upgraded":5,"win_rate":0.0,"timestamp":1612667019,"path_taken":["M","?","M","$","?","E","R","E","T","$","E","?","M","M","R","BOSS","M","M","?","?","?","E","R","E","T","R","?","R","?","M","R","BOSS","M","?","?","?","?","R","E","R","T","?","$","R","E","M","R","BOSS"],"items_purchased_type":["Card","Card","Card","Relic","Card"],"build_version":"2020-12-22","purchased_purges":2,"victory":true,"max_hp_per_floor":[72,77,77,77,77,77,77,77,77,77,77,77,77,77,77,77,82,82,82,82,41,41,41,41,41,41,41,41,41,41,41,41,41,41,41,41,41,41,41,41,41,41,41,41,41,41,41,41,41,41],"card_choices":[{"not_picked":["TalkToTheHand","Wireheading"],"picked":"FollowUp","floor":1},{"not_picked":["PathToVictory","CutThroughFate"],"picked":"WindmillStrike","floor":3},{"not_picked":["Halt","PathToVictory"],"picked":"WheelKick","floor":6},{"not_picked":["ThirdEye","InnerPeace"],"picked":"Consecrate","floor":8},{"not_picked":["Judgement","Pray"],"picked":"WreathOfFlame","floor":11},{"not_picked":["Worship","Evaluate"],"picked":"BowlingBash","floor":13},{"not_picked":["Halt","Swivel"],"picked":"EmptyFist","floor":14},{"not_picked":["Blasphemy","ConjureBlade"],"picked":"Alpha","floor":16},{"not_picked":["ClearTheMind","WreathOfFlame"],"picked":"Tantrum","floor":17},{"not_picked":["Halt","Wallop+1"],"picked":"FlurryOfBlows+1","floor":18},{"not_picked":["Evaluate+1","SashWhip"],"picked":"Consecrate","floor":19},{"not_picked":["Halt","MasterReality"],"picked":"CutThroughFate+1","floor":23},{"not_picked":["CutThroughFate","ReachHeaven","Nirvana+1"],"picked":"SKIP","floor":25},{"not_picked":["CrushJoints+1","EmptyBody","ThirdEye"],"picked":"SKIP","floor":31},{"not_picked":["Blasphemy","Wish"],"picked":"Ragnarok","floor":33},{"not_picked":["Perseverance+1","Prostrate"],"picked":"ClearTheMind+1","floor":35},{"not_picked":["Magnetism","Flash of Steel"],"picked":"Discovery","floor":36},{"not_picked":["Omniscience","Consecrate+1"],"picked":"FlurryOfBlows+1","floor":41},{"not_picked":["PathToVictory","CutThroughFate+1"],"picked":"WindmillStrike+1","floor":47},{"not_picked":["CarveReality+1","PathToVictory+1"],"picked":"Crescendo+1","floor":48}],"player_experience":685039,"relics_obtained":[{"floor":2,"key":"Juzu Bracelet"},{"floor":2,"key":"hubris:Metronome"},{"floor":2,"key":"Girya"},{"floor":6,"key":"hubris:SlimyHat"},{"floor":8,"key":"hubris:SphereOfDissonance"},{"floor":9,"key":"Blood Vial"},{"floor":11,"key":"Bag of Marbles"},{"floor":23,"key":"Pen Nib"},{"floor":25,"key":"StrikeDummy"},{"floor":26,"key":"Bronze Scales"},{"floor":41,"key":"Guardian:PocketSentry"},{"floor":43,"key":"hexamod:BolsterEngine"},{"floor":47,"key":"CaptainsWheel"}],"event_choices":[{"cards_removed":["hubris:Lust"],"damage_healed":0,"gold_gain":0,"player_choice":"Forget","damage_taken":0,"max_hp_gain":0,"max_hp_loss":0,"event_name":"Living Wall","floor":5,"gold_loss":0},{"damage_healed":27,"gold_gain":0,"player_choice":"Heal","damage_taken":0,"max_hp_gain":0,"max_hp_loss":0,"event_name":"The Library","floor":20,"gold_loss":0},{"damage_healed":0,"gold_gain":0,"player_choice":"Became a Ghost","damage_taken":0,"max_hp_gain":0,"max_hp_loss":41,"event_name":"Ghosts","floor":21,"gold_loss":0,"cards_obtained":["Ghostly","Ghostly","Ghostly","Ghostly","Ghostly"]},{"damage_healed":0,"gold_gain":0,"player_choice":"Memory 1","damage_taken":0,"max_hp_gain":0,"max_hp_loss":0,"event_name":"SensoryStone","floor":36,"gold_loss":0},{"cards_removed":["Defend_P"],"damage_healed":0,"gold_gain":0,"player_choice":"Removed Skill","damage_taken":0,"max_hp_gain":0,"max_hp_loss":0,"event_name":"Falling","floor":38,"gold_loss":0},{"cards_removed":["Defend_P"],"damage_healed":0,"gold_gain":0,"player_choice":"Offered Basic","damage_taken":0,"max_hp_gain":0,"max_hp_loss":0,"event_name":"Bonfire Elementals","floor":39,"gold_loss":0},{"damage_healed":0,"gold_gain":0,"player_choice":"Copied","damage_taken":0,"max_hp_gain":0,"max_hp_loss":0,"event_name":"Duplicator","floor":44,"gold_loss":0,"cards_obtained":["Ghostly"]}],"is_beta":false,"boss_relics":[{"not_picked":["hubris:Stopwatch","Ectoplasm"],"picked":"Tiny House"},{"not_picked":["Sozu","hubris:VirtuousBlindfold"],"picked":"expansioncontent:StudyCardRelic"}],"items_purged_floors":[10,22],"is_endless":false,"potions_floor_spawned":[1,6,14,23,25,33,41,48],"ascension_level":5}}