{"host":"hzswyuuwdl03wwzr","time":1612706088,"event":{"mods":["100% Spire Juice","ATMod(∞¢Ë™Mod)","AchievementEnabler","Act Like it!","BaseMod","Gensokyo","Hallownest","Marisa£®ÏF”Í°°ƒß¿Ì…≥£©","Minty Spire (QoL Compilation)","Reliquary","Remilia_Scarlet Moed£®¿Ÿ√◊¿Ú—«°§Àπø®¿◊Ãÿ£©3.3.5","Replay The Spire","StSLib","The Bug Knight","The Cursed","The Senshi","The Servant 0.9.4","Yakumo Yukari mod","Youmu£®ªÍ∆«—˝√Œ£©","Yuyuko","°æπ¶ƒ‹Mod°øªÏ„Á÷Æª∑–ﬁ∏¥≤π∂°","°æ“≈ŒÔø®≈∆°øREMEMod"],"gold_per_floor":[111,123,123,123,48,78,78,78,78,89,99,99,99,114,114,114,114],"floor_reached":16,"language":"ZHS","playtime":523,"items_purged":["Hallownest:curseDreamersLament"],"score":100,"play_id":"a959f3aa-d1c2-4f74-8895-130c50384a08","local_time":"20210207215448","is_ascension_mode":false,"campfire_choices":[{"data":"HollowMod:SoulVessel","floor":7,"key":"SMITH"},{"floor":12,"key":"REST"},{"data":"HollowMod:CycloneSlash","floor":15,"key":"SMITH"}],"circlet_count":1,"master_deck":["HollowMod:NailStrikeStart","HollowMod:NailStrikeStart","HollowMod:NailStrikeStart","HollowMod:NailStrikeStart","HollowMod:QuickDashStart","HollowMod:QuickDashStart","HollowMod:QuickDashStart","HollowMod:QuickDashStart","HollowMod:FocusHealStart","HollowMod:PogoStrike","HollowMod:CycloneSlash+1","HollowMod:HuntersJournal","HollowMod:SoulVessel+1","HollowMod:TaintedHusks"],"relics":["HollowMod:VesselMask","AT_ATBox","REME_ComplimentaryCards","Hallownest:TeacherSealRelic","Hallownest:DreamNailRelic","theSenshi:SailorFukuRelic","Circlet","AT_SunfireAegis"],"acts_visited":["Hallownest:Greenpath"],"potions_floor_usage":[],"damage_taken":[{"damage":3,"enemies":"Hallownest:monsterHuskGuard","floor":1,"turns":7},{"damage":3,"enemies":"Hallownest:2_Tiktiks_and_1_Crawlid","floor":2,"turns":3},{"damage":58,"enemies":"Hallownest:eliteCrystalGuardian","floor":6,"turns":11},{"damage":6,"enemies":"Hallownest:2_MossCreeps","floor":10,"turns":4},{"damage":8,"enemies":"Hallownest:monsterMossCharger","floor":11,"turns":3},{"damage":5,"enemies":"Hallownest:monsterAspidMother","floor":14,"turns":4},{"damage":30,"enemies":"Hallownest:BossHornet","floor":16,"turns":6}],"seed_played":"-5536663853859841753","potions_obtained":[{"floor":1,"key":"BlessingOfTheForge"},{"floor":6,"key":"Energy Potion"},{"floor":11,"key":"Elixir"}],"is_trial":false,"path_per_floor":["M","M","?","?","$","E","R","?","T","M","M","R","?","M","R","B"],"character_chosen":"THE_BUGKNIGHT","items_purchased":[],"campfire_rested":1,"item_purchase_floors":[],"current_hp_per_floor":[75,72,72,72,72,25,25,25,25,19,11,33,33,28,28,4,4],"gold":114,"neow_bonus":"THREE_CARDS","is_daily":false,"chose_seed":false,"campfire_upgraded":2,"win_rate":0.0,"timestamp":1612706088,"path_taken":["M","M","?","?","?","E","R","?","T","?","M","R","?","M","R","BOSS"],"items_purchased_type":[],"build_version":"2020-12-22","purchased_purges":1,"victory":false,"max_hp_per_floor":[75,75,75,75,75,75,75,75,75,75,75,75,75,75,75,75,75],"card_choices":[{"not_picked":["HollowMod:ShadowDash","HollowMod:MantisMark"],"picked":"HollowMod:CycloneSlash","floor":0},{"not_picked":["HollowMod:SoulSplash","HollowMod:SharpenedNail"],"picked":"HollowMod:HuntersJournal","floor":1},{"not_picked":["HollowMod:MantisMark","HollowMod:LifebloodCocoon"],"picked":"HollowMod:SoulVessel","floor":2},{"not_picked":["HollowMod:NewInfectedGuardian","HollowMod:AbyssShriek"],"picked":"HollowMod:TaintedHusks","floor":6},{"not_picked":["HollowMod:CrystalDash","HollowMod:CycloneSlash","HollowMod:BlackTendrils"],"picked":"SKIP","floor":10},{"not_picked":["HollowMod:VengefulVoid","HollowMod:MawleksShell","HollowMod:HeavyBlow"],"picked":"SKIP","floor":11},{"not_picked":["HollowMod:ShadowDash","HollowMod:RecoilStrike","HollowMod:DungDefenderAura"],"picked":"SKIP","floor":14}],"player_experience":43286,"relics_obtained":[{"floor":6,"key":"theSenshi:SailorFukuRelic"},{"floor":9,"key":"AT_SunfireAegis"}],"event_choices":[],"is_beta":false,"boss_relics":[],"items_purged_floors":[5],"is_endless":false,"potions_floor_spawned":[1,6,11],"killed_by":"Hallownest:BossHornet","ascension_level":0}}