{"host":"i4vlfbz13gs2xtdj","time":1612706701,"event":{"mods":["2.2 Compatiblity","AchievementEnabler","Act Like it!","Arknights","Aspiration","BaseMod","Bestiary","Better Altar","Better Match","Better Note","Better Sensory Stone","Better Skull","Better Third Choice","BetterRewards","CatGirl Mod","Challenge The Spire","Colored Map","Colored Powertips","Curses Come First","Defuse TimeMaze Blight","Elementarium","Energized Spire","Fox Events","Friendly Minions","GifTheSpireLib","Halation","Hubris","Infinite Spire","Jedi Mod","Marked Mod","Minty Spire (QoL Compilation)","Pale of the Ancients","Potionbrewer","Rare Cards Sparkle","Relic Sorter","Relic Stats","Reliquary","Replay The Spire","Shop Mod","Somnambulant","Spicy Shops","Spikes Relics","Spire Arcade","StSLib","Stuff the Spire","The Marked","The Sage","Trackpad","Wandering Minibosses"],"gold_per_floor":[113,113,129,140,159,159,159],"floor_reached":6,"language":"ENG","playtime":681,"items_purged":[],"score":42,"play_id":"40423fdc-2236-45f2-885a-4fdd0a610db0","local_time":"20210207090500","is_ascension_mode":true,"campfire_choices":[],"circlet_count":0,"master_deck":["Strike_B","Strike_B","Strike_B","Strike_B","Defend_B","Defend_B","Defend_B","Defend_B","Zap","Dualcast","Conserve Battery","Gash","jedi:locknload","StuffTheSpire:Coldhearted"],"relics":["Cracked Core","NeowsBlessing","Bag of Preparation","Pen Nib","Replay:Wax Seal"],"acts_visited":["Exordium"],"potions_floor_usage":[4,6],"damage_taken":[{"damage":0,"enemies":"Small Slimes","floor":1,"turns":1},{"damage":0,"enemies":"Cultist","floor":3,"turns":1},{"damage":0,"enemies":"2 Louse","floor":4,"turns":1},{"damage":29,"enemies":"Exordium Wildlife","floor":5,"turns":4},{"damage":9,"enemies":"Replay:BlueRogue","floor":6,"turns":1}],"seed_played":"4063117479223508839","potions_obtained":[{"floor":4,"key":"Fruit Juice"},{"floor":5,"key":"AttackPotion"}],"is_trial":false,"path_per_floor":["M","?","M","M","M","E"],"character_chosen":"DEFECT","items_purchased":[],"campfire_rested":0,"item_purchase_floors":[],"current_hp_per_floor":[75,26,26,34,5,0,0],"gold":159,"neow_bonus":"THREE_ENEMY_KILL","is_daily":false,"chose_seed":false,"campfire_upgraded":0,"win_rate":0.0,"timestamp":1612706700,"path_taken":["M","?","?","?","M","E"],"items_purchased_type":[],"build_version":"2020-12-22","purchased_purges":0,"victory":false,"max_hp_per_floor":[75,75,75,83,83,83,83],"relic_stats":{"counters":[92,310],"Pen Nib":[0],"Bag of Preparation":[8],"obtain_stats":[{"reliquary:Solitaire":43,"infinitespire:Cubic Diamond":2,"trackpad:ByrdBGone":30,"wanderingMiniBosses:OtherGremlinHorn":18,"hubris:MysteriousPyramids":21,"Boot":15,"Ring of Searing":39,"jedi:shrinkray":45,"Replay:Wanted Poster":36,"aspiration:BabyByrd":3,"StuffTheSpire:ColdMirror":7,"HandDrill":20,"trackpad:AdjectivePendant":5,"trackpad:CultistFigurine":26,"Replay:Wax Seal":2,"Runic Cube":17,"MerchantsRug":20,"GiantMaggot":0,"hubris:SphereOfDissonance":46,"Pen Nib":54,"infinitespire:Magic Flask":31,"Akabeko":28,"potionbrewer:Torch":9,"infinitespire:EvilPickle":35,"Elementarium:ElementariumTrophy":33,"Bird Faced Urn":54,"CultistMask":50,"reliquary:MudwinsCradle":49,"trackpad:WindUpAutoDealer":0,"halation:BlackBeret":31,"energizedSpire:PogoStick":34,"aspiration:Lifesprig":26,"halation:Sosunser":0,"StoneCalendar":36,"Bag of Preparation":2,"jedi:archwizardhat":0,"hubris:EmptyBottle":53,"Ancient Tea Set":22,"Pet Ghost":9,"StuffTheSpire:OccultApparatus":19,"StuffTheSpire:Gunfinga":43,"Shovel":0,"hubris:FunFungus":34,"hubris:CuriousFeather":24,"Ring of Panic":39,"InkBottle":44,"Ring of the Snake":53,"NeowsBlessing":0,"Golden Idol":5,"hubris:Towel":22,"halation:SelfBoilingWater":20,"ats:Originium":11,"halation:LostSnail":7,"halation:PinkSoulGem":32,"ReplayTheSpireMod:Lightbulb":0,"wanderingMiniBosses:Inkheart":29,"infinitespire:Freezer":0,"ShockBauble":50,"CeramicFish":25,"Vajra":23,"HoveringKite":17,"halation:StarCompass":47,"potionbrewer:PotionKit":2,"Sozu":50,"Lizard Tail":37,"Centennial Puzzle":53,"Toxic Egg 2":42,"Girya":14,"potionbrewer:WarMedal":9,"Happy Flower":31,"ReplayTheSpireMod:CursedCoin":6,"WarpedTongs":3,"paleoftheancients:Timepiece":50,"jedi:heavyjacket":2,"Replay:Baseball":27,"CosmicIsotope":17,"paleoftheancients:SoulOfTheSilent":52,"aspiration:HatOfInfinitePower":58,"StuffTheSpire:OldFever":12,"Pocketwatch":24,"BrokenLever":31,"jedi:Pinwheel":11,"aspiration:StickyExplosives_weak":26,"ClockworkSouvenir":58,"Chameleon Ring":10,"StuffTheSpire:HeavyRock":20,"trackpad:Compendium":6,"Replay:Bottled Snecko":11,"paleoftheancients:BlurryLens":53,"Sandwich":24,"jedi:windupbox":46,"jedi:fakemustache":0,"jedi:ominousloannote":31,"Snack Pack":43,"aspiration:RitualDagger":34,"PureWater":0,"potionbrewer:Keyblade":0,"hubris:OldNail":0},{"reliquary:Solitaire":20,"infinitespire:Cubic Diamond":28,"trackpad:ByrdBGone":67,"wanderingMiniBosses:OtherGremlinHorn":35,"hubris:MysteriousPyramids":35,"Boot":86,"Ring of Searing":19,"jedi:shrinkray":21,"Replay:Wanted Poster":17,"aspiration:BabyByrd":1,"StuffTheSpire:ColdMirror":82,"HandDrill":10,"trackpad:AdjectivePendant":82,"trackpad:CultistFigurine":13,"Replay:Wax Seal":88,"Runic Cube":34,"MerchantsRug":10,"GiantMaggot":27,"hubris:SphereOfDissonance":49,"Pen Nib":79,"infinitespire:Magic Flask":39,"Akabeko":14,"potionbrewer:Torch":4,"infinitespire:EvilPickle":17,"Elementarium:ElementariumTrophy":40,"Bird Faced Urn":55,"CultistMask":52,"reliquary:MudwinsCradle":25,"trackpad:WindUpAutoDealer":27,"halation:BlackBeret":16,"energizedSpire:PogoStick":69,"aspiration:Lifesprig":65,"halation:Sosunser":80,"StoneCalendar":42,"Bag of Preparation":88,"jedi:archwizardhat":27,"hubris:EmptyBottle":78,"Ancient Tea Set":63,"Pet Ghost":31,"StuffTheSpire:OccultApparatus":35,"StuffTheSpire:Gunfinga":75,"Shovel":80,"hubris:FunFungus":16,"hubris:CuriousFeather":64,"Ring of Panic":19,"InkBottle":76,"Ring of the Snake":78,"NeowsBlessing":87,"Golden Idol":59,"hubris:Towel":35,"halation:SelfBoilingWater":35,"ats:Originium":6,"halation:LostSnail":30,"halation:PinkSoulGem":39,"ReplayTheSpireMod:Lightbulb":57,"wanderingMiniBosses:Inkheart":15,"infinitespire:Freezer":80,"ShockBauble":26,"CeramicFish":13,"Vajra":36,"HoveringKite":62,"halation:StarCompass":77,"potionbrewer:PotionKit":28,"Sozu":52,"Lizard Tail":44,"Centennial Puzzle":78,"Toxic Egg 2":75,"Girya":33,"potionbrewer:WarMedal":83,"Happy Flower":16,"ReplayTheSpireMod:CursedCoin":82,"WarpedTongs":58,"paleoftheancients:Timepiece":52,"jedi:heavyjacket":58,"Replay:Baseball":14,"CosmicIsotope":9,"paleoftheancients:SoulOfTheSilent":54,"aspiration:HatOfInfinitePower":56,"StuffTheSpire:OldFever":84,"Pocketwatch":12,"BrokenLever":16,"jedi:Pinwheel":6,"aspiration:StickyExplosives_weak":37,"ClockworkSouvenir":56,"Chameleon Ring":31,"StuffTheSpire:HeavyRock":10,"trackpad:Compendium":30,"Replay:Bottled Snecko":84,"paleoftheancients:BlurryLens":55,"Sandwich":12,"jedi:windupbox":49,"jedi:fakemustache":57,"jedi:ominousloannote":16,"Snack Pack":47,"aspiration:RitualDagger":40,"PureWater":0,"potionbrewer:Keyblade":57,"hubris:OldNail":57},{"reliquary:Solitaire":63,"infinitespire:Cubic Diamond":89,"trackpad:ByrdBGone":233,"wanderingMiniBosses:OtherGremlinHorn":115,"hubris:MysteriousPyramids":115,"Boot":293,"Ring of Searing":59,"jedi:shrinkray":67,"Replay:Wanted Poster":54,"aspiration:BabyByrd":2,"StuffTheSpire:ColdMirror":280,"HandDrill":32,"trackpad:AdjectivePendant":280,"trackpad:CultistFigurine":42,"Replay:Wax Seal":303,"Runic Cube":113,"MerchantsRug":32,"GiantMaggot":85,"hubris:SphereOfDissonance":161,"Pen Nib":271,"infinitespire:Magic Flask":127,"Akabeko":43,"potionbrewer:Torch":11,"infinitespire:EvilPickle":54,"Elementarium:ElementariumTrophy":133,"Bird Faced Urn":187,"CultistMask":174,"reliquary:MudwinsCradle":77,"trackpad:WindUpAutoDealer":85,"halation:BlackBeret":50,"energizedSpire:PogoStick":242,"aspiration:Lifesprig":227,"halation:Sosunser":275,"StoneCalendar":137,"Bag of Preparation":303,"jedi:archwizardhat":85,"hubris:EmptyBottle":268,"Ancient Tea Set":218,"Pet Ghost":97,"StuffTheSpire:OccultApparatus":115,"StuffTheSpire:Gunfinga":260,"Shovel":275,"hubris:FunFungus":50,"hubris:CuriousFeather":224,"Ring of Panic":59,"InkBottle":263,"Ring of the Snake":268,"NeowsBlessing":302,"Golden Idol":200,"hubris:Towel":115,"halation:SelfBoilingWater":115,"ats:Originium":16,"halation:LostSnail":95,"halation:PinkSoulGem":127,"ReplayTheSpireMod:Lightbulb":193,"wanderingMiniBosses:Inkheart":48,"infinitespire:Freezer":275,"ShockBauble":79,"CeramicFish":42,"Vajra":118,"HoveringKite":213,"halation:StarCompass":264,"potionbrewer:PotionKit":89,"Sozu":174,"Lizard Tail":148,"Centennial Puzzle":268,"Toxic Egg 2":260,"Girya":107,"potionbrewer:WarMedal":282,"Happy Flower":50,"ReplayTheSpireMod:CursedCoin":280,"WarpedTongs":197,"paleoftheancients:Timepiece":174,"jedi:heavyjacket":197,"Replay:Baseball":43,"CosmicIsotope":28,"paleoftheancients:SoulOfTheSilent":186,"aspiration:HatOfInfinitePower":188,"StuffTheSpire:OldFever":284,"Pocketwatch":39,"BrokenLever":50,"jedi:Pinwheel":16,"aspiration:StickyExplosives_weak":121,"ClockworkSouvenir":188,"Chameleon Ring":97,"StuffTheSpire:HeavyRock":32,"trackpad:Compendium":95,"Replay:Bottled Snecko":284,"paleoftheancients:BlurryLens":187,"Sandwich":39,"jedi:windupbox":161,"jedi:fakemustache":193,"jedi:ominousloannote":50,"Snack Pack":155,"aspiration:RitualDagger":133,"PureWater":0,"potionbrewer:Keyblade":193,"hubris:OldNail":193}]},"card_choices":[{"not_picked":["StuffTheSpire:Plugnplay","Steam"],"picked":"Conserve Battery","floor":1},{"not_picked":["Leap","hubris:Ukulele"],"picked":"Gash","floor":3},{"not_picked":["ReplayTheSpireMod:System Scan","BasicCrystalCard"],"picked":"jedi:locknload","floor":4},{"not_picked":["jedi:blockon","StuffTheSpire:LoadUp"],"picked":"StuffTheSpire:Coldhearted","floor":5}],"player_experience":359842,"relics_obtained":[],"event_choices":[{"damage_healed":0,"gold_gain":0,"player_choice":"RE RE RE ","damage_taken":55,"relics_obtained":["Bag of Preparation","Pen Nib","Replay:Wax Seal"],"max_hp_gain":0,"max_hp_loss":0,"event_name":"betterSkull:BetterSkull","floor":2,"gold_loss":0,"cards_upgraded":[]}],"is_beta":false,"boss_relics":[],"items_purged_floors":[],"is_endless":false,"potions_floor_spawned":[4,5],"killed_by":"Replay:BlueRogue","ascension_level":2}}