{"host":"xp27heuvanyklt0b","time":1612708688,"event":{"mods":["BaseMod","CapriCore","Koishi","Minty Spire (QoL Compilation)","StSLib"],"gold_per_floor":[114,114,127,92,18,44,44,56,133,143,174,28,28,63,63,162,162,181,201,201,211,67,95,95,127,199,199,199],"floor_reached":27,"language":"KOR","playtime":872,"items_purged":[],"score":361,"play_id":"bd885a67-0582-409b-9811-5770cd5484d5","local_time":"20210207233808","is_ascension_mode":true,"campfire_choices":[{"data":"Koishi:BloodcurdlingScream","floor":7,"key":"SMITH"},{"data":"Koishi:HeartAttack","floor":13,"key":"SMITH"},{"data":"Koishi:MentalBreakdown","floor":15,"key":"SMITH"}],"circlet_count":0,"master_deck":["Koishi:Provoke","Koishi:HauntingSlash","Koishi:MentalBreakdown+1","Koishi:BloodcurdlingScream+1","Koishi:FreudianInstinct","Koishi:HeartAttack+1","Koishi:LastRemote","Koishi:DreadfulBlow","Koishi:SprinkleStarAndHeart+1","Koishi:DNAsFlaw+1","Koishi:TraumaticStroke","Koishi:RoseHell","Koishi:PhilosophyOfTheDespised","Koishi:GeneticsOfTheUnconscious","Koishi:YoukaiPolygraph","Koishi:Catatonia","Koishi:VengefulSpirit","Koishi:TerrifyingSpectre","Koishi:MassHysteria","Koishi:LastRemote","Koishi:EmbersOfLove+1","Koishi:FourthEye+1","Koishi:FleetingPhantom"],"relics":["Koishi:ImaginaryFriend","Omamori","Sundial","Ancient Tea Set","Sling","Blue Candle","Pandora\u0027s Box","War Paint","Lantern","Mercury Hourglass","Frozen Eye"],"acts_visited":["Exordium","TheCity"],"potions_floor_usage":[23],"damage_taken":[{"damage":8,"enemies":"Jaw Worm","floor":1,"turns":3},{"damage":0,"enemies":"Cultist","floor":3,"turns":4},{"damage":8,"enemies":"3 Sentries","floor":6,"turns":5},{"damage":0,"enemies":"2 Louse","floor":8,"turns":2},{"damage":12,"enemies":"Exordium Thugs","floor":10,"turns":3},{"damage":0,"enemies":"Gremlin Nob","floor":11,"turns":3},{"damage":0,"enemies":"Lagavulin","floor":14,"turns":4},{"damage":24,"enemies":"Hexaghost","floor":16,"turns":8},{"damage":13,"enemies":"2 Thieves","floor":18,"turns":3},{"damage":0,"enemies":"3 Byrds","floor":19,"turns":2},{"damage":6,"enemies":"Cultist and Chosen","floor":21,"turns":3},{"damage":0,"enemies":"Slavers","floor":23,"turns":1},{"damage":28,"enemies":"Book of Stabbing","floor":25,"turns":4},{"damage":21,"enemies":"Snake Plant","floor":27,"turns":1}],"seed_played":"-3414759860578408054","potions_obtained":[{"floor":3,"key":"Fire Potion"},{"floor":6,"key":"Fire Potion"},{"floor":8,"key":"Energy Potion"},{"floor":19,"key":"BlessingOfTheForge"}],"is_trial":false,"path_per_floor":["M","?","M","?","$","E","R","M","T","M","E","$","R","E","R","B",null,"M","M","?","M","$","E","?","E","T","M"],"character_chosen":"KOISHI","items_purchased":["Koishi:HeartAttack","Sling","War Paint"],"campfire_rested":0,"item_purchase_floors":[5,12,22],"current_hp_per_floor":[53,53,55,60,60,53,53,53,53,42,44,44,44,45,45,24,60,48,48,48,42,42,42,42,15,15,0,0],"gold":199,"neow_bonus":"ONE_RANDOM_RARE_CARD","is_daily":false,"chose_seed":false,"campfire_upgraded":3,"win_rate":0.0,"timestamp":1612708688,"path_taken":["M","?","?","?","$","E","R","M","T","M","E","?","R","E","R","BOSS","M","M","?","M","?","E","?","E","T","?"],"items_purchased_type":["Card","Relic","Relic"],"build_version":"2020-12-22","purchased_purges":0,"victory":false,"max_hp_per_floor":[60,60,60,60,60,60,60,60,60,60,60,60,60,60,60,60,60,60,60,60,60,60,60,60,60,60,60,60],"card_choices":[{"not_picked":["Koishi:Prune","Koishi:SubterraneanRose"],"picked":"Koishi:BloodcurdlingScream","floor":1},{"not_picked":["Koishi:ReflexRadar","Koishi:PhilosophyOfTheDespised"],"picked":"Koishi:FreudianInstinct","floor":3},{"not_picked":["Koishi:Catatonia","Koishi:PhantomBarrier"],"picked":"Koishi:LastRemote","floor":6},{"not_picked":["Koishi:BloodcurdlingScream","Koishi:CatchAndRose"],"picked":"Koishi:DreadfulBlow","floor":8},{"not_picked":["Koishi:PhantomBarrier","Koishi:UnansweredLove"],"picked":"Koishi:SprinkleStarAndHeart","floor":10},{"not_picked":["Koishi:DreadfulBlow","Koishi:PhantomStrike"],"picked":"Koishi:DNAsFlaw","floor":11},{"not_picked":["Koishi:HeartfeltFancy","Koishi:UnconsciousUrges"],"picked":"Koishi:TraumaticStroke","floor":14},{"not_picked":["Koishi:GrowingPain","Koishi:FormlessExistence"],"picked":"Koishi:RoseHell","floor":16},{"not_picked":["Koishi:RacingHeart","Koishi:SubterraneanRose+1","Koishi:PhilosophyOfTheDespised"],"picked":"SKIP","floor":18},{"not_picked":["Koishi:GeneticsOfTheUnconscious","Koishi:SubterraneanRose","Koishi:HeartfeltFancy"],"picked":"SKIP","floor":19},{"not_picked":["Koishi:StingingMind","Koishi:PhantomBarrier+1"],"picked":"Koishi:EmbersOfLove+1","floor":21},{"not_picked":["Koishi:FleetingPhantom+1","Koishi:IdleWhim"],"picked":"Koishi:FourthEye+1","floor":23},{"not_picked":["Koishi:IdleWhim","Koishi:VengefulSpirit"],"picked":"Koishi:FleetingPhantom","floor":25}],"player_experience":159990,"relics_obtained":[{"floor":6,"key":"Omamori"},{"floor":9,"key":"Sundial"},{"floor":11,"key":"Ancient Tea Set"},{"floor":14,"key":"Blue Candle"},{"floor":23,"key":"Lantern"},{"floor":25,"key":"Mercury Hourglass"}],"event_choices":[{"cards_removed":["Koishi:BasicStrike"],"damage_healed":0,"gold_gain":0,"player_choice":"Purged","damage_taken":0,"max_hp_gain":0,"max_hp_loss":0,"event_name":"Purifier","floor":2,"gold_loss":0},{"damage_healed":15,"gold_gain":0,"player_choice":"Healed","damage_taken":0,"max_hp_gain":0,"max_hp_loss":0,"event_name":"The Cleric","floor":4,"gold_loss":35},{"damage_healed":0,"gold_gain":0,"player_choice":"Copied","damage_taken":0,"max_hp_gain":0,"max_hp_loss":0,"event_name":"Duplicator","floor":20,"gold_loss":0,"cards_obtained":["Koishi:LastRemote"]},{"damage_healed":0,"gold_gain":0,"player_choice":"Ignored","damage_taken":0,"max_hp_gain":0,"max_hp_loss":0,"event_name":"Ghosts","floor":24,"gold_loss":0}],"is_beta":false,"boss_relics":[{"not_picked":["Ectoplasm","Snecko Eye"],"picked":"Pandora\u0027s Box"}],"items_purged_floors":[],"is_endless":false,"potions_floor_spawned":[3,6,8,16,19,21],"killed_by":"Snake Plant","ascension_level":1}}