{"host":"ksbvp3awiitpakcf","time":1612714545,"event":{"mods":["ATMod(∞¢Ë™Mod)","BaseMod","Decade(Õı–°√˜)","FanaticalFans","FutureSeer","Good Game Mod","KinomotoSakuraMod(ƒæ÷Æ±æ”£)","KomeijiMod","Marisa£®ÏF”Í°°ƒß¿Ì…≥£©","Minty Spire (QoL Compilation)","MostiFishMod","Reimu£®≤©¿ˆ¡È√Œ£©","Relic Filter Mod","Remilia£®¿Ÿ√◊¿Ú—«£©","Shop Mod","StSLib","WarShipGirlsR/’ΩΩ¢…Ÿ≈ÆR mod","Youmu£®ªÍ∆«—˝√Œ£©","Yuyuko","noobMod"],"gold_per_floor":[114,45,220,220,220,325,325,343,362,374,73,73,73,138,199,199,237,187,250,104,166,166,296,296,386,424,424,545,592,628,764,194,217,217,259,304,348,348,348,475],"floor_reached":41,"language":"ZHS","playtime":4058,"items_purged":["Defend_YM","Defend_YM","Defend_YM"],"score":817,"play_id":"6e667df7-9725-4b88-b52f-3afecf56e526","local_time":"20210208001545","is_ascension_mode":false,"campfire_choices":[{"data":"SuddenPhantomFormationSlashOfKarmicWind","floor":13.0,"key":"SMITH"},{"data":"MostiFishMod:ButterFly","floor":22.0,"key":"SMITH"},{"data":"CelestialStarSword","floor":39.0,"key":"SMITH"}],"circlet_count":0,"master_deck":["Strike_YM","Strike_YM","Strike_YM","Defend_YM","SlashOfPresentWorld","WheelOfPainOfLivingAndDead","CurseOfTheBell","SuddenPhantomFormationSlashOfKarmicWind+1","Doubt","AsuraSword","PretaSword+1","MostiFishMod:NewArrival","CrescentMoonSlash+1","SlashOfSaigyouSpringWind","HiganSword","MostiFishMod:ButterFly+1","MostiFishMod:KingOfFree","CelestialStarSword+1","SwordExtraction+1","SwordExtraction+1","CelestialStarSword","ThreeKonsSevenHakus+1","SuddenPhantomFormationSlashOfKarmicWind+1","SwordExtraction+1"],"relics":["ice","AT_ATBox","DaveBox","Fans:FanaticalFans","REME:ComplimentaryCards","Calling Bell","AT_SunfireAegis","Shuriken","AT_Kusabimaru","SynthV:TestCard","CombinedTypeHook","FeatherPendant","AT_MibuBalloonWealth","MostiFishMod:AdaptiveDefenses","AT_ChloranthyRing","Letter Opener","AT_BladeRuinedKing","AT_BellDemon","MerchantsRug","ArrowTower","DianDianMeat","ChiXiaoBlade","Hakurouken","AT_DeathDance","Tea:ReiMu","AT_GoldPhoenixTree","SynthV","SynthV:C4","HoshigumaDish","Mastiff:ReiMu","AT_RedTearstoneRing","RuthlessExorcism:ReiMu","CrazyTorch:ReiMu","AT_ArchangelStaff","AT_RedNoBalance","AT_EbonyIvory","Roukanken"],"acts_visited":["Exordium","TheCity","TheBeyond"],"potions_floor_usage":[],"damage_taken":[{"damage":7.0,"enemies":"2 Louse","floor":1.0,"turns":3.0},{"damage":53.0,"enemies":"Hexaghost","floor":6.0,"turns":12.0},{"damage":1.0,"enemies":"Shell Parasite","floor":8.0,"turns":3.0},{"damage":11.0,"enemies":"Spheric Guardian","floor":9.0,"turns":3.0},{"damage":1.0,"enemies":"Snake Plant","floor":10.0,"turns":2.0},{"damage":1.0,"enemies":"Sentry and Sphere","floor":14.0,"turns":2.0},{"damage":3.0,"enemies":"Centurion and Healer","floor":15.0,"turns":3.0},{"damage":9.0,"enemies":"Snake Plant","floor":17.0,"turns":2.0},{"damage":2.0,"enemies":"Shelled Parasite and Fungi","floor":19.0,"turns":3.0},{"damage":11.0,"enemies":"Chosen and Byrds","floor":21.0,"turns":3.0},{"damage":35.0,"enemies":"Champ","floor":23.0,"turns":3.0},{"damage":8.0,"enemies":"3 Shapes","floor":25.0,"turns":1.0},{"damage":30.0,"enemies":"Orb Walker","floor":26.0,"turns":2.0},{"damage":25.0,"enemies":"4 Shapes","floor":28.0,"turns":2.0},{"damage":0.0,"enemies":"Transient","floor":29.0,"turns":2.0},{"damage":0.0,"enemies":"Reptomancer","floor":31.0,"turns":2.0},{"damage":0.0,"enemies":"Spire Growth","floor":35.0,"turns":1.0},{"damage":0.0,"enemies":"Maw","floor":36.0,"turns":1.0},{"damage":0.0,"enemies":"Writhing Mass","floor":37.0,"turns":1.0},{"damage":0,"enemies":"Awakened One","floor":40,"turns":3}],"seed_played":"227654782946036462","potions_obtained":[{"floor":19.0,"key":"GrandPatriotsElixir:ReiMu"}],"is_trial":false,"path_per_floor":["M","$","?","?","?","B",null,"M","M","M","$","?","R","M","M","T","M","?","M","$","M","R","B",null,"M","M","?","M","M","$","E","$","T","?","M","M","M","?","R","B",null],"character_chosen":"YOUMU","items_purchased":["SuddenPhantomFormationSlashOfKarmicWind","AT_MibuBalloonWealth","MostiFishMod:AdaptiveDefenses","DiscerningMonocle","AT_BladeRuinedKing","AT_BellDemon","MerchantsRug","Explosive Potion","CalmPotion","HiganSword","MostiFishMod:ButterFly","MostiFishMod:KingOfFree","SynthV","SynthV:C4","HoshigumaDish","RuthlessExorcism:ReiMu","CrazyTorch:ReiMu","JyouchiReiPotion"],"campfire_rested":0,"item_purchase_floors":[2,11,11,20,20,20,20,20,20,20,20,20,30,30,30,32,32,32],"current_hp_per_floor":[68,68,68,68,56,75,78,77,66,65,65,65,65,64,61,61,68,68,66,66,81,81,79,82,84,65,65,63,91,91,96,96,96,96,102,68,68,68,68,78],"gold":475,"neow_bonus":"BOSS_RELIC","is_daily":false,"chose_seed":false,"campfire_upgraded":3,"win_rate":0.0,"timestamp":1612714545,"path_taken":["M","$","?","?","?","BOSS","M","M","M","$","?","R","?","M","T","M","?","?","?","M","R","BOSS","M","M","?","M","M","$","E","?","T","?","M","M","M","?","R","BOSS"],"items_purchased_type":["Card","Relic","Relic","Relic","Relic","Relic","Relic","Potion","Potion","Card","Card","Card","Relic","Relic","Relic","Relic","Relic","Potion"],"build_version":"2020-12-22","purchased_purges":3,"victory":true,"max_hp_per_floor":[75,75,75,75,75,78,78,80,81,81,81,81,81,81,81,81,81,81,81,81,81,81,82,82,84,87,87,87,91,91,96,96,96,96,102,109,109,109,109,109],"card_choices":[{"not_picked":["CherryBlossomFlashing","DispleasureOfTheSevenHakus","DoubleWheelOfPain"],"picked":"SKIP","floor":1.0},{"not_picked":["MatsuyoiReflectingSatelliteSlash","SuddenDivineSeveringOfKarmicWind","GreatEnlightenmentAppearingAndDisappearing","VoidnessSword"],"picked":"AsuraSword","floor":6.0},{"not_picked":["ThreeKonsSevenHakus","SlashOfMeditation","ObsessionWithThePresentWorld+1","HumanKnowledgeSword"],"picked":"SuddenDivineSeveringOfKarmicWind","floor":8.0},{"not_picked":["HeavenlyHaloSlash","AsTheSilentNirvana","HellGodSword","SlashOfMeditation"],"picked":"PretaSword+1","floor":9.0},{"not_picked":["PhosphoricSlash","SanzenSekai","GhostSword","PreachingAvici","RapidSlash"],"picked":"SKIP","floor":10.0},{"not_picked":["AsTheSilentNirvana","HeavenlyHaloSlash","BizarrenessOfSixRealms","FlashingScatteredFlowers"],"picked":"CrescentMoonSlash+1","floor":14.0},{"not_picked":["SlashOfMeditation","HumanKnowledgeSword","AsTheSilentNirvana+1","RapidSlash","PreachingAvici"],"picked":"SKIP","floor":15.0},{"not_picked":["SanzenSekai","CherryBlossomFlashing","FantasyOfEnteringEnlightenment","PhosphoricSlash"],"picked":"SlashOfSaigyouSpringWind","floor":17.0},{"not_picked":["SwordOfBindingDesires","FlashingScatteredFlowers","SwordExtraction","CrescentMoonSlash","DispleasureOfTheSevenHakus"],"picked":"SKIP","floor":19.0},{"not_picked":["DispleasureOfTheSevenHakus+1","SwordExtraction","SuddenDivineSeveringOfKarmicWind","ConstancyOfTheConventionalTruth+1","CrescentMoonSlash+1"],"picked":"SKIP","floor":21.0},{"not_picked":["DeadlyForm","StrangeHalfBody","HeavenGodSword","ASingleThoughtAndInfiniteKalpas"],"picked":"CelestialStarSword","floor":23.0},{"not_picked":["SwordOfBindingDesires","LifeCuttingSword","KarmicPunishmentOfTheIdleAndUnfocused+1","LowerRealmReflectionSlash+1"],"picked":"SwordExtraction+1","floor":25.0},{"not_picked":["FiveSignsOfTheDyingDeva+1","SwordOfBindingDesires+1","LifeCuttingSword","SanzenSekai+1"],"picked":"SwordExtraction+1","floor":26.0},{"not_picked":["GhostSword","EchoesOfTheInclemencyOfAllBeings+1","HeartExcerptSlash","ThreeKonsSevenHakus","SlashOfDepartureFromHesitation"],"picked":"SKIP","floor":28.0},{"not_picked":["SanzenSekai","LowerRealmReflectionSlash+1","SpiritMediumsBind+1","TwoHundredYojanaInOneSlash+1"],"picked":"CelestialStarSword","floor":29.0},{"not_picked":["WickedSoul","SlashOfMeditation+1","ObsessionWithThePresentWorld+1","RapidSlash+1"],"picked":"ThreeKonsSevenHakus+1","floor":31.0},{"not_picked":["LifeCuttingSword","ThoughtCuttingSword+1","SpiritCuttingSword","DoubleWheelOfPain+1"],"picked":"SuddenPhantomFormationSlashOfKarmicWind+1","floor":35.0},{"not_picked":["TwoHundredYojanaInOneSlash","HesitationCuttingSword","LifeCuttingSword","ConstancyOfTheConventionalTruth"],"picked":"SwordExtraction+1","floor":36.0},{"not_picked":["RapidSlash+1","PreachingAvici+1","HumanGodSword","HumanRealmSword","LifeCuttingSword+1"],"picked":"SKIP","floor":37.0}],"player_experience":23524,"relics_obtained":[{"floor":0.0,"key":"AT_SunfireAegis"},{"floor":0.0,"key":"Shuriken"},{"floor":0.0,"key":"AT_Kusabimaru"},{"floor":1.0,"key":"SynthV:TestCard"},{"floor":16.0,"key":"Letter Opener"},{"floor":21.0,"key":"ArrowTower"},{"floor":23.0,"key":"DianDianMeat"},{"floor":25.0,"key":"Hakurouken"},{"floor":26.0,"key":"AT_DeathDance"},{"floor":28.0,"key":"Tea:ReiMu"},{"floor":29.0,"key":"AT_GoldPhoenixTree"},{"floor":31.0,"key":"Mastiff:ReiMu"},{"floor":31.0,"key":"AT_RedTearstoneRing"},{"floor":33.0,"key":"AT_ArchangelStaff"},{"floor":35.0,"key":"AT_SilverBalance"},{"floor":36.0,"key":"AT_EbonyIvory"},{"floor":37.0,"key":"Roukanken"}],"event_choices":[{"damage_healed":0.0,"max_hp_gain":0.0,"max_hp_loss":0.0,"gold_gain":175.0,"event_name":"Liars Game","player_choice":"AGREE","floor":3.0,"gold_loss":0.0,"damage_taken":0.0,"cards_obtained":["Doubt"]},{"damage_healed":0.0,"max_hp_gain":0.0,"max_hp_loss":0.0,"gold_gain":0.0,"event_name":"The Cleric","player_choice":"Leave","floor":4.0,"gold_loss":0.0,"damage_taken":0.0},{"damage_healed":0.0,"max_hp_gain":0.0,"max_hp_loss":0.0,"gold_gain":0.0,"event_name":"Scrap Ooze","player_choice":"Success","floor":5.0,"gold_loss":0.0,"damage_taken":12.0,"relics_obtained":["ScarletDevilRocket"]},{"cards_removed":["SuddenDivineSeveringOfKarmicWind"],"damage_healed":0.0,"max_hp_gain":0.0,"max_hp_loss":0.0,"gold_gain":0.0,"event_name":"WeMeetAgain","player_choice":"Gave Card","floor":12.0,"gold_loss":0.0,"damage_taken":0.0,"relics_obtained":["AT_ChloranthyRing"]},{"damage_healed":0.0,"max_hp_gain":0.0,"max_hp_loss":0.0,"gold_gain":0.0,"event_name":"The Joust","player_choice":"Bet on Owner","floor":18.0,"gold_loss":50.0,"damage_taken":0.0},{"damage_healed":0.0,"max_hp_gain":0.0,"max_hp_loss":0.0,"gold_gain":0.0,"event_name":"Lab","player_choice":"Got Potions","floor":27.0,"gold_loss":0.0,"damage_taken":0.0},{"damage_healed":0.0,"max_hp_gain":0.0,"max_hp_loss":0.0,"gold_gain":0.0,"event_name":"SensoryStone","player_choice":"Memory 1","floor":34.0,"gold_loss":0.0,"damage_taken":0.0},{"cards_removed":["Strike_YM"],"damage_healed":0.0,"max_hp_gain":0.0,"max_hp_loss":0.0,"gold_gain":0.0,"event_name":"Falling","player_choice":"Removed Attack","floor":38.0,"gold_loss":0.0,"damage_taken":0.0}],"is_beta":false,"boss_relics":[{"not_picked":["FixedStarFall","Black Star"],"picked":"FeatherPendant"},{"not_picked":["BloodWine","RhineFirstAidKit"],"picked":"ChiXiaoBlade"}],"items_purged_floors":[20,30,32],"is_endless":false,"potions_floor_spawned":[1,6,8,19,21,25,31,35,36,37],"ascension_level":0}}