{"host":"ox77rn1xcurm2t5a","time":1612740155,"event":{"mods":["2.2 Compatiblity","AchievementEnabler","Act Like it!","Aspiration","BaseMod","Best Route Mod","Better Match","Better Note","Better Sensory Stone","Block Reminder","Colored Map","Colored Powertips","Conjunction","Conspire","Custom Start","Energized Spire","GifTheSpireLib","Gold Saver","Gremlin Skip","Halation","Highlight Path","Hubris","Infinite Spire","Minty Spire (QoL Compilation)","Pale of the Ancients","Quick Restart","Replay The Spire","Reworked Bosses","ShortenTheSpire","Spire Exporter","StSLib","Stuff the Spire","Wandering Minibosses"],"gold_per_floor":[1624,1637,7262,7262,7262,7262,7274,7287,7339,6215,6241,6241,6241,6256,6256,6335,6335,6349,5344,5344,5363,5381,5381,5413,5413,5437,4885,4885,4885,4885,4923,4923,5014,5014,5043,5043,4230,4265,4265,4265,4307,4307,4307,4307,4307,4342,4367,4367,4367,4373,4373,4373,3914,3964,3968],"floor_reached":56,"language":"ENG","playtime":1830,"items_purged":["Strike_B","Zap","Strike_B","Defend_B","Defend_B","Defend_B","Defend_B"],"score":1787,"play_id":"d1921773-ef74-4ba5-b064-08fe06dbeb7c","local_time":"20210208012235","is_ascension_mode":true,"campfire_choices":[{"floor":6.0,"key":"RECALL"},{"data":"Genetic Algorithm","floor":12.0,"key":"SMITH"},{"data":"Dualcast","floor":15.0,"key":"SMITH"},{"data":"ReplayUltimateDefense","floor":23.0,"key":"SMITH"},{"floor":28.0,"key":"REST"},{"data":"Capacitor","floor":32.0,"key":"SMITH"},{"floor":40.0,"key":"REST"},{"floor":42.0,"key":"REST"},{"floor":49.0,"key":"REST"},{"floor":52.0,"key":"REST"}],"circlet_count":0,"master_deck":["AscendersBane","Echo Form+1","Dualcast+1","FIFO Queue","ReplayUltimateDefense+1","BasicCrystalCard+1","Cold Snap","Cold Snap","Cold Snap","Master of Strategy","Genetic Algorithm+1","Dark Shackles","Coolheaded","StuffTheSpire:Coldhearted","FIFO Queue","BasicCrystalCard+1","Barrage+1","Cold Snap","Bite+1","Bite+1","Bite+1","Bite+1","Bite+1","Gash","Capacitor+1","Cold Snap+1","infinitespire:UltimateForm","Go for the Eyes+1","Loop"],"relics":["Cracked Core","MealTicket","Gremlin Horn","Bronze Scales","wanderingMiniBosses:CarrionFlame","aspiration:MysteriousAuxiliaryCore","Boot","Lee\u0027s Waffle","hubris:SoftwareUpdate","Symbiotic Virus","Cauldron","halation:Toothbrush","Ancient Tea Set","Replay:Bandana","Eternal Feather","Orrery","conspire:SpecialSausage","infinitespire:CheckeredPen","Black Star","StoneCalendar","aspiration:ChemicalBlood","Replay:Frozen Program","StuffTheSpire:NeowsTribute","Fusion Hammer","halation:Convergence","aspiration:FaultyCoupler","Blue Doll","hubris:CuriousFeather","halation:Gekota","Replay:Bottled Eggs","Shuriken","Lantern","conspire:Dentures","infinitespire:Bottled Soul","Bottled Lightning","hubris:ToyBattleship","StuffTheSpire:Wildfire","hubris:FruitBowl","hubris:EvacipatedBox","hubris:KleinBottle","hubris:Macrotransations","aspiration:FetidBarrel","ReplayTheSpireMod:Lightbulb","infinitespire:Lychee Nut"],"acts_visited":["Exordium","TheCity","TheBeyond","TheEnding"],"potions_floor_usage":[55,55,55,55],"damage_taken":[{"damage":7.0,"enemies":"Cultist","floor":1.0,"turns":4.0},{"damage":4.0,"enemies":"Small Slimes","floor":2.0,"turns":3.0},{"damage":0.0,"enemies":"Jaw Worm","floor":7.0,"turns":4.0},{"damage":12.0,"enemies":"Lots of Slimes","floor":8.0,"turns":4.0},{"damage":5.0,"enemies":"3 Sentries","floor":11.0,"turns":5.0},{"damage":0.0,"enemies":"3 Louse","floor":14.0,"turns":2.0},{"damage":24.0,"enemies":"Slime Boss","floor":16.0,"turns":10.0},{"damage":4.0,"enemies":"Shell Parasite","floor":18.0,"turns":8.0},{"damage":0.0,"enemies":"3 Byrds","floor":21.0,"turns":2.0},{"damage":13.0,"enemies":"Sentry and Sphere","floor":22.0,"turns":7.0},{"damage":67.0,"enemies":"Book of Stabbing","floor":24.0,"turns":6.0},{"damage":0.0,"enemies":"Shelled Parasite and Fungi","floor":31.0,"turns":4.0},{"damage":18.0,"enemies":"conspire:MysteriousRune","floor":33.0,"turns":9.0},{"damage":0.0,"enemies":"3 Shapes","floor":35.0,"turns":3.0},{"damage":0.0,"enemies":"Mind Bloom Boss Battle","floor":38.0,"turns":5.0},{"damage":33.0,"enemies":"Reptomancer","floor":41.0,"turns":4.0},{"damage":0.0,"enemies":"Giant Head","floor":46.0,"turns":8.0},{"damage":0.0,"enemies":"3 Darklings","floor":47.0,"turns":3.0},{"damage":22.0,"enemies":"Replay:Hell Engine","floor":50.0,"turns":8.0},{"damage":8.0,"enemies":"Shield and Spear","floor":54.0,"turns":5.0},{"damage":59,"enemies":"The Heart","floor":55,"turns":8}],"seed_played":"-6323949769420382020","potions_obtained":[{"floor":7.0,"key":"Conjunction:LightningMarble"},{"floor":11.0,"key":"PowerPotion"},{"floor":16.0,"key":"EssenceOfDarkness"},{"floor":18.0,"key":"Ancient Potion"},{"floor":19.0,"key":"PotionOfCapacity"},{"floor":19.0,"key":"AttackPotion"},{"floor":22.0,"key":"Energy Potion"},{"floor":33.0,"key":"Venom Potion"},{"floor":46.0,"key":"SmokeBomb"},{"floor":50.0,"key":"Block Potion"},{"floor":55,"key":"Energy Potion"}],"is_trial":false,"path_per_floor":["M","M","$","?","?","R","M","M","T","$","E","R","?","M","R","B",null,"M","$","?","M","M","R","E","?","T","$","R","AVR","?","M","R","B",null,"M","?","$","?","AVR","R","E","R","T","?","?","E","M","$","R","B",null,"R","$","E","B",null],"character_chosen":"DEFECT","items_purchased":["ReplayUltimateDefense","Gremlin Horn","Bronze Scales","Flashbang","LifebloodPotion","BasicCrystalCard+1","Cold Snap","aspiration:MysteriousAuxiliaryCore","Boot","Lee\u0027s Waffle","Adrenaline Potion","Master of Strategy","Dexterity Potion","Symbiotic Virus","Cauldron","halation:Toothbrush","StuffTheSpire:Coldhearted","FIFO Queue","Eternal Feather","Orrery","SpeedPotion","Energy Potion","StoneCalendar","aspiration:ChemicalBlood","Replay:Frozen Program","Shuriken","Lantern","conspire:Dentures","infinitespire:Bottled Soul","Bottled Lightning","hubris:ToyBattleship","StuffTheSpire:Wildfire","hubris:FruitBowl","hubris:EvacipatedBox","hubris:KleinBottle","hubris:Macrotransations","aspiration:FetidBarrel","Regen Potion","Go for the Eyes+1","Loop"],"campfire_rested":5,"item_purchase_floors":[3,3,3,3,3,3,10,10,10,10,10,10,10,19,19,19,19,19,27,27,27,27,37,37,37,48,48,48,48,48,48,48,48,48,48,48,53,53,53,53],"current_hp_per_floor":[57,53,68,68,68,68,68,56,56,78,73,73,73,73,73,49,71,67,81,81,81,68,68,1,7,7,22,55,58,58,64,65,65,65,65,65,68,68,71,71,52,71,71,71,71,71,71,75,75,68,73,75,75,47,31],"gold":3968,"neow_bonus":"RANDOM_COMMON_RELIC","is_daily":false,"chose_seed":false,"campfire_upgraded":4,"win_rate":0.0,"timestamp":1612740155,"path_taken":["M","?","$","?","?","R","?","M","T","$","E","R","?","M","R","BOSS","M","$","?","M","M","R","E","?","T","$","R","AVR","?","?","R","BOSS","M","?","$","?","AVR","R","E","R","T","?","?","E","?","?","R","BOSS","R","$","E","BOSS"],"items_purchased_type":["Card","Relic","Relic","Potion","Potion","Card","Card","Relic","Relic","Relic","Potion","Card","Potion","Relic","Relic","Relic","Card","Card","Relic","Relic","Potion","Potion","Relic","Relic","Relic","Relic","Relic","Relic","Relic","Relic","Relic","Relic","Relic","Relic","Relic","Relic","Relic","Potion","Card","Card"],"build_version":"2020-12-22","purchased_purges":7,"victory":true,"max_hp_per_floor":[71,71,71,71,71,71,71,71,71,78,78,78,78,78,78,78,78,78,81,81,81,81,81,81,62,62,62,62,65,65,65,65,65,65,65,65,68,68,71,71,71,71,71,71,71,71,71,75,75,75,75,75,75,47,47],"card_choices":[{"not_picked":["Heatsinks","Streamline"],"picked":"FIFO Queue","floor":1.0},{"not_picked":["Lockon","Go for the Eyes","Stack"],"picked":"SKIP","floor":2.0},{"not_picked":["ReplayTheSpireMod:System Scan","ReplayTheSpireMod:Reroute Power","Hologram"],"picked":"SKIP","floor":7.0},{"not_picked":["Go for the Eyes","BasicCrystalCard"],"picked":"Cold Snap","floor":8.0},{"not_picked":["Aggregate","FIFO Queue"],"picked":"Genetic Algorithm","floor":11.0},{"not_picked":["Impatience","Crow Ritual"],"picked":"Dark Shackles","floor":13.0},{"not_picked":["Storm","Sweeping Beam"],"picked":"Coolheaded","floor":14.0},{"not_picked":["hubris:PowerSurge","Go for the Eyes","Sweeping Beam"],"picked":"SKIP","floor":18.0},{"not_picked":["ReplaySort","Auto Shields+1"],"picked":"BasicCrystalCard+1","floor":21.0},{"not_picked":["Time Bomb","Redo+1"],"picked":"Barrage+1","floor":22.0},{"not_picked":["Meteor Strike","StuffTheSpire:Rend"],"picked":"Cold Snap","floor":24.0},{"not_picked":["Recycle","Crystallizer+1"],"picked":"Gash","floor":27.0},{"not_picked":["Sweeping Beam","Go for the Eyes"],"picked":"Capacitor","floor":27.0},{"not_picked":["StuffTheSpire:Plugnplay","hubris:Ukulele","Turbo"],"picked":"SKIP","floor":31.0},{"not_picked":["Leap","Turbo","Sweeping Beam+1"],"picked":"SKIP","floor":35.0},{"not_picked":["Beam Cell","hubris:Prefetch","ReplayTheSpireMod:Repulse"],"picked":"SKIP","floor":41.0},{"not_picked":["conspire:Rain","Rip and Tear+1"],"picked":"Cold Snap+1","floor":46.0},{"not_picked":["Ball Lightning","Compile Driver","Beam Cell"],"picked":"SKIP","floor":47.0},{"not_picked":["infinitespire:Starlight","infinitespire:Oblivion"],"picked":"infinitespire:UltimateForm","floor":48.0},{"not_picked":["conspire:Rain","Seek","ReplayTheSpireMod:GoodbyeWorld+1"],"picked":"SKIP","floor":54.0}],"player_experience":3064725,"relics_obtained":[{"floor":8.0,"key":"wanderingMiniBosses:CarrionFlame"},{"floor":11.0,"key":"hubris:SoftwareUpdate"},{"floor":24.0,"key":"Ancient Tea Set"},{"floor":26.0,"key":"Replay:Bandana"},{"floor":38.0,"key":"StuffTheSpire:NeowsTribute"},{"floor":41.0,"key":"aspiration:FaultyCoupler"},{"floor":41.0,"key":"Blue Doll"},{"floor":43.0,"key":"hubris:CuriousFeather"},{"floor":46.0,"key":"halation:Gekota"},{"floor":46.0,"key":"Replay:Bottled Eggs"},{"floor":54.0,"key":"ReplayTheSpireMod:Lightbulb"},{"floor":54.0,"key":"infinitespire:Lychee Nut"}],"event_choices":[{"damage_healed":0.0,"max_hp_gain":0.0,"max_hp_loss":0.0,"gold_gain":0.0,"event_name":"Lab","player_choice":"Got Potions","floor":5.0,"gold_loss":0.0,"damage_taken":0.0},{"damage_healed":0.0,"max_hp_gain":0.0,"max_hp_loss":0.0,"gold_gain":1.0,"event_name":"betterStone:BetterStone","player_choice":"1","floor":13.0,"gold_loss":0.0,"damage_taken":0.0},{"damage_healed":0.0,"max_hp_gain":0.0,"max_hp_loss":25.0,"gold_gain":0.0,"event_name":"Vampires","player_choice":"Became a vampire","floor":25.0,"gold_loss":0.0,"damage_taken":0.0,"cards_obtained":["Bite","Bite","Bite","Bite","Bite"]},{"damage_healed":0.0,"max_hp_gain":0.0,"max_hp_loss":0.0,"gold_gain":0.0,"event_name":"MindBloom","player_choice":"Fight","floor":38.0,"gold_loss":0.0,"damage_taken":0.0}],"is_beta":false,"boss_relics":[{"not_picked":["StuffTheSpire:Kangaroo","ReplayTheSpireMod:SealedPack","energizedSpire:UnstableMolecules"]},{"not_picked":["Kintsugi","halation:ForbiddenBikini"],"picked":"Black Star"}],"items_purged_floors":[3,10,19,29,37,39,48],"is_endless":false,"potions_floor_spawned":[7,11,16,18,22,33,46,47],"ascension_level":18}}