{"host":"0kwl2uefibxd2nsv","time":1612731765,"event":{"mods":["Act Like it!","Aspiration","BaseMod","Better Note","BetterRewards","DeckTracker","Googly Eyes","Minty Spire (QoL Compilation)","Reliquary","StS++","StSLib"],"gold_per_floor":[110,39,39,58,73,106,106,122,146,176,13,13,13,29,29,125,125,141,141,141,141,158,158,188,188,188],"floor_reached":25,"language":"ENG","playtime":746,"items_purged":["Strike_G"],"score":456,"play_id":"5ef135dc-c0e8-4c9f-96e4-5040030309e6","local_time":"20210207220245","is_ascension_mode":true,"campfire_choices":[{"data":"Neutralize","floor":7,"key":"SMITH"},{"floor":12,"key":"REST"},{"data":"Leg Sweep","floor":15,"key":"SMITH"},{"data":"Bullet Time","floor":23,"key":"SMITH"}],"circlet_count":0,"master_deck":["AscendersBane","Strike_G","Strike_G","Strike_G+1","Strike_G","Defend_G","Defend_G","Defend_G","Defend_G+1","Defend_G","Survivor","Neutralize+1","Quick Slash","Deflect","Flying Knee","Leg Sweep+1","Blade Dance","Deadly Poison","Deadly Poison","Blade Dance","Good Instincts","Deadly Poison","Bullet Time+1","Evaluate+1","Deflect"],"relics":["Ring of the Snake","NeowsBlessing","StoneCalendar","reliquary:PartyBalloon","reliquary:Pushpin","StSpp:Monolith","aspiration:WatcherSkillbook","Ginger","Nilry\u0027s Codex","Torii"],"acts_visited":["Exordium","TheCity"],"potions_floor_usage":[10,24],"damage_taken":[{"damage":0,"enemies":"Jaw Worm","floor":1,"turns":1},{"damage":0,"enemies":"Small Slimes","floor":4,"turns":1},{"damage":0,"enemies":"2 Louse","floor":5,"turns":1},{"damage":32,"enemies":"Lagavulin","floor":6,"turns":10},{"damage":1,"enemies":"Exordium Wildlife","floor":8,"turns":4},{"damage":9,"enemies":"3 Sentries","floor":10,"turns":7},{"damage":0,"enemies":"Large Slime","floor":14,"turns":4},{"damage":0,"enemies":"Hexaghost","floor":16,"turns":9},{"damage":15,"enemies":"Spheric Guardian","floor":18,"turns":4},{"damage":0,"enemies":"Shell Parasite","floor":22,"turns":4},{"damage":0,"enemies":"Gremlin Leader","floor":24,"turns":5},{"damage":0,"enemies":"Snake Plant","floor":25,"turns":1}],"seed_played":"1855562950038379175","potions_obtained":[{"floor":8,"key":"Fruit Juice"},{"floor":14,"key":"FearPotion"},{"floor":16,"key":"Fire Potion"},{"floor":22,"key":"Weak Potion"},{"floor":24,"key":"Weak Potion"}],"is_trial":false,"path_per_floor":["M","$","?","M","M","E","R","M","T","E","$","R","?","M","R","B",null,"M","?","T","?","M","R","E","M"],"character_chosen":"THE_SILENT","items_purchased":["Deflect","Flying Knee","Good Instincts"],"campfire_rested":1,"item_purchase_floors":[2,2,11],"current_hp_per_floor":[63,63,49,49,49,17,17,16,16,12,12,34,27,27,27,27,63,48,48,48,32,32,32,32,32,32],"gold":188,"neow_bonus":"THREE_ENEMY_KILL","is_daily":false,"chose_seed":false,"campfire_upgraded":3,"win_rate":0.0,"timestamp":1612731765,"path_taken":["M","$","?","M","M","E","R","M","T","E","$","R","?","M","R","BOSS","M","?","?","?","M","R","E","M"],"items_purchased_type":["Card","Card","Card"],"build_version":"2020-12-22","purchased_purges":1,"victory":false,"max_hp_per_floor":[70,70,70,70,70,70,70,70,70,75,75,75,75,75,75,75,75,75,75,75,75,75,75,75,75,75],"card_choices":[{"not_picked":["Prepared","Slice"],"picked":"Quick Slash","floor":1},{"not_picked":["PiercingWail","StSpp:StrikeFirst"],"picked":"Leg Sweep","floor":4},{"not_picked":["Concentrate","PiercingWail"],"picked":"Blade Dance","floor":5},{"not_picked":["Die Die Die","StSpp:TimeParadox"],"picked":"Deadly Poison","floor":6},{"not_picked":["Blade Dance","Sucker Punch"],"picked":"Deadly Poison","floor":8},{"not_picked":["Calculated Gamble","Endless Agony"],"picked":"Blade Dance","floor":10},{"not_picked":["Predator","Skewer"],"picked":"Deadly Poison","floor":14},{"not_picked":["StSpp:AbandonFlesh","Doppelganger"],"picked":"Bullet Time","floor":16},{"not_picked":["Reflex","Collect+1","ClearTheMind","StSpp:Lure+1"],"picked":"SKIP","floor":18},{"not_picked":["Pray","Footwork","Accuracy"],"picked":"Evaluate+1","floor":22},{"not_picked":["Eviscerate","Halt","Sanctity"],"picked":"Deflect","floor":24}],"player_experience":2012231,"relics_obtained":[{"floor":6,"key":"StoneCalendar"},{"floor":9,"key":"reliquary:PartyBalloon"},{"floor":10,"key":"reliquary:Pushpin"},{"floor":20,"key":"Ginger"},{"floor":21,"key":"Nilry\u0027s Codex"},{"floor":24,"key":"Torii"}],"event_choices":[{"damage_healed":0,"gold_gain":0,"player_choice":"Entered Light","damage_taken":14,"max_hp_gain":0,"max_hp_loss":0,"event_name":"Shining Light","floor":3,"gold_loss":0,"cards_upgraded":["Defend_G","Strike_G"]},{"damage_healed":0,"gold_gain":0,"player_choice":"Success","damage_taken":7,"relics_obtained":["StSpp:Monolith"],"max_hp_gain":0,"max_hp_loss":0,"event_name":"Scrap Ooze","floor":13,"gold_loss":0},{"damage_healed":0,"gold_gain":0,"player_choice":"Ignored","damage_taken":0,"max_hp_gain":0,"max_hp_loss":0,"event_name":"betterNote:BetterNote","floor":19,"gold_loss":0,"cards_obtained":["Bullet Time"]},{"damage_healed":0,"gold_gain":0,"player_choice":"Obtained Book","damage_taken":16,"max_hp_gain":0,"max_hp_loss":0,"event_name":"Cursed Tome","floor":21,"gold_loss":0}],"is_beta":false,"boss_relics":[{"not_picked":["reliquary:KinkedSpring","Tiny House"],"picked":"aspiration:WatcherSkillbook"}],"items_purged_floors":[11],"is_endless":false,"potions_floor_spawned":[8,14,16,22,24],"killed_by":"Snake Plant","ascension_level":10}}