{"host":"54jr43vd79817238","time":1612684122,"event":{"mods":["100% Spire Juice","ATMod(°¢èªMod)","Act Like it!","Arknights","Aspiration","BaseMod","CapriCore","Dota2Spire","Friendly Minions","Gensokyo","Hallownest","Hermit","Jedi Mod","KomeijiMod","Lobotomy","LobotomyExtend","Marisa£¨ìFÓê¡¡Ä§ÀíÉ³£©","Minty Spire (QoL Compilation)","MostiFishMod","Prisma Mod","Quarter Circle Forward PUNCH!","Reliquary","Replay The Spire","Robot Space Explorer","RumiaBox-Â¶Ã×æ«µÄÉñÃØºÐ×Ó","Spicy Shops","StSLib","TestMod","The Blackbeard","WarShipGirlsR/Õ½½¢ÉÙÅ®R mod","Yakumo Yukari mod","Youmu£¨»êÆÇÑýÃÎ£©","Yuyuko","¡¾ÒÅÎï¿¨ÅÆ¡¿REMEMod"],"gold_per_floor":[113,113,128,228,240,269,269,269,269,269,269,288,67,80,80,177,177,191,204,529,529,21,21,33,33,33,33,49,49,60,60,60,161,161,175,189,189,31,50,50,50,50,97,97,497,497,516,541,541,541,541,541,541,171,204,204],"floor_reached":57,"language":"ZHS","playtime":2171,"items_purged":["PrismaMod:MiyuCommonAttack","PrismaMod:MiyuCommonAttack"],"score":1328,"play_id":"af8949a9-eaa9-4c44-901b-0217ab804106","local_time":"20210207154842","is_ascension_mode":false,"campfire_choices":[{"floor":7,"key":"RECALL"},{"data":"PrismaMod:MiyuDefenseExplosion","floor":11,"key":"SMITH"},{"data":"AT_DarkMatter","floor":15,"key":"SMITH"},{"data":"PrismaMod:MiyuDevil","floor":23,"key":"SMITH"},{"data":"PrismaMod:MiyuCheapDefend1","floor":25,"key":"SMITH"},{"data":"PrismaMod:MiyuOrbIncreasePerm","floor":27,"key":"SMITH"},{"data":"PrismaMod:MiyuCheapChannelAttack","floor":29,"key":"SMITH"},{"floor":32,"key":"REST"},{"data":"PrismaMod:MiyuChristmas","floor":40,"key":"SMITH"},{"data":"Gensokyo:BrilliantDragonBullet","floor":42,"key":"SMITH"},{"data":"PrismaMod:MiyuDefendChannelDefend","floor":44,"key":"SMITH"},{"data":"PrismaMod:MiyuUncommonStrBuff","floor":46,"key":"SMITH"},{"data":"PrismaMod:MiyuCheapDexBuff","floor":53,"key":"SMITH"}],"circlet_count":0,"master_deck":["PrismaMod:MiyuCommonDefend","PrismaMod:MiyuCommonDefend","PrismaMod:MiyuCommonDefend","PrismaMod:MiyuCommonDefend","PrismaMod:MiyuCommonDefend","PrismaMod:MiyuCommonAttack","PrismaMod:MiyuCommonAttack","PrismaMod:MiyuCommonAttack","PrismaMod:MiyuCheapChannelAttack+1","PrismaMod:MiyuCheapChannelDefend+1","REME_ForAll+1","AT_DarkMatter+1","PrismaMod:MiyuCheapDexBuff+1","PrismaMod:MiyuCheapAttack1","PrismaMod:MiyuDefenseExplosion+1","PrismaMod:MiyuCheapDefend1+1","PrismaMod:MiyuCheapAttack2","PrismaMod:MiyuOrbIncreasePerm+1","PrismaMod:MiyuCheapDefend2","PrismaMod:MiyuCheapDexBuff+1","PrismaMod:MiyuDevil+1","PrismaMod:MiyuCheapAttack1","PrismaMod:MiyuMaid+1","PrismaMod:MiyuChristmas+1","PrismaMod:MiyuDefendChannelDefend+1","PrismaMod:MiyuUncommonStrBuff+1","PrismaMod:MiyuDevil","PrismaMod:MiyuCheapChannelWeak+1","Gensokyo:BrilliantDragonBullet+1","PrismaMod:MiyuBride+1","PrismaMod:MiyuEvokeAll","PrismaMod:MiyuCheapStrBuff+1","PrismaMod:MiyuUncommonDefend+1","PrismaMod:MiyuUncommonAttack+1","PrismaMod:MiyuCheapStrBuff","PrismaMod:MiyuCheapEvoke+1","PrismaMod:MiyuCheapAttack1"],"relics":["PrismaMod:PrismaSapphire","DaveBox","AT_ATBox","testmod-TestBox","aspiration:Nostalgia","ThirstyCrossSpe","testmod-IntensifyImprint","ShadowXiaoBlade","SynthV:TestCard","Replay:Bottled Flurry","REME_PuzzleBoxRelic","testmod-TimeTraveler","Centennial Puzzle","jedi:firstaidkit","Letter Opener","Philosopher\u0027s Stone","BrkXgEgg","Dota2Spire:PhaseBoots","Eternal Feather","ReplayTheSpireMod:TigerMarble","testmod-HeartOfStrike","Orrery","reliquary:WeakTea"],"acts_visited":["Gensokyo:Gensokyo","Gensokyo:Gensokyoer","Gensokyo:Gensokyoest","TheEnding"],"potions_floor_usage":[6,16,48,56],"damage_taken":[{"damage":0,"enemies":"Gensokyo:3_Fairies","floor":1,"turns":3},{"damage":0,"enemies":"Gensokyo:2_Kodama","floor":3,"turns":2},{"damage":0,"enemies":"Gensokyo:Gryphon","floor":5,"turns":3},{"damage":0,"enemies":"Gensokyo:Aya","floor":6,"turns":5},{"damage":0,"enemies":"Gensokyo:Kitsune","floor":12,"turns":2},{"damage":0,"enemies":"Gensokyo:Gryphon_and_Rabbit","floor":14,"turns":3},{"damage":14,"enemies":"Gensokyo:Yukari","floor":16,"turns":9},{"damage":6,"enemies":"Gensokyo:3_Dogs","floor":18,"turns":4},{"damage":8,"enemies":"Gensokyo:AngelMirror","floor":19,"turns":2},{"damage":6,"enemies":"Gensokyo:3_Gloops","floor":24,"turns":3},{"damage":18,"enemies":"Gensokyo:Wraith","floor":28,"turns":3},{"damage":0,"enemies":"Gensokyo:Chomper_and_Gloop","floor":30,"turns":3},{"damage":33,"enemies":"Gensokyo:Kaguya","floor":33,"turns":6},{"damage":0,"enemies":"Gensokyo:AncientGuardian","floor":35,"turns":2},{"damage":1,"enemies":"Gensokyo:3_Boulders","floor":36,"turns":4},{"damage":0,"enemies":"Gensokyo:4_Bats","floor":39,"turns":1},{"damage":0,"enemies":"Gensokyo:Rafflesia","floor":47,"turns":4},{"damage":23,"enemies":"Gensokyo:Kasen","floor":48,"turns":2},{"damage":11,"enemies":"Gensokyo:Shinki","floor":50,"turns":4},{"damage":0,"enemies":"Shield and Spear","floor":55,"turns":2},{"damage":17,"enemies":"The Heart","floor":56,"turns":3}],"seed_played":"5080416701309117641","potions_obtained":[{"floor":1,"key":"Weak Potion"},{"floor":12,"key":"Strength Potion"},{"floor":16,"key":"FearPotion"},{"floor":19,"key":"BlessingOfTheForge"},{"floor":39,"key":"SkillPotion"}],"is_trial":false,"path_per_floor":["M","?","M","?","M","E","R","COS","T","?","R","M","$","M","R","B",null,"M","M","?","?","$","R","M","R","T","R","M","R","M","?","R","B",null,"M","M","?","COS","M","R","?","R","T","R","?","R","M","E","R","B",null,null,"R","$","E","B",null],"character_chosen":"MIYU","items_purchased":["REME_PuzzleBoxRelic","jedi:firstaidkit","Letter Opener","ReplayTheSpireMod:TigerMarble","testmod-HeartOfStrike","Orrery"],"campfire_rested":1,"item_purchase_floors":[13,22,22,54,54,54],"current_hp_per_floor":[75,75,75,75,75,75,75,75,75,75,75,75,75,75,75,61,75,69,61,61,61,61,61,55,55,55,55,37,37,37,44,64,49,69,69,68,68,68,68,68,68,68,68,68,68,68,69,46,69,58,58,69,69,69,69,52],"gold":204,"neow_bonus":"NOSTALGIA","is_daily":false,"chose_seed":false,"campfire_upgraded":11,"win_rate":0.0,"timestamp":1612684122,"path_taken":["M","?","?","?","M","E","R","COS","T","?","R","?","$","M","R","BOSS","M","M","?","?","?","R","M","R","T","R","M","R","?","?","R","BOSS","M","?","?","COS","M","R","?","R","T","R","?","R","M","E","R","BOSS","R","$","E","BOSS"],"items_purchased_type":["Relic","Relic","Relic","Relic","Relic","Relic"],"build_version":"2020-12-22","purchased_purges":2,"victory":true,"max_hp_per_floor":[75,75,75,75,75,75,75,75,75,75,75,75,75,75,75,75,75,75,75,75,69,69,69,69,69,69,69,69,69,69,69,69,69,69,69,69,69,69,69,69,69,69,69,69,69,69,69,69,69,69,69,69,69,69,69,69],"card_choices":[{"not_picked":["PrismaMod:MiyuMaid","PrismaMod:MiyuDevil"],"picked":"PrismaMod:MiyuCheapDexBuff","floor":1},{"not_picked":["PrismaMod:MiyuChristmas","PrismaMod:MiyuCheapPlate","PrismaMod:MiyuCheapChannelHeal","PrismaMod:MiyuEvokeAll"],"picked":"PrismaMod:MiyuCheapAttack1","floor":3},{"not_picked":["PrismaMod:MiyuCheapPlate","PrismaMod:MiyuUncommonAttack","PrismaMod:MiyuDevil","PrismaMod:MiyuCheapChannelRandom"],"picked":"PrismaMod:MiyuDefenseExplosion","floor":5},{"not_picked":["PrismaMod:MiyuUncommonPlate","PrismaMod:MiyuEvokeCheapAttack","PrismaMod:MiyuAttackChannelAttack","PrismaMod:MiyuCheapChannelWeak"],"picked":"PrismaMod:MiyuCheapDefend1","floor":6},{"not_picked":["PrismaMod:MiyuCheapEvoke","PrismaMod:MiyuCheapChannelWeak","PrismaMod:MiyuCarnivalAttack","PrismaMod:MiyuEvokeBuffDex"],"picked":"PrismaMod:MiyuCheapAttack2","floor":12},{"not_picked":["PrismaMod:MiyuEvokeBuffDex","PrismaMod:MiyuEvokeCheapAttack","PrismaMod:MiyuAttackChannelWeak","PrismaMod:MiyuCarnivalAttack"],"picked":"PrismaMod:MiyuOrbIncreasePerm","floor":14},{"not_picked":["PrismaMod:MiyuEvokeAllAttack","PrismaMod:MiyuChannelAttackEvoke","PrismaMod:MiyuDefendChannelDefend","PrismaMod:MiyuChannelDefendEvoke"],"picked":"PrismaMod:MiyuCheapDefend2","floor":16},{"not_picked":["PrismaMod:MiyuEvokeCheapAttack","PrismaMod:MiyuAttackChannelWeak","PrismaMod:MiyuCheapAttack1","PrismaMod:MiyuUberAttack"],"picked":"PrismaMod:MiyuCheapDexBuff+1","floor":18},{"not_picked":["PrismaMod:MiyuAttackChannelWeak","PrismaMod:MiyuCheapChannelVul","PrismaMod:MiyuEvokeBuffDex","PrismaMod:MiyuChristmas"],"picked":"PrismaMod:MiyuDevil","floor":19},{"not_picked":["PrismaMod:MiyuUncommonDefend","PrismaMod:MiyuCarnivalAttack+1","PrismaMod:MiyuCheapChannelAttack","PrismaMod:MiyuAttackChannelWeak"],"picked":"PrismaMod:MiyuCheapAttack1","floor":24},{"not_picked":["PrismaMod:MiyuCheapChannelWeak","PrismaMod:MiyuAttackChannelVul","PrismaMod:MiyuEvokeBuffDex","PrismaMod:MiyuDefenseRemoval"],"picked":"PrismaMod:MiyuMaid+1","floor":28},{"not_picked":["PrismaMod:MiyuCheapAttack1","PrismaMod:MiyuCheapChannelRandom+1","PrismaMod:MiyuUncommonPlate","PrismaMod:MiyuDefenseRemoval"],"picked":"PrismaMod:MiyuChristmas","floor":30},{"not_picked":["PrismaMod:MiyuDefenseAbsorbMinor","PrismaMod:MiyuChannelDefendEvoke","PrismaMod:MiyuEvokeAllAttack","PrismaMod:MiyuEvokeAllDefend"],"picked":"PrismaMod:MiyuDefendChannelDefend","floor":33},{"not_picked":["PrismaMod:MiyuEvokeBuffDex+1","PrismaMod:MiyuCarnivalAttack+1","PrismaMod:MiyuAttackChannelVul+1","PrismaMod:MiyuEvokeCheapAttack"],"picked":"PrismaMod:MiyuUncommonStrBuff","floor":35},{"not_picked":["PrismaMod:MiyuCheapChannelVul","PrismaMod:MiyuCheapAttack2+1","PrismaMod:MiyuAttackChannelAttack","PrismaMod:MiyuUncommonPlate"],"picked":"PrismaMod:MiyuDevil","floor":36},{"not_picked":["PrismaMod:MiyuCommonAOEAttack","PrismaMod:MiyuAttackChannelWeak+1","PrismaMod:MiyuUberAttack","PrismaMod:MiyuDefenseExplosion"],"picked":"PrismaMod:MiyuCheapChannelWeak+1","floor":39},{"not_picked":["Gensokyo:EverlastingLife","Gensokyo:NewMoon"],"picked":"Gensokyo:BrilliantDragonBullet","floor":41},{"not_picked":["PrismaMod:MiyuCheapChannelWeak+1","PrismaMod:MiyuUberAttack","PrismaMod:MiyuCheapPlate+1","PrismaMod:MiyuEvokeBuffStr+1"],"picked":"PrismaMod:MiyuBride+1","floor":47},{"not_picked":["PrismaMod:MiyuUncommonAOEAttack+1","PrismaMod:MiyuOrbIncreasePerm","PrismaMod:MiyuUncommonPlate","PrismaMod:MiyuCheapChannelHeal"],"picked":"PrismaMod:MiyuEvokeAll","floor":48},{"not_picked":["PrismaMod:MiyuEvokeCheapAttack","PrismaMod:MiyuEvokeBuffDex+1","PrismaMod:MiyuCheapAttack1","PrismaMod:MiyuAttackChannelAttack"],"picked":"PrismaMod:MiyuCheapStrBuff+1","floor":54},{"not_picked":["PrismaMod:MiyuUberAOEAttack","PrismaMod:MiyuEvokeCheapDefend","PrismaMod:MiyuCarnivalAttack+1","PrismaMod:MiyuChristmas"],"picked":"PrismaMod:MiyuUncommonDefend+1","floor":54},{"not_picked":["PrismaMod:MiyuEvokeCheapDefend+1","PrismaMod:MiyuUberDefend+1","PrismaMod:MiyuDevil","PrismaMod:MiyuCheapEvoke+1"],"picked":"PrismaMod:MiyuUncommonAttack+1","floor":54},{"not_picked":["PrismaMod:MiyuEvokeAllAttack+1","PrismaMod:MiyuCheapChannelRandom+1","PrismaMod:MiyuEvokeCheapAttack","PrismaMod:MiyuUncommonAttack"],"picked":"PrismaMod:MiyuCheapStrBuff","floor":54},{"not_picked":["PrismaMod:MiyuUncommonAttack+1","PrismaMod:MiyuCarnivalAttack+1","PrismaMod:MiyuEvokeAll+1","PrismaMod:MiyuMaid"],"picked":"PrismaMod:MiyuCheapEvoke+1","floor":54},{"not_picked":["PrismaMod:MiyuUberAttack","PrismaMod:MiyuDefenseRemoval+1","PrismaMod:MiyuCarnivalAttack","PrismaMod:MiyuDefendChannelDefend+1"],"picked":"PrismaMod:MiyuCheapAttack1","floor":55}],"player_experience":348357,"relics_obtained":[{"floor":1,"key":"SynthV:TestCard"},{"floor":6,"key":"Replay:Bottled Flurry"},{"floor":9,"key":"Frozen Egg 2"},{"floor":43,"key":"Dota2Spire:PhaseBoots"},{"floor":48,"key":"Eternal Feather"},{"floor":55,"key":"reliquary:WeakTea"}],"event_choices":[{"damage_healed":0,"gold_gain":400,"player_choice":"Sell","damage_taken":0,"max_hp_gain":0,"max_hp_loss":0,"event_name":"¶÷ÂåË¹µÄÅÌ×Ó","floor":45,"relics_lost":["REME_ComplimentaryCards"],"gold_loss":0}],"is_beta":false,"boss_relics":[{"not_picked":["Velvet Choker","testmod-EnergyCheck"],"picked":"testmod-TimeTraveler"},{"not_picked":["REME_ChargedStone","aspiration:RitualDagger"],"picked":"Philosopher\u0027s Stone"}],"items_purged_floors":[13,22],"is_endless":false,"potions_floor_spawned":[1,12,16,19,39,47],"ascension_level":0}}