{"host":"ftf7rwqr5w72pdsx","time":1612671049,"event":{"mods":["BaseMod","Bestiary","Minty Spire (QoL Compilation)","Relic Stats","Slay the Relics Exporter"],"gold_per_floor":[111,131,131,155,125,158,131,155,155,199,199,215,238,253,253,378,378,399,414,414,414,414],"floor_reached":21,"language":"ENG","playtime":1285,"items_purged":[],"score":299,"play_id":"07b725bd-08d2-44ba-b549-b5f15b84a8c7","local_time":"20210206221049","is_ascension_mode":true,"campfire_choices":[{"floor":11,"key":"REST"},{"floor":15,"key":"REST"}],"circlet_count":0,"master_deck":["AscendersBane","Strike_B","Strike_B","Strike_B","Strike_B","Defend_B","Defend_B","Defend_B","Defend_B","Zap","Dualcast","Leap","Rebound","Gash","Coolheaded","Reprogram","Steam","Compile Driver","Echo Form","Glacier","Echo Form","Streamline+1","Self Repair"],"relics":["Calling Bell","Bag of Preparation","Gremlin Horn","Gambling Chip","Golden Idol","Oddly Smooth Stone","Anchor","Mummified Hand","Orichalcum","Velvet Choker","Frozen Egg 2"],"acts_visited":["Exordium","TheCity"],"potions_floor_usage":[6,16],"damage_taken":[{"damage":1,"enemies":"Small Slimes","floor":1,"turns":4},{"damage":1,"enemies":"Jaw Worm","floor":2,"turns":5},{"damage":1,"enemies":"Cultist","floor":4,"turns":3},{"damage":27,"enemies":"Gremlin Nob","floor":6,"turns":4},{"damage":3,"enemies":"Exordium Thugs","floor":7,"turns":5},{"damage":10,"enemies":"3 Sentries","floor":10,"turns":10},{"damage":2,"enemies":"Red Slaver","floor":12,"turns":6},{"damage":1,"enemies":"Blue Slaver","floor":13,"turns":5},{"damage":0,"enemies":"2 Fungi Beasts","floor":14,"turns":4},{"damage":18,"enemies":"Slime Boss","floor":16,"turns":12},{"damage":3,"enemies":"Spheric Guardian","floor":18,"turns":5},{"damage":7,"enemies":"Shell Parasite","floor":19,"turns":6},{"damage":57,"enemies":"Masked Bandits","floor":21,"turns":5}],"seed_played":"-1867728648418934253","potions_obtained":[{"floor":2,"key":"ColorlessPotion"},{"floor":4,"key":"Strength Potion"},{"floor":5,"key":"EssenceOfDarkness"},{"floor":10,"key":"AttackPotion"},{"floor":16,"key":"CultistPotion"}],"is_trial":false,"path_per_floor":["M","M","?","M","?","E","M","T","T","E","R","M","M","M","R","B",null,"M","M","T","?"],"character_chosen":"DEFECT","items_purchased":[],"campfire_rested":2,"item_purchase_floors":[],"current_hp_per_floor":[67,66,48,47,47,20,17,17,17,7,29,27,26,26,48,30,64,61,54,54,0,0],"gold":414,"neow_bonus":"BOSS_RELIC","is_daily":false,"chose_seed":false,"campfire_upgraded":0,"win_rate":0.0,"timestamp":1612671049,"path_taken":["M","M","?","M","?","E","?","?","T","E","R","M","M","M","R","BOSS","M","M","?","?"],"items_purchased_type":[],"build_version":"2020-12-22","purchased_purges":0,"victory":false,"max_hp_per_floor":[75,75,75,75,75,75,75,75,75,75,75,75,75,75,75,75,75,75,75,75,75,75],"relic_stats":{"Gremlin Horn":[8,8],"counters":[13,74],"Golden Idol":76,"Mummified Hand":[16],"Gambling Chip":[38],"Bag of Preparation":[26],"Orichalcum":[18],"obtain_stats":[{"Calling Bell":0,"Anchor":8,"Gremlin Horn":0,"Golden Idol":3,"Mummified Hand":9,"Gambling Chip":0,"Oddly Smooth Stone":6,"Velvet Choker":17,"Bag of Preparation":0,"Orichalcum":10,"Frozen Egg 2":20,"Cracked Core":0},{"Calling Bell":0,"Anchor":5,"Gremlin Horn":0,"Golden Idol":2,"Mummified Hand":5,"Gambling Chip":0,"Oddly Smooth Stone":4,"Velvet Choker":10,"Bag of Preparation":0,"Orichalcum":6,"Frozen Egg 2":12,"Cracked Core":0},{"Calling Bell":0,"Anchor":21,"Gremlin Horn":0,"Golden Idol":9,"Mummified Hand":21,"Gambling Chip":0,"Oddly Smooth Stone":16,"Velvet Choker":58,"Bag of Preparation":0,"Orichalcum":31,"Frozen Egg 2":69,"Cracked Core":0}]},"card_choices":[{"not_picked":["Sweeping Beam","Storm"],"picked":"Leap","floor":1},{"not_picked":["Redo","Barrage"],"picked":"Rebound","floor":2},{"not_picked":["Streamline","Redo"],"picked":"Gash","floor":4},{"not_picked":["Cold Snap","Doom and Gloom"],"picked":"Coolheaded","floor":6},{"not_picked":["Beam Cell","Chill"],"picked":"Reprogram","floor":7},{"not_picked":["Streamline","Turbo"],"picked":"Steam","floor":10},{"not_picked":["Go for the Eyes","Fusion"],"picked":"Compile Driver","floor":12},{"not_picked":["Sweeping Beam","Storm"],"picked":"Echo Form","floor":13},{"not_picked":["Coolheaded","Beam Cell"],"picked":"Glacier","floor":14},{"not_picked":["Buffer","Core Surge"],"picked":"Echo Form","floor":16},{"not_picked":["Reprogram","White Noise"],"picked":"Streamline+1","floor":18},{"not_picked":["Stack","Gash"],"picked":"Self Repair","floor":19}],"player_experience":808744,"relics_obtained":[{"floor":0,"key":"Bag of Preparation"},{"floor":0,"key":"Gremlin Horn"},{"floor":0,"key":"Gambling Chip"},{"floor":6,"key":"Oddly Smooth Stone"},{"floor":8,"key":"Anchor"},{"floor":9,"key":"Mummified Hand"},{"floor":10,"key":"Orichalcum"},{"floor":20,"key":"Frozen Egg 2"}],"event_choices":[{"damage_healed":0,"gold_gain":0,"player_choice":"Take Damage","damage_taken":18,"relics_obtained":["Golden Idol"],"max_hp_gain":0,"max_hp_loss":0,"event_name":"Golden Idol","floor":3,"gold_loss":0},{"damage_healed":0,"gold_gain":0,"player_choice":"Bought 2 Potions","damage_taken":0,"max_hp_gain":0,"max_hp_loss":0,"event_name":"The Woman in Blue","floor":5,"gold_loss":0},{"damage_healed":0,"gold_gain":0,"player_choice":"Fought Bandits","damage_taken":0,"max_hp_gain":0,"max_hp_loss":0,"event_name":"Masked Bandits","floor":21,"gold_loss":0}],"is_beta":false,"boss_relics":[{"not_picked":["Busted Crown","Sozu"],"picked":"Velvet Choker"}],"items_purged_floors":[],"is_endless":false,"potions_floor_spawned":[2,4,10,16],"killed_by":"Masked Bandits","ascension_level":11}}