{"host":"i09pxcjttd31eh4q","time":1612704703,"event":{"mods":["AchievementEnabler","BaseMod","Colored Map","Keyboard Shortcuts","Minty Spire (QoL Compilation)","StSLib","SuperFastMode"],"gold_per_floor":[117,117,130,180,191,226,237,249,549,549,549],"floor_reached":10,"language":"KOR","playtime":168,"items_purged":[],"score":140,"play_id":"7f285d4a-a00a-49e8-b0c5-b60b2de5e315","local_time":"20210207223143","is_ascension_mode":true,"campfire_choices":[],"circlet_count":0,"master_deck":["AscendersBane","Strike_P","Strike_P","Strike_P+1","Strike_P","Defend_P+1","Defend_P","Defend_P","Defend_P","Eruption+1","Vigilance","Adaptation","LessonLearned","FearNoEvil"],"relics":["PureWater","NeowsBlessing","Mummified Hand","Old Coin"],"acts_visited":["Exordium"],"potions_floor_usage":[8],"damage_taken":[{"damage":0.0,"enemies":"Small Slimes","floor":1.0,"turns":1.0},{"damage":0.0,"enemies":"Cultist","floor":3.0,"turns":1.0},{"damage":0.0,"enemies":"Jaw Worm","floor":5.0,"turns":1.0},{"damage":42.0,"enemies":"Lagavulin","floor":6.0,"turns":6.0},{"damage":5.0,"enemies":"Gremlin Gang","floor":7.0,"turns":4.0},{"damage":11,"enemies":"Large Slime","floor":8,"turns":5},{"damage":7,"enemies":"3 Sentries","floor":10,"turns":2}],"seed_played":"7646709638234500303","potions_obtained":[{"floor":3.0,"key":"Ambrosia"},{"floor":7.0,"key":"SpeedPotion"}],"is_trial":false,"path_per_floor":["M","?","M","?","M","E","M","M","T","E"],"character_chosen":"WATCHER","items_purchased":[],"campfire_rested":0,"item_purchase_floors":[],"current_hp_per_floor":[61,61,61,61,61,19,14,3,3,0,0],"gold":549,"neow_bonus":"THREE_ENEMY_KILL","is_daily":false,"chose_seed":false,"campfire_upgraded":0,"win_rate":0.0,"timestamp":1612704703,"path_taken":["M","?","?","?","?","E","M","M","T","E"],"items_purchased_type":[],"build_version":"2020-12-22","purchased_purges":0,"victory":false,"max_hp_per_floor":[68,68,68,68,68,68,68,68,68,68,68],"card_choices":[{"not_picked":["Consecrate","FlyingSleeves","EmptyBody"],"picked":"SKIP","floor":1.0},{"not_picked":["JustLucky","Tantrum"],"picked":"Adaptation","floor":3.0},{"not_picked":["Crescendo","LikeWater"],"picked":"LessonLearned","floor":5.0},{"not_picked":["SignatureMove","FlyingSleeves","Prostrate"],"picked":"SKIP","floor":6.0},{"not_picked":["BowlingBash","BattleHymn","Weave"],"picked":"SKIP","floor":7.0},{"not_picked":["Conclude","ClearTheMind"],"picked":"FearNoEvil","floor":8}],"player_experience":888636,"relics_obtained":[{"floor":6.0,"key":"Mummified Hand"},{"floor":9,"key":"Old Coin"}],"event_choices":[{"damage_healed":0.0,"max_hp_gain":0.0,"max_hp_loss":0.0,"gold_gain":0.0,"event_name":"Upgrade Shrine","player_choice":"Upgraded","floor":2.0,"gold_loss":0.0,"damage_taken":0.0,"cards_upgraded":["Eruption"]},{"damage_healed":0.0,"max_hp_gain":0.0,"max_hp_loss":0.0,"gold_gain":50.0,"event_name":"Golden Shrine","player_choice":"Pray","floor":4.0,"gold_loss":0.0,"damage_taken":0.0}],"is_beta":false,"boss_relics":[],"items_purged_floors":[],"is_endless":false,"potions_floor_spawned":[3,7],"killed_by":"3 Sentries","ascension_level":20}}