{"host":"cvi30shpqg1ukvbr","time":1612670195,"event":{"mods":["Act Like it!","BaseMod","Better Altar","Better Match","Better Note","Better Sensory Stone","Better Skull","Better Third Choice","Conspire","GifTheSpireLib","Hubris","Infinite Spire","Minty Spire (QoL Compilation)","Relic Stats","Replay The Spire","Shop Mod","Spicy Shops","StSLib","Stuff the Spire"],"gold_per_floor":[116,131,144,144,37,67,82,115,141,141,141,141,141,168,168,270,270,284,303,42,42,42,68,68,68,68,93,111,146,161,5,5,100,100,117,134,184,184,202,236,254,254,278,77,112,125,125,152,152,152,152,152,7,32,32],"floor_reached":56,"language":"ENG","playtime":2963,"items_purged":["Regret","Pride"],"score":1515,"play_id":"c5ae972b-f430-4858-9085-ecee8027a13f","local_time":"20210207125635","is_ascension_mode":true,"campfire_choices":[{"data":"Bash","floor":11.0,"key":"SMITH"},{"data":"Carnage","floor":13.0,"key":"SMITH"},{"data":"Immolate","floor":15.0,"key":"SMITH"},{"data":"Brutality","floor":24.0,"key":"SMITH"},{"data":"infinitespire:Starlight","floor":32.0,"key":"SMITH"},{"floor":42,"key":"RECALL"},{"floor":49,"key":"DIG"},{"data":"Barricade","floor":52,"key":"SMITH"}],"circlet_count":0,"master_deck":["Strike_R","Strike_R","Strike_R+1","Strike_R","Strike_R","Defend_R","Defend_R","Defend_R","Defend_R","Bash+1","StuffTheSpire:BloodClot","Carnage+1","Shrug It Off","Pain","Rupture+1","Dark Embrace","Pommel Strike+1","Dual Wield","Immolate+1","Brutality+1","Shrug It Off+1","conspire:Banana","infinitespire:Starlight+1","StuffTheSpire:Slingshot+1","Pummel+1","ReplayTheSpireMod:Stacked","Whirlwind+1","Barricade+1","Rage+1","ReplayTheSpireMod:Splinters","Shockwave+1","StuffTheSpire:Incineration+1","Intimidate","Bloodletting","ReplayTheSpireMod:Stacked","StuffTheSpire:Resist","Limit Break"],"relics":["Burning Blood","hubris:FunFungus","WarpedTongs","conspire:TopHat","Du-Vu Doll","MealTicket","Potion Belt","Runic Cube","Molten Egg 2","ChewingGum","ReplayTheSpireMod:TigerMarble","Ginger","hubris:Towel","Paper Frog","Smiling Mask","King of Hearts","infinitespire:Lucky Rock","Regal Pillow","Centennial Puzzle","Replay:Baseball","Whetstone","infinitespire:WardingShard","infinitespire:Joker Card","HandDrill","hubris:IronBody"],"acts_visited":["Exordium","TheCity","TheBeyond","TheEnding"],"potions_floor_usage":[33,41,50,50,55],"damage_taken":[{"damage":1.0,"enemies":"Jaw Worm","floor":1.0,"turns":3.0},{"damage":8.0,"enemies":"Cultist","floor":2.0,"turns":4.0},{"damage":0.0,"enemies":"2 Louse","floor":3.0,"turns":2.0},{"damage":32.0,"enemies":"3 Sentries","floor":6.0,"turns":7.0},{"damage":15.0,"enemies":"Blue Slaver","floor":7.0,"turns":2.0},{"damage":27.0,"enemies":"Gremlin Nob","floor":8.0,"turns":4.0},{"damage":15.0,"enemies":"Replay:BlueRogue","floor":14.0,"turns":4.0},{"damage":35.0,"enemies":"Hexaghost","floor":16.0,"turns":9.0},{"damage":17.0,"enemies":"2 Thieves","floor":18.0,"turns":3.0},{"damage":19.0,"enemies":"Chosen","floor":19.0,"turns":4.0},{"damage":34.0,"enemies":"Gremlin Leader","floor":23.0,"turns":6.0},{"damage":4.0,"enemies":"conspire:Head Lice","floor":27.0,"turns":5.0},{"damage":5.0,"enemies":"conspire:HollyBat","floor":28.0,"turns":6.0},{"damage":39.0,"enemies":"Nightmare","floor":29.0,"turns":6.0},{"damage":24.0,"enemies":"Centurion and Healer","floor":30.0,"turns":5.0},{"damage":28,"enemies":"conspire:MysteriousRune","floor":33,"turns":6},{"damage":27,"enemies":"3 Shapes","floor":35,"turns":5},{"damage":12,"enemies":"Orb Walker","floor":36,"turns":3},{"damage":22,"enemies":"Spire Growth","floor":39,"turns":4},{"damage":9,"enemies":"Giant Head","floor":40,"turns":5},{"damage":4,"enemies":"Jaw Worm Horde","floor":41,"turns":2},{"damage":11,"enemies":"Nemesis","floor":45,"turns":5},{"damage":14,"enemies":"Maw","floor":46,"turns":4},{"damage":10,"enemies":"Giant Head","floor":48,"turns":5},{"damage":31,"enemies":"Time Eater","floor":50,"turns":4},{"damage":20,"enemies":"Shield and Spear","floor":54,"turns":4},{"damage":48,"enemies":"The Heart","floor":55,"turns":10}],"seed_played":"-3532633561828946233","potions_obtained":[{"floor":3.0,"key":"ColorlessPotion"},{"floor":6.0,"key":"EssenceOfSteel"},{"floor":7.0,"key":"Dexterity Potion"},{"floor":16.0,"key":"FearPotion"},{"floor":19.0,"key":"Doom Potion"},{"floor":27.0,"key":"GamblersBrew"},{"floor":29.0,"key":"Venom Potion"},{"floor":30.0,"key":"Doom Potion"},{"floor":37,"key":"SkillPotion"},{"floor":37,"key":"LifebloodPotion"},{"floor":41,"key":"DuplicationPotion"},{"floor":47,"key":"SteroidPotion"}],"is_trial":false,"path_per_floor":["M","M","M","?","$","E","M","E","T","$","R","$","R","E","R","B",null,"M","M","$","?","AVR","E","R","?","T","E","M","NM","M","$","R","B",null,"M","M","?","?","M","E","M","R","T","$","E","M","?","E","R","B",null,"R","$","E","B",null],"character_chosen":"IRONCLAD","items_purchased":["Rupture+1","Fire Potion","conspire:Banana","Molten Egg 2","infinitespire:Lucky Rock","Replay:Baseball","HandDrill"],"campfire_rested":0,"item_purchase_floors":[5,5,20,20,31,44,53],"current_hp_per_floor":[80,78,80,80,80,55,46,25,25,40,40,55,55,46,46,17,80,69,56,71,71,71,54,54,54,54,68,83,61,56,71,71,52,88,85,81,81,81,68,83,85,85,85,92,88,85,85,82,82,62,97,97,97,86,78],"gold":32,"neow_bonus":"ONE_RARE_RELIC","is_daily":false,"chose_seed":false,"campfire_upgraded":6,"win_rate":0.0,"timestamp":1612670195,"path_taken":["M","M","M","?","$","E","M","E","T","?","R","$","R","E","R","BOSS","M","M","$","?","AVR","E","R","?","T","E","M","NM","M","$","R","BOSS","M","M","?","?","M","E","M","R","T","$","E","M","?","E","R","BOSS","R","$","E","BOSS"],"items_purchased_type":["Card","Potion","Card","Relic","Relic","Relic","Relic"],"build_version":"2020-12-22","purchased_purges":2,"victory":true,"max_hp_per_floor":[80,80,80,80,80,80,80,80,80,80,80,80,80,80,80,80,80,80,80,80,80,80,81,81,81,81,82,83,84,86,86,86,88,88,89,89,89,89,90,92,92,92,92,92,93,95,95,96,96,97,97,97,97,99,101],"relic_stats":{"Regal Pillow":0,"Centennial Puzzle":[21],"counters":[27,127],"MealTicket":67,"HandDrill":[4],"Ginger":[12],"Whetstone":["Strike_R","Pommel Strike"],"Smiling Mask":50,"obtain_stats":[{"Regal Pillow":37,"King of Hearts":29,"Ginger":23,"Whetstone":45,"Smiling Mask":27,"Burning Blood":0,"conspire:TopHat":6,"Centennial Puzzle":40,"MealTicket":9,"hubris:FunFungus":0,"hubris:IronBody":54,"HandDrill":53,"Runic Cube":17,"Paper Frog":26,"Potion Belt":14,"infinitespire:Joker Card":49,"infinitespire:Lucky Rock":31,"hubris:Towel":25,"WarpedTongs":4,"Du-Vu Doll":8,"Replay:Baseball":44,"infinitespire:WardingShard":48,"Molten Egg 2":20,"ChewingGum":22,"ReplayTheSpireMod:TigerMarble":22},{"Regal Pillow":18,"King of Hearts":14,"Ginger":11,"Whetstone":22,"Smiling Mask":12,"Burning Blood":0,"conspire:TopHat":4,"Centennial Puzzle":20,"MealTicket":6,"hubris:FunFungus":0,"hubris:IronBody":26,"HandDrill":25,"Runic Cube":8,"Paper Frog":11,"Potion Belt":7,"infinitespire:Joker Card":24,"infinitespire:Lucky Rock":15,"hubris:Towel":11,"WarpedTongs":3,"Du-Vu Doll":6,"Replay:Baseball":21,"infinitespire:WardingShard":24,"Molten Egg 2":10,"ChewingGum":10,"ReplayTheSpireMod:TigerMarble":10},{"Regal Pillow":84,"King of Hearts":65,"Ginger":48,"Whetstone":100,"Smiling Mask":53,"Burning Blood":0,"conspire:TopHat":16,"Centennial Puzzle":93,"MealTicket":22,"hubris:FunFungus":0,"hubris:IronBody":117,"HandDrill":113,"Runic Cube":35,"Paper Frog":48,"Potion Belt":26,"infinitespire:Joker Card":109,"infinitespire:Lucky Rock":70,"hubris:Towel":48,"WarpedTongs":9,"Du-Vu Doll":22,"Replay:Baseball":95,"infinitespire:WardingShard":109,"Molten Egg 2":42,"ChewingGum":42,"ReplayTheSpireMod:TigerMarble":42}],"Burning Blood":152,"WarpedTongs":[106],"Runic Cube":[161]},"card_choices":[{"not_picked":["StuffTheSpire:RagingBull","Shockwave"],"picked":"StuffTheSpire:BloodClot","floor":1.0},{"not_picked":["Sever Soul","Twin Strike"],"picked":"Carnage","floor":2.0},{"not_picked":["Iron Wave","Defy Death"],"picked":"Shrug It Off","floor":3.0},{"not_picked":["ReplayTheSpireMod:Corrosion Curse","Wild Strike"],"picked":"Dark Embrace","floor":6.0},{"not_picked":["Defy Death","StuffTheSpire:RockThrow"],"picked":"Pommel Strike","floor":7.0},{"not_picked":["Dark Embrace","Fiend Fire"],"picked":"Dual Wield","floor":8.0},{"not_picked":["Second Wind","Shrug It Off"],"picked":"Immolate","floor":14.0},{"not_picked":["Hemogenesis","conspire:HitWhereItHurts"],"picked":"Brutality","floor":16.0},{"not_picked":["Thunderclap","StuffTheSpire:RockThrow","Clothesline"],"picked":"SKIP","floor":18.0},{"not_picked":["Flex","Iron Wave"],"picked":"Shrug It Off+1","floor":19.0},{"not_picked":["ReplayReversal+1","ReplayTheSpireMod:Muscle Training"],"picked":"StuffTheSpire:Slingshot+1","floor":23.0},{"not_picked":["Demonic Infusion","Anger+1"],"picked":"Pummel+1","floor":27.0},{"not_picked":["True Grit","conspire:ExplosiveBarrier+1"],"picked":"ReplayTheSpireMod:Stacked","floor":28.0},{"not_picked":["Wild Strike+1","Defy Death","Havoc"],"picked":"SKIP","floor":29.0},{"not_picked":["Run Through+1","StuffTheSpire:RockThrow+1"],"picked":"Whirlwind+1","floor":30.0},{"not_picked":["Hemogenesis+1","Double Tap"],"picked":"Barricade","floor":33},{"not_picked":["Armaments","Wild Strike+1","Anger+1"],"picked":"SKIP","floor":35},{"not_picked":["Headbutt+1","Pommel Strike+1"],"picked":"Rage+1","floor":36},{"not_picked":["hubris:CleavingFinish+1","Anger+1"],"picked":"Shockwave+1","floor":37},{"not_picked":["ReplayTheSpireMod:Strike From Hell+1","StuffTheSpire:RockThrow+1"],"picked":"StuffTheSpire:Incineration+1","floor":39},{"not_picked":["Run Through+1","Perfected Strike+1"],"picked":"Intimidate","floor":40},{"not_picked":["Corruption","Twin Strike+1"],"picked":"Bloodletting","floor":41},{"not_picked":["Twin Strike+1","Havoc+1"],"picked":"ReplayTheSpireMod:Stacked","floor":45},{"not_picked":["Shrug It Off","Cleave+1","Clothesline+1"],"picked":"SKIP","floor":46},{"not_picked":["Wild Strike+1","ReplayTheSpireMod:LeadingStrike+1"],"picked":"StuffTheSpire:Resist","floor":48},{"not_picked":["StuffTheSpire:Incineration+1","Hemokinesis+1"],"picked":"Limit Break","floor":54}],"player_experience":1834281,"relics_obtained":[{"floor":6.0,"key":"conspire:TopHat"},{"floor":8.0,"key":"Du-Vu Doll"},{"floor":9.0,"key":"MealTicket"},{"floor":14.0,"key":"Potion Belt"},{"floor":23.0,"key":"Ginger"},{"floor":26.0,"key":"Paper Frog"},{"floor":27.0,"key":"Smiling Mask"},{"floor":29.0,"key":"King of Hearts"},{"floor":37,"key":"Regal Pillow"},{"floor":40,"key":"Centennial Puzzle"},{"floor":45,"key":"Whetstone"},{"floor":48,"key":"infinitespire:WardingShard"},{"floor":49,"key":"infinitespire:Joker Card"},{"floor":54,"key":"hubris:IronBody"}],"event_choices":[{"damage_healed":0.0,"max_hp_gain":0.0,"max_hp_loss":0.0,"gold_gain":0.0,"event_name":"Accursed Blacksmith","player_choice":"Rummage","floor":4.0,"gold_loss":0.0,"damage_taken":0.0,"relics_obtained":["WarpedTongs"],"cards_obtained":["Pain"]},{"cards_removed":["Immolate"],"damage_healed":0.0,"max_hp_gain":0.0,"max_hp_loss":0.0,"gold_gain":0.0,"event_name":"betterNote:BetterNote","player_choice":"Give","floor":21.0,"gold_loss":0.0,"damage_taken":0.0,"cards_obtained":["None"]},{"damage_healed":0,"gold_gain":0,"player_choice":"Leave","damage_taken":0,"max_hp_gain":0,"max_hp_loss":0,"event_name":"conspire:Investor","floor":38,"gold_loss":0},{"damage_healed":0,"gold_gain":0,"player_choice":"Got Potions","damage_taken":0,"max_hp_gain":0,"max_hp_loss":0,"event_name":"Lab","floor":47,"gold_loss":0}],"is_beta":false,"boss_relics":[{"not_picked":["Busted Crown","conspire:SlowCooker"],"picked":"Runic Cube"},{"not_picked":["ReplayTheSpireMod:DimensionalGlitch","Runic Pyramid","Electric Blood"]}],"items_purged_floors":[20,44],"is_endless":false,"potions_floor_spawned":[3,6,7,16,19,27,29,30,41,45,46,48],"ascension_level":1}}