{"host":"ao4lxi9bhtts409i","time":1612714339,"event":{"mods":["AchievementEnabler","BaseMod","Colored Map","Colored Powertips","Minty Spire (QoL Compilation)","SuperFastMode"],"gold_per_floor":[113,123,73,73,85,113,113,113,113,131,171,171,210,235,235,355,355,369,64,79,98,111,111,155,155,178,202,48,64,64,78,78,178,178,191,74,94,94,113,113,0,29,29,48,48,48,66,66,66],"floor_reached":48,"language":"ENG","playtime":1747,"items_purged":["Strike_R"],"score":660,"play_id":"1e00e8cb-fdf0-43f3-a87c-0df3206a696b","local_time":"20210207171219","is_ascension_mode":true,"campfire_choices":[{"data":"Armaments","floor":8,"key":"SMITH"},{"floor":12,"key":"REST"},{"floor":15,"key":"REST"},{"floor":23,"key":"REST"},{"floor":25,"key":"REST"},{"floor":32,"key":"REST"},{"data":"Limit Break","floor":40,"key":"SMITH"},{"data":"Carnage","floor":45,"key":"SMITH"}],"circlet_count":0,"master_deck":["Defend_R","Defend_R","Defend_R","Defend_R","Bash","True Grit","Armaments+1","Spot Weakness","Uppercut","Pommel Strike","True Grit","Feed","Twin Strike","Demon Form","Metallicize","Whirlwind+1","Sword Boomerang+1","Cleave+1","Headbutt","Shrug It Off+1","Limit Break+1","Immolate+1","Battle Trance+1","Reaper+1","Evolve+1","Twin Strike+1","Madness","Madness","Flame Barrier+1","True Grit+1","Carnage+1","Combust+1"],"relics":["Sozu","Letter Opener","Bloody Idol","Centennial Puzzle","Ornamental Fan","Potion Belt","Velvet Choker","Sling","Matryoshka","Juzu Bracelet","Happy Flower","Brimstone","Astrolabe","FossilizedHelix","Red Mask","Ginger","Ancient Tea Set"],"acts_visited":["Exordium","TheCity","TheBeyond"],"potions_floor_usage":[],"damage_taken":[{"damage":0,"enemies":"Small Slimes","floor":1,"turns":3},{"damage":2,"enemies":"Jaw Worm","floor":2,"turns":2},{"damage":0,"enemies":"2 Louse","floor":5,"turns":4},{"damage":43,"enemies":"Gremlin Nob","floor":6,"turns":5},{"damage":4,"enemies":"Red Slaver","floor":10,"turns":4},{"damage":10,"enemies":"3 Sentries","floor":11,"turns":6},{"damage":14,"enemies":"Gremlin Nob","floor":13,"turns":3},{"damage":0,"enemies":"Blue Slaver","floor":14,"turns":3},{"damage":38,"enemies":"Slime Boss","floor":16,"turns":12},{"damage":29,"enemies":"2 Thieves","floor":18,"turns":4},{"damage":11,"enemies":"Shell Parasite","floor":20,"turns":4},{"damage":28,"enemies":"Shelled Parasite and Fungi","floor":21,"turns":6},{"damage":6,"enemies":"Centurion and Healer","floor":22,"turns":4},{"damage":2,"enemies":"Book of Stabbing","floor":24,"turns":3},{"damage":18,"enemies":"Sentry and Sphere","floor":27,"turns":5},{"damage":14,"enemies":"Snake Plant","floor":29,"turns":2},{"damage":8,"enemies":"Cultist and Chosen","floor":31,"turns":4},{"damage":26,"enemies":"Collector","floor":33,"turns":6},{"damage":0,"enemies":"3 Shapes","floor":35,"turns":1},{"damage":0,"enemies":"Orb Walker","floor":37,"turns":3},{"damage":0,"enemies":"Jaw Worm Horde","floor":39,"turns":2},{"damage":0,"enemies":"Giant Head","floor":42,"turns":5},{"damage":8,"enemies":"4 Shapes","floor":44,"turns":4},{"damage":39,"enemies":"Sphere and 2 Shapes","floor":47,"turns":4},{"damage":68,"enemies":"Nemesis","floor":48,"turns":4}],"seed_played":"2910889111992297765","potions_obtained":[],"is_trial":false,"path_per_floor":["M","M","?","$","M","E","?","R","T","M","E","R","E","M","R","B",null,"M","$","M","M","M","R","E","R","T","M","$","M","?","M","R","B",null,"M","?","M","?","M","R","?","E","T","M","R","$","M","E"],"character_chosen":"IRONCLAD","items_purchased":["Sling","Metallicize","Brimstone"],"campfire_rested":5,"item_purchase_floors":[19,19,28],"current_hp_per_floor":[80,78,78,78,78,35,35,35,35,31,21,43,29,33,56,22,82,53,53,46,18,12,37,38,64,64,46,46,32,32,32,59,38,92,95,95,95,83,88,88,88,93,93,95,95,95,61,0,0],"gold":66,"neow_bonus":"BOSS_RELIC","is_daily":false,"chose_seed":false,"campfire_upgraded":3,"win_rate":0.0,"timestamp":1612714339,"path_taken":["M","M","?","$","M","E","?","R","T","?","E","R","E","M","R","BOSS","M","$","M","M","M","R","E","R","T","M","$","M","?","M","R","BOSS","M","?","M","?","M","R","?","E","T","M","R","?","M","E"],"items_purchased_type":["Relic","Card","Relic"],"build_version":"2020-12-22","purchased_purges":1,"victory":false,"max_hp_per_floor":[80,80,80,80,80,80,74,74,74,74,74,74,74,78,78,82,82,82,82,86,86,86,86,89,89,89,89,89,89,89,92,92,92,92,95,95,95,95,95,95,95,95,95,98,98,98,98,98,98],"card_choices":[{"not_picked":["Warcry","Reckless Charge"],"picked":"True Grit","floor":1},{"not_picked":["Twin Strike","Anger"],"picked":"Armaments","floor":2},{"not_picked":["Thunderclap","Havoc"],"picked":"Spot Weakness","floor":5},{"not_picked":["Headbutt","Entrench"],"picked":"Uppercut","floor":6},{"not_picked":["Perfected Strike","Twin Strike"],"picked":"Pommel Strike","floor":10},{"not_picked":["Warcry","Perfected Strike"],"picked":"True Grit","floor":11},{"not_picked":["Infernal Blade","Anger"],"picked":"Feed","floor":13},{"not_picked":["Flex","True Grit"],"picked":"Twin Strike","floor":14},{"not_picked":["Exhume","Impervious"],"picked":"Demon Form","floor":16},{"not_picked":["Perfected Strike","Flex","Uppercut"],"picked":"SKIP","floor":18},{"not_picked":["Bloodletting","Intimidate"],"picked":"Whirlwind+1","floor":20},{"not_picked":["Warcry+1","Clothesline"],"picked":"Sword Boomerang+1","floor":21},{"not_picked":["Pommel Strike+1","Havoc","Sentinel+1"],"picked":"SKIP","floor":22},{"not_picked":["Anger+1","Barricade"],"picked":"Cleave+1","floor":24},{"not_picked":["Heavy Blade","Rupture+1"],"picked":"Headbutt","floor":27},{"not_picked":["Body Slam","Iron Wave"],"picked":"Shrug It Off+1","floor":29},{"not_picked":["Pummel","Thunderclap","Sword Boomerang+1"],"picked":"SKIP","floor":31},{"not_picked":["Impervious","Brutality"],"picked":"Limit Break","floor":33},{"not_picked":["Whirlwind","Shrug It Off+1"],"picked":"Evolve+1","floor":35},{"not_picked":["Shockwave","Warcry"],"picked":"Twin Strike+1","floor":37},{"not_picked":["Sword Boomerang","Impervious"],"picked":"Flame Barrier+1","floor":39},{"not_picked":["Power Through","Flex+1"],"picked":"True Grit+1","floor":42},{"not_picked":["Perfected Strike","Evolve+1"],"picked":"Carnage","floor":44},{"not_picked":["Wild Strike+1","Heavy Blade"],"picked":"Combust+1","floor":47}],"player_experience":276420,"relics_obtained":[{"floor":6,"key":"Letter Opener"},{"floor":9,"key":"Centennial Puzzle"},{"floor":11,"key":"Ornamental Fan"},{"floor":13,"key":"Potion Belt"},{"floor":24,"key":"Matryoshka"},{"floor":26,"key":"Juzu Bracelet"},{"floor":26,"key":"Happy Flower"},{"floor":42,"key":"Ginger"},{"floor":43,"key":"Ancient Tea Set"}],"event_choices":[{"cards_removed":["Strike_R"],"damage_healed":0,"gold_gain":0,"player_choice":"Card Removal","damage_taken":0,"max_hp_gain":0,"max_hp_loss":0,"event_name":"The Cleric","floor":3,"gold_loss":50},{"damage_healed":0,"gold_gain":0,"player_choice":"Lose Max HP","damage_taken":0,"relics_obtained":["Golden Idol"],"max_hp_gain":0,"max_hp_loss":6,"event_name":"Golden Idol","floor":7,"gold_loss":0},{"damage_healed":0,"gold_gain":0,"player_choice":"Gave Idol","damage_taken":0,"relics_obtained":["Bloody Idol"],"max_hp_gain":0,"max_hp_loss":0,"event_name":"Forgotten Altar","floor":30,"relics_lost":["Golden Idol"],"gold_loss":0},{"damage_healed":0,"gold_gain":0,"player_choice":"Paid Gold","damage_taken":0,"relics_obtained":["FossilizedHelix"],"max_hp_gain":0,"max_hp_loss":0,"event_name":"WeMeetAgain","floor":36,"gold_loss":117},{"damage_healed":0,"gold_gain":0,"player_choice":"Embrace Madness","damage_taken":12,"max_hp_gain":0,"max_hp_loss":0,"event_name":"Winding Halls","floor":38,"gold_loss":0,"cards_obtained":["Madness","Madness"]},{"damage_healed":0,"gold_gain":0,"player_choice":"Paid","damage_taken":0,"relics_obtained":["Red Mask"],"max_hp_gain":0,"max_hp_loss":0,"event_name":"Tomb of Lord Red Mask","floor":41,"gold_loss":113}],"is_beta":false,"boss_relics":[{"not_picked":["SlaversCollar","Philosopher\u0027s Stone"],"picked":"Velvet Choker"},{"not_picked":["Mark of Pain","Snecko Eye"],"picked":"Astrolabe"}],"items_purged_floors":[19],"is_endless":false,"potions_floor_spawned":[2,13,16,21,22,27,31,35,42],"killed_by":"Nemesis","ascension_level":4}}