{"host":"3jjxuhjpio8e4zkv","time":1612670413,"event":{"mods":["BaseMod","Colored Map","Highlight Path","Minty Spire (QoL Compilation)","Permanent Neow","Relic Stats","StSLib"],"gold_per_floor":[118,118,43,43,58,58,88,88,88,116,74,30,43,93,93,169,169,183,183,202,214,227,227,246,274,326,361,381,416,432,432,432,432,432],"floor_reached":33,"language":"ENG","playtime":1779,"items_purged":["Strike_G"],"score":630,"play_id":"19a4ccf6-2a87-49c5-977f-d93ad35fae58","local_time":"20210206230013","is_ascension_mode":true,"campfire_choices":[{"data":"Envenom","floor":6,"key":"SMITH"},{"data":"All Out Attack","floor":8,"key":"SMITH"},{"floor":15,"key":"REST"},{"data":"Malaise","floor":23,"key":"SMITH"},{"data":"Neutralize","floor":32,"key":"SMITH"}],"circlet_count":0,"master_deck":["AscendersBane","Strike_G","Strike_G","Strike_G","Defend_G","Defend_G","Defend_G","Defend_G","Survivor","Neutralize+1","Sucker Punch","All Out Attack+1","Envenom+1","Dagger Throw","Venomology","Well Laid Plans","Malaise+1","Terror","Backflip","Backflip","Dash","Dagger Spray","Blur","Leg Sweep+1","Backflip+1"],"relics":["Ring of the Snake","The Courier","Lantern","Toy Ornithopter","Bottled Tornado","SacredBark","Centennial Puzzle","Pen Nib","Orichalcum","Vajra","Art of War"],"acts_visited":["Exordium","TheCity"],"potions_floor_usage":[16,16,18,20,21,22,24,25,27,27,28,29,29,30,33,33],"damage_taken":[{"damage":1,"enemies":"Small Slimes","floor":1,"turns":4},{"damage":1,"enemies":"Cultist","floor":5,"turns":4},{"damage":40,"enemies":"3 Sentries","floor":7,"turns":8},{"damage":15,"enemies":"Lagavulin","floor":10,"turns":6},{"damage":0,"enemies":"Jaw Worm","floor":13,"turns":3},{"damage":2,"enemies":"The Guardian","floor":16,"turns":13},{"damage":8,"enemies":"2 Thieves","floor":18,"turns":5},{"damage":13,"enemies":"Shell Parasite","floor":20,"turns":6},{"damage":1,"enemies":"Snake Plant","floor":21,"turns":7},{"damage":0,"enemies":"Centurion and Healer","floor":22,"turns":8},{"damage":11,"enemies":"Snecko","floor":24,"turns":8},{"damage":20,"enemies":"Book of Stabbing","floor":25,"turns":6},{"damage":21,"enemies":"Gremlin Leader","floor":27,"turns":5},{"damage":33,"enemies":"Chosen and Byrds","floor":28,"turns":7},{"damage":14,"enemies":"Slavers","floor":29,"turns":5},{"damage":2,"enemies":"Shelled Parasite and Fungi","floor":30,"turns":7},{"damage":60,"enemies":"Automaton","floor":33,"turns":14}],"seed_played":"8348183320436257682","potions_obtained":[{"floor":18,"key":"DistilledChaos"},{"floor":22,"key":"DistilledChaos"},{"floor":27,"key":"Regen Potion"},{"floor":30,"key":"DistilledChaos"}],"is_trial":false,"path_per_floor":["M","?","$","T","M","R","E","R","T","E","?","$","M","?","R","B",null,"M","T","M","M","M","R","M","E","T","E","M","E","M","?","R","B"],"character_chosen":"THE_SILENT","items_purchased":["AttackPotion"],"campfire_rested":1,"item_purchase_floors":[12],"current_hp_per_floor":[58,58,58,58,57,57,17,17,17,2,2,2,2,2,21,29,57,54,54,46,50,55,55,49,34,34,23,40,36,39,39,39,0,0],"gold":432,"neow_bonus":"REMOVE_CARD","is_daily":false,"chose_seed":false,"campfire_upgraded":4,"win_rate":0.0,"timestamp":1612670413,"path_taken":["M","?","$","?","M","R","E","R","T","E","?","?","M","?","R","BOSS","M","?","M","M","M","R","M","E","T","E","M","E","?","?","R","BOSS"],"items_purchased_type":["Potion"],"build_version":"2020-12-22","purchased_purges":1,"victory":false,"max_hp_per_floor":[66,66,66,66,66,66,66,66,66,66,66,66,66,66,66,66,66,66,66,66,66,66,66,66,66,66,66,66,66,66,66,66,66,66],"relic_stats":{"Centennial Puzzle":[27],"counters":[17,116],"Pen Nib":[7],"Art of War":[5],"Orichalcum":[48],"obtain_stats":[{"Lantern":7,"Centennial Puzzle":19,"SacredBark":17,"Vajra":27,"The Courier":4,"Pen Nib":25,"Art of War":29,"Bottled Tornado":10,"Orichalcum":26,"Toy Ornithopter":9,"Ring of the Snake":0},{"Lantern":3,"Centennial Puzzle":7,"SacredBark":6,"Vajra":13,"The Courier":1,"Pen Nib":12,"Art of War":15,"Bottled Tornado":4,"Orichalcum":12,"Toy Ornithopter":3,"Ring of the Snake":0},{"Lantern":16,"Centennial Puzzle":43,"SacredBark":38,"Vajra":83,"The Courier":4,"Pen Nib":78,"Art of War":95,"Bottled Tornado":22,"Orichalcum":78,"Toy Ornithopter":16,"Ring of the Snake":0}],"Toy Ornithopter":80,"Ring of the Snake":[34]},"card_choices":[{"not_picked":["Cloak And Dagger","PiercingWail"],"picked":"Sucker Punch","floor":1},{"not_picked":["Eviscerate","Slice"],"picked":"Envenom","floor":5},{"not_picked":["Dodge and Roll","Quick Slash"],"picked":"Dagger Throw","floor":7},{"not_picked":["Terror","Blade Dance"],"picked":"Venomology","floor":10},{"not_picked":["Distraction","Endless Agony"],"picked":"Well Laid Plans","floor":13},{"not_picked":["After Image","Night Terror"],"picked":"Malaise","floor":16},{"not_picked":["Acrobatics","Sucker Punch"],"picked":"Terror","floor":18},{"not_picked":["Slice","Dodge and Roll"],"picked":"Backflip","floor":20},{"not_picked":["Cloak And Dagger","Poisoned Stab"],"picked":"Backflip","floor":21},{"not_picked":["Unload","Flying Knee","Dodge and Roll"],"picked":"SKIP","floor":22},{"not_picked":["Prepared","Flechettes"],"picked":"Dash","floor":24},{"not_picked":["Backstab","Terror"],"picked":"Dagger Spray","floor":25},{"not_picked":["Deflect","Deadly Poison"],"picked":"Blur","floor":27},{"not_picked":["Outmaneuver","All Out Attack"],"picked":"Leg Sweep+1","floor":28},{"not_picked":["Sucker Punch","Setup","Predator"],"picked":"SKIP","floor":29},{"not_picked":["Flechettes","Prepared"],"picked":"Backflip+1","floor":30}],"player_experience":1264878,"relics_obtained":[{"floor":4,"key":"The Courier"},{"floor":7,"key":"Lantern"},{"floor":9,"key":"Toy Ornithopter"},{"floor":10,"key":"Bottled Tornado"},{"floor":19,"key":"Centennial Puzzle"},{"floor":25,"key":"Pen Nib"},{"floor":26,"key":"Orichalcum"},{"floor":27,"key":"Vajra"},{"floor":29,"key":"Art of War"}],"event_choices":[{"damage_healed":0,"gold_gain":0,"cards_transformed":["Strike_G"],"player_choice":"Transformed","damage_taken":0,"max_hp_gain":0,"max_hp_loss":0,"event_name":"Transmorgrifier","floor":2,"gold_loss":0,"cards_obtained":["All Out Attack"]},{"damage_healed":0,"gold_gain":0,"player_choice":"Left Gold","damage_taken":0,"max_hp_gain":0,"max_hp_loss":0,"event_name":"World of Goop","floor":11,"gold_loss":42},{"damage_healed":0,"gold_gain":50,"player_choice":"Pray","damage_taken":0,"max_hp_gain":0,"max_hp_loss":0,"event_name":"Golden Shrine","floor":14,"gold_loss":0},{"damage_healed":0,"gold_gain":0,"player_choice":"Ignored","damage_taken":0,"max_hp_gain":0,"max_hp_loss":0,"event_name":"The Mausoleum","floor":31,"gold_loss":0}],"is_beta":false,"boss_relics":[{"not_picked":["Sozu","HoveringKite"],"picked":"SacredBark"}],"items_purged_floors":[3],"is_endless":false,"potions_floor_spawned":[13,18,21,22,24,27,30],"killed_by":"Automaton","ascension_level":20}}