{"host":"zlqt5v02sur1j944","time":1612686534,"event":{"mods":["BaseMod","Highlight Path","Minty Spire (QoL Compilation)","Relic Stats","StSLib"],"gold_per_floor":[112,131,142,67,82,82,7,7,7],"floor_reached":8,"language":"ENG","playtime":419,"items_purged":["Strike_G"],"score":96,"play_id":"b990adcf-f675-41ca-86d5-7fbe14c95e8b","local_time":"20210207002854","is_ascension_mode":true,"campfire_choices":[{"data":"Quick Slash","floor":6,"key":"SMITH"}],"circlet_count":0,"master_deck":["AscendersBane","Strike_G","Strike_G","Strike_G","Defend_G","Defend_G","Defend_G","Defend_G","Defend_G","Survivor","Neutralize","Die Die Die","Masterful Stab","Blade Dance","Quick Slash+1"],"relics":["Ring of the Snake"],"acts_visited":["Exordium"],"potions_floor_usage":[8,8],"damage_taken":[{"damage":0,"enemies":"Small Slimes","floor":1,"turns":4},{"damage":1,"enemies":"2 Louse","floor":2,"turns":3},{"damage":7,"enemies":"Jaw Worm","floor":3,"turns":2},{"damage":2,"enemies":"3 Louse","floor":5,"turns":3},{"damage":60,"enemies":"Lagavulin","floor":8,"turns":8}],"seed_played":"-2615092120073732161","potions_obtained":[{"floor":1,"key":"LiquidBronze"},{"floor":5,"key":"Fruit Juice"}],"is_trial":false,"path_per_floor":["M","M","M","$","M","R","?","E"],"character_chosen":"THE_SILENT","items_purchased":[],"campfire_rested":0,"item_purchase_floors":[],"current_hp_per_floor":[59,58,51,51,49,49,49,0,0],"gold":7,"neow_bonus":"THREE_RARE_CARDS","is_daily":false,"chose_seed":false,"campfire_upgraded":1,"win_rate":0.0,"timestamp":1612686534,"path_taken":["M","M","M","$","M","R","?","E"],"items_purchased_type":[],"build_version":"2020-12-22","purchased_purges":1,"victory":false,"max_hp_per_floor":[60,60,60,60,60,60,60,65,65],"relic_stats":{"counters":[5,20],"obtain_stats":[{"Ring of the Snake":0},{"Ring of the Snake":0},{"Ring of the Snake":0}],"Ring of the Snake":[10]},"card_choices":[{"not_picked":["Storm of Steel","Malaise"],"picked":"Die Die Die","floor":0},{"not_picked":["All Out Attack","Sucker Punch"],"picked":"Masterful Stab","floor":1},{"not_picked":["Prepared","Dagger Spray"],"picked":"Blade Dance","floor":2},{"not_picked":["Underhanded Strike","Reflex"],"picked":"Quick Slash","floor":3},{"not_picked":["Distraction","Poisoned Stab","All Out Attack"],"picked":"SKIP","floor":5}],"player_experience":1234014,"relics_obtained":[],"event_choices":[{"cards_removed":["Strike_G"],"damage_healed":0,"gold_gain":0,"player_choice":"Card Removal","damage_taken":0,"max_hp_gain":0,"max_hp_loss":0,"event_name":"The Cleric","floor":7,"gold_loss":75}],"is_beta":false,"boss_relics":[],"items_purged_floors":[4],"is_endless":false,"potions_floor_spawned":[1,5],"killed_by":"Lagavulin","ascension_level":20}}