{"host":"4eao2pkwlmv012cz","time":1612667809,"event":{"mods":["BaseMod","Colored Powertips","Minty Spire (QoL Compilation)","Permanent Neow","Quick Restart","Random Character Button","StSLib"],"gold_per_floor":[114,114,127,144,159,190,190,223,223,223,240,270,270,270,270,343,343,361,286,286,0,15,49,49,49,49],"floor_reached":25,"language":"ENG","playtime":642,"items_purged":[],"score":478,"play_id":"6aedcefd-d460-4755-b02f-edc2d9ef9dfc","local_time":"20210206221649","is_ascension_mode":true,"campfire_choices":[{"floor":7.0,"key":"REST"},{"data":"Apotheosis","floor":10.0,"key":"SMITH"},{"data":"Electrodynamics","floor":15.0,"key":"SMITH"},{"floor":24,"key":"REST"}],"circlet_count":0,"master_deck":["AscendersBane","Strike_B","Strike_B","Strike_B","Defend_B","Defend_B","Defend_B","Defend_B","Zap","Dualcast","Apotheosis+1","Cold Snap","Leap","Rip and Tear","Electrodynamics+1","White Noise","Doom and Gloom","Lockon","Doom and Gloom","Creative AI","Capacitor+1","Buffer"],"relics":["Cracked Core","White Beast Statue","Lantern","Shuriken","PreservedInsect","Letter Opener","Fusion Hammer","Nloth\u0027s Gift","Mummified Hand","The Courier"],"acts_visited":["Exordium","TheCity"],"potions_floor_usage":[23,25],"damage_taken":[{"damage":4.0,"enemies":"Jaw Worm","floor":1.0,"turns":3.0},{"damage":8.0,"enemies":"Small Slimes","floor":3.0,"turns":3.0},{"damage":0.0,"enemies":"Cultist","floor":4.0,"turns":3.0},{"damage":0.0,"enemies":"Looter","floor":5.0,"turns":2.0},{"damage":16.0,"enemies":"Lagavulin","floor":6.0,"turns":6.0},{"damage":5.0,"enemies":"3 Sentries","floor":8.0,"turns":3.0},{"damage":2.0,"enemies":"Exordium Thugs","floor":11.0,"turns":2.0},{"damage":6.0,"enemies":"Gremlin Nob","floor":12.0,"turns":3.0},{"damage":39.0,"enemies":"Hexaghost","floor":16.0,"turns":9.0},{"damage":19.0,"enemies":"2 Thieves","floor":18.0,"turns":3.0},{"damage":12.0,"enemies":"Shell Parasite","floor":22.0,"turns":3.0},{"damage":27,"enemies":"Book of Stabbing","floor":23,"turns":3},{"damage":28,"enemies":"Gremlin Leader","floor":25,"turns":4}],"seed_played":"-1055030404663055777","potions_obtained":[{"floor":1.0,"key":"Fruit Juice"},{"floor":3.0,"key":"Fire Potion"},{"floor":4.0,"key":"Regen Potion"},{"floor":5.0,"key":"Strength Potion"},{"floor":6.0,"key":"LiquidBronze"},{"floor":8.0,"key":"AttackPotion"},{"floor":11.0,"key":"Strength Potion"},{"floor":12.0,"key":"GamblersBrew"},{"floor":16.0,"key":"GamblersBrew"},{"floor":18.0,"key":"SpeedPotion"},{"floor":22.0,"key":"SteroidPotion"},{"floor":23,"key":"AttackPotion"}],"is_trial":false,"path_per_floor":["M","?","M","M","M","E","R","E","T","R","M","E","?","?","R","B",null,"M","?","?","$","M","E","R","E"],"character_chosen":"DEFECT","items_purchased":["Mummified Hand"],"campfire_rested":2,"item_purchase_floors":[21],"current_hp_per_floor":[42,24,21,21,21,20,42,37,37,37,35,29,54,54,54,15,61,42,42,42,42,30,3,25,0,0],"gold":49,"neow_bonus":"RANDOM_COLORLESS_2","is_daily":false,"chose_seed":false,"campfire_upgraded":2,"win_rate":0.0,"timestamp":1612667809,"path_taken":["M","?","M","M","M","E","R","E","T","R","M","E","?","?","R","BOSS","M","?","?","$","?","E","R","E"],"items_purchased_type":["Relic"],"build_version":"2020-12-22","purchased_purges":0,"victory":false,"max_hp_per_floor":[71,71,76,76,76,76,76,76,76,76,76,76,76,76,76,76,76,76,76,76,76,76,76,76,76,76],"card_choices":[{"not_picked":["Master of Strategy","Mayhem"],"picked":"Apotheosis","floor":0.0},{"not_picked":["Auto Shields","Undo"],"picked":"Cold Snap","floor":1.0},{"not_picked":["Steam","Turbo"],"picked":"Leap","floor":3.0},{"not_picked":["Gash","Tempest"],"picked":"Rip and Tear","floor":4.0},{"not_picked":["Ball Lightning","Sweeping Beam"],"picked":"Electrodynamics","floor":5.0},{"not_picked":["Stack","Hologram"],"picked":"White Noise","floor":6.0},{"not_picked":["Streamline","Barrage"],"picked":"Doom and Gloom","floor":8.0},{"not_picked":["Cold Snap","Chill"],"picked":"Lockon","floor":11.0},{"not_picked":["Beam Cell","BootSequence"],"picked":"Doom and Gloom","floor":12.0},{"not_picked":["All For One","Reboot"],"picked":"Creative AI","floor":16.0},{"not_picked":["Stack","Heatsinks"],"picked":"Capacitor+1","floor":18.0},{"not_picked":["Go for the Eyes","Streamline","Rebound"],"picked":"SKIP","floor":22.0},{"not_picked":["Fission","Coolheaded"],"picked":"Buffer","floor":23}],"player_experience":2901029,"relics_obtained":[{"floor":6.0,"key":"Lantern"},{"floor":8.0,"key":"Shuriken"},{"floor":9.0,"key":"Symbiotic Virus"},{"floor":12.0,"key":"PreservedInsect"},{"floor":23,"key":"The Courier"}],"event_choices":[{"damage_healed":0.0,"max_hp_gain":0.0,"max_hp_loss":0.0,"gold_gain":0.0,"event_name":"Scrap Ooze","player_choice":"Success","floor":2.0,"gold_loss":0.0,"damage_taken":18.0,"relics_obtained":["White Beast Statue"]},{"damage_healed":25.0,"max_hp_gain":0.0,"max_hp_loss":0.0,"gold_gain":0.0,"event_name":"Big Fish","player_choice":"Banana","floor":13.0,"gold_loss":0.0,"damage_taken":0.0},{"damage_healed":0.0,"max_hp_gain":0.0,"max_hp_loss":0.0,"gold_gain":0.0,"event_name":"WeMeetAgain","player_choice":"Gave Potion","floor":14.0,"gold_loss":0.0,"damage_taken":0.0,"relics_obtained":["Letter Opener"]},{"cards_removed":["Strike_B"],"damage_healed":0.0,"max_hp_gain":0.0,"max_hp_loss":0.0,"gold_gain":0.0,"event_name":"Beggar","player_choice":"Gave Gold","floor":19.0,"gold_loss":75.0,"damage_taken":0.0},{"damage_healed":0.0,"max_hp_gain":0.0,"max_hp_loss":0.0,"gold_gain":0.0,"event_name":"N\u0027loth","player_choice":"Traded Relic","floor":20.0,"relics_lost":["Symbiotic Virus"],"gold_loss":0.0,"damage_taken":0.0,"relics_obtained":["Nloth\u0027s Gift"]}],"is_beta":false,"boss_relics":[{"not_picked":["Runic Pyramid","Ectoplasm"],"picked":"Fusion Hammer"}],"items_purged_floors":[],"is_endless":false,"potions_floor_spawned":[1,3,4,5,6,8,11,12,16,18,22,23],"killed_by":"Gremlin Leader","ascension_level":20}}