{"host":"31srvgftwd43oumg","time":1612686446,"event":{"mods":["BaseMod","Better Third Choice","BetterRewards","Card Forge","Downfall","Hubris","Infinite Spire","Jorbs\u0027s Wanderer Trilogy","Koishi","Luminous","Marisa????????","Minty Spire (QoL Compilation)","Remilia??????","Replay The Spire","Shop Mod","StSLib","The Bug Knight","The Cursed","The Death Knight","The Disciple","The Exalted","The Hierophant","The Mystic","The Necromancer","The Senshi"],"gold_per_floor":[119,119,139,139,166,200,200,228,304,304,329,329,358,391,391,501,501,552,586,633,633,171,210,210,238,263,315,315,275,275,318,318,449,449,478,546,593,593,627,699,699,756,756,756,817,817,881,923,923,961],"floor_reached":51,"language":"ENG","playtime":1486,"items_purged":[],"score":914,"play_id":"54be6e38-4231-4b3f-9116-487d4da06ac4","local_time":"20210207022726","daily_mods":["SealedDeck","Heirloom","Elite Swarm"],"is_ascension_mode":false,"campfire_choices":[{"data":"Bludgeon","floor":7,"key":"SMITH"},{"data":"Limit Break","floor":10,"key":"SMITH"},{"data":"Sword Boomerang","floor":15,"key":"SMITH"},{"data":"Juggernaut","floor":24,"key":"SMITH"},{"data":"1","floor":30,"key":"LIFT"},{"data":"2","floor":32,"key":"LIFT"},{"data":"3","floor":41,"key":"LIFT"},{"data":"Flex","floor":49,"key":"SMITH"}],"circlet_count":0,"master_deck":["Flex+1","Shrug It Off","Shrug It Off","Iron Wave","Iron Wave","Iron Wave+1","Thunderclap+1","Sword Boomerang+1","Inflame+1","Pummel+1","Bludgeon+1","Limit Break+1","Juggernaut+1","Demon Form"],"relics":["Burning Blood","Hammer of Thor","Seething Fire","Anvil of the Gods","Bromod:ArcaneFury","hubris:CuriousFeather","HollowMod:PaleOreRelic","hubris:PeanutButter","Replay:Bandana","hubris:Towel","Replay:Bronze Core","Medical Kit","MealTicket","ReplayTheSpireMod:Lightbulb","hexamod:BolsterEngine","Girya","hubris:MysteriousPyramids","Velvet Choker","HollowMod:StagPassRelic","Bottled Flame","Mango","Chameleon Ring","hubris:64BitClover"],"acts_visited":["Exordium","TheCity","TheBeyond"],"potions_floor_usage":[16,23,50],"damage_taken":[{"damage":0,"enemies":"Jaw Worm","floor":1,"turns":3},{"damage":0,"enemies":"Small Slimes","floor":3,"turns":2},{"damage":3,"enemies":"Gremlin Nob","floor":6,"turns":3},{"damage":0,"enemies":"Lagavulin","floor":8,"turns":4},{"damage":0,"enemies":"3 Sentries","floor":11,"turns":3},{"damage":0,"enemies":"Cultist","floor":13,"turns":2},{"damage":1,"enemies":"Blue Slaver","floor":14,"turns":3},{"damage":9,"enemies":"Hexaghost","floor":16,"turns":6},{"damage":0,"enemies":"3 Byrds","floor":18,"turns":4},{"damage":0,"enemies":"Shell Parasite","floor":19,"turns":3},{"damage":0,"enemies":"Centurion and Healer","floor":20,"turns":4},{"damage":0,"enemies":"HollowMod:Nosk","floor":23,"turns":4},{"damage":5,"enemies":"Shelled Parasite and Fungi","floor":25,"turns":3},{"damage":0,"enemies":"Book of Stabbing","floor":27,"turns":4},{"damage":3,"enemies":"HollowMod:Nosk","floor":31,"turns":4},{"damage":0,"enemies":"Automaton","floor":33,"turns":4},{"damage":0,"enemies":"Orb Walker","floor":35,"turns":2},{"damage":0,"enemies":"3 Darklings","floor":37,"turns":3},{"damage":0,"enemies":"Maw","floor":39,"turns":4},{"damage":2,"enemies":"R_Hoarder","floor":40,"turns":5},{"damage":0,"enemies":"Giant Head","floor":42,"turns":3},{"damage":4,"enemies":"Reptomancer","floor":45,"turns":3},{"damage":2,"enemies":"R_Hoarder","floor":47,"turns":3},{"damage":0,"enemies":"Jaw Worm Horde","floor":48,"turns":3},{"damage":4,"enemies":"Replay:Hell Engine","floor":50,"turns":3}],"seed_played":"-6962274718593762716","potions_obtained":[{"floor":6,"key":"Dexterity Potion"},{"floor":8,"key":"Weak Potion"},{"floor":11,"key":"Swift Potion"},{"floor":16,"key":"sneckomod:MuddlingPotion"},{"floor":25,"key":"Adrenaline Potion"}],"is_trial":true,"path_per_floor":["M","?","M","?","T","E","R","E","T","R","E","?","M","M","R","B",null,"M","M","M","?","$","E","R","M","T","E","?","?","R","E","R","B",null,"M","T","M","$","M","E","R","E","T","?","E","?","E","M","R","B",null],"character_chosen":"IRONCLAD","items_purchased":["Juggernaut","Medical Kit","MealTicket"],"campfire_rested":0,"item_purchase_floors":[22,22,22],"current_hp_per_floor":[80,64,70,70,70,73,73,79,79,79,80,80,80,80,80,77,80,80,80,80,80,80,80,80,80,80,80,80,80,80,80,80,80,80,80,80,80,80,80,80,80,94,94,94,94,94,94,94,94,94],"gold":961,"neow_bonus":"","is_daily":false,"chose_seed":false,"campfire_upgraded":5,"win_rate":0.0,"timestamp":1612686446,"path_taken":["M","?","M","?","?","E","R","E","T","R","E","?","M","M","R","BOSS","M","M","M","?","$","E","R","?","T","E","?","?","R","E","R","BOSS","M","?","M","$","M","E","R","E","T","?","E","?","E","?","R","BOSS"],"items_purchased_type":["Card","Relic","Relic"],"build_version":"2020-12-22","purchased_purges":0,"victory":true,"max_hp_per_floor":[80,80,80,80,80,80,80,80,80,80,80,80,80,80,80,80,80,80,80,80,80,80,80,80,80,80,80,80,80,80,80,80,80,80,80,80,80,80,80,80,80,94,94,94,94,94,94,94,94,94],"card_choices":[{"not_picked":["Twin Strike","ReplayTheSpireMod:Limb From Limb","Thunderclap"],"picked":"SKIP","floor":1},{"not_picked":["Warcry","Shrug It Off","Thunderclap"],"picked":"SKIP","floor":3},{"not_picked":["Impervious","Eclipse"],"picked":"Bludgeon","floor":6},{"not_picked":["Exhume","Impervious"],"picked":"Limit Break","floor":8},{"not_picked":["Eclipse","Reaper","Brutality"],"picked":"SKIP","floor":11},{"not_picked":["Bloodletting","Rupture","Massacre"],"picked":"SKIP","floor":13},{"not_picked":["Warcry","Anger","Entrench"],"picked":"SKIP","floor":14},{"not_picked":["Feel No Pain+1","Run Through","Reckless Charge"],"picked":"SKIP","floor":18},{"not_picked":["Clothesline+1","Shockwave","Havoc+1"],"picked":"SKIP","floor":19},{"not_picked":["Flex+1","Havoc","Headbutt"],"picked":"SKIP","floor":20},{"not_picked":["Barricade","Hemogenesis","Berserk"],"picked":"SKIP","floor":23},{"not_picked":["Clothesline","ReplayTheSpireMod:Strike From Hell","Flame Barrier"],"picked":"SKIP","floor":25},{"not_picked":["hubris:StunningStrike","Bludgeon","Berserk"],"picked":"SKIP","floor":27},{"not_picked":["Impervious","Juggernaut","Fiend Fire"],"picked":"SKIP","floor":31},{"not_picked":["hubris:StunningStrike","Juggernaut"],"picked":"Demon Form","floor":33},{"not_picked":["Flex+1","Body Slam+1","Uppercut"],"picked":"SKIP","floor":35},{"not_picked":["ReplayTheSpireMod:Strike From Hell+1","Power Through+1","Berserk"],"picked":"SKIP","floor":37},{"not_picked":["Sever Soul","Abandon","Replay:Undeath\u0027s Touch"],"picked":"SKIP","floor":39},{"not_picked":["Exhume","Demon Form","Eclipse"],"picked":"SKIP","floor":40},{"not_picked":["Hemogenesis","Impervious","Replay:Many Hands"],"picked":"SKIP","floor":42},{"not_picked":["Offering","Demon Form","Impervious"],"picked":"SKIP","floor":45},{"not_picked":["Bludgeon","Exhume","Reaper"],"picked":"SKIP","floor":47},{"not_picked":["Cleave+1","Sword Boomerang+1","Run Through"],"picked":"SKIP","floor":48}],"player_experience":1015355,"relics_obtained":[{"floor":6,"key":"hubris:CuriousFeather"},{"floor":8,"key":"HollowMod:PaleOreRelic"},{"floor":9,"key":"hubris:PeanutButter"},{"floor":11,"key":"Replay:Bandana"},{"floor":23,"key":"ReplayTheSpireMod:Lightbulb"},{"floor":26,"key":"hexamod:BolsterEngine"},{"floor":27,"key":"Girya"},{"floor":31,"key":"hubris:MysteriousPyramids"},{"floor":36,"key":"HollowMod:StagPassRelic"},{"floor":40,"key":"Bottled Flame"},{"floor":42,"key":"Mango"},{"floor":43,"key":"Chameleon Ring"},{"floor":45,"key":"hubris:64BitClover"}],"event_choices":[{"damage_healed":80,"gold_gain":0,"player_choice":"Upgrade","damage_taken":16,"max_hp_gain":0,"max_hp_loss":80,"event_name":"betterThird:BetterShining","floor":2,"gold_loss":0,"cards_upgraded":["Thunderclap","Inflame"]},{"damage_healed":0,"gold_gain":0,"player_choice":"Ignored","damage_taken":0,"max_hp_gain":0,"max_hp_loss":0,"event_name":"NoteForYourself","floor":21,"gold_loss":0},{"damage_healed":0,"gold_gain":0,"player_choice":"Upgrade","damage_taken":0,"max_hp_gain":0,"max_hp_loss":0,"event_name":"Designer","floor":29,"gold_loss":40,"cards_upgraded":["Iron Wave"]},{"damage_healed":0,"gold_gain":0,"player_choice":"Ignored","damage_taken":0,"max_hp_gain":0,"max_hp_loss":0,"event_name":"Transmorgrifier","floor":46,"gold_loss":0}],"is_beta":false,"boss_relics":[{"not_picked":["ReplayTheSpireMod:DimensionalGlitch","Abe\u0027s Treasure"],"picked":"Replay:Bronze Core"},{"not_picked":["expansioncontent:StudyCardRelic","sneckomod:SneckoTalon"],"picked":"Velvet Choker"}],"items_purged_floors":[],"is_endless":false,"potions_floor_spawned":[6,8,11,14,16,18,20,25,27,33,35,45,47,48],"ascension_level":0}}