{"host":"18ybagvpjbhxblmx","time":1612739532,"event":{"mods":["BaseMod","BetterRewards","Colored Map","Conspire","Friendly Minions","Hermit","Hubris","Infinite Spire","Koishi","Marisa????????","Minty Spire (QoL Compilation)","Quick Restart","Replay The Spire","StSLib","The Administrix","The Cursed","The Runesmith","The Servant 0.9.4"],"gold_per_floor":[118,172,172,172,191,217,228,128,128,139,139,139],"floor_reached":11,"language":"ENG","playtime":738,"items_purged":["Runesmith:Strike_RS","Runesmith:Strike_RS"],"score":80,"play_id":"92a4b95c-835d-4719-9a79-1111587218bf","local_time":"20210208001212","is_ascension_mode":true,"campfire_choices":[],"circlet_count":0,"master_deck":["Runesmith:Strike_RS","Runesmith:Strike_RS","Runesmith:Defend_RS","Runesmith:Defend_RS","Runesmith:Defend_RS","Runesmith:Defend_RS","Runesmith:CraftFirestone","Runesmith:Fortify","Runesmith:BackupBattery","Runesmith:PerfectChisel"],"relics":["Runesmith:BrokenRuby","Shovel","conspire:TreasureMap","conspire:GlowingRock","hubris:SphereOfDissonance","hubris:Towel","Counterbalance","Happy Flower"],"acts_visited":["Exordium"],"potions_floor_usage":[6],"damage_taken":[{"damage":3,"enemies":"Small Slimes","floor":1,"turns":4},{"damage":4,"enemies":"Jaw Worm","floor":5,"turns":4},{"damage":26,"enemies":"3 Sentries","floor":6,"turns":8},{"damage":4,"enemies":"2 Louse","floor":7,"turns":3},{"damage":1,"enemies":"Looter","floor":10,"turns":3},{"damage":0,"enemies":"Gremlin Nob","floor":11,"turns":3}],"seed_played":"4755370633188910014","potions_obtained":[{"floor":5,"key":"Strength Potion"},{"floor":7,"key":"Fire Potion"}],"is_trial":false,"path_per_floor":["M","?","?","?","M","E","M","$","T","M","E"],"character_chosen":"RUNESMITH_CLASS","items_purchased":["conspire:TreasureMap"],"campfire_rested":0,"item_purchase_floors":[0],"current_hp_per_floor":[35,18,18,39,35,9,5,5,5,4,4,4],"gold":139,"neow_bonus":"","is_daily":false,"chose_seed":false,"campfire_upgraded":0,"win_rate":0.0,"timestamp":1612739532,"path_taken":["M","?","?","?","M","E","M","$","T","M","E"],"items_purchased_type":["Relic"],"build_version":"2020-12-22","purchased_purges":2,"victory":false,"max_hp_per_floor":[70,70,70,70,70,70,70,70,70,70,70,70],"card_choices":[{"not_picked":["Runesmith:Discharge","Runesmith:Prism"],"picked":"Runesmith:BackupBattery","floor":1},{"not_picked":["Runesmith:LithiumIon","Runesmith:FrozenChisel"],"picked":"Runesmith:PerfectChisel","floor":5},{"not_picked":["Runesmith:Repurpose","Runesmith:Duplicate","Runesmith:UnstableHammer"],"picked":"SKIP","floor":6},{"not_picked":["Runesmith:ChargedHammer","Runesmith:BackupBattery","Runesmith:Overpower"],"picked":"SKIP","floor":7},{"not_picked":["Runesmith:HammerThrow","Runesmith:HammerTime","Runesmith:ShiftingStrike"],"picked":"SKIP","floor":10}],"player_experience":326253,"relics_obtained":[{"floor":2,"key":"hubris:SphereOfDissonance"},{"floor":6,"key":"Counterbalance"},{"floor":9,"key":"Happy Flower"}],"event_choices":[],"is_beta":false,"boss_relics":[],"items_purged_floors":[0,8],"is_endless":false,"potions_floor_spawned":[5,7],"killed_by":"Gremlin Nob","ascension_level":2}}