{"host":"7tvb1em0d2fx72q7","time":1612665478,"event":{"mods":["BaseMod","Challenge The Spire","Minty Spire (QoL Compilation)","StSLib","everything is the same but u backflip on backflip"],"gold_per_floor":[119,132,149,166,178,207,207,226,305,305,85,100,127,142,142,217,217,234,234,270,310,310,235,3,59,59,39,82,82,82,132,132,232,232,251,251,251,251,295,295,328,339,362,362,379,408,408,455,455,485,485,485,18,52,52],"floor_reached":56,"language":"ENG","playtime":8265,"items_purged":["Strike_P+1"],"score":2238,"play_id":"7e353e3e-09a3-41a3-a982-4a571eee4aa1","local_time":"20210206213758","is_ascension_mode":true,"campfire_choices":[{"data":"ThirdEye","floor":7,"key":"SMITH"},{"data":"Scrawl","floor":15,"key":"SMITH"},{"data":"Ghostly","floor":30,"key":"SMITH"},{"data":"Ghostly","floor":32,"key":"SMITH"},{"floor":40,"key":"REST"},{"data":"TalkToTheHand","floor":44,"key":"SMITH"},{"floor":47,"key":"RECALL"},{"data":"SpiritShield","floor":49,"key":"SMITH"},{"data":"Panache","floor":52,"key":"SMITH"}],"circlet_count":0,"master_deck":["AscendersBane","Defend_P+1","Defend_P+1","Defend_P+1","Defend_P+1","Eruption+1","Vigilance+1","LessonLearned+1","Consecrate+1","ReachHeaven+1","CrushJoints+1","SpiritShield+1","ClearTheMind+1","FlurryOfBlows+1","Scrawl+1","FlurryOfBlows+1","FearNoEvil","EmptyBody+1","Crescendo+1","Tantrum+1","CutThroughFate+1","Wish+1","CutThroughFate+1","Indignation","TalkToTheHand+1","Ghostly+1","Ghostly+1","Ghostly+1","TalkToTheHand+1","DevaForm+1","SpiritShield+1","LikeWater+1","Meditate+1","Dark Shackles+1","Panache+1","EmptyFist","ClearTheMind+1","MentalFortress+1","Omniscience","Ghostly+1","FlurryOfBlows","Adaptation+1"],"relics":["PureWater","Regal Pillow","InkBottle","Orrery","Nunchaku","Runic Pyramid","Vajra","Bird Faced Urn","Anchor","Astrolabe","Calipers","Whetstone","Oddly Smooth Stone","DollysMirror","Ornamental Fan"],"acts_visited":["Exordium","TheCity","TheBeyond","TheEnding"],"potions_floor_usage":[13,16,39,55],"damage_taken":[{"damage":9,"enemies":"Small Slimes","floor":1,"turns":6},{"damage":4,"enemies":"Jaw Worm","floor":2,"turns":3},{"damage":0,"enemies":"Cultist","floor":3,"turns":2},{"damage":0,"enemies":"3 Louse","floor":4,"turns":2},{"damage":0,"enemies":"Large Slime","floor":5,"turns":4},{"damage":8,"enemies":"Gremlin Nob","floor":6,"turns":3},{"damage":0,"enemies":"Exordium Wildlife","floor":8,"turns":4},{"damage":4,"enemies":"Gremlin Gang","floor":12,"turns":6},{"damage":0,"enemies":"Lagavulin","floor":13,"turns":3},{"damage":0,"enemies":"Red Slaver","floor":14,"turns":1},{"damage":19,"enemies":"Hexaghost","floor":16,"turns":8},{"damage":5,"enemies":"2 Thieves","floor":18,"turns":4},{"damage":11,"enemies":"Chosen","floor":20,"turns":4},{"damage":12,"enemies":"Snake Plant","floor":21,"turns":5},{"damage":0,"enemies":"Gremlin Leader","floor":25,"turns":4},{"damage":0,"enemies":"3 Cultists","floor":28,"turns":4},{"damage":3,"enemies":"Slavers","floor":31,"turns":5},{"damage":2,"enemies":"Collector","floor":33,"turns":8},{"damage":0,"enemies":"3 Shapes","floor":35,"turns":4},{"damage":13,"enemies":"3 Darklings","floor":39,"turns":4},{"damage":3,"enemies":"Giant Head","floor":41,"turns":6},{"damage":0,"enemies":"4 Shapes","floor":42,"turns":4},{"damage":0,"enemies":"Jaw Worm Horde","floor":45,"turns":6},{"damage":0,"enemies":"Nemesis","floor":46,"turns":7},{"damage":4,"enemies":"Sphere and 2 Shapes","floor":48,"turns":5},{"damage":1,"enemies":"Time Eater","floor":50,"turns":10},{"damage":2,"enemies":"Shield and Spear","floor":54,"turns":5},{"damage":2,"enemies":"The Heart","floor":55,"turns":12}],"seed_played":"733918719891926660","potions_obtained":[{"floor":4,"key":"Dexterity Potion"},{"floor":5,"key":"Ambrosia"},{"floor":6,"key":"SteroidPotion"},{"floor":13,"key":"BlessingOfTheForge"},{"floor":16,"key":"Swift Potion"},{"floor":18,"key":"Energy Potion"},{"floor":27,"key":"DuplicationPotion"},{"floor":41,"key":"SteroidPotion"},{"floor":42,"key":"GamblersBrew"}],"is_trial":false,"path_per_floor":["M","M","M","M","M","E","R","M","T","?","$","M","E","M","R","B",null,"M","?","M","M","?","?","$","E","T","?","M","?","R","E","R","B",null,"M","?","?","?","M","R","E","M","T","R","M","E","R","M","R","B",null,"R","$","E","B",null],"character_chosen":"WATCHER","items_purchased":["Orrery","Crescendo","Vajra","MentalFortress","Omniscience","DollysMirror","FlurryOfBlows"],"campfire_rested":1,"item_purchase_floors":[11,11,24,53,53,53,53],"current_hp_per_floor":[52,48,48,48,48,40,40,40,40,40,40,36,36,36,36,17,55,50,50,39,27,27,27,27,27,27,27,27,27,27,24,24,22,31,31,31,26,26,17,32,32,32,32,32,32,32,32,30,30,32,32,32,32,32,30],"gold":52,"neow_bonus":"TRANSFORM_CARD","is_daily":false,"chose_seed":false,"campfire_upgraded":7,"win_rate":0.0,"timestamp":1612665478,"path_taken":["M","M","M","M","M","E","R","M","T","?","?","M","E","?","R","BOSS","M","?","M","M","?","?","?","E","T","?","?","?","R","E","R","BOSS","M","?","?","?","M","R","E","M","T","R","M","E","R","?","R","BOSS","R","$","E","BOSS"],"items_purchased_type":["Relic","Card","Relic","Card","Card","Relic","Card"],"build_version":"2020-12-22","purchased_purges":1,"victory":true,"max_hp_per_floor":[68,68,68,68,68,68,68,68,68,68,68,68,68,68,68,68,68,68,68,68,68,68,68,68,68,68,68,68,34,34,34,34,34,34,34,32,32,32,32,32,32,32,32,32,32,32,32,32,32,32,32,32,32,32,32],"card_choices":[{"not_picked":["Protect","LikeWater"],"picked":"Consecrate","floor":1},{"not_picked":["Prostrate","Halt"],"picked":"ReachHeaven","floor":2},{"not_picked":["Evaluate","WreathOfFlame"],"picked":"Conclude","floor":3},{"not_picked":["SignatureMove","ReachHeaven"],"picked":"ThirdEye","floor":4},{"not_picked":["Pray","FollowUp"],"picked":"CrushJoints","floor":5},{"not_picked":["EmptyFist","Weave"],"picked":"SpiritShield","floor":6},{"not_picked":["EmptyFist","JustLucky"],"picked":"ClearTheMind","floor":8},{"not_picked":["BowlingBash","SashWhip"],"picked":"Scrawl","floor":11},{"not_picked":["FollowUp","MentalFortress"],"picked":"FlurryOfBlows","floor":11},{"not_picked":["SandsOfTime","InnerPeace"],"picked":"FearNoEvil","floor":11},{"not_picked":["FlurryOfBlows","Consecrate"],"picked":"EmptyBody","floor":11},{"not_picked":["Halt","BattleHymn"],"picked":"Tantrum","floor":12},{"not_picked":["CrushJoints","LikeWater"],"picked":"CutThroughFate","floor":13},{"not_picked":["FearNoEvil","SashWhip"],"picked":"Protect","floor":14},{"not_picked":["Scrawl","Alpha"],"picked":"Wish","floor":16},{"not_picked":["JustLucky","FollowUp","Protect"],"picked":"SKIP","floor":18},{"not_picked":["Halt","Conclude"],"picked":"CutThroughFate+1","floor":20},{"not_picked":["Consecrate","WindmillStrike"],"picked":"Indignation","floor":21},{"not_picked":["Consecrate","CutThroughFate"],"picked":"Perseverance","floor":25},{"not_picked":["Worship","Weave"],"picked":"TalkToTheHand","floor":28},{"not_picked":["BattleHymn+1","Adaptation"],"picked":"TalkToTheHand","floor":31},{"not_picked":["Devotion","SpiritShield"],"picked":"DevaForm","floor":33},{"not_picked":["BowlingBash","Evaluate+1","Sanctity"],"picked":"SKIP","floor":35},{"not_picked":["Panache","Violence"],"picked":"Dark Shackles","floor":37},{"not_picked":["Purity","Panacea"],"picked":"Panache","floor":37},{"not_picked":["WreathOfFlame","BowlingBash+1"],"picked":"EmptyFist","floor":39},{"not_picked":["Evaluate","Consecrate+1"],"picked":"ClearTheMind+1","floor":41},{"not_picked":["FlurryOfBlows","ForeignInfluence","SashWhip"],"picked":"SKIP","floor":42},{"not_picked":["PathToVictory","DeusExMachina","Consecrate"],"picked":"SKIP","floor":45},{"not_picked":["FlurryOfBlows","Establishment","Consecrate"],"picked":"SKIP","floor":46},{"not_picked":["Prostrate","FlyingSleeves","SashWhip"],"picked":"SKIP","floor":48},{"not_picked":["DeceiveReality","ThirdEye+1"],"picked":"Adaptation+1","floor":54}],"player_experience":2026403,"relics_obtained":[{"floor":6,"key":"Regal Pillow"},{"floor":9,"key":"InkBottle"},{"floor":13,"key":"Nunchaku"},{"floor":25,"key":"Bird Faced Urn"},{"floor":31,"key":"Anchor"},{"floor":41,"key":"Calipers"},{"floor":43,"key":"Whetstone"},{"floor":46,"key":"Oddly Smooth Stone"},{"floor":54,"key":"Ornamental Fan"}],"event_choices":[{"damage_healed":0,"gold_gain":0,"cards_transformed":["Strike_P"],"player_choice":"Change","damage_taken":0,"max_hp_gain":0,"max_hp_loss":0,"event_name":"Living Wall","floor":10,"gold_loss":0,"cards_obtained":["FlurryOfBlows"]},{"damage_healed":0,"gold_gain":0,"player_choice":"Simplicity","damage_taken":0,"max_hp_gain":0,"max_hp_loss":0,"event_name":"Back to Basics","floor":19,"gold_loss":0,"cards_upgraded":["Strike_P","Strike_P","Defend_P"]},{"damage_healed":0,"gold_gain":0,"player_choice":"Ignored","damage_taken":0,"max_hp_gain":0,"max_hp_loss":0,"event_name":"The Mausoleum","floor":22,"gold_loss":0},{"cards_removed":["Strike_P"],"damage_healed":0,"gold_gain":0,"player_choice":"Gave Gold","damage_taken":0,"max_hp_gain":0,"max_hp_loss":0,"event_name":"Beggar","floor":23,"gold_loss":75},{"damage_healed":0,"gold_gain":0,"player_choice":"Bought 1 Potion","damage_taken":0,"max_hp_gain":0,"max_hp_loss":0,"event_name":"The Woman in Blue","floor":27,"gold_loss":0},{"damage_healed":0,"gold_gain":0,"player_choice":"Became a Ghost","damage_taken":0,"max_hp_gain":0,"max_hp_loss":34,"event_name":"Ghosts","floor":29,"gold_loss":0,"cards_obtained":["Ghostly","Ghostly","Ghostly"]},{"damage_healed":0,"gold_gain":0,"player_choice":"Max HP","damage_taken":0,"max_hp_gain":0,"max_hp_loss":2,"event_name":"Winding Halls","floor":36,"gold_loss":0},{"damage_healed":0,"gold_gain":0,"player_choice":"Memory 2","damage_taken":5,"max_hp_gain":0,"max_hp_loss":0,"event_name":"SensoryStone","floor":37,"gold_loss":0},{"cards_removed":["ThirdEye"],"damage_healed":0,"gold_gain":0,"player_choice":"Removed Skill","damage_taken":0,"max_hp_gain":0,"max_hp_loss":0,"event_name":"Falling","floor":38,"gold_loss":0}],"is_beta":false,"boss_relics":[{"not_picked":["Snecko Eye","SlaversCollar"],"picked":"Runic Pyramid"},{"not_picked":["Calling Bell","Black Star"],"picked":"Astrolabe"}],"items_purged_floors":[24],"is_endless":false,"potions_floor_spawned":[4,5,6,12,13,16,18,20,21,25,35,41,42,48,54],"ascension_level":17}}