{"host":"l5zfpd2l2htson6l","time":1612691774,"event":{"mods":["AchievementEnabler","BaseMod","Colored Map","Colored Powertips","Minty Spire (QoL Compilation)","Permanent Neow","Quick Restart","Rare Cards Sparkle","Relic Stats","SuperFastMode"],"gold_per_floor":[111,130,205,221,221,221,221,221],"floor_reached":7,"language":"ENG","playtime":172,"items_purged":[],"score":82,"play_id":"72b40112-0655-4974-b1d8-4d026a912673","local_time":"20210207015614","is_ascension_mode":true,"campfire_choices":[{"data":"Blood for Blood","floor":6,"key":"SMITH"}],"circlet_count":0,"master_deck":["AscendersBane","Strike_R","Strike_R","Strike_R","Strike_R","Strike_R","Defend_R","Defend_R","Defend_R","Defend_R","Bash","Twin Strike","Evolve","Pommel Strike","Blood for Blood+1"],"relics":["Burning Blood","Bag of Marbles"],"acts_visited":["Exordium"],"potions_floor_usage":[],"damage_taken":[{"damage":14,"enemies":"Small Slimes","floor":1,"turns":5},{"damage":21,"enemies":"Jaw Worm","floor":2,"turns":5},{"damage":6,"enemies":"2 Louse","floor":4,"turns":3},{"damage":35,"enemies":"Lagavulin","floor":7,"turns":4}],"seed_played":"2495887162683806060","potions_obtained":[{"floor":1,"key":"ElixirPotion"}],"is_trial":false,"path_per_floor":["M","M","?","M","?","R","E"],"character_chosen":"IRONCLAD","items_purchased":[],"campfire_rested":0,"item_purchase_floors":[],"current_hp_per_floor":[60,45,34,34,29,29,0,0],"gold":221,"neow_bonus":"THREE_CARDS","is_daily":false,"chose_seed":false,"campfire_upgraded":1,"win_rate":0.0,"timestamp":1612691774,"path_taken":["M","M","?","M","?","R","E"],"items_purchased_type":[],"build_version":"2020-12-22","purchased_purges":0,"victory":false,"max_hp_per_floor":[75,75,75,75,75,75,75,75],"relic_stats":{"counters":[4,17],"obtain_stats":[{"Bag of Marbles":5,"Burning Blood":0},{"Bag of Marbles":3,"Burning Blood":0},{"Bag of Marbles":13,"Burning Blood":0}],"Burning Blood":18},"card_choices":[{"not_picked":["Body Slam","Wild Strike"],"picked":"Twin Strike","floor":0},{"not_picked":["Entrench","True Grit"],"picked":"Evolve","floor":1},{"not_picked":["Twin Strike","Rage"],"picked":"Pommel Strike","floor":2},{"not_picked":["Inflame","Headbutt"],"picked":"Blood for Blood","floor":4}],"player_experience":940652,"relics_obtained":[],"event_choices":[{"damage_healed":0,"gold_gain":75,"player_choice":"Gather Gold","damage_taken":11,"max_hp_gain":0,"max_hp_loss":0,"event_name":"World of Goop","floor":3,"gold_loss":0},{"damage_healed":0,"gold_gain":0,"player_choice":"Success","damage_taken":5,"relics_obtained":["Bag of Marbles"],"max_hp_gain":0,"max_hp_loss":0,"event_name":"Scrap Ooze","floor":5,"gold_loss":0}],"is_beta":false,"boss_relics":[],"items_purged_floors":[],"is_endless":false,"potions_floor_spawned":[1],"killed_by":"Lagavulin","ascension_level":20}}