{"host":"p4c5gtjnbnajaalx","time":1612698574,"event":{"mods":["BaseMod","Minty Spire (QoL Compilation)"],"gold_per_floor":[114,134,134,134,148,148,171,209,209,209,209,252,252,327,327,455,455,468,483,483,398,398,398,17,17,17,17,32,51,51,71,71,170,170,180,180,230,105,123,60,75,75,75,75,92,92,8,34,34,34],"floor_reached":51,"language":"ZHT","playtime":2487,"items_purged":["Strike_R","Defend_R","Madness"],"score":908,"play_id":"8ca804bf-82ba-478d-baa3-c186a8ab22b3","local_time":"20210207194934","is_ascension_mode":false,"campfire_choices":[{"data":"Armaments","floor":6.0,"key":"SMITH"},{"data":"Searing Blow","floor":10.0,"key":"SMITH"},{"data":"Searing Blow+1","floor":13.0,"key":"SMITH"},{"data":"Searing Blow+2","floor":15.0,"key":"SMITH"},{"data":"RitualDagger","floor":23.0,"key":"SMITH"},{"data":"Searing Blow+3","floor":25.0,"key":"SMITH"},{"data":"Searing Blow+4","floor":30,"key":"SMITH"},{"data":"Searing Blow+5","floor":32,"key":"SMITH"},{"data":"Searing Blow+6","floor":44,"key":"SMITH"},{"data":"Strike_R","floor":49,"key":"PURGE"}],"circlet_count":0,"master_deck":["Strike_R","Strike_R","Strike_R","Defend_R+1","Defend_R+1","Defend_R","Bash","Armaments+1","Searing Blow+7","Shrug It Off","Brutality","RitualDagger+1","Burning Pact","Demon Form","Madness","Bloodletting+1","Master of Strategy","Heavy Blade","Shockwave"],"relics":["Burning Blood","Bloody Idol","Pen Nib","Matryoshka","InkBottle","Snecko Eye","Centennial Puzzle","Membership Card","Champion Belt","War Paint","Letter Opener","Coffee Dripper","Peace Pipe","ClockworkSouvenir","MealTicket","Mummified Hand","Oddly Smooth Stone"],"acts_visited":["TheBeyond"],"potions_floor_usage":[46],"damage_taken":[{"damage":1.0,"enemies":"2 Louse","floor":1.0,"turns":3.0},{"damage":5.0,"enemies":"Small Slimes","floor":2.0,"turns":4.0},{"damage":1.0,"enemies":"Cultist","floor":5.0,"turns":4.0},{"damage":0.0,"enemies":"3 Louse","floor":7.0,"turns":5.0},{"damage":0.0,"enemies":"3 Sentries","floor":8.0,"turns":12.0},{"damage":13.0,"enemies":"Gremlin Nob","floor":12.0,"turns":5.0},{"damage":0.0,"enemies":"Slime Boss","floor":16.0,"turns":5.0},{"damage":4.0,"enemies":"Spheric Guardian","floor":18.0,"turns":3.0},{"damage":7.0,"enemies":"Shell Parasite","floor":19.0,"turns":3.0},{"damage":6.0,"enemies":"Snake Plant","floor":28.0,"turns":3.0},{"damage":11.0,"enemies":"Centurion and Healer","floor":29.0,"turns":6.0},{"damage":4,"enemies":"Sentry and Sphere","floor":31,"turns":5},{"damage":45,"enemies":"Champ","floor":33,"turns":9},{"damage":1,"enemies":"3 Shapes","floor":35,"turns":3},{"damage":2,"enemies":"Mind Bloom Boss Battle","floor":37,"turns":3},{"damage":1,"enemies":"Orb Walker","floor":39,"turns":2},{"damage":0,"enemies":"4 Shapes","floor":41,"turns":3},{"damage":4,"enemies":"Spire Growth","floor":45,"turns":3},{"damage":0,"enemies":"3 Darklings","floor":46,"turns":1},{"damage":16,"enemies":"Reptomancer","floor":48,"turns":3},{"damage":27,"enemies":"Donu and Deca","floor":50,"turns":6}],"seed_played":"-8772362131453345432","potions_obtained":[{"floor":1.0,"key":"EssenceOfSteel"},{"floor":5.0,"key":"FearPotion"},{"floor":7.0,"key":"SkillPotion"},{"floor":16.0,"key":"Weak Potion"},{"floor":18.0,"key":"Fire Potion"},{"floor":28.0,"key":"ElixirPotion"},{"floor":33,"key":"SneckoOil"},{"floor":35,"key":"SmokeBomb"}],"is_trial":false,"path_per_floor":["M","M","?","?","M","R","M","E","T","R","?","E","R","?","R","B",null,"M","M","?","?","?","R","$","R","T","?","M","M","R","M","R","B",null,"M","?","?","$","M","$","M","?","T","R","M","M","$","E","R","B",null],"character_chosen":"IRONCLAD","items_purchased":["Membership Card","Champion Belt","ClockworkSouvenir","Heavy Blade","BloodPotion","Shockwave"],"campfire_rested":0,"item_purchase_floors":[24,24,38,47,47,47],"current_hp_per_floor":[80,80,60,60,65,65,71,77,77,77,77,70,70,59,59,65,80,80,79,73,73,73,73,73,73,73,73,78,78,78,80,80,46,80,80,70,79,79,80,80,80,80,80,80,80,80,80,75,75,54],"gold":34,"neow_bonus":"THREE_CARDS","is_daily":false,"chose_seed":false,"campfire_upgraded":9,"win_rate":0.0,"timestamp":1612698574,"path_taken":["M","M","?","?","?","R","M","E","T","R","?","E","R","?","R","BOSS","M","M","?","?","?","R","?","R","T","?","?","M","R","M","R","BOSS","M","?","?","$","M","$","M","?","T","R","M","M","?","E","R","BOSS"],"items_purchased_type":["Relic","Relic","Relic","Card","Potion","Card"],"build_version":"2020-12-22","purchased_purges":3,"victory":true,"max_hp_per_floor":[80,80,80,80,80,80,80,80,80,80,80,80,80,80,80,80,80,80,80,80,80,80,80,80,80,80,80,80,80,80,80,80,80,80,80,80,80,80,80,80,80,80,80,80,80,80,80,80,80,80],"card_choices":[{"not_picked":["Dual Wield","Sword Boomerang"],"picked":"Armaments","floor":0.0},{"not_picked":["Reckless Charge","Shockwave"],"picked":"Searing Blow","floor":1.0},{"not_picked":["Shockwave","Iron Wave","Heavy Blade"],"picked":"SKIP","floor":2.0},{"not_picked":["Bloodletting","Thunderclap"],"picked":"Shrug It Off","floor":5.0},{"not_picked":["Power Through","Sword Boomerang","Body Slam"],"picked":"SKIP","floor":7.0},{"not_picked":["Twin Strike","Body Slam","Pommel Strike"],"picked":"SKIP","floor":8.0},{"not_picked":["Corruption","Iron Wave","Heavy Blade"],"picked":"SKIP","floor":12.0},{"not_picked":["Juggernaut","Corruption"],"picked":"Brutality","floor":16.0},{"not_picked":["Headbutt","Armaments","Pummel+1"],"picked":"SKIP","floor":18.0},{"not_picked":["Flex","Perfected Strike","Warcry+1"],"picked":"SKIP","floor":19.0},{"not_picked":["Thunderclap","Intimidate"],"picked":"Burning Pact","floor":28.0},{"not_picked":["True Grit","Inflame","Thunderclap"],"picked":"SKIP","floor":29.0},{"not_picked":["Pommel Strike","Heavy Blade","Clothesline"],"picked":"SKIP","floor":31},{"not_picked":["Juggernaut","Fiend Fire"],"picked":"Demon Form","floor":33},{"not_picked":["Armaments","Infernal Blade","True Grit+1"],"picked":"SKIP","floor":35},{"not_picked":["Combust+1","Headbutt","Twin Strike+1"],"picked":"SKIP","floor":39},{"not_picked":["Clothesline+1","Second Wind+1"],"picked":"Bloodletting+1","floor":41},{"not_picked":["Flash of Steel","Chrysalis"],"picked":"Master of Strategy","floor":42},{"not_picked":["Clash","Anger","Body Slam+1"],"picked":"SKIP","floor":45},{"not_picked":["Anger+1","Armaments+1","Headbutt"],"picked":"SKIP","floor":48}],"player_experience":9649,"relics_obtained":[{"floor":8.0,"key":"Pen Nib"},{"floor":9.0,"key":"Matryoshka"},{"floor":12.0,"key":"InkBottle"},{"floor":26.0,"key":"War Paint"},{"floor":26.0,"key":"Letter Opener"},{"floor":37,"key":"Peace Pipe"},{"floor":43,"key":"MealTicket"},{"floor":43,"key":"Mummified Hand"},{"floor":48,"key":"Oddly Smooth Stone"}],"event_choices":[{"damage_healed":0.0,"max_hp_gain":0.0,"max_hp_loss":0.0,"gold_gain":0.0,"event_name":"Golden Idol","player_choice":"Take Damage","floor":3.0,"gold_loss":0.0,"damage_taken":20.0,"relics_obtained":["Golden Idol"]},{"damage_healed":0.0,"max_hp_gain":0.0,"max_hp_loss":0.0,"gold_gain":0.0,"event_name":"The Woman in Blue","player_choice":"Bought 0 Potions","floor":4.0,"gold_loss":0.0,"damage_taken":0.0},{"damage_healed":0.0,"max_hp_gain":0.0,"max_hp_loss":0.0,"gold_gain":0.0,"event_name":"Liars Game","player_choice":"Ignored","floor":11.0,"gold_loss":0.0,"damage_taken":0.0},{"damage_healed":0.0,"max_hp_gain":0.0,"max_hp_loss":0.0,"gold_gain":75.0,"event_name":"World of Goop","player_choice":"Gather Gold","floor":14.0,"gold_loss":0.0,"damage_taken":11.0},{"damage_healed":0.0,"max_hp_gain":0.0,"max_hp_loss":0.0,"gold_gain":0.0,"event_name":"Nest","player_choice":"Joined the Cult","floor":20.0,"gold_loss":0.0,"damage_taken":6.0,"cards_obtained":["RitualDagger"]},{"damage_healed":0.0,"max_hp_gain":0.0,"max_hp_loss":0.0,"gold_gain":0.0,"event_name":"Addict","player_choice":"Obtained Relic","floor":21.0,"gold_loss":85.0,"damage_taken":0.0,"relics_obtained":["Centennial Puzzle"]},{"damage_healed":0.0,"max_hp_gain":0.0,"max_hp_loss":0.0,"gold_gain":0.0,"event_name":"Ghosts","player_choice":"Ignored","floor":22.0,"gold_loss":0.0,"damage_taken":0.0},{"damage_healed":0.0,"max_hp_gain":0.0,"max_hp_loss":0.0,"gold_gain":0.0,"event_name":"Forgotten Altar","player_choice":"Gave Idol","floor":27.0,"relics_lost":["Golden Idol"],"gold_loss":0.0,"damage_taken":0.0,"relics_obtained":["Bloody Idol"]},{"damage_healed":0,"gold_gain":0,"player_choice":"Embrace Madness","damage_taken":10,"max_hp_gain":0,"max_hp_loss":0,"event_name":"Winding Halls","floor":36,"gold_loss":0,"cards_obtained":["Madness","Madness"]},{"damage_healed":0,"gold_gain":0,"player_choice":"Fight","damage_taken":0,"max_hp_gain":0,"max_hp_loss":0,"event_name":"MindBloom","floor":37,"gold_loss":0},{"damage_healed":0,"gold_gain":0,"player_choice":"Memory 1","damage_taken":0,"max_hp_gain":0,"max_hp_loss":0,"event_name":"SensoryStone","floor":42,"gold_loss":0}],"is_beta":false,"boss_relics":[{"not_picked":["Mark of Pain","Busted Crown"],"picked":"Snecko Eye"},{"not_picked":["SlaversCollar","Tiny House"],"picked":"Coffee Dripper"}],"items_purged_floors":[24,38,40],"is_endless":false,"potions_floor_spawned":[1,5,7,16,18,28,33,35,37,41,45],"ascension_level":0}}