{"host":"am551fa6890rb9vo","time":1612738273,"event":{"mods":["BaseMod","Minty Spire (QoL Compilation)","Morshu Shopkeeper - ENHANCED","Relic Stats","StSLib","The IronCluck","slay the spire mod where everything is the same but ironclad has a cowboy hat"],"gold_per_floor":[110,129,129,140,157,190,190,207,233,268,268,278,378,391,391,494,494,494,294,294,234,234,234,234,234,234,234,234,234,234,134,134,134,134,134,134,9,9,9,9,9,9,9,9,9],"floor_reached":44,"language":"ENG","playtime":2955,"items_purged":["Strike_R","Strike_R","Strike_R"],"score":522,"play_id":"8fd40b68-48da-4193-88d6-ae94e7737d21","local_time":"20210207225113","is_ascension_mode":true,"campfire_choices":[{"data":"Reckless Charge","floor":7,"key":"SMITH"},{"floor":15,"key":"REST"},{"data":"True Grit","floor":23,"key":"SMITH"},{"data":"Dark Embrace","floor":25,"key":"SMITH"},{"data":"Dark Embrace","floor":30,"key":"SMITH"},{"floor":32,"key":"REST"},{"data":"Feel No Pain","floor":40,"key":"SMITH"}],"circlet_count":0,"master_deck":["Strike_R","Strike_R","Defend_R","Defend_R","Defend_R","Defend_R","Bash","Flame Barrier","Reckless Charge+1","Dark Embrace+1","Disarm","Metallicize","Burning Pact","Immolate","Feel No Pain+1","Dark Embrace+1","True Grit+1","Evolve","Reckless Charge","Feed","Wild Strike+1","Reckless Charge"],"relics":["Black Blood","Mercury Hourglass","Blood Vial","Pen Nib","Happy Flower","Ectoplasm","Dream Catcher","Regal Pillow","Anchor"],"acts_visited":["Exordium","TheCity","TheBeyond"],"potions_floor_usage":[6,10,29,33,44,44],"damage_taken":[{"damage":9,"enemies":"2 Louse","floor":1,"turns":3},{"damage":12,"enemies":"Small Slimes","floor":2,"turns":3},{"damage":1,"enemies":"Cultist","floor":4,"turns":3},{"damage":0,"enemies":"Exordium Wildlife","floor":5,"turns":4},{"damage":20,"enemies":"Gremlin Nob","floor":6,"turns":4},{"damage":10,"enemies":"Lots of Slimes","floor":8,"turns":2},{"damage":35,"enemies":"Lagavulin","floor":10,"turns":7},{"damage":11,"enemies":"3 Louse","floor":12,"turns":2},{"damage":11,"enemies":"Blue Slaver","floor":14,"turns":2},{"damage":16,"enemies":"The Guardian","floor":16,"turns":18},{"damage":8,"enemies":"Chosen","floor":18,"turns":5},{"damage":19,"enemies":"2 Thieves","floor":21,"turns":3},{"damage":6,"enemies":"Snecko","floor":22,"turns":5},{"damage":19,"enemies":"Snake Plant","floor":24,"turns":4},{"damage":33,"enemies":"Centurion and Healer","floor":29,"turns":6},{"damage":53,"enemies":"Automaton","floor":33,"turns":14},{"damage":23,"enemies":"3 Darklings","floor":35,"turns":5},{"damage":17,"enemies":"Orb Walker","floor":36,"turns":4},{"damage":21,"enemies":"Jaw Worm Horde","floor":38,"turns":4},{"damage":15,"enemies":"Spire Growth","floor":39,"turns":7},{"damage":60,"enemies":"Nemesis","floor":42,"turns":9},{"damage":49,"enemies":"2 Orb Walkers","floor":44,"turns":5}],"seed_played":"-2313147073336405148","potions_obtained":[{"floor":5,"key":"Ancient Potion"},{"floor":6,"key":"FearPotion"},{"floor":8,"key":"SkillPotion"},{"floor":10,"key":"CultistPotion"},{"floor":14,"key":"LiquidMemories"},{"floor":21,"key":"BloodPotion"},{"floor":29,"key":"DuplicationPotion"},{"floor":35,"key":"SneckoOil"}],"is_trial":false,"path_per_floor":["M","M","?","M","M","E","R","M","T","E","?","M","?","M","R","B",null,"M","$","?","M","M","R","M","R","T","?","?","M","R","$","R","B",null,"M","M","$","M","M","R","?","E","T","?"],"character_chosen":"IRONCLAD","items_purchased":["Dark Embrace","True Grit"],"campfire_rested":2,"item_purchase_floors":[19,19],"current_hp_per_floor":[69,63,56,61,67,53,53,51,51,24,24,21,21,18,46,38,96,94,94,88,77,79,79,68,68,68,68,49,24,24,24,54,29,101,90,87,87,80,79,79,79,33,33,0,0],"gold":9,"neow_bonus":"TWENTY_PERCENT_HP_BONUS","is_daily":false,"chose_seed":false,"campfire_upgraded":5,"win_rate":0.0,"timestamp":1612738273,"path_taken":["M","M","?","M","M","E","R","M","T","E","?","M","?","?","R","BOSS","M","$","?","M","M","R","?","R","T","?","?","M","R","$","R","BOSS","M","M","$","M","M","R","?","E","T","?"],"items_purchased_type":["Card","Card"],"build_version":"2020-12-22","purchased_purges":3,"victory":false,"max_hp_per_floor":[96,96,96,96,96,96,96,96,96,96,96,96,96,96,96,96,96,96,96,96,96,96,96,96,96,96,96,101,101,101,101,101,101,101,101,101,101,101,101,101,96,96,96,96,96],"relic_stats":{"Blood Vial":30,"Dream Catcher":1,"Regal Pillow":0,"Happy Flower":[31],"counters":[22,118],"Black Blood":156,"Pen Nib":[17],"Ectoplasm":413,"obtain_stats":[{"Blood Vial":6,"Dream Catcher":26,"Regal Pillow":42,"Anchor":43,"Happy Flower":10,"Black Blood":34,"Pen Nib":9,"Ectoplasm":17,"Burning Blood":0,"Mercury Hourglass":3},{"Blood Vial":5,"Dream Catcher":14,"Regal Pillow":21,"Anchor":21,"Happy Flower":7,"Black Blood":16,"Pen Nib":6,"Ectoplasm":10,"Burning Blood":0,"Mercury Hourglass":2},{"Blood Vial":17,"Dream Catcher":64,"Regal Pillow":113,"Anchor":113,"Happy Flower":26,"Black Blood":84,"Pen Nib":19,"Ectoplasm":48,"Burning Blood":0,"Mercury Hourglass":6}],"Mercury Hourglass":[390]},"card_choices":[{"not_picked":["Thunderclap","Armaments","Anger"],"picked":"SKIP","floor":1},{"not_picked":["Rage","Headbutt"],"picked":"Flame Barrier","floor":2},{"not_picked":["Flex","Perfected Strike"],"picked":"Reckless Charge","floor":4},{"not_picked":["Flex","Infernal Blade","Anger"],"picked":"SKIP","floor":5},{"not_picked":["Sword Boomerang","Combust"],"picked":"Dark Embrace","floor":6},{"not_picked":["Iron Wave","Sword Boomerang"],"picked":"Disarm","floor":8},{"not_picked":["Flex","Perfected Strike"],"picked":"Metallicize","floor":10},{"not_picked":["Sword Boomerang","Flex","Headbutt"],"picked":"SKIP","floor":12},{"not_picked":["Iron Wave","Clothesline"],"picked":"Burning Pact","floor":14},{"not_picked":["Limit Break","Barricade"],"picked":"Immolate","floor":16},{"not_picked":["Iron Wave","Sever Soul"],"picked":"Feel No Pain","floor":18},{"not_picked":["Dropkick","Cleave","Combust"],"picked":"SKIP","floor":21},{"not_picked":["Dark Embrace","Flex+1","Disarm+1"],"picked":"SKIP","floor":22},{"not_picked":["Clash","Thunderclap","Burning Pact"],"picked":"SKIP","floor":24},{"not_picked":["Bloodletting","Iron Wave"],"picked":"Evolve","floor":29},{"not_picked":["Clothesline+1","Iron Wave"],"picked":"Reckless Charge","floor":32},{"not_picked":["Brutality","Double Tap"],"picked":"Feed","floor":33},{"not_picked":["Battle Trance","Infernal Blade"],"picked":"Wild Strike+1","floor":35},{"not_picked":["Clothesline+1","Carnage"],"picked":"Reckless Charge","floor":36},{"not_picked":["Anger+1","Iron Wave+1","Headbutt"],"picked":"SKIP","floor":38},{"not_picked":["Intimidate","Heavy Blade+1","Shrug It Off"],"picked":"SKIP","floor":39},{"not_picked":["Perfected Strike","Evolve","Thunderclap"],"picked":"SKIP","floor":42}],"player_experience":24219,"relics_obtained":[{"floor":6,"key":"Blood Vial"},{"floor":9,"key":"Pen Nib"},{"floor":10,"key":"Happy Flower"},{"floor":26,"key":"Dream Catcher"},{"floor":42,"key":"Regal Pillow"},{"floor":43,"key":"Anchor"}],"event_choices":[{"damage_healed":0,"gold_gain":0,"player_choice":"Success","damage_taken":7,"relics_obtained":["Mercury Hourglass"],"max_hp_gain":0,"max_hp_loss":0,"event_name":"Scrap Ooze","floor":3,"gold_loss":0},{"damage_healed":0,"gold_gain":0,"player_choice":"Ignored","damage_taken":0,"max_hp_gain":0,"max_hp_loss":0,"event_name":"Liars Game","floor":11,"gold_loss":0},{"damage_healed":0,"gold_gain":100,"player_choice":"Pray","damage_taken":0,"max_hp_gain":0,"max_hp_loss":0,"event_name":"Golden Shrine","floor":13,"gold_loss":0},{"damage_healed":0,"gold_gain":0,"player_choice":"","damage_taken":6,"max_hp_gain":0,"max_hp_loss":0,"event_name":"Knowing Skull","floor":20,"potions_obtained":[],"gold_loss":0,"cards_obtained":[]},{"damage_healed":0,"gold_gain":0,"player_choice":"Ignored","damage_taken":0,"max_hp_gain":0,"max_hp_loss":0,"event_name":"Vampires","floor":27,"gold_loss":0},{"damage_healed":0,"gold_gain":0,"player_choice":"Shed Blood","damage_taken":24,"max_hp_gain":5,"max_hp_loss":0,"event_name":"Forgotten Altar","floor":28,"gold_loss":0},{"damage_healed":0,"gold_gain":0,"player_choice":"Max HP","damage_taken":0,"max_hp_gain":0,"max_hp_loss":5,"event_name":"Winding Halls","floor":41,"gold_loss":0},{"damage_healed":0,"gold_gain":0,"player_choice":"Fight","damage_taken":0,"max_hp_gain":0,"max_hp_loss":0,"event_name":"Mysterious Sphere","floor":44,"gold_loss":0}],"is_beta":false,"boss_relics":[{"not_picked":["Runic Pyramid","SacredBark"],"picked":"Ectoplasm"},{"not_picked":["Velvet Choker","SlaversCollar"],"picked":"Black Blood"}],"items_purged_floors":[19,31,37],"is_endless":false,"potions_floor_spawned":[5,6,8,10,14,21,29,33,35,38],"killed_by":"2 Orb Walkers","ascension_level":2}}