{"host":"c0rqchpxu0yjpthq","time":1612704945,"event":{"mods":["Arknights","BaseMod","Challenge The Spire","HololiveMod","Minty Spire (QoL Compilation)","Relic Stats","Spicy Shops","StSLib"],"gold_per_floor":[115,128,143,121,121,164,185,185,185,225,240,20,40,40,40,164,164,178,194,112,137,152,193,193,193,193],"floor_reached":25,"language":"ZHS","playtime":965,"items_purged":[],"score":273,"play_id":"0b6cae23-336f-49ab-9eaa-1a062dc0d197","local_time":"20210207213545","is_ascension_mode":true,"campfire_choices":[{"data":"Limit Break","floor":8.0,"key":"SMITH"},{"floor":15.0,"key":"REST"},{"data":"Heavy Blade","floor":24.0,"key":"SMITH"}],"circlet_count":0,"master_deck":["Strike_R","Strike_R","Strike_R","Strike_R","Strike_R","Defend_R","Defend_R","Defend_R","Defend_R","Bash","Heavy Blade+1","Flex","Injury","Limit Break+1","Thunderclap","Battle Trance","Echo Form","Rip and Tear+1","Pommel Strike+1","FollowUp+1","BootSequence"],"relics":["Burning Blood","NeowsBlessing","Golden Idol","Vajra","Kunai","PrismaticShard","Molten Egg 2","Mark of Pain","Frozen Egg 2"],"acts_visited":["Exordium","TheCity"],"potions_floor_usage":[],"damage_taken":[{"damage":0.0,"enemies":"Cultist","floor":1.0,"turns":1.0},{"damage":0.0,"enemies":"Jaw Worm","floor":2.0,"turns":1.0},{"damage":0.0,"enemies":"Small Slimes","floor":3.0,"turns":1.0},{"damage":14.0,"enemies":"Gremlin Nob","floor":6.0,"turns":4.0},{"damage":10.0,"enemies":"Looter","floor":7.0,"turns":3.0},{"damage":36.0,"enemies":"Lagavulin","floor":10.0,"turns":6.0},{"damage":15.0,"enemies":"Gremlin Gang","floor":11.0,"turns":4.0},{"damage":2.0,"enemies":"2 Fungi Beasts","floor":13.0,"turns":3.0},{"damage":16.0,"enemies":"The Guardian","floor":16.0,"turns":7.0},{"damage":25.0,"enemies":"Spheric Guardian","floor":18.0,"turns":4.0},{"damage":24.0,"enemies":"3 Byrds","floor":19.0,"turns":5.0},{"damage":12.0,"enemies":"Centurion and Healer","floor":21.0,"turns":3.0},{"damage":21.0,"enemies":"Snake Plant","floor":22.0,"turns":2.0},{"damage":3.0,"enemies":"Gremlin Leader","floor":23.0,"turns":5.0},{"damage":14,"enemies":"Sentry and Sphere","floor":25,"turns":3}],"seed_played":"-7038612065459771920","potions_obtained":[{"floor":3.0,"key":"BlessingOfTheForge"},{"floor":11.0,"key":"ColorlessPotion"},{"floor":13.0,"key":"Strength Potion"},{"floor":21.0,"key":"Dexterity Potion"}],"is_trial":false,"path_per_floor":["M","M","M","$","?","E","M","R","T","E","M","$","M","T","R","B",null,"M","M","$","M","M","E","R","M"],"character_chosen":"IRONCLAD","items_purchased":["Flex","PrismaticShard","Battle Trance","Pommel Strike+1"],"campfire_rested":1,"item_purchase_floors":[4,12,12,20],"current_hp_per_floor":[80,80,80,80,80,72,68,68,68,38,29,29,33,33,57,47,80,61,43,43,37,22,25,25,11,11],"gold":193,"neow_bonus":"THREE_ENEMY_KILL","is_daily":false,"chose_seed":false,"campfire_upgraded":2,"win_rate":0.0,"timestamp":1612704945,"path_taken":["M","M","?","$","?","E","M","R","T","E","M","$","M","?","R","BOSS","M","?","$","M","M","E","R","M"],"items_purchased_type":["Card","Relic","Card","Card"],"build_version":"2020-12-22","purchased_purges":0,"victory":false,"max_hp_per_floor":[80,80,80,80,80,80,80,80,80,80,80,80,80,80,80,80,80,80,80,80,80,80,80,80,80,80],"relic_stats":{"counters":[15,52],"Golden Idol":75,"Kunai":[10],"obtain_stats":[{"NeowsBlessing":0,"Golden Idol":5,"Vajra":6,"Molten Egg 2":14,"Mark of Pain":17,"Kunai":10,"Frozen Egg 2":23,"PrismaticShard":12,"Burning Blood":0},{"NeowsBlessing":0,"Golden Idol":3,"Vajra":4,"Molten Egg 2":8,"Mark of Pain":9,"Kunai":6,"Frozen Egg 2":14,"PrismaticShard":7,"Burning Blood":0},{"NeowsBlessing":0,"Golden Idol":3,"Vajra":7,"Molten Egg 2":23,"Mark of Pain":30,"Kunai":16,"Frozen Egg 2":49,"PrismaticShard":20,"Burning Blood":0}],"Burning Blood":66},"card_choices":[{"not_picked":["Cleave","Warcry"],"picked":"Heavy Blade","floor":1.0},{"not_picked":["Pommel Strike","Armaments","Shockwave"],"picked":"SKIP","floor":2.0},{"not_picked":["Headbutt","Heavy Blade","Ghostly Armor"],"picked":"SKIP","floor":3.0},{"not_picked":["Heavy Blade","Perfected Strike"],"picked":"Limit Break","floor":6.0},{"not_picked":["Shrug It Off","Sword Boomerang"],"picked":"Thunderclap","floor":7.0},{"not_picked":["Anger","Warcry","Thunderclap"],"picked":"SKIP","floor":10.0},{"not_picked":["Pommel Strike","Shrug It Off","Bludgeon"],"picked":"SKIP","floor":11.0},{"not_picked":["Hololive_Breathe","Pummel","ats:Sunburst"],"picked":"SKIP","floor":13.0},{"not_picked":["Hololive_Thief","Hololive_Rebirth"],"picked":"Echo Form","floor":16.0},{"not_picked":["Go for the Eyes+1","Hololive_Rebound+1","Burning Pact"],"picked":"SKIP","floor":18.0},{"not_picked":["ats:Healing Strengthening","Conserve Battery"],"picked":"Rip and Tear+1","floor":19.0},{"not_picked":["ats:Curse Doll+1","Clash+1","ats:Powerful Strike+1"],"picked":"SKIP","floor":21.0},{"not_picked":["ats:Assault Order+1","Hololive_LuckPotion+1"],"picked":"FollowUp+1","floor":22.0},{"not_picked":["Hololive_CallRoboco+1","Hololive_CallOzoraSubaru+1"],"picked":"BootSequence","floor":23.0}],"player_experience":41134,"relics_obtained":[{"floor":6.0,"key":"Vajra"},{"floor":10.0,"key":"Kunai"},{"floor":14.0,"key":"Molten Egg 2"},{"floor":23.0,"key":"Frozen Egg 2"}],"event_choices":[{"damage_healed":0.0,"max_hp_gain":0.0,"max_hp_loss":0.0,"gold_gain":0.0,"event_name":"Golden Idol","player_choice":"Take Wound","floor":5.0,"gold_loss":0.0,"damage_taken":0.0,"relics_obtained":["Golden Idol"],"cards_obtained":["Injury"]}],"is_beta":false,"boss_relics":[{"not_picked":["Cursed Key","Hololive_Finger"],"picked":"Mark of Pain"}],"items_purged_floors":[],"is_endless":false,"potions_floor_spawned":[3,11,13,21],"killed_by":"Sentry and Sphere","ascension_level":1}}