{"host":"mqhvlr3kpxebko0t","time":1612683781,"event":{"mods":["AchievementEnabler","BaseMod","Colored Map","Colored Powertips","KOR Keyword Fix","Keyboard Shortcuts","Minty Spire (QoL Compilation)","StSLib","SuperFastMode"],"gold_per_floor":[111,124,144,156,81,81,92,126,126,26,39,39,39,50,50,50,50],"floor_reached":16,"language":"KOR","playtime":222,"items_purged":["Strike_R","Strike_R"],"score":208,"play_id":"52c4f263-705f-4429-9019-9fc8639fb320","local_time":"20210207164301","is_ascension_mode":true,"campfire_choices":[{"data":"Carnage","floor":6,"key":"SMITH"},{"data":"Pommel Strike","floor":12,"key":"SMITH"},{"data":"Battle Trance","floor":15,"key":"SMITH"}],"circlet_count":0,"master_deck":["AscendersBane","Strike_R","Strike_R","Defend_R","Defend_R","Defend_R","Defend_R","Bash","Pommel Strike+1","Carnage+1","Battle Trance+1","Sever Soul"],"relics":["Burning Blood","Strawberry","Mummified Hand"],"acts_visited":["Exordium"],"potions_floor_usage":[],"damage_taken":[{"damage":2,"enemies":"Cultist","floor":1,"turns":4},{"damage":0,"enemies":"2 Louse","floor":2,"turns":3},{"damage":7,"enemies":"Small Slimes","floor":3,"turns":4},{"damage":16,"enemies":"2 Fungi Beasts","floor":4,"turns":4},{"damage":8,"enemies":"Blue Slaver","floor":7,"turns":3},{"damage":30,"enemies":"3 Sentries","floor":8,"turns":8},{"damage":30,"enemies":"Gremlin Gang","floor":11,"turns":4},{"damage":6,"enemies":"Looter","floor":14,"turns":2},{"damage":38,"enemies":"Slime Boss","floor":16,"turns":3}],"seed_played":"1547856983098334804","potions_obtained":[{"floor":2,"key":"Swift Potion"},{"floor":7,"key":"Weak Potion"}],"is_trial":false,"path_per_floor":["M","M","M","M","$","R","M","E","T","$","M","R","?","M","R","B"],"character_chosen":"IRONCLAD","items_purchased":[],"campfire_rested":0,"item_purchase_floors":[],"current_hp_per_floor":[79,82,81,71,71,71,69,52,52,52,28,28,28,28,28,0,0],"gold":50,"neow_bonus":"TEN_PERCENT_HP_BONUS","is_daily":false,"chose_seed":false,"campfire_upgraded":3,"win_rate":0.0,"timestamp":1612683781,"path_taken":["M","M","M","M","$","R","M","E","T","?","M","R","?","?","R","BOSS"],"items_purchased_type":[],"build_version":"2020-12-22","purchased_purges":2,"victory":false,"max_hp_per_floor":[82,82,82,82,82,82,82,89,89,89,89,89,89,89,89,89,89],"card_choices":[{"not_picked":["Iron Wave","Combust","Perfected Strike"],"picked":"SKIP","floor":1},{"not_picked":["True Grit","Bloodletting","Heavy Blade"],"picked":"SKIP","floor":2},{"not_picked":["Warcry","Seeing Red"],"picked":"Pommel Strike","floor":3},{"not_picked":["Feed","True Grit"],"picked":"Carnage","floor":4},{"not_picked":["Shockwave","Uppercut"],"picked":"Battle Trance","floor":7},{"not_picked":["Cleave","Entrench","Clothesline"],"picked":"SKIP","floor":8},{"not_picked":["Sentinel","Twin Strike","Dark Embrace"],"picked":"SKIP","floor":11},{"not_picked":["Wild Strike","Disarm","Clothesline"],"picked":"SKIP","floor":14}],"player_experience":691828,"relics_obtained":[{"floor":8,"key":"Strawberry"},{"floor":9,"key":"Mummified Hand"}],"event_choices":[{"damage_healed":0,"gold_gain":0,"cards_transformed":["Strike_R"],"player_choice":"Transformed","damage_taken":0,"max_hp_gain":0,"max_hp_loss":0,"event_name":"Transmorgrifier","floor":13,"gold_loss":0,"cards_obtained":["Sever Soul"]}],"is_beta":false,"boss_relics":[],"items_purged_floors":[5,10],"is_endless":false,"potions_floor_spawned":[2,7,8,11],"killed_by":"Slime Boss","ascension_level":20}}