{"host":"6p0attdrtjqaih7v","time":1612658191,"event":{"mods":["2.2 Compatiblity","AchievementEnabler","Bard","BaseMod","Better Skull","Better Third Choice","Colored Powertips","Hermit","Highlight Path","Key Reminder","Minty Spire (QoL Compilation)","Permanent Neow","Quick Restart","Random Character Button","Relic Stats","Reliquary","Replay The Spire","Robot Space Explorer","StSLib","The Hayseed","The Witch"],"gold_per_floor":[112,126,12,26,26,26,60,60,85,85,85,96,110,125,125,199,199,169,189,189,189,189,189,215,230,230,330,365,365,34,49,49,127,127,142,154,169,184,194,224,63,95,119,148,168,168,199,276,276,288,291],"floor_reached":52,"language":"ENG","playtime":2981,"items_purged":["RobotSpaceExplorer:Strike"],"score":2128,"play_id":"b44f6f4c-5f61-4e81-8461-00d90ac8c2ef","local_time":"20210206193631","is_ascension_mode":true,"campfire_choices":[{"data":"RobotSpaceExplorer:MiniLasers","floor":6,"key":"SMITH"},{"data":"RobotSpaceExplorer:ShovelStrike","floor":8,"key":"SMITH"},{"data":"RobotSpaceExplorer:ScrapShield","floor":10,"key":"SMITH"},{"data":"RobotSpaceExplorer:Multitool","floor":15,"key":"SMITH"},{"data":"RobotSpaceExplorer:Fix","floor":23,"key":"SMITH"},{"data":"RobotSpaceExplorer:Autoloader","floor":29,"key":"SMITH"},{"data":"RobotSpaceExplorer:ShovelStrike","floor":32,"key":"SMITH"},{"data":"RobotSpaceExplorer:Jetpack","floor":46,"key":"SMITH"},{"data":"RobotSpaceExplorer:Fix","floor":49,"key":"SMITH"}],"circlet_count":0,"master_deck":["AscendersBane","RobotSpaceExplorer:Strike","RobotSpaceExplorer:Defend","RobotSpaceExplorer:Defend","RobotSpaceExplorer:Defend","RobotSpaceExplorer:Defend","RobotSpaceExplorer:Scan","RobotSpaceExplorer:MiniLasers+1","RobotSpaceExplorer:Probe","RobotSpaceExplorer:MetalStrike","RobotSpaceExplorer:SurgingStrike","RobotSpaceExplorer:ScrapShield+1","RobotSpaceExplorer:ShovelStrike+1","RobotSpaceExplorer:Jetpack+1","RobotSpaceExplorer:SurgingShield","RobotSpaceExplorer:ScrapShield","RobotSpaceExplorer:Multitool+1","RobotSpaceExplorer:Autoloader+1","RobotSpaceExplorer:ShovelStrike+1","RobotSpaceExplorer:MetalStrike","RobotSpaceExplorer:Fix+1","RobotSpaceExplorer:ScrapShield","RobotSpaceExplorer:ShovelStrike","RobotSpaceExplorer:Fix+1","RobotSpaceExplorer:Explosion","RobotSpaceExplorer:MiniDrones","RobotSpaceExplorer:Blitz","RobotSpaceExplorer:LuckyStrike+1","RobotSpaceExplorer:Fix+1"],"relics":["Coffee Dripper","RobotSpaceExplorer:ToughPlating","reliquary:TatteredRug","RobotSpaceExplorer:Reprocessor","Enchiridion","Replay:Ringing Soul","keyreminder:keyreminder","Replay:Rubber Ducky","TheSimpletonMod:GardenGlove","Torii","TheSimpletonMod:Moonshine","Snack Pack","DollysMirror","reliquary:SharkskinSheath","RobotSpaceExplorer:ClockworkSextant","Art of War","Anchor","Replay:Multitool","Replay:Bandana"],"acts_visited":["Exordium","TheCity","TheBeyond"],"potions_floor_usage":[7,16,18,24,38],"damage_taken":[{"damage":7,"enemies":"Small Slimes","floor":1,"turns":3},{"damage":2,"enemies":"Jaw Worm","floor":2,"turns":4},{"damage":5,"enemies":"2 Louse","floor":4,"turns":2},{"damage":40,"enemies":"Gremlin Nob","floor":7,"turns":5},{"damage":1,"enemies":"Looter","floor":12,"turns":3},{"damage":3,"enemies":"2 Fungi Beasts","floor":13,"turns":3},{"damage":0,"enemies":"Exordium Thugs","floor":14,"turns":4},{"damage":2,"enemies":"The Guardian","floor":16,"turns":10},{"damage":10,"enemies":"2 Thieves","floor":18,"turns":4},{"damage":0,"enemies":"Spheric Guardian","floor":19,"turns":4},{"damage":10,"enemies":"Book of Stabbing","floor":24,"turns":6},{"damage":13,"enemies":"Snake Plant","floor":25,"turns":7},{"damage":0,"enemies":"Colosseum Slavers","floor":27,"turns":4},{"damage":0,"enemies":"Colosseum Nobs","floor":27,"turns":4},{"damage":19,"enemies":"Slavers","floor":28,"turns":7},{"damage":10,"enemies":"Centurion and Healer","floor":31,"turns":6},{"damage":0,"enemies":"Automaton","floor":33,"turns":9},{"damage":0,"enemies":"3 Darklings","floor":35,"turns":10},{"damage":1,"enemies":"Orb Walker","floor":36,"turns":3},{"damage":0,"enemies":"Writhing Mass","floor":37,"turns":8},{"damage":45,"enemies":"Jaw Worm Horde","floor":38,"turns":6},{"damage":0,"enemies":"Maw","floor":39,"turns":6},{"damage":2,"enemies":"Nemesis","floor":40,"turns":7},{"damage":1,"enemies":"R_Hoarder","floor":42,"turns":9},{"damage":63,"enemies":"Reptomancer","floor":44,"turns":6},{"damage":25,"enemies":"Transient","floor":45,"turns":6},{"damage":0,"enemies":"Nemesis","floor":47,"turns":5},{"damage":1,"enemies":"Spire Growth","floor":48,"turns":3},{"damage":69,"enemies":"Awakened One","floor":50,"turns":11},{"damage":40,"enemies":"Time Eater","floor":51,"turns":10}],"seed_played":"-2688828190365941228","potions_obtained":[{"floor":7,"key":"FairyPotion"},{"floor":12,"key":"Strength Potion"},{"floor":16,"key":"EssenceOfSteel"},{"floor":19,"key":"PowerPotion"},{"floor":28,"key":"SkillPotion"},{"floor":40,"key":"LiquidBronze"},{"floor":47,"key":"FairyPotion"}],"is_trial":false,"path_per_floor":["M","M","$","M","?","R","E","R","T","R","?","M","M","M","R","B",null,"M","M","?","?","?","R","E","M","T","?","E","R","$","M","R","B",null,"M","M","M","M","M","E","$","E","T","E","M","R","E","M","R","B","B",null],"character_chosen":"RobotSpaceExplorer","items_purchased":["RobotSpaceExplorer:SurgingStrike","Block Potion","DollysMirror","RobotSpaceExplorer:Wormhole","RobotSpaceExplorer:ClockworkSextant"],"campfire_rested":0,"item_purchase_floors":[3,3,30,30,41],"current_hp_per_floor":[57,55,55,50,50,50,10,10,10,10,10,9,6,6,6,4,54,44,44,23,23,23,23,22,18,18,33,20,20,23,35,35,70,82,89,89,89,63,87,92,92,92,92,43,47,47,65,83,83,52,54],"gold":291,"neow_bonus":"BOSS_RELIC","is_daily":false,"chose_seed":false,"campfire_upgraded":9,"win_rate":0.0,"timestamp":1612658191,"path_taken":["M","M","$","M","?","R","E","R","T","R","?","M","M","M","R","BOSS","M","M","?","?","?","R","E","M","T","?","E","R","?","M","R","BOSS","M","M","M","M","M","E","$","E","T","E","M","R","E","M","R","BOSS","BOSS"],"items_purchased_type":["Card","Potion","Relic","Card","Relic"],"build_version":"2020-12-22","purchased_purges":1,"victory":true,"max_hp_per_floor":[71,71,71,71,71,71,71,71,71,71,71,71,71,71,71,71,71,71,71,71,71,71,71,74,77,77,80,80,80,83,83,83,86,86,89,89,89,92,92,92,92,92,92,92,95,95,95,98,98,98,98],"relic_stats":{"Torii":22,"counters":[30,175],"Art of War":[2],"obtain_stats":[{"RobotSpaceExplorer:ClockworkSextant":41,"Torii":27,"Enchiridion":20,"RobotSpaceExplorer:RoboCore":0,"reliquary:TatteredRug":9,"Replay:Multitool":44,"RobotSpaceExplorer:Reprocessor":17,"Replay:Rubber Ducky":25,"keyreminder:keyreminder":24,"Replay:Ringing Soul":24,"Anchor":43,"Replay:Bandana":47,"DollysMirror":30,"RobotSpaceExplorer:ToughPlating":7,"Coffee Dripper":0,"Snack Pack":28,"Art of War":42,"TheSimpletonMod:Moonshine":27,"TheSimpletonMod:GardenGlove":26,"reliquary:SharkskinSheath":40},{"RobotSpaceExplorer:ClockworkSextant":23,"Torii":14,"Enchiridion":10,"RobotSpaceExplorer:RoboCore":0,"reliquary:TatteredRug":4,"Replay:Multitool":25,"RobotSpaceExplorer:Reprocessor":8,"Replay:Rubber Ducky":12,"keyreminder:keyreminder":11,"Replay:Ringing Soul":11,"Anchor":24,"Replay:Bandana":27,"DollysMirror":15,"RobotSpaceExplorer:ToughPlating":4,"Coffee Dripper":0,"Snack Pack":15,"Art of War":24,"TheSimpletonMod:Moonshine":14,"TheSimpletonMod:GardenGlove":12,"reliquary:SharkskinSheath":23},{"RobotSpaceExplorer:ClockworkSextant":125,"Torii":63,"Enchiridion":42,"RobotSpaceExplorer:RoboCore":0,"reliquary:TatteredRug":14,"Replay:Multitool":140,"RobotSpaceExplorer:Reprocessor":34,"Replay:Rubber Ducky":55,"keyreminder:keyreminder":48,"Replay:Ringing Soul":48,"Anchor":134,"Replay:Bandana":151,"DollysMirror":70,"RobotSpaceExplorer:ToughPlating":14,"Coffee Dripper":0,"Snack Pack":70,"Art of War":134,"TheSimpletonMod:Moonshine":63,"TheSimpletonMod:GardenGlove":55,"reliquary:SharkskinSheath":125}]},"card_choices":[{"not_picked":["RobotSpaceExplorer:ImprovisedAttack","RobotSpaceExplorer:GlueShot"],"picked":"RobotSpaceExplorer:Probe","floor":1},{"not_picked":["RobotSpaceExplorer:GlueShot","RobotSpaceExplorer:FranticSearch"],"picked":"RobotSpaceExplorer:MetalStrike","floor":2},{"not_picked":["RobotSpaceExplorer:TurboDodge","RobotSpaceExplorer:ShockKick"],"picked":"RobotSpaceExplorer:ScrapShield","floor":4},{"not_picked":["RobotSpaceExplorer:FreezingShield","RobotSpaceExplorer:FrostMissile"],"picked":"RobotSpaceExplorer:ShovelStrike","floor":7},{"not_picked":["RobotSpaceExplorer:FreezeRay","RobotSpaceExplorer:StunGrenade"],"picked":"RobotSpaceExplorer:SurgingShield","floor":12},{"not_picked":["RobotSpaceExplorer:MiniDrones","RobotSpaceExplorer:Probe"],"picked":"RobotSpaceExplorer:ScrapShield","floor":13},{"not_picked":["RobotSpaceExplorer:DoubleBlock","RobotSpaceExplorer:Counterblock"],"picked":"RobotSpaceExplorer:Multitool","floor":14},{"not_picked":["RobotSpaceExplorer:BlastShield","RobotSpaceExplorer:Wormhole"],"picked":"RobotSpaceExplorer:Autoloader","floor":16},{"not_picked":["RobotSpaceExplorer:Probe","RobotSpaceExplorer:Pulsar"],"picked":"RobotSpaceExplorer:ShovelStrike","floor":18},{"not_picked":["RobotSpaceExplorer:BigMissile","RobotSpaceExplorer:FreezingShield"],"picked":"RobotSpaceExplorer:MetalStrike","floor":19},{"not_picked":["RobotSpaceExplorer:SurgingStrike","RobotSpaceExplorer:ScrapMissile"],"picked":"RobotSpaceExplorer:Exploration","floor":24},{"not_picked":["RobotSpaceExplorer:SurgingShield","RobotSpaceExplorer:Counterblock"],"picked":"RobotSpaceExplorer:ScrapShield","floor":25},{"not_picked":["RobotSpaceExplorer:DoubleFind","RobotSpaceExplorer:StunGrenade"],"picked":"RobotSpaceExplorer:ShovelStrike","floor":27},{"not_picked":["RobotSpaceExplorer:TurboDodge","RobotSpaceExplorer:Reload","RobotSpaceExplorer:SurgingStrike"],"picked":"SKIP","floor":28},{"not_picked":["RobotSpaceExplorer:Counterblock","RobotSpaceExplorer:GlueShot","RobotSpaceExplorer:PowerGlove"],"picked":"SKIP","floor":31},{"not_picked":["RobotSpaceExplorer:HighVoltage","RobotSpaceExplorer:BlastShield"],"picked":"RobotSpaceExplorer:Explosion","floor":33},{"not_picked":["RobotSpaceExplorer:Electroshield","RobotSpaceExplorer:ScrapMissile"],"picked":"RobotSpaceExplorer:MiniDrones","floor":35},{"not_picked":["RobotSpaceExplorer:FrostMissile","RobotSpaceExplorer:MakeshiftVolley","RobotSpaceExplorer:RigExplosive"],"picked":"SKIP","floor":36},{"not_picked":["RobotSpaceExplorer:Counterblock","RobotSpaceExplorer:SlimeMissile+1","RobotSpaceExplorer:ToxicBomb"],"picked":"SKIP","floor":37},{"not_picked":["RobotSpaceExplorer:DualCore","RobotSpaceExplorer:SlimeMissile"],"picked":"RobotSpaceExplorer:Blitz","floor":38},{"not_picked":["RobotSpaceExplorer:PlasmaMissile","RobotSpaceExplorer:SlimeMissile+1","RobotSpaceExplorer:LaserBurst"],"picked":"SKIP","floor":39},{"not_picked":["RobotSpaceExplorer:Discharger","RobotSpaceExplorer:ImprovisedAttack","RobotSpaceExplorer:GlueSpray"],"picked":"SKIP","floor":40},{"not_picked":["RobotSpaceExplorer:Discharger","RobotSpaceExplorer:ImprovisedAttack","RobotSpaceExplorer:GlueSpray"],"picked":"SKIP","floor":40},{"not_picked":["RobotSpaceExplorer:RigExplosive+1","RobotSpaceExplorer:MakeshiftVolley","RobotSpaceExplorer:MiniDrones"],"picked":"SKIP","floor":42},{"not_picked":["RobotSpaceExplorer:SlimeMissile","RobotSpaceExplorer:Ammunition+1","RobotSpaceExplorer:MakeshiftVolley"],"picked":"SKIP","floor":44},{"not_picked":["RobotSpaceExplorer:ScrapMissile+1","RobotSpaceExplorer:Scanner"],"picked":"RobotSpaceExplorer:LuckyStrike+1","floor":45},{"not_picked":["RobotSpaceExplorer:StunGrenade+1","RobotSpaceExplorer:Blitz+1","RobotSpaceExplorer:Ammunition"],"picked":"SKIP","floor":47},{"not_picked":["RobotSpaceExplorer:MiniDrones","RobotSpaceExplorer:Blitz"],"picked":"RobotSpaceExplorer:Fix","floor":48}],"player_experience":1056362,"relics_obtained":[{"floor":7,"key":"RobotSpaceExplorer:ToughPlating"},{"floor":9,"key":"reliquary:TatteredRug"},{"floor":20,"key":"Enchiridion"},{"floor":24,"key":"Replay:Ringing Soul"},{"floor":25,"key":"Replay:Rubber Ducky"},{"floor":26,"key":"TheSimpletonMod:GardenGlove"},{"floor":27,"key":"Torii"},{"floor":27,"key":"TheSimpletonMod:Moonshine"},{"floor":28,"key":"Snack Pack"},{"floor":40,"key":"reliquary:SharkskinSheath"},{"floor":42,"key":"Art of War"},{"floor":43,"key":"Anchor"},{"floor":44,"key":"Replay:Multitool"},{"floor":47,"key":"Replay:Bandana"}],"event_choices":[{"damage_healed":0,"gold_gain":0,"player_choice":"LEAVE","damage_taken":0,"max_hp_gain":0,"max_hp_loss":0,"event_name":"betterThird:BetterScrap","floor":5,"gold_loss":0,"cards_obtained":["Well Laid Plans"]},{"damage_healed":0,"gold_gain":0,"cards_transformed":["RobotSpaceExplorer:Strike"],"player_choice":"Change","damage_taken":0,"max_hp_gain":0,"max_hp_loss":0,"event_name":"Living Wall","floor":11,"gold_loss":0,"cards_obtained":["RobotSpaceExplorer:Jetpack"]},{"damage_healed":0,"gold_gain":0,"player_choice":"Obtained Book","damage_taken":21,"max_hp_gain":0,"max_hp_loss":0,"event_name":"Cursed Tome","floor":20,"gold_loss":0},{"damage_healed":0,"gold_gain":0,"player_choice":"Ignored","damage_taken":0,"max_hp_gain":0,"max_hp_loss":0,"event_name":"Ghosts","floor":21,"gold_loss":0},{"damage_healed":0,"gold_gain":0,"player_choice":"Read","damage_taken":0,"max_hp_gain":0,"max_hp_loss":0,"event_name":"The Library","floor":22,"gold_loss":0,"cards_obtained":["RobotSpaceExplorer:Fix"]},{"damage_healed":0,"gold_gain":0,"player_choice":"Fight","damage_taken":0,"max_hp_gain":0,"max_hp_loss":0,"event_name":"Colosseum","floor":27,"gold_loss":0},{"damage_healed":0,"gold_gain":0,"player_choice":"Fought Nobs","damage_taken":0,"max_hp_gain":0,"max_hp_loss":0,"event_name":"Colosseum","floor":27,"gold_loss":0}],"is_beta":false,"boss_relics":[{"not_picked":["Replay:Wanted Poster","Empty Cage"],"picked":"RobotSpaceExplorer:Reprocessor"},{"not_picked":["Replay:Bronze Core","Sozu","ReplayTheSpireMod:DimensionalGlitch"]}],"items_purged_floors":[30],"is_endless":false,"potions_floor_spawned":[7,12,13,16,19,27,28,31,35,36,40,44,47],"ascension_level":20}}