{"host":"eaiphzh066bwqdh7","time":1612736368,"event":{"mods":["BaseMod","Better Note","Halation","Hubris","Minty Spire (QoL Compilation)","Reliquary","Replay The Spire","StSLib"],"gold_per_floor":[110,130,147,147,160,194,194,194,194],"floor_reached":8,"language":"ENG","playtime":338,"items_purged":[],"score":70,"play_id":"ad855ec7-af40-484b-b6ad-d48f840ce0dd","local_time":"20210207171928","is_ascension_mode":true,"campfire_choices":[{"floor":7,"key":"REST"}],"circlet_count":0,"master_deck":["Strike_G","Strike_G","Strike_G","Strike_G","Strike_G","Defend_G","Defend_G","Defend_G","Defend_G","Defend_G","Survivor","Neutralize","Backstab","hubris:Sniper","hubris:SlightOfHand","Cloak And Dagger","A Thousand Cuts"],"relics":["Ring of the Snake","NeowsBlessing","Ninja Scroll"],"acts_visited":["Exordium"],"potions_floor_usage":[5,5,8,8],"damage_taken":[{"damage":0.0,"enemies":"Small Slimes","floor":1.0,"turns":1.0},{"damage":0.0,"enemies":"Cultist","floor":2.0,"turns":1.0},{"damage":0,"enemies":"Jaw Worm","floor":3,"turns":1},{"damage":4,"enemies":"Large Slime","floor":5,"turns":5},{"damage":39,"enemies":"3 Sentries","floor":6,"turns":13},{"damage":49,"enemies":"Lagavulin","floor":8,"turns":6}],"seed_played":"3299686471688863921","potions_obtained":[{"floor":2,"key":"Adrenaline Potion"},{"floor":3,"key":"CunningPotion"},{"floor":5,"key":"SpeedPotion"},{"floor":6,"key":"ColorlessPotion"}],"is_trial":false,"path_per_floor":["M","M","M","?","M","E","R","E"],"character_chosen":"THE_SILENT","items_purchased":[],"campfire_rested":1,"item_purchase_floors":[],"current_hp_per_floor":[70,70,70,70,66,27,48,0,0],"gold":194,"neow_bonus":"THREE_ENEMY_KILL","is_daily":false,"chose_seed":false,"campfire_upgraded":0,"win_rate":0.0,"timestamp":1612736368,"path_taken":["M","M","M","?","?","E","R","E"],"items_purchased_type":[],"build_version":"2020-12-22","purchased_purges":0,"victory":false,"max_hp_per_floor":[70,70,70,70,70,70,70,70,70],"card_choices":[{"not_picked":["Cloak And Dagger","Predator"],"picked":"Backstab","floor":1.0},{"not_picked":["Flechettes","Endless Agony"],"picked":"hubris:Sniper","floor":2},{"not_picked":["Heel Hook","Noxious Fumes"],"picked":"hubris:SlightOfHand","floor":3},{"not_picked":["hubris:SlightOfHand","All Out Attack"],"picked":"Cloak And Dagger","floor":5},{"not_picked":["Tactician","Quick Slash"],"picked":"A Thousand Cuts","floor":6}],"player_experience":275145,"relics_obtained":[{"floor":6,"key":"Ninja Scroll"}],"event_choices":[{"damage_healed":0,"gold_gain":0,"player_choice":"Full Heal","damage_taken":0,"max_hp_gain":0,"max_hp_loss":0,"event_name":"Wheel of Change","floor":4,"gold_loss":0}],"is_beta":false,"boss_relics":[],"items_purged_floors":[],"is_endless":false,"potions_floor_spawned":[2,3,5,6],"killed_by":"Lagavulin","ascension_level":4}}