{"host":"5sge6gv1nm0vflk2","time":1612693874,"event":{"mods":["AchievementEnabler","Aspiration","Bard","BaseMod","Beaked The Cultist","Better Third Choice","BetterRewards","Challenge The Spire","Colored Powertips","Conspire","Curses Come First","Downfall","Halation","Hubris","Infinite Spire","Minty Spire (QoL Compilation)","Relic Stats","Shade Mod","Shop Mod","Spicy Shops","StSLib","The Construct","The Cursed","The Disciple","The Hierophant","The Runesmith","The Servant 0.9.4"],"gold_per_floor":[114,134,134,146,159,159,159],"floor_reached":6,"language":"ENG","playtime":511,"items_purged":[],"score":40,"play_id":"da2a4dc4-cf9c-4e34-87e8-6b9e0d8a57ec","local_time":"20210207043114","is_ascension_mode":true,"campfire_choices":[],"circlet_count":0,"master_deck":["Strike_S","Strike_S","Strike_S","Strike_S","Defend_S","Defend_S","Defend_S","Defend_S","KidneyShot","Exchange","Replace","StarChef","BottledTime","SurpressingFire","ShiftingGears","Rearm"],"relics":["Uniform","infinitespire:CheckeredPen"],"acts_visited":["Exordium"],"potions_floor_usage":[],"damage_taken":[{"damage":1.0,"enemies":"Cultist","floor":1.0,"turns":4.0},{"damage":9.0,"enemies":"Small Slimes","floor":2.0,"turns":5.0},{"damage":0.0,"enemies":"2 Louse","floor":4.0,"turns":2.0},{"damage":7.0,"enemies":"Blue Slaver","floor":5.0,"turns":5.0},{"damage":0,"enemies":"Nightmare","floor":6,"turns":1}],"seed_played":"-8908838949537579014","potions_obtained":[{"floor":1.0,"key":"DistilledChaos"},{"floor":3.0,"key":"EntropicBrew"},{"floor":3.0,"key":"DistilledChaos"}],"is_trial":false,"path_per_floor":["M","M","?","M","M","NM"],"character_chosen":"THE_SERVANT","items_purchased":["infinitespire:CheckeredPen","Replace"],"campfire_rested":0,"item_purchase_floors":[0,0],"current_hp_per_floor":[54,45,45,45,38,38,38],"gold":159,"neow_bonus":"","is_daily":false,"chose_seed":false,"campfire_upgraded":0,"win_rate":0.0,"timestamp":1612693874,"path_taken":["M","M","?","M","M","E"],"items_purchased_type":["Relic","Card"],"build_version":"2020-12-22","purchased_purges":0,"victory":false,"max_hp_per_floor":[65,65,65,65,65,65,65],"relic_stats":{"counters":[43,222],"obtain_stats":[{"Darkstone Periapt":48,"aspiration:Lifesprig":10,"Lantern":19,"Tiny House":34,"construct:FoamFinger":9,"Torii":39,"Uniform":0,"Bag of Preparation":25,"Cursed Key":51,"aspiration:StickyExplosives_weak":12,"conspire:InfiniteJournal":43,"Centennial Puzzle":8,"conspire:GlowingRock":23,"Shovel":0,"Mummified Hand":3,"Strawberry":40,"MerchantsRug":19,"champ:Barbells":55,"Girya":8,"StoneMask":25,"Blue Candle":2,"Oddly Smooth Stone":25,"halation:Thesaurus":25,"infinitespire:CheckeredPen":0,"hubris:Towel":21,"War Paint":26,"Medical Kit":3,"aspiration:IroncladSkillbook":17,"conspire:GiftBox":11,"Bird Faced Urn":31,"hubris:PeanutButter":26,"Art of War":9,"halation:AfternoonTea":4,"Pan":13,"halation:PinkSoulGem":4,"infinitespire:Cupcake":17,"infinitespire:Midas Blood":29,"Meat on the Bone":5},{"Darkstone Periapt":21,"aspiration:Lifesprig":4,"Lantern":9,"Tiny House":13,"construct:FoamFinger":28,"Torii":16,"Uniform":0,"Bag of Preparation":10,"Cursed Key":22,"aspiration:StickyExplosives_weak":6,"conspire:InfiniteJournal":17,"Centennial Puzzle":4,"conspire:GlowingRock":34,"Shovel":25,"Mummified Hand":26,"Strawberry":17,"MerchantsRug":9,"champ:Barbells":24,"Girya":28,"StoneMask":10,"Blue Candle":1,"Oddly Smooth Stone":35,"halation:Thesaurus":10,"infinitespire:CheckeredPen":38,"hubris:Towel":9,"War Paint":10,"Medical Kit":1,"aspiration:IroncladSkillbook":32,"conspire:GiftBox":29,"Bird Faced Urn":12,"hubris:PeanutButter":35,"Art of War":4,"halation:AfternoonTea":27,"Pan":30,"halation:PinkSoulGem":1,"infinitespire:Cupcake":8,"infinitespire:Midas Blood":11,"Meat on the Bone":27},{"Darkstone Periapt":122,"aspiration:Lifesprig":13,"Lantern":43,"Tiny House":72,"construct:FoamFinger":168,"Torii":90,"Uniform":0,"Bag of Preparation":48,"Cursed Key":140,"aspiration:StickyExplosives_weak":26,"conspire:InfiniteJournal":99,"Centennial Puzzle":13,"conspire:GlowingRock":187,"Shovel":150,"Mummified Hand":154,"Strawberry":99,"MerchantsRug":43,"champ:Barbells":145,"Girya":168,"StoneMask":48,"Blue Candle":3,"Oddly Smooth Stone":191,"halation:Thesaurus":48,"infinitespire:CheckeredPen":205,"hubris:Towel":43,"War Paint":48,"Medical Kit":3,"aspiration:IroncladSkillbook":183,"conspire:GiftBox":170,"Bird Faced Urn":64,"hubris:PeanutButter":191,"Art of War":13,"halation:AfternoonTea":162,"Pan":174,"halation:PinkSoulGem":3,"infinitespire:Cupcake":35,"infinitespire:Midas Blood":56,"Meat on the Bone":162}]},"card_choices":[{"not_picked":["Alleviate","DancingSilver"],"picked":"BottledTime","floor":1.0},{"not_picked":["Alleviate","Defy"],"picked":"SurpressingFire","floor":2.0},{"not_picked":["TimeTheft","Rewind"],"picked":"ShiftingGears","floor":4.0},{"not_picked":["Read","StarChef"],"picked":"Rearm","floor":5.0}],"player_experience":493967,"relics_obtained":[],"event_choices":[{"damage_healed":0.0,"max_hp_gain":0.0,"max_hp_loss":0.0,"gold_gain":0.0,"event_name":"Lab","player_choice":"Got Potions","floor":3.0,"gold_loss":0.0,"damage_taken":0.0}],"is_beta":false,"boss_relics":[],"items_purged_floors":[],"is_endless":false,"potions_floor_spawned":[1],"killed_by":"Nightmare","ascension_level":1}}