{"host":"hpdezpg731xgox4e","time":1612660876,"event":{"mods":["2.2 Compatiblity","Aspiration","BaseMod","Downfall","GifTheSpireLib","Minty Spire (QoL Compilation)","Shop Mod","StSLib"],"gold_per_floor":[99,113,213,44,144,162,162,162,262,262,272,285,295,309,321,422,422,422,437,451,217,228,228,304,304,30,61,61,74,74,85,97,193,193,193,207,226,276,301,301,348,348,363,374,374,374,384,1,20,20],"floor_reached":51,"language":"ENG","playtime":5523,"items_purged":["sneckomod:Strike"],"score":938,"play_id":"99a29544-d192-4e07-a59b-fd7b9cf808b6","local_time":"20210206202116","is_ascension_mode":false,"campfire_choices":[{"data":"sneckomod:DiceBoulder","floor":10,"key":"SMITH"},{"floor":30,"key":"REST"},{"data":"sneckomod:DiceBoulder+1","floor":35,"key":"SMITH"},{"data":"sneckomod:Mudshield","floor":42,"key":"SMITH"},{"data":"sneckomod:DiceBoulder+2","floor":45,"key":"SMITH"}],"circlet_count":0,"master_deck":["sneckomod:Defend","sneckomod:Defend","sneckomod:TailWhip","sneckomod:SnekBite","sneckomod:Unknown","Guardian:FierceBash","sneckomod:QuickMove","sneckomod:SerpentIdol","sneckomod:DiceBoulder+3","sneckomod:SerpentIdol","downfall:Haunted","downfall:Haunted","downfall:Aged","sneckomod:UnknownRareSkill","downfall:Haunted","downfall:Bewildered","sneckomod:QuickBite","sneckomod:ImprovisedAttack","sneckomod:SerpentIdol","sneckomod:CheapStock","sneckomod:MorePower","sneckomod:UnknownUncommonAttack+1","sneckomod:SlitherStrike","sneckomod:UnendingSupply","sneckomod:SerpentMind+1","hexamod:VolcanoVisage+1","sneckomod:UnknownClassGUARDIAN","sneckomod:UnknownBoss+1","sneckomod:UnendingSupply","sneckomod:UnknownBoss+1","sneckomod:TrashToTreasure+1","sneckomod:CheapStock","sneckomod:SoulCleanse","sneckomod:ImprovisedAttack","Bite","Bite","Bite","Bite","Bite","sneckomod:UnknownRarePower+1","sneckomod:CheapStock+1","expansioncontent:StudyTheSpire","expansioncontent:AwakenDeath","sneckomod:RainOfDice+1","sneckomod:Unknown3Cost+1","sneckomod:UnknownBlock","sneckomod:DiceBoulder","sneckomod:Mudshield+1","sneckomod:UnknownBlock+1","sneckomod:QuickBite+1","sneckomod:RainOfDice+1","sneckomod:UnknownRareSkill+1","sneckomod:ImprovisedGuard+1","sneckomod:SoulRoll+1","sneckomod:UnknownUncommonSkill","sneckomod:Unknown2Cost+1","sneckomod:DiceBlock+1","sneckomod:QuickBite","sneckomod:UnknownUncommonAttack","sneckomod:UnknownClassGUARDIAN"],"relics":["sneckomod:SneckoSoul","Du-Vu Doll","Pantograph","aspiration:HiddenCompartment","Toy Ornithopter","Snecko Eye","Mercury Hourglass","Nilry\u0027s Codex","aspiration:DSix","WarpedTongs","Empty Cage","Calipers","Torii","Blood Vial","aspiration:KaomsHeart"],"acts_visited":["Exordium","TheCity","TheBeyond"],"potions_floor_usage":[15,16,31,33,44,47,50,50],"damage_taken":[{"damage":2,"enemies":"Small Slimes","floor":2,"turns":4},{"damage":2,"enemies":"downfall:FleeingMerchant","floor":4,"turns":4},{"damage":0,"enemies":"2 Louse","floor":6,"turns":1},{"damage":17,"enemies":"downfall:LadyInBlue","floor":9,"turns":8},{"damage":0,"enemies":"Cultist","floor":11,"turns":2},{"damage":3,"enemies":"Lots of Slimes","floor":12,"turns":3},{"damage":11,"enemies":"3 Louse","floor":13,"turns":2},{"damage":6,"enemies":"Blue Slaver","floor":14,"turns":4},{"damage":0,"enemies":"Large Slime","floor":15,"turns":2},{"damage":46,"enemies":"DF_ARCHETYPE_STREAMLINE","floor":16,"turns":6},{"damage":0,"enemies":"Spheric Guardian","floor":19,"turns":2},{"damage":13,"enemies":"Shelled Parasite and Fungi","floor":20,"turns":4},{"damage":10,"enemies":"downfall:FleeingMerchant","floor":21,"turns":4},{"damage":0,"enemies":"Centurion and Healer","floor":22,"turns":2},{"damage":3,"enemies":"downfall:FleeingMerchant","floor":26,"turns":4},{"damage":42,"enemies":"Gremlin Leader","floor":27,"turns":4},{"damage":13,"enemies":"Snake Plant","floor":29,"turns":2},{"damage":0,"enemies":"3 Cultists","floor":31,"turns":2},{"damage":18,"enemies":"Centurion and Healer","floor":32,"turns":3},{"damage":23,"enemies":"IC_MUSHROOM_ARCHETYPE","floor":33,"turns":4},{"damage":20,"enemies":"3 Shapes","floor":36,"turns":3},{"damage":0,"enemies":"Orb Walker","floor":37,"turns":2},{"damage":10,"enemies":"Orb Walker","floor":38,"turns":4},{"damage":8,"enemies":"4 Shapes","floor":43,"turns":3},{"damage":8,"enemies":"Writhing Mass","floor":44,"turns":3},{"damage":54,"enemies":"Jaw Worm Horde","floor":47,"turns":3},{"damage":0,"enemies":"downfall:FleeingMerchant","floor":48,"turns":1},{"damage":29,"enemies":"3 Darklings","floor":49,"turns":2},{"damage":40,"enemies":"SI_POISON_ARCHETYPE","floor":50,"turns":5}],"seed_played":"-1147113901520127803","potions_obtained":[{"floor":9,"key":"sneckomod:OffclassReductionPotion"},{"floor":9,"key":"SneckoOil"},{"floor":9,"key":"Ancient Potion"},{"floor":15,"key":"Fruit Juice"},{"floor":20,"key":"CultistPotion"},{"floor":27,"key":"Slimebound:ThreeZeroPotion"},{"floor":32,"key":"SneckoOil"},{"floor":33,"key":"hexamod:SoulburnPotion"},{"floor":38,"key":"Block Potion"},{"floor":44,"key":"Regen Potion"}],"is_trial":false,"path_per_floor":["R","M","?","$","?","M","T","?","?","R","M","M","M","M","M","B",null,"R","M","M","$","M","?","T","?","$","E","?","M","R","M","M","B",null,"R","M","M","?","?","?","T","R","M","M","R","?","M","$","M","B",null],"character_chosen":"THE_SNECKO","items_purchased":["sneckomod:DiceBoulder","sneckomod:SerpentIdol","sneckomod:CheapStock","sneckomod:SoulCleanse","expansioncontent:StudyTheSpire","expansioncontent:AwakenDeath","aspiration:KaomsHeart","sneckomod:QuickBite","sneckomod:UnknownUncommonAttack"],"campfire_rested":1,"item_purchase_floors":[4,4,21,21,26,26,48,48,48],"current_hp_per_floor":[99,97,97,95,100,100,100,100,83,83,83,80,69,63,73,57,109,109,109,96,86,86,76,76,60,63,21,21,10,32,40,31,41,76,76,60,62,56,56,56,56,56,52,55,55,63,27,131,108,109],"gold":20,"neow_bonus":"TEN_PERCENT_HP_BONUS","is_daily":false,"chose_seed":false,"campfire_upgraded":4,"win_rate":0.0,"timestamp":1612660876,"path_taken":["R","M","?","$","?","M","T","?","?","R","M","?","?","M","M","BOSS","R","M","M","$","M","?","T","?","$","E","?","?","R","M","M","BOSS","R","M","M","?","?","?","T","R","M","?","R","?","?","$","M","BOSS"],"items_purchased_type":["Card","Card","Card","Card","Card","Card","Relic","Card","Card"],"build_version":"2020-12-22","purchased_purges":1,"victory":true,"max_hp_per_floor":[99,99,99,99,104,104,104,104,104,104,104,104,104,104,109,109,109,109,109,109,109,109,76,76,76,76,76,76,76,76,76,76,76,76,76,76,76,76,76,76,76,76,76,76,76,76,76,176,176,176],"card_choices":[{"not_picked":["sneckomod:WideSting","sneckomod:SoulDraw"],"picked":"sneckomod:QuickMove","floor":2},{"not_picked":["sneckomod:UnknownUncommonPower","sneckomod:UnknownCommonAttack"],"picked":"sneckomod:SerpentIdol","floor":4},{"not_picked":["sneckomod:UnknownCommonAttack","sneckomod:QuickMove"],"picked":"sneckomod:QuickBite","floor":6},{"not_picked":["sneckomod:UnknownStrike","sneckomod:TrashToTreasure"],"picked":"sneckomod:ImprovisedAttack","floor":9},{"not_picked":["sneckomod:SoulRoll","sneckomod:IronFang"],"picked":"sneckomod:SerpentIdol","floor":11},{"not_picked":["sneckomod:DiceBlock","sneckomod:UnknownStrike"],"picked":"sneckomod:CheapStock","floor":12},{"not_picked":["sneckomod:UnknownUncommonPower","sneckomod:QuickMove"],"picked":"sneckomod:MorePower","floor":13},{"not_picked":["sneckomod:UnknownStrike+1","sneckomod:UnknownDraw+1"],"picked":"sneckomod:UnknownUncommonAttack+1","floor":14},{"not_picked":["sneckomod:WideSting","sneckomod:TrashToTreasure"],"picked":"sneckomod:SlitherStrike","floor":14},{"not_picked":["sneckomod:UnknownCommonAttack","sneckomod:UnknownCommonSkill"],"picked":"sneckomod:UnendingSupply","floor":15},{"not_picked":["sneckomod:UnknownExhaust+1","sneckomod:UnknownUncommonAttack+1"],"picked":"sneckomod:UnknownRarePower+1","floor":16},{"not_picked":["sneckomod:UnknownRareAttack","sneckomod:SoulExchange"],"picked":"sneckomod:SerpentMind","floor":16},{"not_picked":["sneckomod:UnknownVulnerable","sneckomod:SoulDraw"],"picked":"sneckomod:UnknownClassGUARDIAN","floor":19},{"not_picked":["sneckomod:UnknownUncommonPower+1","sneckomod:UnknownCommonAttack+1"],"picked":"sneckomod:UnknownBoss+1","floor":20},{"not_picked":["sneckomod:ImprovisedAttack","sneckomod:Unknown2Cost+1"],"picked":"sneckomod:UnendingSupply","floor":20},{"not_picked":["sneckomod:UnknownStrike+1","sneckomod:UnknownDraw+1"],"picked":"sneckomod:UnknownBoss+1","floor":21},{"not_picked":["sneckomod:UnknownCommonAttack","sneckomod:Unknown1Cost"],"picked":"sneckomod:TrashToTreasure+1","floor":21},{"not_picked":["sneckomod:IronFang","sneckomod:SnakeSap"],"picked":"sneckomod:ImprovisedAttack","floor":22},{"not_picked":["sneckomod:Unknown2Cost+1","sneckomod:UnknownClassHEXA_GHOST_PURPLE+1"],"picked":"sneckomod:UnknownRarePower+1","floor":26},{"not_picked":["sneckomod:SnakeSap","sneckomod:RainOfDice"],"picked":"sneckomod:CheapStock+1","floor":26},{"not_picked":["sneckomod:IronFang","sneckomod:UnknownClassTHE_BRONZE_AUTOMATON+1"],"picked":"sneckomod:RainOfDice+1","floor":27},{"not_picked":["sneckomod:UnknownBlock+1","sneckomod:UnknownBoss+1"],"picked":"sneckomod:Unknown3Cost+1","floor":29},{"not_picked":["sneckomod:SoulDraw","sneckomod:UnknownDraw+1"],"picked":"sneckomod:UnknownBlock","floor":29},{"not_picked":["sneckomod:UnknownX","sneckomod:UnknownWeak"],"picked":"sneckomod:DiceBoulder","floor":31},{"not_picked":["sneckomod:TrashToTreasure","sneckomod:SnakeSap","sneckomod:SnekBeam"],"picked":"SKIP","floor":32},{"not_picked":["sneckomod:Cheat","sneckomod:SoulExchange"],"picked":"sneckomod:Mudshield","floor":33},{"not_picked":["sneckomod:UnknownBoss+1","sneckomod:UnknownClassTHE_BRONZE_AUTOMATON+1"],"picked":"sneckomod:UnknownBlock+1","floor":36},{"not_picked":["sneckomod:UnknownDraw","sneckomod:DiceBlock"],"picked":"sneckomod:QuickBite+1","floor":36},{"not_picked":["sneckomod:UnknownBlock","sneckomod:SoulDraw"],"picked":"sneckomod:RainOfDice+1","floor":37},{"not_picked":["sneckomod:UnknownRareAttack+1","sneckomod:UnknownClassHEXA_GHOST_PURPLE+1"],"picked":"sneckomod:UnknownRareSkill+1","floor":38},{"not_picked":["sneckomod:SoulRoll","sneckomod:DiceCrush+1"],"picked":"sneckomod:ImprovisedGuard+1","floor":38},{"not_picked":["sneckomod:SerpentIdol+1","sneckomod:UnknownClassGUARDIAN+1"],"picked":"sneckomod:SoulRoll+1","floor":43},{"not_picked":["sneckomod:SoulDraw+1","sneckomod:UnknownCommonSkill"],"picked":"sneckomod:UnknownUncommonSkill","floor":44},{"not_picked":["sneckomod:UnknownCommonAttack+1","sneckomod:DefensiveFlair"],"picked":"sneckomod:Unknown2Cost+1","floor":47},{"not_picked":["sneckomod:IronFang+1","sneckomod:DefensiveFlair"],"picked":"sneckomod:DiceBlock+1","floor":48},{"not_picked":["sneckomod:SnekBeam+1","sneckomod:UnknownX"],"picked":"sneckomod:UnknownClassGUARDIAN","floor":49}],"player_experience":48657,"relics_obtained":[{"floor":7,"key":"Pantograph"},{"floor":9,"key":"Toy Ornithopter"},{"floor":24,"key":"Mercury Hourglass"},{"floor":25,"key":"Nilry\u0027s Codex"},{"floor":27,"key":"aspiration:DSix"},{"floor":38,"key":"Calipers"},{"floor":39,"key":"Torii"},{"floor":41,"key":"Blood Vial"}],"event_choices":[{"damage_healed":0,"gold_gain":0,"player_choice":"Box","damage_taken":0,"relics_obtained":["aspiration:HiddenCompartment"],"max_hp_gain":0,"max_hp_loss":0,"event_name":"Big Fish","floor":8,"gold_loss":0,"cards_obtained":["Regret"]},{"damage_healed":0,"gold_gain":0,"player_choice":"Became a vampire","damage_taken":0,"max_hp_gain":0,"max_hp_loss":33,"event_name":"Vampires","floor":23,"gold_loss":0,"cards_obtained":["Bite","Bite","Bite","Bite","Bite"]},{"damage_healed":0,"gold_gain":0,"player_choice":"Rummage","damage_taken":0,"relics_obtained":["WarpedTongs"],"max_hp_gain":0,"max_hp_loss":0,"event_name":"Accursed Blacksmith","floor":28,"gold_loss":0,"cards_obtained":["Pain"]},{"cards_removed":["sneckomod:Defend"],"damage_healed":0,"gold_gain":0,"player_choice":"Card Removal","damage_taken":0,"max_hp_gain":0,"max_hp_loss":0,"event_name":"Wheel of Change","floor":40,"gold_loss":0}],"is_beta":false,"boss_relics":[{"not_picked":["Sozu","SacredBark"],"picked":"Snecko Eye"},{"not_picked":["Busted Crown","aspiration:FutureDiary"],"picked":"Empty Cage"}],"items_purged_floors":[21],"is_endless":false,"potions_floor_spawned":[9,11,12,13,15,20,27,32,33,38,44],"ascension_level":0}}