{"host":"b7j598ve05halrwk","time":1612669937,"event":{"mods":["2.2 Compatiblity","BaseMod","Block Reminder","DeckTracker","Minty Spire (QoL Compilation)","Relic Stats","Slay the Relics Exporter","StSLib","ojb\u0027s Better Paths Mod","ojb\u0027s Info Mod"],"gold_per_floor":[218,183,17,31,45,76,76,76,76],"floor_reached":8,"language":"ENG","playtime":397,"items_purged":[],"score":112,"play_id":"8c870348-53d6-499c-a380-e1d151391d42","local_time":"20210206225217","is_ascension_mode":true,"campfire_choices":[{"data":"Zap","floor":7,"key":"SMITH"}],"circlet_count":0,"master_deck":["AscendersBane","Strike_B","Strike_B","Strike_B","Strike_B","Defend_B","Defend_B","Defend_B","Defend_B","Zap+1","Dualcast","Steam","Cold Snap","Cold Snap","FTL"],"relics":["Cracked Core","Orichalcum","Tiny Chest"],"acts_visited":["Exordium"],"potions_floor_usage":[8],"damage_taken":[{"damage":16.0,"enemies":"Small Slimes","floor":1.0,"turns":4.0},{"damage":6.0,"enemies":"Jaw Worm","floor":4.0,"turns":3.0},{"damage":0,"enemies":"2 Louse","floor":5,"turns":2},{"damage":29,"enemies":"Lagavulin","floor":6,"turns":8},{"damage":41,"enemies":"Gremlin Nob","floor":8,"turns":3}],"seed_played":"2606372411011495997","potions_obtained":[{"floor":1.0,"key":"Dexterity Potion"},{"floor":4.0,"key":"Energy Potion"}],"is_trial":false,"path_per_floor":["M","?","$","M","M","E","R","E"],"character_chosen":"DEFECT","items_purchased":["Orichalcum"],"campfire_rested":0,"item_purchase_floors":[3],"current_hp_per_floor":[48,65,65,59,59,30,30,0,0],"gold":76,"neow_bonus":"HUNDRED_GOLD","is_daily":false,"chose_seed":false,"campfire_upgraded":1,"win_rate":0.0,"timestamp":1612669937,"path_taken":["M","?","$","M","M","E","R","E"],"items_purchased_type":["Relic"],"build_version":"2020-12-22","purchased_purges":0,"victory":false,"max_hp_per_floor":[71,71,71,71,71,71,71,71,71],"relic_stats":{"counters":[5,20],"Tiny Chest":0,"Orichalcum":[66],"obtain_stats":[{"Tiny Chest":6,"Orichalcum":3,"Cracked Core":0},{"Tiny Chest":4,"Orichalcum":1,"Cracked Core":0},{"Tiny Chest":17,"Orichalcum":4,"Cracked Core":0}]},"card_choices":[{"not_picked":["Leap","Skim"],"picked":"Steam","floor":1.0},{"not_picked":["Double Energy","Sweeping Beam"],"picked":"Cold Snap","floor":4.0},{"not_picked":["Leap","Darkness"],"picked":"Cold Snap","floor":5},{"not_picked":["Conserve Battery","Creative AI"],"picked":"FTL","floor":6}],"player_experience":1113899,"relics_obtained":[{"floor":6,"key":"Tiny Chest"}],"event_choices":[{"damage_healed":17.0,"max_hp_gain":0.0,"max_hp_loss":0.0,"gold_gain":0.0,"event_name":"The Cleric","player_choice":"Healed","floor":2.0,"gold_loss":35.0,"damage_taken":0.0}],"is_beta":false,"boss_relics":[],"items_purged_floors":[],"is_endless":false,"potions_floor_spawned":[1,4],"killed_by":"Gremlin Nob","ascension_level":20}}