{"host":"5uuadjc5gi6cs0xs","time":1612709743,"event":{"mods":["2.2 Compatiblity","Abigail Mod","AchievementEnabler","Act Like it!","BaseMod","BetterRewards","Chen","FTL Soundtrack","Friendly Minions","Hero for Fun","KinomotoSakuraMod(????)","Kiyohime????","Koishi","Marisa????????","Minty Spire (QoL Compilation)","Onozuka Komachi Mod","Permanent Neow","Prisma Mod","Quick Restart","Railgun Mod","Rare Cards Sparkle","Relic Stats","Remilia??????","StSLib","The Administrix","The Animator","The Exalted","The Gatherer","TheSwordswoman","Waifu the Spire","WarShipGirlsR/????R mod","Yohane!","Yuri Mod","Yuyuko"],"gold_per_floor":[111,128,138,154,172,188,201,229,229,229,154,179,193,211,211,211,211],"floor_reached":16,"language":"DEU","playtime":1268,"items_purged":["Decay"],"score":118,"play_id":"cb76008b-19b3-4c74-90a2-7ded38d4ff8f","local_time":"20210207155543","is_ascension_mode":false,"campfire_choices":[{"floor":10,"key":"REST"},{"floor":15,"key":"REST"}],"circlet_count":0,"master_deck":["Strike_P","Strike_P","Strike_P","Strike_P","Defend_P","Defend_P","Defend_P","Defend_P","Eruption","Vigilance","Judgement","JustLucky","CrushJoints","WheelKick","EmptyFist","Halt","WaveOfTheHand","WheelKick","Tantrum","Swivel","Consecrate","Perseverance"],"relics":["PureWater","Letter Opener","Bromod:ArcaneTrickery","Potion Belt"],"acts_visited":["Exordium"],"potions_floor_usage":[8,12,16,16,16,16],"damage_taken":[{"damage":0,"enemies":"Jaw Worm","floor":1,"turns":1},{"damage":0,"enemies":"Cultist","floor":2,"turns":2},{"damage":2,"enemies":"Small Slimes","floor":3,"turns":3},{"damage":7,"enemies":"Blue Slaver","floor":4,"turns":3},{"damage":0,"enemies":"2 Fungi Beasts","floor":5,"turns":2},{"damage":8,"enemies":"Exordium Wildlife","floor":6,"turns":4},{"damage":2,"enemies":"Blue Slaver","floor":7,"turns":3},{"damage":6,"enemies":"3 Sentries","floor":8,"turns":4},{"damage":29,"enemies":"Lagavulin","floor":12,"turns":8},{"damage":0,"enemies":"2 Fungi Beasts","floor":13,"turns":2},{"damage":11,"enemies":"Large Slime","floor":14,"turns":4},{"damage":49,"enemies":"The Guardian","floor":16,"turns":8}],"seed_played":"638794236667009734","potions_obtained":[{"floor":2,"key":"DistilledChaos"},{"floor":7,"key":"Energy Potion"},{"floor":8,"key":"SmokeBomb"},{"floor":12,"key":"LiquidBronze"},{"floor":14,"key":"EntropicBrew"}],"is_trial":false,"path_per_floor":["M","M","M","M","M","M","M","E","T","R","$","E","M","M","R","B"],"character_chosen":"WATCHER","items_purchased":[],"campfire_rested":2,"item_purchase_floors":[],"current_hp_per_floor":[72,72,70,63,63,55,53,47,47,68,68,39,39,28,49,0,0],"gold":211,"neow_bonus":"THREE_RARE_CARDS","is_daily":false,"chose_seed":false,"campfire_upgraded":0,"win_rate":0.0,"timestamp":1612709743,"path_taken":["M","M","M","M","M","M","M","E","T","R","$","E","M","M","R","BOSS"],"items_purchased_type":[],"build_version":"2020-12-22","purchased_purges":1,"victory":false,"max_hp_per_floor":[72,72,72,72,72,72,72,72,72,72,72,72,72,72,72,72,72],"relic_stats":{"counters":[12,44],"Letter Opener":[25],"obtain_stats":[{"Potion Belt":12,"Bromod:ArcaneTrickery":9,"Letter Opener":8,"PureWater":0},{"Potion Belt":9,"Bromod:ArcaneTrickery":8,"Letter Opener":8,"PureWater":0},{"Potion Belt":30,"Bromod:ArcaneTrickery":22,"Letter Opener":22,"PureWater":0}]},"card_choices":[{"not_picked":["Vault","Scrawl"],"picked":"Judgement","floor":0},{"not_picked":["Collect","EmptyBody"],"picked":"JustLucky","floor":1},{"not_picked":["Crescendo","Protect"],"picked":"CrushJoints","floor":2},{"not_picked":["Pray","Protect"],"picked":"WheelKick","floor":3},{"not_picked":["Perseverance","Crescendo"],"picked":"EmptyFist","floor":4},{"not_picked":["ClearTheMind","EmptyFist"],"picked":"Halt","floor":5},{"not_picked":["SignatureMove","Scrawl"],"picked":"WaveOfTheHand","floor":6},{"not_picked":["Study","ClearTheMind"],"picked":"WheelKick","floor":7},{"not_picked":["Crescendo","Fasting2"],"picked":"Tantrum","floor":8},{"not_picked":["Meditate","SignatureMove"],"picked":"Swivel","floor":12},{"not_picked":["Crescendo","WheelKick"],"picked":"Consecrate","floor":13},{"not_picked":["CrushJoints","Crescendo"],"picked":"Perseverance","floor":14}],"player_experience":392117,"relics_obtained":[{"floor":8,"key":"Letter Opener"},{"floor":9,"key":"Bromod:ArcaneTrickery"},{"floor":12,"key":"Potion Belt"}],"event_choices":[],"is_beta":false,"boss_relics":[],"items_purged_floors":[11],"is_endless":false,"potions_floor_spawned":[2,7,8,12,14],"killed_by":"The Guardian","ascension_level":0}}