{"host":"o3b7ow6d1xe49css","time":1612706532,"event":{"mods":["Act Like it!","Aspiration","BaseMod","Bestiary","Better Altar","Better Match","Better Note","Better Sensory Stone","Better Skull","Better Third Choice","Colored Powertips","Conspire","Energized Spire","Force Act Four","GifTheSpireLib","Halation","Hermit","Hubris","Infinite Spire","Lobotomy","Minty Spire (QoL Compilation)","Quick Restart","Rare Cards Sparkle","Relic Filter Mod","Reliquary","Replay The Spire","Spicy Shops","Spikes Relics","Spire Arcade","StSLib","Stuff the Spire","The Blue Laboratory","Wandering Minibosses"],"gold_per_floor":[117,134,134,134,134,163,191,191,259,259,259,57,87,93,93,192,192,201,47,60,335,184,214,214,244,244,277,277,229,229,242,242,345,345,359,376,391,391,31,31,31,41,41,69,69,81,92,100,100,200,200,200,35,65,170],"floor_reached":56,"language":"ENG","playtime":2485,"items_purged":["Strike_B","Regret","Strike_B","Defend_B","Defend_B"],"score":1569,"play_id":"2092d412-e8ff-4d4c-95b9-1088110781c4","local_time":"20210207050212","daily_mods":["Heirloom","Flight"],"is_ascension_mode":true,"campfire_choices":[{"floor":8,"key":"REST"},{"data":"StuffTheSpire:Synthwave","floor":10,"key":"SMITH"},{"data":"Static Discharge","floor":11,"key":"SMITH"},{"data":"Redo","floor":15,"key":"SMITH"},{"data":"Loop","floor":24,"key":"SMITH"},{"floor":30,"key":"REST"},{"floor":32,"key":"REST"},{"floor":40,"key":"REST"},{"floor":41,"key":"REST"},{"floor":45,"key":"RECALL"},{"floor":49,"key":"REST"},{"data":"Biased Cognition","floor":52,"key":"SMITH"}],"circlet_count":0,"master_deck":["Defend_B+1","Defend_B+1","Dualcast","StuffTheSpire:Synthwave+1","UniverseFragment","Cold Snap+1","Redo+1","Static Discharge+1","Electrodynamics","Conserve Battery","Loop+1","StuffTheSpire:Plugnplay","Leap","Steam+1","Backflip","Biased Cognition+1","Glacier","Acrobatics","FIFO Queue","StuffTheSpire:Plugnplay+1","Seek","Lockon"],"relics":["Cracked Core","Ring of Chaos","Calipers","CogitoBucket","ReplayTheSpireMod:TigerMarble","Akabeko","Eternal Feather","Bronze Scales","RollingBoulder","SkinProphecy","energizedSpire:UnstableMolecules","Prayer Wheel","hubris:SlimyHat","hubris:BallOfYels","Bottled Lightning","hubris:DisguiseKit","Frozen Eye","reliquary:Craggleroot","Solar Panel","Gremlin Food","halation:AfternoonTea","Coffee Dripper","Ring of Chaos","hubris:PeanutButter"],"acts_visited":["Exordium","TheCity","TheBeyond","Exordium","TheEnding"],"potions_floor_usage":[6,13,13,14,23,23,27,29,33,50,55,55,55],"damage_taken":[{"damage":2,"enemies":"Jaw Worm","floor":1,"turns":3},{"damage":0,"enemies":"2 Louse","floor":2,"turns":2},{"damage":0,"enemies":"Cultist","floor":3,"turns":6},{"damage":10,"enemies":"Lagavulin","floor":6,"turns":8},{"damage":45,"enemies":"3 Sentries","floor":7,"turns":8},{"damage":8,"enemies":"Gremlin Nob","floor":13,"turns":3},{"damage":2,"enemies":"Exordium Wildlife","floor":14,"turns":3},{"damage":5,"enemies":"Slime Boss","floor":16,"turns":7},{"damage":9,"enemies":"Spheric Guardian","floor":18,"turns":3},{"damage":2,"enemies":"Chosen","floor":20,"turns":3},{"damage":0,"enemies":"Slavers","floor":23,"turns":2},{"damage":14,"enemies":"Nightmare","floor":25,"turns":5},{"damage":20,"enemies":"Slavers","floor":27,"turns":3},{"damage":0,"enemies":"Centurion and Healer","floor":29,"turns":6},{"damage":17,"enemies":"Snake Plant","floor":31,"turns":1},{"damage":25,"enemies":"Collector","floor":33,"turns":9},{"damage":6,"enemies":"3 Shapes","floor":35,"turns":2},{"damage":12,"enemies":"Orb Walker","floor":36,"turns":4},{"damage":38,"enemies":"Jaw Worm Horde","floor":37,"turns":6},{"damage":19,"enemies":"3 Darklings","floor":42,"turns":3},{"damage":9,"enemies":"Nightmare","floor":44,"turns":7},{"damage":6,"enemies":"Transient","floor":46,"turns":5},{"damage":15,"enemies":"4 Shapes","floor":47,"turns":2},{"damage":13,"enemies":"3 Darklings","floor":48,"turns":26},{"damage":51,"enemies":"Awakened One","floor":50,"turns":6},{"damage":45,"enemies":"Shield and Spear","floor":54,"turns":3},{"damage":23,"enemies":"The Heart","floor":55,"turns":5}],"seed_played":"7453425264422190503","potions_obtained":[{"floor":2,"key":"blueLaboratory:LouseDecoction"},{"floor":7,"key":"EssenceOfSteel"},{"floor":13,"key":"SpeedPotion"},{"floor":16,"key":"PowerPotion"},{"floor":25,"key":"blueLaboratory:PhilterOfMotion"},{"floor":27,"key":"blueLaboratory:HummingbirdPotion"},{"floor":31,"key":"blueLaboratory:FrostheartPotion"},{"floor":36,"key":"PotionOfCapacity"},{"floor":37,"key":"blueLaboratory:BottleOfRum"},{"floor":44,"key":"blueLaboratory:RelayPotion"},{"floor":50,"key":"Elixir"},{"floor":55,"key":"Weak Potion"}],"is_trial":true,"path_per_floor":["M","M","M","?","?","E","E","R","T","R","R","$","E","M","R","B",null,"M","$","M","?","$","E","R","NM","T","E","AVR","M","R","M","R","B",null,"M","M","M","AVR","$","R","R","M","T","NM","R","M","M","M","R","B",null,"R","$","E","B",null],"character_chosen":"DEFECT","items_purchased":["Bronze Scales","Block Potion","Loop","blueLaboratory:FruitPunch","FIFO Queue","Gremlin Food","Lockon"],"campfire_rested":6,"item_purchase_floors":[12,12,19,22,39,39,53],"current_hp_per_floor":[73,73,73,73,73,63,18,40,40,49,58,58,50,48,54,45,69,56,56,50,50,50,48,57,39,39,15,15,7,43,22,59,30,80,70,54,8,8,8,51,94,84,84,79,91,83,66,51,97,71,115,118,118,83,74],"gold":170,"neow_bonus":"","is_daily":false,"chose_seed":false,"campfire_upgraded":5,"win_rate":0.0,"timestamp":1612706532,"path_taken":["M","M","M","?","?","E","E","R","T","R","R","$","E","M","R","BOSS","M","$","?","?","$","E","R","NM","T","E","AVR","?","R","M","R","BOSS","M","M","M","AVR","$","R","R","M","T","NM","R","M","M","M","R","BOSS","R","$","E","BOSS"],"items_purchased_type":["Relic","Potion","Card","Potion","Card","Relic","Card"],"build_version":"2020-12-22","purchased_purges":5,"victory":true,"max_hp_per_floor":[75,75,75,75,75,75,75,75,75,75,75,75,75,75,75,77,77,79,79,81,81,81,85,85,87,87,89,89,93,93,95,95,97,97,99,101,105,105,105,105,105,108,108,110,110,112,114,116,116,118,118,118,118,120,122],"card_choices":[{"not_picked":["Panic Button","Redo"],"picked":"StuffTheSpire:Synthwave","floor":1},{"not_picked":["Scorched","BeautyBeast","HappyTeddy"],"picked":"Singing Bowl","floor":1},{"not_picked":["Scarecrow","DespairKnight"],"picked":"UniverseFragment","floor":1},{"not_picked":["ReplayGash","Steam"],"picked":"Cold Snap","floor":2},{"not_picked":["Beam Cell","Go for the Eyes"],"picked":"Redo","floor":3},{"not_picked":["FTL","ReplayTheSpireMod:Repulse"],"picked":"Static Discharge","floor":6},{"not_picked":["SnowQueen","Bloodbath","BigBird"],"picked":"Singing Bowl","floor":6},{"not_picked":["Rebound","Redo","BasicCrystalCard"],"picked":"SKIP","floor":7},{"not_picked":["Sweeping Beam","StuffTheSpire:Purify","Doom and Gloom"],"picked":"SKIP","floor":13},{"not_picked":["Leap","Panic Button"],"picked":"Electrodynamics","floor":14},{"not_picked":["hubris:DoWhile","Amplify"],"picked":"ReplayTheSpireMod:Fabricate Wheel","floor":16},{"not_picked":["Force Field","Barrage"],"picked":"Conserve Battery","floor":18},{"not_picked":["Panic Button+1","Stack"],"picked":"StuffTheSpire:Plugnplay","floor":20},{"not_picked":["ReplaySolidLightProjector+1","Steam Power+1","StuffTheSpire:LoadUp+1"],"picked":"SKIP","floor":20},{"not_picked":["StuffTheSpire:Plugnplay","Storm"],"picked":"Leap","floor":23},{"not_picked":["Tempest+1","FTL","Go for the Eyes+1"],"picked":"SKIP","floor":25},{"not_picked":["ReplayTheSpireMod:GoodbyeWorld","Consume"],"picked":"Steam+1","floor":27},{"not_picked":["Rainbow","Rebound","StuffTheSpire:LoadUp","Quick Slash"],"picked":"SKIP","floor":29},{"not_picked":["Force Field","ReplayTheSpireMod:GoodbyeWorld","Scrape","Flying Knee"],"picked":"SKIP","floor":29},{"not_picked":["Barrage+1","Fusion","StuffTheSpire:Coldhearted"],"picked":"Backflip","floor":31},{"not_picked":["Gash+1","Compile Driver","Leap","Skewer"],"picked":"SKIP","floor":31},{"not_picked":["ReplayRNGCard","Core Surge","Bullet Time"],"picked":"Biased Cognition","floor":33},{"not_picked":["Coolheaded","StuffTheSpire:LoadUp+1","aspiration:Polymerization+1","Backflip"],"picked":"SKIP","floor":35},{"not_picked":["Static Discharge+1","ReplayTheSpireMod:Dual Polarity+1","Panic Button+1","Backflip"],"picked":"SKIP","floor":35},{"not_picked":["StuffTheSpire:SnapShoot","StuffTheSpire:Synthwave+1","Choke"],"picked":"Glacier","floor":36},{"not_picked":["Hologram","Rip and Tear+1","Cold Snap+1"],"picked":"Acrobatics","floor":36},{"not_picked":["ReplayTheSpireMod:System Scan","Ball Lightning","conspire:SharedLibrary","Terror"],"picked":"SKIP","floor":37},{"not_picked":["Hello World","Barrage","ReplayTheSpireMod:System Scan+1","Deflect"],"picked":"SKIP","floor":37},{"not_picked":["Panic Button+1","Time Bomb+1","Reinforced Body+1","Distraction"],"picked":"SKIP","floor":42},{"not_picked":["Redo","Rebound+1","Beam Cell+1","Poisoned Stab"],"picked":"SKIP","floor":42},{"not_picked":["Rainbow","Redo+1","Double Energy+1","Riddle With Holes"],"picked":"SKIP","floor":44},{"not_picked":["Panic Button","Beam Cell+1","conspire:Rain+1","hubris:Counter"],"picked":"SKIP","floor":46},{"not_picked":["Coolheaded","Redo","Barrage","Distraction"],"picked":"SKIP","floor":46},{"not_picked":["StuffTheSpire:LoadUp+1","Stack","StuffTheSpire:Synthwave","Skewer"],"picked":"SKIP","floor":47},{"not_picked":["Redo","ReplayTheSpireMod:Dual Polarity+1","ReplayTheSpireMod:Repulse","Prepared"],"picked":"SKIP","floor":47},{"not_picked":["Turbo+1","StuffTheSpire:LaunchingStrike","Deadly Poison"],"picked":"StuffTheSpire:Plugnplay+1","floor":48},{"not_picked":["Barrage","Sweeping Beam+1","Leap","Crippling Poison"],"picked":"SKIP","floor":48},{"not_picked":["All For One","StuffTheSpire:LaunchingStrike","Glass Knife"],"picked":"Seek","floor":50},{"not_picked":["StuffTheSpire:LoadUp","Heatsinks","Capacitor","All Out Attack"],"picked":"SKIP","floor":54},{"not_picked":["StuffTheSpire:LoadUp","Heatsinks","Capacitor","All Out Attack"],"picked":"SKIP","floor":54}],"player_experience":1324168,"relics_obtained":[{"floor":6,"key":"ReplayTheSpireMod:TigerMarble"},{"floor":7,"key":"Akabeko"},{"floor":9,"key":"Eternal Feather"},{"floor":13,"key":"RollingBoulder"},{"floor":23,"key":"hubris:SlimyHat"},{"floor":25,"key":"hubris:BallOfYels"},{"floor":26,"key":"Bottled Lightning"},{"floor":27,"key":"hubris:DisguiseKit"},{"floor":44,"key":"halation:AfternoonTea"},{"floor":54,"key":"hubris:PeanutButter"}],"event_choices":[{"damage_healed":0,"gold_gain":0,"player_choice":"Grow","damage_taken":0,"max_hp_gain":0,"max_hp_loss":0,"event_name":"Living Wall","floor":5,"gold_loss":0,"cards_upgraded":["Zap"]},{"damage_healed":0,"gold_gain":275,"player_choice":"Desecrate","damage_taken":0,"max_hp_gain":0,"max_hp_loss":0,"event_name":"Golden Shrine","floor":21,"gold_loss":0,"cards_obtained":["Regret"]}],"is_beta":false,"boss_relics":[{"not_picked":["aspiration:PoetsPen_weak","energizedSpire:RedRose"],"picked":"energizedSpire:UnstableMolecules"},{"not_picked":["Runic Dome","StuffTheSpire:RunicConfusion"],"picked":"reliquary:Craggleroot"},{"not_picked":["ChewingGum","reliquary:RedCape"],"picked":"Coffee Dripper"}],"items_purged_floors":[19,22,28,38,53],"is_endless":true,"potions_floor_spawned":[2,7,13,16,25,27,31,36,37,44,48,50,55],"ascension_level":5}}