{"host":"9czo1ewqehy3yunx","time":1612704201,"event":{"mods":["Act Like it!","BaseMod","CapriCore","Colored Powertips","DeckTracker","GifTheSpireLib","Hermit","Keyboard Shortcuts","Minty Spire (QoL Compilation)","Permanent Neow","Quick Restart","StSLib","SuperFastMode"],"gold_per_floor":[115,135,154,169,181,181,181,181,181,201,201,213,288,348,348,348,348],"floor_reached":16,"language":"KOR","playtime":625,"items_purged":[],"score":94,"play_id":"6da4cfd0-c768-4f1d-9785-bde5c543f197","local_time":"20210207222321","is_ascension_mode":false,"campfire_choices":[{"data":"hermit:Vantage","floor":6,"key":"SMITH"},{"data":"hermit:Vantage","floor":8,"key":"SMITH"},{"data":"hermit:TakeAim","floor":11,"key":"SMITH"},{"data":"hermit:Ricochet","floor":15,"key":"SMITH"}],"circlet_count":0,"master_deck":["hermit:Strike_Hermit","hermit:Strike_Hermit","hermit:Strike_Hermit","hermit:Strike_Hermit","hermit:Defend_Hermit","hermit:Defend_Hermit","hermit:Defend_Hermit","hermit:Defend_Hermit","hermit:Snapshot+1","hermit:Covet","hermit:TakeAim+1","hermit:Vantage+1","hermit:Ricochet+1","hermit:Vantage+1","hermit:LuckOfTheDraw"],"relics":["hermit:Momento","hermit:Horseshoe","Calipers"],"acts_visited":["Exordium"],"potions_floor_usage":[16],"damage_taken":[{"damage":0,"enemies":"Small Slimes","floor":1,"turns":3},{"damage":0,"enemies":"2 Louse","floor":2,"turns":3},{"damage":0,"enemies":"Jaw Worm","floor":3,"turns":2},{"damage":15,"enemies":"Looter","floor":4,"turns":4},{"damage":5,"enemies":"2 Fungi Beasts","floor":5,"turns":4},{"damage":3,"enemies":"Red Slaver","floor":10,"turns":3},{"damage":0,"enemies":"Looter","floor":12,"turns":3},{"damage":41,"enemies":"Hexaghost","floor":16,"turns":9}],"seed_played":"-5845568712613361611","potions_obtained":[{"floor":3,"key":"SteroidPotion"},{"floor":10,"key":"SkillPotion"}],"is_trial":false,"path_per_floor":["M","M","M","M","M","R","?","R","T","M","R","M","?","?","R","B"],"character_chosen":"HERMIT","items_purchased":[],"campfire_rested":0,"item_purchase_floors":[],"current_hp_per_floor":[75,75,75,60,55,55,52,52,52,49,49,49,38,38,38,0,0],"gold":348,"neow_bonus":"UPGRADE_CARD","is_daily":false,"chose_seed":false,"campfire_upgraded":4,"win_rate":0.0,"timestamp":1612704201,"path_taken":["M","M","M","M","M","R","?","R","T","M","R","M","?","?","R","BOSS"],"items_purchased_type":[],"build_version":"2020-12-22","purchased_purges":0,"victory":false,"max_hp_per_floor":[75,75,75,75,75,75,75,75,75,75,75,75,75,75,75,75,75],"card_choices":[{"not_picked":["hermit:WideOpen","hermit:BodyArmor"],"picked":"hermit:TakeAim","floor":1},{"not_picked":["hermit:TrackingShot","hermit:WideOpen"],"picked":"hermit:Vantage","floor":2},{"not_picked":["hermit:Midnight","hermit:Manifest"],"picked":"hermit:Ricochet","floor":3},{"not_picked":["hermit:Midnight","hermit:Malice"],"picked":"hermit:Vantage","floor":4},{"not_picked":["hermit:Quickdraw","hermit:HoleUp","hermit:Gambit"],"picked":"SKIP","floor":5},{"not_picked":["hermit:Manifest","hermit:Malice","hermit:LowProfile"],"picked":"SKIP","floor":10},{"not_picked":["hermit:HoleUp","hermit:TakeCover"],"picked":"hermit:LuckOfTheDraw","floor":12}],"player_experience":217209,"relics_obtained":[{"floor":9,"key":"Calipers"}],"event_choices":[{"damage_healed":0,"gold_gain":0,"player_choice":"Success","damage_taken":3,"relics_obtained":["hermit:Horseshoe"],"max_hp_gain":0,"max_hp_loss":0,"event_name":"Scrap Ooze","floor":7,"gold_loss":0},{"damage_healed":0,"gold_gain":75,"player_choice":"Gather Gold","damage_taken":11,"max_hp_gain":0,"max_hp_loss":0,"event_name":"World of Goop","floor":13,"gold_loss":0},{"damage_healed":0,"gold_gain":60,"player_choice":"Gained Gold","damage_taken":0,"max_hp_gain":0,"max_hp_loss":0,"event_name":"Golden Wing","floor":14,"gold_loss":0}],"is_beta":false,"boss_relics":[],"items_purged_floors":[],"is_endless":false,"potions_floor_spawned":[3,10],"killed_by":"Hexaghost","ascension_level":0}}