{"host":"1q02rw1wpi0nrsss","time":1612659638,"event":{"mods":["AchievementEnabler","BaseMod","Better Note","Better Third Choice","Bossed Relics","Custom Start","Dark Map","DeckTracker","Disable Question Mark Monsters","Minty Spire (QoL Compilation)","Permanent Neow","Quick Restart","Rare Cards Sparkle","Relic Stats","StSLib","??????REMEMod"],"gold_per_floor":[110,123,143,159,177,207,207,207,231,249,249,249],"floor_reached":11,"language":"ENG","playtime":319,"items_purged":[],"score":96,"play_id":"82afdbe0-fa8b-4bb2-8d44-499fd9c48e61","local_time":"20210206170038","is_ascension_mode":true,"campfire_choices":[{"floor":7,"key":"REST"}],"circlet_count":0,"master_deck":["Strike_R","Strike_R","Strike_R","Strike_R","Strike_R","Defend_R","Defend_R","Defend_R","Defend_R","Bash","ConjureBlade+1","Flame Barrier","Reaper"],"relics":["Burning Blood","REME_ComplimentaryCards","White Beast Statue","Bag of Preparation"],"acts_visited":["Exordium"],"potions_floor_usage":[5,6],"damage_taken":[{"damage":1,"enemies":"Cultist","floor":1,"turns":3},{"damage":3,"enemies":"2 Louse","floor":2,"turns":3},{"damage":4,"enemies":"Small Slimes","floor":3,"turns":3},{"damage":11,"enemies":"Looter","floor":4,"turns":2},{"damage":14,"enemies":"Exordium Thugs","floor":5,"turns":5},{"damage":40,"enemies":"Gremlin Nob","floor":6,"turns":5},{"damage":17,"enemies":"3 Louse","floor":10,"turns":5},{"damage":18,"enemies":"3 Sentries","floor":11,"turns":4}],"seed_played":"-1559886521643642352","potions_obtained":[{"floor":2,"key":"LiquidBronze"},{"floor":4,"key":"Weak Potion"},{"floor":10,"key":"Strength Potion"}],"is_trial":false,"path_per_floor":["M","M","M","M","M","E","R","?","T","M","E"],"character_chosen":"IRONCLAD","items_purchased":[],"campfire_rested":1,"item_purchase_floors":[],"current_hp_per_floor":[80,80,80,75,67,33,57,57,57,55,49,49],"gold":249,"neow_bonus":"UPGRADE_CARD","is_daily":false,"chose_seed":false,"campfire_upgraded":0,"win_rate":0.0,"timestamp":1612659638,"path_taken":["M","?","M","M","M","E","R","?","T","M","E"],"items_purchased_type":[],"build_version":"2020-12-22","purchased_purges":0,"victory":false,"max_hp_per_floor":[80,80,80,80,80,80,80,80,80,80,80,80],"relic_stats":{"counters":[8,30],"Bag of Preparation":[4],"obtain_stats":[{"Bag of Preparation":9,"Burning Blood":0,"White Beast Statue":6,"REME_ComplimentaryCards":0},{"Bag of Preparation":6,"Burning Blood":0,"White Beast Statue":6,"REME_ComplimentaryCards":0},{"Bag of Preparation":21,"Burning Blood":0,"White Beast Statue":21,"REME_ComplimentaryCards":0}],"Burning Blood":32},"card_choices":[{"not_picked":["Clothesline","Fire Breathing","Warcry"],"picked":"SKIP","floor":1},{"not_picked":["True Grit","Clash","Infernal Blade"],"picked":"SKIP","floor":2},{"not_picked":["Perfected Strike","Heavy Blade","Burning Pact"],"picked":"SKIP","floor":3},{"not_picked":["Dual Wield","Body Slam","Twin Strike"],"picked":"SKIP","floor":4},{"not_picked":["REME_Scribble","Whirlwind"],"picked":"Flame Barrier","floor":5},{"not_picked":["Rupture","Clothesline"],"picked":"Reaper","floor":6},{"not_picked":["Flex","Headbutt","Wild Strike"],"picked":"SKIP","floor":10}],"player_experience":103371,"relics_obtained":[{"floor":6,"key":"White Beast Statue"},{"floor":9,"key":"Bag of Preparation"}],"event_choices":[{"damage_healed":0,"gold_gain":0,"player_choice":"Ignored","damage_taken":207,"max_hp_gain":0,"max_hp_loss":0,"event_name":"betterThird:BetterSerpent","floor":8,"gold_loss":0}],"is_beta":false,"boss_relics":[],"items_purged_floors":[],"is_endless":false,"potions_floor_spawned":[2,4,10],"killed_by":"3 Sentries","ascension_level":5}}