{"host":"l60rmjjsfi0fipmi","time":1612722424,"event":{"mods":["BaseMod","Colored Map","DeckTracker","Downfall","Highlight Path","Minty Spire (QoL Compilation)","StSLib"],"gold_per_floor":[99,114,0,17,17,17,40,40,52,82,96,129,129,229,248,345,345,345,361,361,379,379,396,396,396,415,415,147,159,159,190,203,298,298,198,210,210,221,269,287,287,300,300,300,317,333,333,346,359,359,359,359],"floor_reached":50,"language":"ENG","playtime":4263,"items_purged":["Guardian:Defend_Guardian"],"score":478,"play_id":"43cb33c0-4723-45a2-a3ae-78c80459df22","local_time":"20210207132704","is_ascension_mode":false,"campfire_choices":[{"data":"Guardian:SentryBeam","floor":1,"key":"SMITH"},{"data":"Guardian:TwinSlam","floor":6,"key":"SMITH"},{"data":"Guardian:Repulse","floor":13,"key":"SMITH"},{"data":"Guardian:TemporalStrike","floor":18,"key":"SMITH"},{"data":"Guardian:ShieldCharger","floor":25,"key":"SMITH"},{"data":"Guardian:StasisField","floor":35,"key":"SMITH"},{"data":"Guardian:CurlUp","floor":44,"key":"SMITH"},{"floor":47,"key":"REST"}],"circlet_count":0,"master_deck":["Guardian:Strike_Guardian+1","Guardian:Strike_Guardian+1","Guardian:Strike_Guardian+1","Guardian:Defend_Guardian","Guardian:Defend_Guardian","Guardian:Defend_Guardian","Guardian:CurlUp+1","Guardian:TwinSlam+1","Guardian:SentryBeam+1","Guardian:Preprogram","Guardian:PrimingBeam+1","Guardian:ShieldCharger+1","Guardian:TemporalStrike+1","Guardian:DecasProtection","Guardian:Repulse+1","Guardian:RevengeProtocol","Guardian:Incinerate+1","Guardian:BronzeArmor+1","RitualDagger+1","Guardian:StasisField+1","Guardian:BaubleBeam+1","Guardian:ChargeCore+1","Dramatic Entrance+1","Parasite","Guardian:Gem_Lightblue"],"relics":["Guardian:ModeShifter","Mummified Hand","Blood Vial","Meat on the Bone","Sozu","downfall:RedIOU","Molten Egg 2","StrikeDummy","Whetstone","SlaversCollar","downfall:HeartBlessingGreen","Happy Flower","Akabeko"],"acts_visited":["Exordium","TheCity","TheBeyond"],"potions_floor_usage":[31,50,50],"damage_taken":[{"damage":1,"enemies":"Jaw Worm","floor":2,"turns":3},{"damage":0,"enemies":"downfall:FleeingMerchant","floor":3,"turns":4},{"damage":5,"enemies":"2 Louse","floor":4,"turns":2},{"damage":0,"enemies":"Cultist","floor":9,"turns":3},{"damage":1,"enemies":"Gremlin Nob","floor":10,"turns":5},{"damage":12,"enemies":"2 Fungi Beasts","floor":11,"turns":3},{"damage":13,"enemies":"3 Sentries","floor":12,"turns":7},{"damage":18,"enemies":"3 Louse","floor":15,"turns":3},{"damage":12,"enemies":"DF_ARCHETYPE_STREAMLINE","floor":16,"turns":9},{"damage":3,"enemies":"3 Byrds","floor":19,"turns":7},{"damage":23,"enemies":"Centurion and Healer","floor":21,"turns":6},{"damage":2,"enemies":"3 Cultists","floor":23,"turns":4},{"damage":17,"enemies":"Snake Plant","floor":26,"turns":4},{"damage":0,"enemies":"downfall:FleeingMerchant","floor":28,"turns":4},{"damage":5,"enemies":"Chosen and Byrds","floor":29,"turns":5},{"damage":45,"enemies":"Gremlin Leader","floor":31,"turns":8},{"damage":0,"enemies":"Sentry and Sphere","floor":32,"turns":5},{"damage":6,"enemies":"WA_ARCHETYPE_CALM","floor":33,"turns":14},{"damage":10,"enemies":"Orb Walker","floor":36,"turns":4},{"damage":4,"enemies":"3 Shapes","floor":38,"turns":3},{"damage":7,"enemies":"Maw","floor":40,"turns":9},{"damage":10,"enemies":"3 Darklings","floor":42,"turns":9},{"damage":29,"enemies":"Writhing Mass","floor":45,"turns":6},{"damage":0,"enemies":"4 Shapes","floor":46,"turns":3},{"damage":0,"enemies":"Transient","floor":48,"turns":5},{"damage":11,"enemies":"Maw","floor":49,"turns":8},{"damage":78,"enemies":"SI_POISON_ARCHETYPE","floor":50,"turns":8}],"seed_played":"-1805457025178530432","potions_obtained":[{"floor":4,"key":"sneckomod:MuddlingPotion"},{"floor":9,"key":"EntropicBrew"},{"floor":10,"key":"SkillPotion"}],"is_trial":false,"path_per_floor":["R","M","$","M","?","R","T","?","M","E","M","E","R","?","M","B",null,"R","M","?","M","?","M","T","R","M","?","$","M","?","E","M","B",null,"R","M","?","M","?","M","T","M","?","R","M","M","R","M","M","B"],"character_chosen":"GUARDIAN","items_purchased":["Guardian:ShieldCharger","StrikeDummy"],"campfire_rested":1,"item_purchase_floors":[3,28],"current_hp_per_floor":[80,79,79,74,67,67,67,67,69,70,60,56,56,56,52,54,87,87,84,76,55,55,55,55,55,52,52,54,51,45,14,28,36,87,87,77,77,75,75,70,70,62,62,62,47,49,75,77,68,0,0,0],"gold":359,"neow_bonus":"TRANSFORM_CARD","is_daily":false,"chose_seed":false,"campfire_upgraded":7,"win_rate":0.0,"timestamp":1612722424,"path_taken":["R","M","$","M","?","R","T","?","M","E","M","E","R","?","M","BOSS","R","M","?","?","?","M","T","R","M","?","$","M","?","E","M","BOSS","R","M","?","?","?","M","T","M","?","R","M","M","R","M","M","BOSS"],"items_purchased_type":["Card","Relic"],"build_version":"2020-12-22","purchased_purges":1,"victory":false,"max_hp_per_floor":[80,80,80,80,80,80,80,80,80,80,80,87,87,87,87,87,87,87,87,87,87,87,87,87,87,87,87,87,87,87,87,87,87,87,87,87,87,87,87,87,87,87,87,87,87,87,87,87,87,87,87,87],"card_choices":[{"not_picked":["Guardian:Suspension","Guardian:TimeCapacitor"],"picked":"Guardian:Preprogram","floor":2},{"not_picked":["Guardian:Harden","Guardian:HyperBeam_Guardian"],"picked":"Guardian:PrimingBeam","floor":3},{"not_picked":["Guardian:Gem_Blue","Guardian:PiercingHide"],"picked":"Guardian:Gem_Red","floor":4},{"not_picked":["Guardian:ShieldSpikes","Guardian:Clone"],"picked":"Guardian:TemporalStrike","floor":9},{"not_picked":["Guardian:MultiBeam","Guardian:SentryBeam"],"picked":"Guardian:DecasProtection","floor":10},{"not_picked":["Guardian:Clone","Guardian:Reroute","Guardian:SpikerProtocol"],"picked":"SKIP","floor":11},{"not_picked":["Guardian:HyperBeam_Guardian","Guardian:TemporalStrike"],"picked":"Guardian:Repulse","floor":12},{"not_picked":["Guardian:Repulse","Guardian:Recover"],"picked":"Guardian:Gem_Crimson","floor":15},{"not_picked":["Guardian:HyperBeam_Guardian","Guardian:SphericShield"],"picked":"Guardian:RevengeProtocol","floor":16},{"not_picked":["Guardian:DecasProtection","Guardian:Gem_White"],"picked":"Guardian:Incinerate+1","floor":19},{"not_picked":["Guardian:Emergency+1","Guardian:Suspension+1","Guardian:ArmoredProtocol"],"picked":"SKIP","floor":21},{"not_picked":["Guardian:TemporalStrike","Guardian:Planning","Guardian:ShieldCharger"],"picked":"SKIP","floor":23},{"not_picked":["Guardian:PrimingBeam+1","Guardian:Gem_Fragmented"],"picked":"Guardian:BronzeArmor+1","floor":26},{"not_picked":["Guardian:Incinerate+1","Guardian:DonusPower","Guardian:TemporalShield"],"picked":"SKIP","floor":28},{"not_picked":["Guardian:TemporalShield+1","Guardian:Recover+1"],"picked":"Guardian:Gem_Cyan","floor":29},{"not_picked":["Guardian:Gem_Lightblue","Guardian:Planning"],"picked":"Guardian:StasisField","floor":31},{"not_picked":["Guardian:MultiBeam+1","Guardian:RollAttack+1","Guardian:PiercingHide+1"],"picked":"SKIP","floor":32},{"not_picked":["Guardian:Gem_Synthetic","Guardian:ExploitGems"],"picked":"Guardian:BaubleBeam+1","floor":33},{"not_picked":["Guardian:Gem_Cyan","Guardian:Clone"],"picked":"Guardian:ChargeCore+1","floor":36},{"not_picked":["Guardian:Preprogram+1","Guardian:ShieldCharger+1","Guardian:PiercingHide+1"],"picked":"SKIP","floor":38},{"not_picked":["Guardian:DonusPower","Guardian:CrystalBeam+1","Guardian:WalkerClaw+1"],"picked":"SKIP","floor":40},{"not_picked":["Guardian:TemporalStrike+1","Guardian:PolyBeam+1","Guardian:RollAttack+1"],"picked":"SKIP","floor":42},{"not_picked":["Guardian:ArmoredProtocol","Guardian:Emergency","Guardian:PiercingHide"],"picked":"SKIP","floor":45},{"not_picked":["Guardian:ChargeCore+1","Guardian:BronzeArmor","Guardian:RefractedBeam+1"],"picked":"SKIP","floor":46},{"not_picked":["Guardian:VentSteam+1","Guardian:PrimingBeam+1","Guardian:Suspension+1"],"picked":"SKIP","floor":48},{"not_picked":["Guardian:Gem_Green","Guardian:Reroute+1"],"picked":"Guardian:Gem_Lightblue","floor":49}],"player_experience":811696,"relics_obtained":[{"floor":7,"key":"Blood Vial"},{"floor":10,"key":"Meat on the Bone"},{"floor":12,"key":"Strawberry"},{"floor":24,"key":"Molten Egg 2"},{"floor":31,"key":"Whetstone"},{"floor":39,"key":"Happy Flower"},{"floor":41,"key":"Akabeko"}],"event_choices":[{"damage_healed":0,"gold_gain":0,"player_choice":"Success","damage_taken":7,"relics_obtained":["Mummified Hand"],"max_hp_gain":0,"max_hp_loss":0,"event_name":"Scrap Ooze","floor":5,"gold_loss":0}],"is_beta":false,"boss_relics":[{"not_picked":["Snecko Eye","Runic Pyramid"],"picked":"Sozu"},{"not_picked":["Runic Dome","Black Star"],"picked":"SlaversCollar"}],"items_purged_floors":[3],"is_endless":false,"potions_floor_spawned":[4,9,10,12,16,21,23,29,31,32,40,45,46,48,49],"killed_by":"SI_POISON_ARCHETYPE","ascension_level":0}}