{"host":"3y2rtlgteqp2nuo3","time":1612703337,"event":{"mods":["2.2 Compatiblity","AchievementEnabler","BaseMod","Colored Map","DeckTracker","Highlight Path","Keyboard Shortcuts","Minty Spire (QoL Compilation)","Permanent Neow","Quick Restart","StSLib","SuperFastMode","everything is the same but u backflip on backflip"],"gold_per_floor":[117,40,51,66,66,66,46,63,63,83,83,83,83],"floor_reached":12,"language":"KOR","playtime":220,"items_purged":[],"score":140,"play_id":"76de4217-1604-4dc1-862f-19768970ef0f","local_time":"20210207220857","is_ascension_mode":true,"campfire_choices":[{"data":"Eruption","floor":6.0,"key":"SMITH"},{"data":"Adaptation","floor":11,"key":"SMITH"}],"circlet_count":0,"master_deck":["AscendersBane","Strike_P","Strike_P","Strike_P","Strike_P","Defend_P","Defend_P","Defend_P","Defend_P","Eruption+1","Vigilance","Adaptation+1","BowlingBash","MentalFortress"],"relics":["PureWater","HornCleat"],"acts_visited":["Exordium"],"potions_floor_usage":[],"damage_taken":[{"damage":6.0,"enemies":"2 Louse","floor":1.0,"turns":2.0},{"damage":12.0,"enemies":"Jaw Worm","floor":3.0,"turns":2.0},{"damage":6.0,"enemies":"Cultist","floor":4.0,"turns":4.0},{"damage":6.0,"enemies":"Blue Slaver","floor":8.0,"turns":4.0},{"damage":3,"enemies":"Red Slaver","floor":10,"turns":5},{"damage":41,"enemies":"3 Sentries","floor":12,"turns":6}],"seed_played":"6002683679917245905","potions_obtained":[{"floor":1.0,"key":"Energy Potion"},{"floor":4.0,"key":"LiquidBronze"},{"floor":7.0,"key":"Regen Potion"},{"floor":8.0,"key":"Ambrosia"}],"is_trial":false,"path_per_floor":["M","$","M","M","?","R","?","M","T","M","R","E"],"character_chosen":"WATCHER","items_purchased":["MentalFortress"],"campfire_rested":0,"item_purchase_floors":[2],"current_hp_per_floor":[55,55,43,37,37,37,37,43,43,40,40,0,0],"gold":83,"neow_bonus":"THREE_CARDS","is_daily":false,"chose_seed":false,"campfire_upgraded":2,"win_rate":0.0,"timestamp":1612703337,"path_taken":["M","$","M","M","?","R","?","M","T","M","R","E"],"items_purchased_type":["Card"],"build_version":"2020-12-22","purchased_purges":0,"victory":false,"max_hp_per_floor":[68,68,68,68,68,68,68,68,68,68,68,68,68],"card_choices":[{"not_picked":["Prostrate","CrushJoints"],"picked":"Adaptation","floor":0.0},{"not_picked":["LikeWater","FollowUp"],"picked":"BowlingBash","floor":1.0},{"not_picked":["Crescendo","Evaluate","FlurryOfBlows"],"picked":"SKIP","floor":3.0},{"not_picked":["CrushJoints","Swivel","ClearTheMind"],"picked":"SKIP","floor":4.0},{"not_picked":["BowlingBash","DeceiveReality","Evaluate"],"picked":"SKIP","floor":8.0},{"not_picked":["BowlingBash","DeceiveReality","Evaluate"],"picked":"SKIP","floor":8.0},{"not_picked":["CarveReality","JustLucky","Protect"],"picked":"SKIP","floor":10}],"player_experience":770630,"relics_obtained":[{"floor":9.0,"key":"HornCleat"}],"event_choices":[{"damage_healed":0.0,"max_hp_gain":0.0,"max_hp_loss":0.0,"gold_gain":0.0,"event_name":"Shining Light","player_choice":"Ignored","floor":5.0,"gold_loss":0.0,"damage_taken":0.0},{"damage_healed":0.0,"max_hp_gain":0.0,"max_hp_loss":0.0,"gold_gain":0.0,"event_name":"The Woman in Blue","player_choice":"Bought 1 Potion","floor":7.0,"gold_loss":0.0,"damage_taken":0.0}],"is_beta":false,"boss_relics":[],"items_purged_floors":[],"is_endless":false,"potions_floor_spawned":[1,4,8],"killed_by":"3 Sentries","ascension_level":20}}