{"host":"j5shy70asow5koz5","time":1612693246,"event":{"mods":["2.2 Compatiblity","Arknights","BaseMod","Colored Map","Marisa£¨Ùöéë¡¡Øª×âÞÞ£©","Minty Spire (QoL Compilation)","Prisma Mod","StSLib","SuperFastMode","Td1madao Mod","The Disciple","The Gatherer","The Servant 0.9.4","Waifu the Spire"],"gold_per_floor":[111,131,56,56,131,131,131,131,131,131,31,31,65,89,89,210,273,294,315,315,328,328,363,363,363,363,387,403,73,73,97,97,223,223,243,243,257,257,73,73,73,73,73,87,87,110,110,133,133,133],"floor_reached":51,"language":"KOR","playtime":1704,"items_purged":["Strike_G","Strike_G","Defend_G+1","Wraith"],"score":738,"play_id":"d0591079-7007-4310-8111-35afba8009ea","local_time":"20210207192046","is_ascension_mode":false,"campfire_choices":[{"data":"All Out Attack","floor":6.0,"key":"SMITH"},{"data":"Sucker Punch","floor":8.0,"key":"SMITH"},{"data":"Survivor","floor":12.0,"key":"SMITH"},{"data":"Backflip","floor":15.0,"key":"SMITH"},{"data":"RitualDagger","floor":24.0,"key":"SMITH"},{"floor":25.0,"key":"REST"},{"floor":30.0,"key":"REST"},{"floor":32.0,"key":"REST"},{"data":"Terror","floor":40,"key":"SMITH"},{"data":"Adrenaline","floor":47,"key":"SMITH"},{"floor":49,"key":"REST"}],"circlet_count":0,"master_deck":["Strike_G+1","Strike_G+1","Strike_G+1","Defend_G+1","Defend_G+1","Defend_G+1","Defend_G+1","Survivor+1","Neutralize+1","All Out Attack+1","Sucker Punch+1","Backflip+1","Backflip","Venomology","Underhanded Strike","All Out Attack","Heel Hook+1","RitualDagger+1","Flying Knee","Burst","PiercingWail+1","Adrenaline+1","Underhanded Strike+1","Terror+1","Bouncing Flask+1","Bouncing Flask+1","Burst"],"relics":["Ring of the Snake","NeowsBlessing","Golden Idol","Happy Flower","Pear","WingedGreaves","Tiny House","TungstenRod","Mercury Hourglass","Snake Skull","SacredBark","MealTicket"],"acts_visited":["Exordium","TheCity","TheBeyond"],"potions_floor_usage":[48,48,48,50,50],"damage_taken":[{"damage":0.0,"enemies":"Small Slimes","floor":1.0,"turns":1.0},{"damage":0.0,"enemies":"Jaw Worm","floor":2.0,"turns":1.0},{"damage":0.0,"enemies":"3 Sentries","floor":13.0,"turns":1.0},{"damage":0.0,"enemies":"2 Louse","floor":14.0,"turns":1.0},{"damage":34.0,"enemies":"The Guardian","floor":16.0,"turns":17.0},{"damage":14.0,"enemies":"Shell Parasite","floor":18.0,"turns":8.0},{"damage":7.0,"enemies":"2 Thieves","floor":19.0,"turns":4.0},{"damage":12.0,"enemies":"Shelled Parasite and Fungi","floor":21.0,"turns":8.0},{"damage":17.0,"enemies":"Gremlin Leader","floor":23.0,"turns":8.0},{"damage":12.0,"enemies":"Cultist and Chosen","floor":27.0,"turns":5.0},{"damage":19.0,"enemies":"Sentry and Sphere","floor":28.0,"turns":7.0},{"damage":0.0,"enemies":"Centurion and Healer","floor":31.0,"turns":4.0},{"damage":62.0,"enemies":"Automaton","floor":33.0,"turns":14.0},{"damage":0.0,"enemies":"Orb Walker","floor":35.0,"turns":5.0},{"damage":9.0,"enemies":"3 Shapes","floor":37.0,"turns":3.0},{"damage":13,"enemies":"Transient","floor":44,"turns":5},{"damage":17,"enemies":"Spire Growth","floor":46,"turns":4},{"damage":37,"enemies":"Maw","floor":48,"turns":8},{"damage":76,"enemies":"Time Eater","floor":50,"turns":9}],"seed_played":"8624477078569648843","potions_obtained":[{"floor":1.0,"key":"PowerPotion"},{"floor":2.0,"key":"GhostInAJar"},{"floor":14.0,"key":"Block Potion"},{"floor":17.0,"key":"LiquidBronze"},{"floor":18.0,"key":"Block Potion"},{"floor":27.0,"key":"FairyPotion"},{"floor":28.0,"key":"EntropicBrew"},{"floor":37.0,"key":"SneckoOil"},{"floor":46,"key":"Dexterity Potion"},{"floor":48,"key":"Dexterity Potion"}],"is_trial":false,"path_per_floor":["M","M","$","?","?","R","?","R","T","T","$","R","E","M","R","B",null,"M","M","?","M","?","E","R","R","T","M","M","$","R","M","R","B",null,"M","?","M","?","$","R","$","?","T","M","?","M","R","M","R","B",null],"character_chosen":"THE_SILENT","items_purchased":["Snake Skull","Energy Potion","Terror"],"campfire_rested":4,"item_purchase_floors":[29,29,39],"current_hp_per_floor":[70,70,70,65,54,54,59,59,59,69,69,69,69,69,69,35,85,71,64,64,52,46,29,29,54,54,42,23,23,48,48,73,11,85,85,85,76,76,76,76,76,76,76,63,63,46,46,9,34,14],"gold":133,"neow_bonus":"THREE_ENEMY_KILL","is_daily":false,"chose_seed":false,"campfire_upgraded":7,"win_rate":0.0,"timestamp":1612693246,"path_taken":["M","M","$","?","?","R","?","R","T","?","$","R","E","?","R","BOSS","M","M","?","M","?","E","R","R","T","?","M","$","R","M","R","BOSS","M","?","?","?","?","R","$","?","T","?","?","M","R","M","R","BOSS"],"items_purchased_type":["Relic","Potion","Card"],"build_version":"2020-12-22","purchased_purges":4,"victory":true,"max_hp_per_floor":[70,70,70,65,65,65,70,70,70,80,80,80,80,80,80,80,85,85,85,85,85,85,85,85,85,85,85,85,85,85,85,85,85,85,85,85,85,85,85,85,85,85,85,85,85,85,85,85,85,85],"card_choices":[{"not_picked":["Eviscerate","Finisher"],"picked":"All Out Attack","floor":1.0},{"not_picked":["Poisoned Stab","Flying Knee"],"picked":"Sucker Punch","floor":2.0},{"not_picked":["Infinite Blades","Flying Knee"],"picked":"Backflip","floor":13.0},{"not_picked":["Dagger Spray","Malaise"],"picked":"Backflip","floor":14.0},{"not_picked":["Envenom","Wraith Form v2"],"picked":"Venomology","floor":16.0},{"not_picked":["Dash","Prepared"],"picked":"Underhanded Strike","floor":17.0},{"not_picked":["Poisoned Stab","Quick Slash","Calculated Gamble"],"picked":"SKIP","floor":18.0},{"not_picked":["Slice+1","Dagger Spray"],"picked":"All Out Attack","floor":19.0},{"not_picked":["Deadly Poison+1","Die Die Die"],"picked":"Heel Hook+1","floor":21.0},{"not_picked":["Dodge and Roll","Backflip"],"picked":"Flying Knee","floor":23.0},{"not_picked":["Infinite Blades","Deadly Poison","Sucker Punch+1"],"picked":"SKIP","floor":27.0},{"not_picked":["Underhanded Strike+1","Distraction"],"picked":"Burst","floor":28.0},{"not_picked":["Quick Slash+1","Blade Dance"],"picked":"PiercingWail+1","floor":31.0},{"not_picked":["Malaise","Venomology"],"picked":"Adrenaline","floor":33.0},{"not_picked":["Outmaneuver+1","Deflect+1"],"picked":"Underhanded Strike+1","floor":35.0},{"not_picked":["Blade Dance+1","Outmaneuver+1","Dagger Throw+1"],"picked":"SKIP","floor":37.0},{"not_picked":["Riddle With Holes","Deflect"],"picked":"Bouncing Flask+1","floor":44},{"not_picked":["Dagger Spray","Acrobatics"],"picked":"Burst","floor":46},{"not_picked":["Eviscerate+1","Leg Sweep","Backflip+1"],"picked":"SKIP","floor":48}],"player_experience":78069,"relics_obtained":[{"floor":9.0,"key":"Happy Flower"},{"floor":10.0,"key":"Pear"},{"floor":13.0,"key":"WingedGreaves"},{"floor":23.0,"key":"TungstenRod"},{"floor":26.0,"key":"Mercury Hourglass"},{"floor":43,"key":"MealTicket"}],"event_choices":[{"damage_healed":0.0,"max_hp_gain":0.0,"max_hp_loss":5.0,"gold_gain":0.0,"event_name":"Golden Idol","player_choice":"Lose Max HP","floor":4.0,"gold_loss":0.0,"damage_taken":0.0,"relics_obtained":["Golden Idol"]},{"damage_healed":0.0,"max_hp_gain":0.0,"max_hp_loss":0.0,"gold_gain":75.0,"event_name":"World of Goop","player_choice":"Gather Gold","floor":5.0,"gold_loss":0.0,"damage_taken":11.0},{"damage_healed":0.0,"max_hp_gain":5.0,"max_hp_loss":0.0,"gold_gain":0.0,"event_name":"Big Fish","player_choice":"Donut","floor":7.0,"gold_loss":0.0,"damage_taken":0.0},{"damage_healed":0.0,"max_hp_gain":0.0,"max_hp_loss":0.0,"gold_gain":0.0,"event_name":"Back to Basics","player_choice":"Simplicity","floor":20.0,"gold_loss":0.0,"damage_taken":0.0,"cards_upgraded":["Strike_G","Strike_G","Strike_G","Defend_G","Defend_G","Defend_G","Defend_G","Defend_G"]},{"damage_healed":0.0,"max_hp_gain":0.0,"max_hp_loss":0.0,"gold_gain":0.0,"event_name":"Nest","player_choice":"Joined the Cult","floor":22.0,"gold_loss":0.0,"damage_taken":6.0,"cards_obtained":["RitualDagger"]},{"damage_healed":0.0,"max_hp_gain":0.0,"max_hp_loss":0.0,"gold_gain":0.0,"event_name":"SecretPortal","player_choice":"Ignored","floor":36.0,"gold_loss":0.0,"damage_taken":0.0},{"damage_healed":0,"gold_gain":0,"player_choice":"Ignored","damage_taken":0,"max_hp_gain":0,"max_hp_loss":0,"event_name":"OrinTheCat","floor":38,"gold_loss":0},{"damage_healed":0,"gold_gain":0,"player_choice":"0 cards matched","damage_taken":0,"max_hp_gain":0,"max_hp_loss":0,"event_name":"Match and Keep!","floor":42,"gold_loss":0,"cards_obtained":[]},{"damage_healed":0,"gold_gain":0,"player_choice":"Copied","damage_taken":0,"max_hp_gain":0,"max_hp_loss":0,"event_name":"Duplicator","floor":45,"gold_loss":0,"cards_obtained":["Bouncing Flask"]}],"is_beta":false,"boss_relics":[{"not_picked":["Busted Crown","Sozu"],"picked":"Tiny House"},{"not_picked":["Astrolabe","SlaversCollar"],"picked":"SacredBark"}],"items_purged_floors":[3,11,29,39],"is_endless":false,"potions_floor_spawned":[1,2,14,18,27,28,31,37,46,48],"ascension_level":0}}