{"host":"l029r2dqxfiqiq5i","time":1612716852,"event":{"mods":["Act Like it!","Arknights","BaseMod","Minty Spire (QoL Compilation)","StSLib","óô»ðÖ¸ÄÏ"],"gold_per_floor":[118,132,132,144,114,114,147,147,147,157,176,29,85,85,85],"floor_reached":14,"language":"ZHS","playtime":531,"items_purged":["ats:Strike S"],"score":115,"play_id":"81b8d657-9e78-4917-9e04-d91900d69d98","local_time":"20210208005412","is_ascension_mode":false,"campfire_choices":[{"floor":6,"key":"RECALL"},{"data":"ats:Emotion Absorption","floor":8,"key":"SMITH"}],"circlet_count":0,"master_deck":["ats:Strike C","ats:Strike G","ats:Strike V","ats:Armor Crushing Shot","ats:Defend","ats:Defend","ats:Defend","ats:Defend","ats:Emotion Absorption+1","ats:Shell Defense","ats:Blood Oath","ats:Encircling Forest","ats:Cat Scratch","ats:Demon Strength","ats:Healing Strengthening","ats:Burning Ground","ats:Burning Ground"],"relics":["ats:Sanity","ats:Originium","Shuriken","Pear","Smiling Mask"],"acts_visited":["Exordium"],"potions_floor_usage":[13],"damage_taken":[{"damage":4,"enemies":"Jaw Worm","floor":1,"turns":5},{"damage":0,"enemies":"Small Slimes","floor":2,"turns":5},{"damage":6,"enemies":"Cultist","floor":4,"turns":3},{"damage":1,"enemies":"Looter","floor":5,"turns":4},{"damage":46,"enemies":"3 Sentries","floor":7,"turns":15},{"damage":12,"enemies":"Blue Slaver","floor":10,"turns":6},{"damage":10,"enemies":"Red Slaver","floor":11,"turns":4},{"damage":29,"enemies":"Gremlin Nob","floor":13,"turns":5},{"damage":0,"enemies":"Lagavulin","floor":14,"turns":1}],"seed_played":"6256672745661649756","potions_obtained":[{"floor":4,"key":"PowerPotion"},{"floor":13,"key":"ats:Burn Big Potion"}],"is_trial":false,"path_per_floor":["M","M","?","M","M","R","E","R","T","M","M","$","?","E"],"character_chosen":"DOCTOR_CLASS","items_purchased":["ats:Burning Ground"],"campfire_rested":0,"item_purchase_floors":[12],"current_hp_per_floor":[75,75,80,74,76,76,47,47,57,53,48,48,19,19,19],"gold":85,"neow_bonus":"TEN_PERCENT_HP_BONUS","is_daily":false,"chose_seed":false,"campfire_upgraded":1,"win_rate":0.0,"timestamp":1612716852,"path_taken":["M","M","?","M","M","R","E","R","T","M","M","$","?","E"],"items_purchased_type":["Card"],"build_version":"2020-12-22","purchased_purges":1,"victory":false,"max_hp_per_floor":[79,79,84,84,84,84,84,84,94,94,94,94,94,94,94],"card_choices":[{"not_picked":["ats:Poison Spread","ats:Absolute Focus"],"picked":"ats:Shell Defense","floor":1},{"not_picked":["ats:Leaping Hammer","ats:Apocalypse"],"picked":"ats:Blood Oath","floor":2},{"not_picked":["ats:Collapsing Strike","ats:Absolute Focus"],"picked":"ats:Encircling Forest","floor":4},{"not_picked":["ats:Powerful Strike","ats:Ignite"],"picked":"ats:Cat Scratch","floor":5},{"not_picked":["ats:Fractured Body","ats:Very Hot Blade","ats:Guard Mode"],"picked":"SKIP","floor":7},{"not_picked":["ats:Apocalypse","ats:True Silver Slash"],"picked":"ats:Demon Strength","floor":10},{"not_picked":["ats:Powerful Strike","ats:Poison Spread"],"picked":"ats:Healing Strengthening","floor":11},{"not_picked":["ats:Powerful Strike","ats:Serious Mode"],"picked":"ats:Burning Ground","floor":13}],"player_experience":191258,"relics_obtained":[{"floor":7,"key":"ats:Originium"},{"floor":7,"key":"Shuriken"},{"floor":9,"key":"Pear"},{"floor":13,"key":"Smiling Mask"}],"event_choices":[{"damage_healed":0,"gold_gain":0,"player_choice":"Donut","damage_taken":0,"max_hp_gain":5,"max_hp_loss":0,"event_name":"Big Fish","floor":3,"gold_loss":0},{"damage_healed":0,"gold_gain":0,"player_choice":"Searched \u00272\u0027 times","damage_taken":0,"max_hp_gain":0,"max_hp_loss":0,"event_name":"Dead Adventurer","floor":13,"gold_loss":0}],"is_beta":false,"boss_relics":[],"items_purged_floors":[12],"is_endless":false,"potions_floor_spawned":[4,13],"killed_by":"Lagavulin","ascension_level":0}}