{"host":"l5zfpd2l2htson6l","time":1612686010,"event":{"mods":["AchievementEnabler","BaseMod","Colored Map","Colored Powertips","Minty Spire (QoL Compilation)","Permanent Neow","Quick Restart","Rare Cards Sparkle","Relic Stats","SuperFastMode"],"gold_per_floor":[111,71,71,91,102,102,114,114,138,167,187,220,220,239,239,239,239],"floor_reached":16,"language":"ENG","playtime":602,"items_purged":[],"score":220,"play_id":"be3b8ae2-5ee8-4576-8476-936903e0f818","local_time":"20210207002010","is_ascension_mode":true,"campfire_choices":[{"data":"Uppercut","floor":6,"key":"SMITH"},{"data":"Carnage","floor":8,"key":"SMITH"},{"floor":15,"key":"REST"}],"circlet_count":0,"master_deck":["AscendersBane","Strike_R","Strike_R","Strike_R","Strike_R","Strike_R","Defend_R","Defend_R","Defend_R","Defend_R","Bash","Twin Strike","Uppercut+1","Carnage+1","Shrug It Off","Brutality"],"relics":["Runic Cube","Bag of Preparation","Odd Mushroom","MealTicket"],"acts_visited":["Exordium"],"potions_floor_usage":[11,12,16,16],"damage_taken":[{"damage":5,"enemies":"Small Slimes","floor":1,"turns":4},{"damage":9,"enemies":"Jaw Worm","floor":4,"turns":3},{"damage":9,"enemies":"2 Louse","floor":5,"turns":2},{"damage":7,"enemies":"2 Fungi Beasts","floor":7,"turns":3},{"damage":8,"enemies":"Gremlin Nob","floor":10,"turns":3},{"damage":10,"enemies":"The Mushroom Lair","floor":11,"turns":3},{"damage":17,"enemies":"3 Sentries","floor":12,"turns":8},{"damage":0,"enemies":"Large Slime","floor":14,"turns":3},{"damage":42,"enemies":"The Guardian","floor":16,"turns":15}],"seed_played":"2565199587966106973","potions_obtained":[{"floor":4,"key":"Block Potion"},{"floor":5,"key":"Strength Potion"},{"floor":12,"key":"Regen Potion"},{"floor":14,"key":"AttackPotion"}],"is_trial":false,"path_per_floor":["M","$","?","M","M","R","M","R","T","E","?","E","?","M","R","B"],"character_chosen":"IRONCLAD","items_purchased":["Uppercut"],"campfire_rested":1,"item_purchase_floors":[2],"current_hp_per_floor":[63,63,63,54,45,45,38,38,38,30,20,3,3,3,25,0,0],"gold":239,"neow_bonus":"BOSS_RELIC","is_daily":false,"chose_seed":false,"campfire_upgraded":2,"win_rate":0.0,"timestamp":1612686010,"path_taken":["M","$","?","M","M","R","M","R","T","E","?","E","?","M","R","BOSS"],"items_purchased_type":["Card"],"build_version":"2020-12-22","purchased_purges":0,"victory":false,"max_hp_per_floor":[75,75,75,75,75,75,75,75,75,75,75,75,75,75,75,75,75],"relic_stats":{"counters":[9,44],"MealTicket":0,"Bag of Preparation":[8],"obtain_stats":[{"MealTicket":12,"Bag of Preparation":10,"Odd Mushroom":11,"Burning Blood":0,"Runic Cube":0},{"MealTicket":7,"Bag of Preparation":5,"Odd Mushroom":6,"Burning Blood":0,"Runic Cube":0},{"MealTicket":26,"Bag of Preparation":15,"Odd Mushroom":18,"Burning Blood":0,"Runic Cube":0}],"Runic Cube":[34]},"card_choices":[{"not_picked":["Shrug It Off","Headbutt"],"picked":"Twin Strike","floor":1},{"not_picked":["Searing Blow","Flex","Clothesline"],"picked":"SKIP","floor":4},{"not_picked":["Dual Wield","True Grit"],"picked":"Carnage","floor":5},{"not_picked":["Intimidate","Clash","Hemokinesis"],"picked":"SKIP","floor":7},{"not_picked":["Searing Blow","Cleave","Headbutt"],"picked":"SKIP","floor":10},{"not_picked":["Uppercut","Blood for Blood"],"picked":"Shrug It Off","floor":11},{"not_picked":["Bludgeon","Blood for Blood"],"picked":"Brutality","floor":12},{"not_picked":["Uppercut","Body Slam","Iron Wave"],"picked":"SKIP","floor":14}],"player_experience":934942,"relics_obtained":[{"floor":10,"key":"Bag of Preparation"},{"floor":11,"key":"Odd Mushroom"},{"floor":12,"key":"MealTicket"}],"event_choices":[{"damage_healed":0,"gold_gain":0,"player_choice":"Ignored","damage_taken":0,"max_hp_gain":0,"max_hp_loss":0,"event_name":"Liars Game","floor":3,"gold_loss":0},{"damage_healed":0,"gold_gain":0,"player_choice":"Fought Mushrooms","damage_taken":0,"max_hp_gain":0,"max_hp_loss":0,"event_name":"Mushrooms","floor":11,"gold_loss":0},{"damage_healed":0,"gold_gain":0,"player_choice":"Fled","damage_taken":0,"max_hp_gain":0,"max_hp_loss":0,"event_name":"Scrap Ooze","floor":13,"gold_loss":0}],"is_beta":false,"boss_relics":[],"items_purged_floors":[],"is_endless":false,"potions_floor_spawned":[4,5,10,12,14],"killed_by":"The Guardian","ascension_level":20}}