{"host":"2zjdcgw4be5n15ja","time":1612694325,"event":{"mods":["AchievementEnabler","BaseMod","Better Skull","Better Third Choice","BetterRewards","Block Reminder","Hermit","Marisa????????","Marked Mod","Minty Spire (QoL Compilation)","Poor People Problems","Quick Restart","Rare Cards Sparkle","Reimu??????","Relic Stats","Reliquary","StSLib","The Runesmith","The Senshi","TheFirefly","Yakumo Yukari mod"],"gold_per_floor":[109,109,109,41,52,52,62,62,88,104,117,129,129,145,145,246,246,262,562,578,578,578,578],"floor_reached":22,"language":"ENG","playtime":1960,"items_purged":[],"score":178,"play_id":"bac6cb02-28e6-4bab-a825-6e85cd5765f2","local_time":"20210207233845","is_ascension_mode":false,"campfire_choices":[{"floor":6.0,"key":"RECALL"},{"data":"theSenshi:StudyParty","floor":8.0,"key":"SMITH"},{"data":"theSenshi:MoonCrisisMakeUp","floor":13.0,"key":"SMITH"},{"data":"theSenshi:MoonPrincessHalation","floor":15,"key":"SMITH"}],"circlet_count":0,"master_deck":["theSenshi:MoonPrismPowerMakeUp","theSenshi:MoonHealingEscalation","theSenshi:StudyParty+1","theSenshi:LunasBite","theSenshi:MoonPrincessHalation+1","theSenshi:Sidestep","theSenshi:MoonCrisisMakeUp+1","theSenshi:SailorChibiMoonAssists","theSenshi:TuxedoMaskAssists","theSenshi:MoonGorgeousMeditation","theSenshi:SailorCosmosAssists","theSenshi:FatedKiss","theSenshi:MercurysCunning","theSenshi:SailorPlanetAttack","theSenshi:DramaticEntrance","theSenshi:LunaWiseMentor","theSenshi:SailorVenusAssists","theSenshi:SchoolBag+1","theSenshi:MoonlightKnight+1","theSenshi:SailorPlanetPower","theSenshi:ChibiMoonsLove"],"relics":["theSenshi:TransformationBroochRelic","Pandora\u0027s Box","Old Coin"],"acts_visited":["Exordium","TheCity"],"potions_floor_usage":[16,22],"damage_taken":[{"damage":0.0,"enemies":"2 Louse","floor":1.0,"turns":3.0},{"damage":6.0,"enemies":"Small Slimes","floor":5.0,"turns":6.0},{"damage":4.0,"enemies":"Jaw Worm","floor":7.0,"turns":4.0},{"damage":4.0,"enemies":"Red Slaver","floor":10.0,"turns":5.0},{"damage":10.0,"enemies":"Lots of Slimes","floor":11.0,"turns":7.0},{"damage":0.0,"enemies":"Large Slime","floor":12.0,"turns":3.0},{"damage":4.0,"enemies":"Looter","floor":14.0,"turns":3.0},{"damage":13,"enemies":"The Guardian","floor":16,"turns":9},{"damage":34,"enemies":"2 Thieves","floor":18,"turns":4},{"damage":3,"enemies":"Shell Parasite","floor":20,"turns":4},{"damage":60,"enemies":"Masked Bandits","floor":22,"turns":3}],"seed_played":"-2147262700978201730","potions_obtained":[{"floor":1.0,"key":"Block Potion"},{"floor":7.0,"key":"ZuzhouPotion:ReiMu"},{"floor":10.0,"key":"GrandPatriotsElixir:ReiMu"},{"floor":14.0,"key":"Fire Potion"},{"floor":20,"key":"ColorlessPotion"}],"is_trial":false,"path_per_floor":["M","?","?","$","M","R","M","R","T","M","M","M","R","M","R","B",null,"M","?","M","?","?"],"character_chosen":"THE_SENSHI","items_purchased":["theSenshi:StudyParty"],"campfire_rested":0,"item_purchase_floors":[4],"current_hp_per_floor":[82,82,82,82,81,81,82,82,82,81,76,76,76,72,72,64,82,48,48,45,45,0,0],"gold":578,"neow_bonus":"TEN_PERCENT_HP_BONUS","is_daily":false,"chose_seed":false,"campfire_upgraded":3,"win_rate":0.0,"timestamp":1612694325,"path_taken":["M","?","?","?","M","R","M","R","T","?","M","?","R","M","R","BOSS","M","?","M","?","?"],"items_purchased_type":["Card"],"build_version":"2020-12-22","purchased_purges":0,"victory":false,"max_hp_per_floor":[82,82,82,82,82,82,82,82,82,82,82,82,82,82,82,82,82,82,82,82,82,82,82],"relic_stats":{"counters":[11,51],"Pandora\u0027s Box":["theSenshi:SailorCosmosAssists","theSenshi:FatedKiss","theSenshi:MercurysCunning","theSenshi:SailorPlanetAttack","theSenshi:DramaticEntrance","theSenshi:LunaWiseMentor","theSenshi:CrisisMakeUp","theSenshi:SailorVenusAssists"],"obtain_stats":[{"theSenshi:TransformationBroochRelic":0,"Pandora\u0027s Box":17,"Old Coin":19},{"theSenshi:TransformationBroochRelic":0,"Pandora\u0027s Box":8,"Old Coin":9},{"theSenshi:TransformationBroochRelic":0,"Pandora\u0027s Box":40,"Old Coin":44}]},"card_choices":[{"not_picked":["theSenshi:InTheNickOfTime","theSenshi:OdangoHead"],"picked":"theSenshi:MoonHealingEscalation","floor":1.0},{"not_picked":["theSenshi:SailorMarsAssists","theSenshi:MoonPower"],"picked":"theSenshi:LunasBite","floor":5.0},{"not_picked":["theSenshi:SchoolBag","theSenshi:EncouragingSpeech"],"picked":"theSenshi:MoonPrincessHalation","floor":7.0},{"not_picked":["theSenshi:SaturnsMystery","theSenshi:ChibiMoonsLove"],"picked":"theSenshi:Sidestep","floor":10.0},{"not_picked":["theSenshi:SailorVenusAssists","theSenshi:SailorMarsAssists"],"picked":"theSenshi:MoonCrisisMakeUp","floor":11.0},{"not_picked":["theSenshi:SchoolBag","theSenshi:LateForSchool"],"picked":"theSenshi:SailorChibiMoonAssists","floor":12.0},{"not_picked":["theSenshi:SailorChibiMoonAssists","theSenshi:TuxedoSmokingBomber"],"picked":"theSenshi:TuxedoMaskAssists","floor":14.0},{"not_picked":["theSenshi:WarriorOfTheMoon","theSenshi:SailorCosmosAssists"],"picked":"theSenshi:MoonGorgeousMeditation","floor":16},{"not_picked":["theSenshi:MoonKick","theSenshi:TuxedoSmokingBomber"],"picked":"theSenshi:SchoolBag+1","floor":18},{"not_picked":["theSenshi:LunasBite","theSenshi:SchoolBag"],"picked":"theSenshi:MoonlightKnight+1","floor":20}],"player_experience":411144,"relics_obtained":[],"event_choices":[{"damage_healed":0.0,"max_hp_gain":0.0,"max_hp_loss":0.0,"gold_gain":0.0,"event_name":"Golden Wing","player_choice":"Ignored","floor":2.0,"gold_loss":0.0,"damage_taken":0.0},{"damage_healed":0.0,"max_hp_gain":0.0,"max_hp_loss":0.0,"gold_gain":0.0,"event_name":"The Cleric","player_choice":"Leave","floor":3.0,"gold_loss":0.0,"damage_taken":0.0},{"damage_healed":0,"gold_gain":0,"player_choice":"Opened","damage_taken":0,"relics_obtained":["Old Coin"],"max_hp_gain":0,"max_hp_loss":0,"event_name":"The Mausoleum","floor":19,"gold_loss":0},{"damage_healed":0,"gold_gain":0,"cards_transformed":["theSenshi:CrisisMakeUp","theSenshi:RoseThrow"],"player_choice":"Became Test Subject","damage_taken":0,"max_hp_gain":0,"max_hp_loss":0,"event_name":"Drug Dealer","floor":21,"gold_loss":0,"cards_obtained":["theSenshi:SailorPlanetPower","theSenshi:ChibiMoonsLove"]},{"damage_healed":0,"gold_gain":0,"player_choice":"Fought Bandits","damage_taken":0,"max_hp_gain":0,"max_hp_loss":0,"event_name":"Masked Bandits","floor":22,"gold_loss":0}],"is_beta":false,"boss_relics":[{"not_picked":["Ectoplasm","Sozu"],"picked":"Pandora\u0027s Box"}],"items_purged_floors":[],"is_endless":false,"potions_floor_spawned":[1,7,10,14,20],"killed_by":"Masked Bandits","ascension_level":0}}