{"host":"krw8kyiy0um8ye49","time":1612697623,"event":{"mods":["BaseMod","Minty Spire (QoL Compilation)","StSLib","The Runesmith"],"gold_per_floor":[119,134,134,134,134,166,181,181,181,201,201,49,60,70,70,174,174,194,194,109,109,121,121,151,151,196,215,227,245,258,258,258],"floor_reached":31,"language":"ENG","playtime":1312,"items_purged":[],"score":323,"play_id":"7905ca87-91f1-4bcd-9dd9-1d6da55e456d","local_time":"20210207123343","is_ascension_mode":true,"campfire_choices":[{"data":"Genetic Algorithm","floor":8,"key":"SMITH"},{"data":"Dualcast","floor":15,"key":"SMITH"},{"data":"Buffer","floor":23,"key":"SMITH"},{"floor":25,"key":"REST"}],"circlet_count":0,"master_deck":["Strike_B+1","Strike_B","Strike_B","Strike_B","Defend_B","Defend_B+1","Defend_B","Defend_B","Zap","Dualcast+1","Beam Cell","Genetic Algorithm+1","Streamline+1","BootSequence+1","Ball Lightning","Stack+1","Buffer+1","CurseOfTheBell","Coolheaded+1","White Noise+1","Tempest+1","Melter+1","Steam+1","Barrage","Leap+1"],"relics":["Cracked Core","Nunchaku","Toxic Egg 2","Boot","Calling Bell","Lantern","Pear","Torii","MutagenicStrength","Blue Candle","Smiling Mask","Ancient Tea Set"],"acts_visited":["Exordium","TheCity"],"potions_floor_usage":[16,24,30],"damage_taken":[{"damage":13,"enemies":"Jaw Worm","floor":1,"turns":4},{"damage":7,"enemies":"Small Slimes","floor":2,"turns":4},{"damage":21,"enemies":"Gremlin Nob","floor":6,"turns":4},{"damage":4,"enemies":"2 Louse","floor":7,"turns":2},{"damage":14,"enemies":"Exordium Thugs","floor":10,"turns":3},{"damage":0,"enemies":"Large Slime","floor":13,"turns":5},{"damage":1,"enemies":"Red Slaver","floor":14,"turns":2},{"damage":24,"enemies":"The Guardian","floor":16,"turns":9},{"damage":36,"enemies":"2 Thieves","floor":18,"turns":4},{"damage":10,"enemies":"3 Byrds","floor":22,"turns":5},{"damage":44,"enemies":"Gremlin Leader","floor":24,"turns":11},{"damage":16,"enemies":"Snake Plant","floor":27,"turns":4},{"damage":24,"enemies":"Shelled Parasite and Fungi","floor":28,"turns":5},{"damage":16,"enemies":"Centurion and Healer","floor":29,"turns":7},{"damage":1,"enemies":"Cultist and Chosen","floor":30,"turns":6},{"damage":13,"enemies":"Snecko","floor":31,"turns":3}],"seed_played":"4450441131281454257","potions_obtained":[{"floor":2,"key":"PotionOfCapacity"},{"floor":6,"key":"SkillPotion"},{"floor":13,"key":"FairyPotion"},{"floor":22,"key":"BlessingOfTheForge"},{"floor":28,"key":"Explosive Potion"},{"floor":30,"key":"Block Potion"}],"is_trial":false,"path_per_floor":["M","M","?","?","?","E","M","R","T","M","?","$","M","M","R","B",null,"M","?","?","?","M","R","E","R","T","M","M","M","M","M"],"character_chosen":"DEFECT","items_purchased":["Boot"],"campfire_rested":1,"item_purchase_floors":[12],"current_hp_per_floor":[69,62,46,73,73,52,48,48,48,34,34,34,34,33,33,9,92,56,56,56,56,46,46,2,29,29,13,27,11,10,0,0],"gold":258,"neow_bonus":"TEN_PERCENT_HP_BONUS","is_daily":false,"chose_seed":false,"campfire_upgraded":3,"win_rate":0.0,"timestamp":1612697623,"path_taken":["M","M","?","?","?","E","M","R","T","M","?","$","?","M","R","BOSS","M","?","?","?","?","R","E","R","T","M","M","M","M","M"],"items_purchased_type":["Relic"],"build_version":"2020-12-22","purchased_purges":0,"victory":false,"max_hp_per_floor":[82,82,82,82,82,82,82,82,82,82,82,82,82,82,82,82,92,92,92,92,92,92,92,92,92,92,92,92,92,92,92,92],"card_choices":[{"not_picked":["Redo","Steam"],"picked":"Beam Cell","floor":1},{"not_picked":["Beam Cell","Double Energy"],"picked":"Genetic Algorithm","floor":2},{"not_picked":["Seek","Go for the Eyes","Turbo"],"picked":"SKIP","floor":6},{"not_picked":["Force Field","Self Repair"],"picked":"Streamline","floor":7},{"not_picked":["Barrage","Beam Cell"],"picked":"BootSequence+1","floor":10},{"not_picked":["Blizzard","Sunder"],"picked":"Ball Lightning","floor":13},{"not_picked":["Compile Driver","Melter"],"picked":"Stack+1","floor":14},{"not_picked":["Rainbow+1","Thunder Strike"],"picked":"Buffer","floor":16},{"not_picked":["Gash","Sweeping Beam"],"picked":"Coolheaded+1","floor":18},{"not_picked":["Leap+1","Amplify+1"],"picked":"White Noise+1","floor":22},{"not_picked":["Compile Driver+1","Lockon"],"picked":"Tempest+1","floor":24},{"not_picked":["Scrape","Hologram+1"],"picked":"Melter+1","floor":27},{"not_picked":["Go for the Eyes","Darkness+1"],"picked":"Steam+1","floor":28},{"not_picked":["Storm","Ball Lightning"],"picked":"Barrage","floor":29},{"not_picked":["Ball Lightning+1","Doom and Gloom"],"picked":"Leap+1","floor":30}],"player_experience":161779,"relics_obtained":[{"floor":6,"key":"Nunchaku"},{"floor":9,"key":"Toxic Egg 2"},{"floor":17,"key":"Lantern"},{"floor":17,"key":"Pear"},{"floor":17,"key":"Torii"},{"floor":24,"key":"Smiling Mask"},{"floor":26,"key":"Ancient Tea Set"}],"event_choices":[{"damage_healed":0,"gold_gain":0,"player_choice":"Entered Light","damage_taken":16,"max_hp_gain":0,"max_hp_loss":0,"event_name":"Shining Light","floor":3,"gold_loss":0,"cards_upgraded":["Defend_B","Strike_B"]},{"damage_healed":27,"gold_gain":0,"player_choice":"Banana","damage_taken":0,"max_hp_gain":0,"max_hp_loss":0,"event_name":"Big Fish","floor":4,"gold_loss":0},{"damage_healed":0,"gold_gain":0,"player_choice":"Leave","damage_taken":0,"max_hp_gain":0,"max_hp_loss":0,"event_name":"The Cleric","floor":5,"gold_loss":0},{"damage_healed":0,"gold_gain":0,"player_choice":"Grow","damage_taken":0,"max_hp_gain":0,"max_hp_loss":0,"event_name":"Living Wall","floor":11,"gold_loss":0,"cards_upgraded":["Streamline"]},{"damage_healed":0,"gold_gain":0,"player_choice":"Inject Mutagens","damage_taken":0,"relics_obtained":["MutagenicStrength"],"max_hp_gain":0,"max_hp_loss":0,"event_name":"Drug Dealer","floor":19,"gold_loss":0},{"damage_healed":0,"gold_gain":0,"player_choice":"Obtained Relic","damage_taken":0,"relics_obtained":["Blue Candle"],"max_hp_gain":0,"max_hp_loss":0,"event_name":"Addict","floor":20,"gold_loss":85},{"damage_healed":0,"gold_gain":0,"player_choice":"Ignored","damage_taken":0,"max_hp_gain":0,"max_hp_loss":0,"event_name":"Cursed Tome","floor":21,"gold_loss":0}],"is_beta":false,"boss_relics":[{"not_picked":["Runesmith:UraniumAnvil","Velvet Choker"],"picked":"Calling Bell"}],"items_purged_floors":[],"is_endless":false,"potions_floor_spawned":[2,6,13,14,22,28,30],"killed_by":"Snecko","ascension_level":3}}