{"host":"clf2hd4adhiiw0zf","time":1612656790,"event":{"mods":["AchievementEnabler","BaseMod","Beaked The Cultist","Bestiary","Dark Map","Downfall","Gremlin Mod","Hermit","Jorbs\u0027s Wanderer Trilogy","Marisa????????","Minty Spire (QoL Compilation)","Shop Mod","StSLib","The Cursed","The Servant 0.9.4","Wide Potions"],"gold_per_floor":[99,99,99,99,99,115,115,142,158,58,88,263,338,356,371,467,467,267,280,294,129,139,139,163,163,191,207,242,253,253,272,287,391,391,391,551,551,551,551,220,220,273,287,287,302,330,330,360,374,374,374,407,116,116,116,116,116,116],"floor_reached":56,"language":"ENG","playtime":3610,"items_purged":["stsjorbsmod:Amnesia"],"score":937,"play_id":"e24600c8-8707-47e1-8e85-071a903ed378","local_time":"20210206171310","is_ascension_mode":true,"campfire_choices":[{"floor":1.0,"key":"RECALL"},{"floor":10.0,"key":"REST"},{"data":"Slimebound:DuplicatedForm","floor":18.0,"key":"SMITH"},{"floor":23.0,"key":"REST"},{"floor":30.0,"key":"REST"},{"data":"Slimebound:CheckThePlaybook","floor":35.0,"key":"SMITH"},{"data":"Slimebound:DuplicatedForm","floor":47.0,"key":"SMITH"},{"floor":54,"key":"REST"}],"circlet_count":0,"master_deck":["Slimebound:Strike_Slimebound","Slimebound:Strike_Slimebound","Slimebound:Tackle","Slimebound:Defend_Slimebound","Slimebound:Defend_Slimebound","Slimebound:Defend_Slimebound","Slimebound:Defend_Slimebound","Slimebound:Split","Slimebound:CorrosiveSpit","Slimebound:FinishingTackle","Slimebound:GrowthPunch","Slimebound:SlimeSlap","Slimebound:SamplingLick","Slimebound:Prepare","Slimebound:LivingWall","Slimebound:Prepare","Slimebound:OozeBath","Doubt","Slimebound:SlimeTap","Slimebound:HungryTackle","Slimebound:DuplicatedForm+1","Slimebound:Prepare","Slimebound:Recollect","Slimebound:FlameTackle","Slimebound:GoopTackle","Slimebound:RollThrough","Slimebound:RainOfGoop+1","Slimebound:GoopSpray","Slimebound:RollThrough","Slimebound:Prepare+1","Slimebound:CheckThePlaybook+1","expansioncontent:GuardianWhirl","Slimebound:Grow","Regret","Slimebound:ViciousTackle","Slimebound:DuplicatedForm+1","Slimebound:ViciousTackle+1","Slimebound:RainOfGoop+1"],"relics":["Slimebound:AbsorbEndCombat","downfall:HeartsMalice","Bronze Scales","downfall:HeartBlessingRed","Anchor","expansioncontent:StudyCardRelic","downfall:HeartBlessingGreen","downfall:HeartBlessingBlue","Akabeko","Orichalcum","hexamod:Sixitude","Busted Crown","Guardian:PocketSentry","downfall:ExtraCursedKey","beaked:ShinyBauble","Prayer Wheel","CatCart","Singing Bowl","FossilizedHelix","Happy Flower","Guardian:BottledAnomaly"],"acts_visited":["Exordium","TheCity","TheBeyond","TheEnding"],"potions_floor_usage":[52,55,56],"damage_taken":[{"damage":0.0,"enemies":"Small Slimes","floor":2.0,"turns":1.0},{"damage":0.0,"enemies":"Cultist","floor":3.0,"turns":1.0},{"damage":0.0,"enemies":"2 Louse","floor":5.0,"turns":1.0},{"damage":23.0,"enemies":"Gremlin Gang","floor":6.0,"turns":5.0},{"damage":43.0,"enemies":"Lagavulin","floor":8.0,"turns":7.0},{"damage":0.0,"enemies":"Large Slime","floor":9.0,"turns":3.0},{"damage":12.0,"enemies":"Gremlin Nob","floor":11.0,"turns":4.0},{"damage":3.0,"enemies":"Blue Slaver","floor":14.0,"turns":3.0},{"damage":0.0,"enemies":"3 Louse","floor":15.0,"turns":3.0},{"damage":44.0,"enemies":"DF_ARCHETYPE_STREAMLINE","floor":16.0,"turns":9.0},{"damage":22.0,"enemies":"Shell Parasite","floor":19.0,"turns":4.0},{"damage":49.0,"enemies":"Cultist and Chosen","floor":20.0,"turns":8.0},{"damage":34.0,"enemies":"downfall:FleeingMerchant","floor":21.0,"turns":4.0},{"damage":28.0,"enemies":"Shelled Parasite and Fungi","floor":22.0,"turns":5.0},{"damage":20.0,"enemies":"Book of Stabbing","floor":26.0,"turns":4.0},{"damage":1.0,"enemies":"Centurion and Healer","floor":27.0,"turns":4.0},{"damage":30.0,"enemies":"Gremlin Leader","floor":28.0,"turns":4.0},{"damage":10.0,"enemies":"3 Cultists","floor":29.0,"turns":4.0},{"damage":21.0,"enemies":"Snake Plant","floor":31.0,"turns":3.0},{"damage":3.0,"enemies":"Cultist and Chosen","floor":32.0,"turns":4.0},{"damage":18.0,"enemies":"WA_ARCHETYPE_CALM","floor":33.0,"turns":7.0},{"damage":3.0,"enemies":"downfall:FleeingMerchant","floor":36.0,"turns":4.0},{"damage":0.0,"enemies":"downfall:FleeingMerchant","floor":38.0,"turns":3.0},{"damage":1.0,"enemies":"Orin","floor":42.0,"turns":6.0},{"damage":0.0,"enemies":"3 Darklings","floor":43.0,"turns":2.0},{"damage":0.0,"enemies":"3 Shapes","floor":45.0,"turns":2.0},{"damage":41.0,"enemies":"beaked:SuperParasite","floor":46.0,"turns":3.0},{"damage":33.0,"enemies":"Giant Head","floor":48.0,"turns":5.0},{"damage":0.0,"enemies":"Sphere and 2 Shapes","floor":49.0,"turns":4.0},{"damage":102.0,"enemies":"IC_BLOCK_ARCHETYPE","floor":50.0,"turns":10.0},{"damage":48,"enemies":"downfall:CharBossMerchant","floor":52,"turns":7},{"damage":86,"enemies":"downfall:NeowBoss","floor":55,"turns":11},{"damage":139,"enemies":"downfall:NeowBossFinal","floor":56,"turns":9}],"seed_played":"2587860539799435890","potions_obtained":[{"floor":8.0,"key":"SkillPotion"},{"floor":9.0,"key":"SteroidPotion"},{"floor":11.0,"key":"DuplicationPotion"},{"floor":15.0,"key":"FearPotion"},{"floor":19.0,"key":"Weak Potion"},{"floor":20.0,"key":"Strength Potion"},{"floor":25.0,"key":"EntropicBrew"},{"floor":27.0,"key":"CultistPotion"},{"floor":28.0,"key":"DistilledChaos"},{"floor":42.0,"key":"Strength Potion"},{"floor":46.0,"key":"Regen Potion"},{"floor":48.0,"key":"Block Potion"}],"is_trial":false,"path_per_floor":["R","M","M","?","M","M","T","E","M","R","E","?","?","M","M","B",null,"R","M","M","$","M","R","T","?","E","M","E","M","R","M","M","B",null,"R","$","?","?","?","$","T","?","M","?","M","E","R","E","M","B",null,"E","$","R","B","B"],"character_chosen":"SLIMEBOUND","items_purchased":["Slimebound:Recollect","Slimebound:FlameTackle","Guardian:PocketSentry","Slimebound:Grow","beaked:ShinyBauble","DistilledChaos","Guardian:BottledAnomaly"],"campfire_rested":4,"item_purchase_floors":[21,21,36,40,40,53,53],"current_hp_per_floor":[65,65,65,65,65,48,48,13,19,38,32,32,32,37,39,3,65,75,72,44,31,22,44,44,44,28,35,13,11,33,29,34,39,75,75,74,74,75,75,75,75,74,74,74,74,68,68,75,81,58,81,39,39,63,47,0,0,0],"gold":116,"neow_bonus":"THREE_ENEMY_KILL","is_daily":false,"chose_seed":false,"campfire_upgraded":3,"win_rate":0.0,"timestamp":1612656790,"path_taken":["R","M","M","?","M","M","T","E","?","R","E","?","?","M","M","BOSS","R","M","M","$","M","R","T","?","E","M","E","?","R","?","M","BOSS","R","$","?","?","?","$","T","?","M","?","M","E","R","E","M","BOSS","E","$","R","BOSS","BOSS"],"items_purchased_type":["Card","Card","Relic","Card","Relic","Potion","Relic"],"build_version":"2020-12-22","purchased_purges":1,"victory":false,"max_hp_per_floor":[65,65,65,65,65,65,65,65,65,65,65,65,65,65,65,65,65,75,75,75,75,75,75,75,75,75,75,75,75,75,75,75,75,75,75,75,75,75,75,75,75,75,75,75,75,77,77,79,81,81,81,81,81,81,81,81,81,81],"card_choices":[{"not_picked":["Slimebound:SplitAcid","Slimebound:SamplingLick"],"picked":"Slimebound:FinishingTackle","floor":2.0},{"not_picked":["Slimebound:ForwardTackle","Slimebound:LevelUp"],"picked":"Slimebound:GrowthPunch","floor":3.0},{"not_picked":["Slimebound:SplitBruiser","Slimebound:LivingWall"],"picked":"Slimebound:SamplingLick","floor":5.0},{"not_picked":["Slimebound:PressTheAttack","Slimebound:Nibble"],"picked":"Slimebound:Prepare","floor":6.0},{"not_picked":["Slimebound:SlimeBrawl","Slimebound:SplitMire"],"picked":"Slimebound:LivingWall","floor":8.0},{"not_picked":["Slimebound:SplitLeeching","Slimebound:HauntingLick"],"picked":"Slimebound:Prepare","floor":9.0},{"not_picked":["Slimebound:SlimeBrawl","Slimebound:Gluttony"],"picked":"Slimebound:OozeBath","floor":11.0},{"not_picked":["Slimebound:LeechingTouch","Slimebound:LivingWall"],"picked":"Slimebound:SlimeTap","floor":14.0},{"not_picked":["Slimebound:LivingWall","Slimebound:HauntingLick"],"picked":"Slimebound:HungryTackle","floor":15.0},{"not_picked":["Slimebound:TagTeam","Slimebound:FirmFortitude"],"picked":"Slimebound:DuplicatedForm","floor":16.0},{"not_picked":["Slimebound:HauntingLick","Slimebound:DivideAndConquer"],"picked":"Slimebound:Prepare","floor":19.0},{"not_picked":["Slimebound:HauntingLick","Slimebound:SplitMire","Slimebound:Schlurp"],"picked":"SKIP","floor":20.0},{"not_picked":["Slimebound:ItLooksTasty","Slimebound:Schlurp","Slimebound:SplitMire"],"picked":"SKIP","floor":21.0},{"not_picked":["Slimebound:ItLooksTasty","Slimebound:ComboTackle"],"picked":"Slimebound:GoopTackle","floor":22.0},{"not_picked":["Slimebound:AcidTongue","Slimebound:Darklings"],"picked":"Slimebound:RollThrough","floor":26.0},{"not_picked":["Slimebound:ComboTackle","Slimebound:Prepare"],"picked":"Slimebound:RainOfGoop+1","floor":27.0},{"not_picked":["Slimebound:SplitLeeching","Slimebound:ProtectTheBoss"],"picked":"Slimebound:GoopSpray","floor":28.0},{"not_picked":["Slimebound:Prepare","Slimebound:SplitLeeching+1"],"picked":"Slimebound:HauntingLick+1","floor":29.0},{"not_picked":["Slimebound:Prepare","Slimebound:SlimeSpikes"],"picked":"Slimebound:RollThrough","floor":31.0},{"not_picked":["Slimebound:SplitLeeching","Slimebound:ForwardTackle+1"],"picked":"Slimebound:Prepare+1","floor":32.0},{"not_picked":["Slimebound:OneTwoCombo","Slimebound:Darklings"],"picked":"Slimebound:CheckThePlaybook","floor":33.0},{"not_picked":["Slimebound:PressTheAttack"],"picked":"SKIP","floor":36.0},{"not_picked":["expansioncontent:AwakenDeath","expansioncontent:PolyBeam"],"picked":"expansioncontent:GuardianWhirl","floor":37.0},{"not_picked":["Slimebound:LivingWall"],"picked":"SKIP","floor":43.0},{"not_picked":["Slimebound:SplitMire+1"],"picked":"SKIP","floor":43.0},{"not_picked":[],"picked":"Slimebound:ViciousTackle","floor":45.0},{"not_picked":[],"picked":"Slimebound:DuplicatedForm","floor":45.0},{"not_picked":["Slimebound:SamplingLick+1"],"picked":"Singing Bowl","floor":46.0},{"not_picked":["Slimebound:Gluttony"],"picked":"Singing Bowl","floor":48.0},{"not_picked":["Slimebound:SplitMire+1"],"picked":"Singing Bowl","floor":49.0},{"not_picked":[],"picked":"Slimebound:ViciousTackle+1","floor":49.0},{"not_picked":[],"picked":"Slimebound:RainOfGoop+1","floor":52}],"player_experience":198119,"relics_obtained":[{"floor":8.0,"key":"Bronze Scales"},{"floor":11.0,"key":"Anchor"},{"floor":24.0,"key":"Akabeko"},{"floor":26.0,"key":"Orichalcum"},{"floor":28.0,"key":"hexamod:Sixitude"},{"floor":41.0,"key":"Prayer Wheel"},{"floor":42.0,"key":"CatCart"},{"floor":46.0,"key":"Singing Bowl"},{"floor":48.0,"key":"FossilizedHelix"},{"floor":52,"key":"Happy Flower"}],"event_choices":[{"damage_healed":0.0,"max_hp_gain":0.0,"max_hp_loss":0.0,"gold_gain":0.0,"event_name":"Lab","player_choice":"Got Potions","floor":25.0,"gold_loss":0.0,"damage_taken":0.0},{"damage_healed":0.0,"max_hp_gain":0.0,"max_hp_loss":0.0,"gold_gain":0.0,"event_name":"OrinTheCat","player_choice":"Fight","floor":42.0,"gold_loss":0.0,"damage_taken":0.0},{"cards_removed":["Slimebound:HauntingLick"],"damage_healed":0.0,"max_hp_gain":0.0,"max_hp_loss":0.0,"gold_gain":0.0,"event_name":"Falling","player_choice":"Removed Skill","floor":44.0,"gold_loss":0.0,"damage_taken":0.0}],"is_beta":false,"boss_relics":[{"not_picked":["Runic Pyramid","Cursed Key"],"picked":"expansioncontent:StudyCardRelic"},{"not_picked":["beaked:SacredDeck","Coffee Dripper"],"picked":"Busted Crown"}],"items_purged_floors":[53],"is_endless":false,"potions_floor_spawned":[8,9,11,15,19,20,27,28,33,38,42,46,48],"killed_by":"downfall:NeowBossFinal","ascension_level":3}}