{"host":"92wx9z21c4p52du4","time":1612669544,"event":{"mods":["Arknights","BaseMod","Infinite Spire","Lobotomy","Minty Spire (QoL Compilation)","Reliquary","Robot Space Explorer","StSLib","The Blue Laboratory","The Disciple","The Jungle","The Runesmith","TheSurvivalist"],"gold_per_floor":[118,21,32,107,282,282,310,310,336,352,82,82,113,126,126,222,222,232,250,250,250,71,71,71,85,111,111,111],"floor_reached":27,"language":"ENG","playtime":1177,"items_purged":["Doubt","Strike_P+1"],"score":244,"play_id":"a7c59c71-8e78-4c05-90d7-12317e32dbcc","local_time":"20210206214544","is_ascension_mode":false,"campfire_choices":[{"data":"Enlightenment","floor":6.0,"key":"SMITH"},{"floor":8.0,"key":"REST"},{"data":"Eruption","floor":12.0,"key":"SMITH"},{"floor":15.0,"key":"REST"},{"data":"DeusExMachina","floor":23.0,"key":"SMITH"}],"circlet_count":0,"master_deck":["Strike_P+1","Strike_P+1","Strike_P+1","Defend_P+1","Defend_P+1","Defend_P+1","Defend_P+1","Eruption+1","Vigilance","OSAHOGD","Wallop+1","Enlightenment+1","VoidDream","UniverseFragment","Scrawl","BattleHymn","BlackSwan","DeusExMachina+1","MHz","MasterReality","DreamingCurrent","DevaForm","Wallop","SpiderBud","Establishment","DevaForm","Shame","LittleHelper","Fasting2"],"relics":["PureWater","CogitoBucket","Whetstone","Bronze Scales","reliquary:JackalopeAntler","ChangeAnything","VioletLotus","Mango","reliquary:PorcupineQuills"],"acts_visited":["Exordium","TheCity"],"potions_floor_usage":[],"damage_taken":[{"damage":4.0,"enemies":"Jaw Worm","floor":1.0,"turns":3.0},{"damage":7.0,"enemies":"Small Slimes","floor":3.0,"turns":4.0},{"damage":48.0,"enemies":"Lagavulin","floor":7.0,"turns":16.0},{"damage":0.0,"enemies":"2 Louse","floor":10.0,"turns":2.0},{"damage":2.0,"enemies":"3 Sentries","floor":13.0,"turns":5.0},{"damage":7.0,"enemies":"Large Slime","floor":14.0,"turns":3.0},{"damage":29.0,"enemies":"The Guardian","floor":16.0,"turns":8.0},{"damage":34.0,"enemies":"Shell Parasite","floor":18.0,"turns":4.0},{"damage":2.0,"enemies":"Chosen","floor":19.0,"turns":4.0},{"damage":18.0,"enemies":"Snecko","floor":25.0,"turns":5.0},{"damage":117,"enemies":"Nightmare","floor":27,"turns":8}],"seed_played":"5614346048847252892","potions_obtained":[{"floor":13.0,"key":"blueLaboratory:NullPotion"},{"floor":14.0,"key":"blueLaboratory:PressurePotion"},{"floor":16.0,"key":"blueLaboratory:AlphaPotion"},{"floor":19.0,"key":"blueLaboratory:FruitPunch"},{"floor":25.0,"key":"AttackPotion"}],"is_trial":false,"path_per_floor":["M","$","M","?","?","R","E","R","T","M","$","R","E","M","R","B",null,"M","M","?","?","$","R","?","M","T","NM"],"character_chosen":"WATCHER","items_purchased":["Enlightenment","Scrawl","BattleHymn","DevaForm"],"campfire_rested":2,"item_purchase_floors":[2,11,11,22],"current_hp_per_floor":[68,68,61,50,50,50,2,23,23,23,23,23,21,14,35,6,72,56,72,72,72,72,72,86,88,88,0,0],"gold":111,"neow_bonus":"","is_daily":false,"chose_seed":false,"campfire_upgraded":3,"win_rate":0.0,"timestamp":1612669544,"path_taken":["M","$","M","?","?","R","E","R","T","M","?","R","E","M","R","BOSS","M","M","?","?","$","R","?","M","T","NM"],"items_purchased_type":["Card","Card","Card","Card"],"build_version":"2020-12-22","purchased_purges":2,"victory":false,"max_hp_per_floor":[72,72,72,72,72,72,72,72,72,72,72,72,72,72,72,72,72,72,72,72,72,72,72,86,88,88,88,88],"card_choices":[{"not_picked":["ShyLook","SpiderBud"],"picked":"OSAHOGD","floor":1.0},{"not_picked":["FlurryOfBlows","CrushJoints"],"picked":"Wallop","floor":1.0},{"not_picked":["MHz","Bloodbath","FairyFestival"],"picked":"Singing Bowl","floor":3.0},{"not_picked":["OldLady","MeatLantern"],"picked":"VoidDream","floor":3.0},{"not_picked":["Evaluate","SashWhip","CrushJoints"],"picked":"SKIP","floor":3.0},{"not_picked":["Bloodbath","Scorched","FairyFestival"],"picked":"Singing Bowl","floor":7.0},{"not_picked":["EmptyFist","Prostrate","TalkToTheHand"],"picked":"SKIP","floor":7.0},{"not_picked":["Scorched","FairyFestival"],"picked":"UniverseFragment","floor":10.0},{"not_picked":["FlurryOfBlows","CutThroughFate","BowlingBash"],"picked":"SKIP","floor":10.0},{"not_picked":["BeautyBeast","WhitesApple"],"picked":"BlackSwan","floor":13.0},{"not_picked":["JustLucky","Evaluate"],"picked":"DeusExMachina","floor":13.0},{"not_picked":["Scorched","MeatLantern","FieryBird"],"picked":"Singing Bowl","floor":14.0},{"not_picked":["Woodsman","HeroicMonk"],"picked":"MHz","floor":14.0},{"not_picked":["TalkToTheHand","Evaluate"],"picked":"MasterReality","floor":14.0},{"not_picked":["WhitesApple","CrumblingArmor"],"picked":"DreamingCurrent","floor":16.0},{"not_picked":["Ragnarok","Establishment"],"picked":"DevaForm","floor":16.0},{"not_picked":["Funeral","Scorched","BeautyBeast"],"picked":"Singing Bowl","floor":18.0},{"not_picked":["CrushJoints","Adaptation"],"picked":"Wallop","floor":18.0},{"not_picked":["Woodsman","HappyTeddy","OldLady"],"picked":"Singing Bowl","floor":19.0},{"not_picked":["CherryBlossoms","MeatLantern"],"picked":"SpiderBud","floor":19.0},{"not_picked":["Establishment","EmptyBody","Consecrate"],"picked":"SKIP","floor":19.0},{"not_picked":["EmptyBody","Consecrate"],"picked":"Establishment","floor":19.0},{"not_picked":["FairyFestival","QueenBee","BeautyBeast"],"picked":"Singing Bowl","floor":25.0},{"not_picked":["BeautyBeast","OldLady"],"picked":"LittleHelper","floor":25.0},{"not_picked":["EmptyFist","MentalFortress+1"],"picked":"Fasting2","floor":25.0}],"player_experience":200628,"relics_obtained":[{"floor":7.0,"key":"Whetstone"},{"floor":9.0,"key":"Bronze Scales"},{"floor":13.0,"key":"reliquary:JackalopeAntler"},{"floor":26.0,"key":"reliquary:PorcupineQuills"}],"event_choices":[{"damage_healed":0.0,"max_hp_gain":0.0,"max_hp_loss":0.0,"gold_gain":75.0,"event_name":"World of Goop","player_choice":"Gather Gold","floor":4.0,"gold_loss":0.0,"damage_taken":11.0},{"damage_healed":0.0,"max_hp_gain":0.0,"max_hp_loss":0.0,"gold_gain":175.0,"event_name":"Liars Game","player_choice":"AGREE","floor":5.0,"gold_loss":0.0,"damage_taken":0.0,"cards_obtained":["Doubt"]},{"damage_healed":0.0,"max_hp_gain":0.0,"max_hp_loss":0.0,"gold_gain":0.0,"event_name":"Ghosts","player_choice":"Ignored","floor":20.0,"gold_loss":0.0,"damage_taken":0.0},{"damage_healed":0.0,"max_hp_gain":0.0,"max_hp_loss":0.0,"gold_gain":0.0,"event_name":"Back to Basics","player_choice":"Simplicity","floor":21.0,"gold_loss":0.0,"damage_taken":0.0,"cards_upgraded":["Strike_P","Strike_P","Strike_P","Defend_P","Defend_P","Defend_P","Defend_P"]},{"damage_healed":0.0,"max_hp_gain":0.0,"max_hp_loss":0.0,"gold_gain":0.0,"event_name":"Addict","player_choice":"Stole Relic","floor":24.0,"gold_loss":0.0,"damage_taken":0.0,"relics_obtained":["Mango"],"cards_obtained":["Shame"]}],"is_beta":false,"boss_relics":[{"not_picked":["Snecko Eye","reliquary:KinkedSpring"],"picked":"VioletLotus"}],"items_purged_floors":[11,22],"is_endless":false,"potions_floor_spawned":[13,14,16,19,25],"killed_by":"Nightmare","ascension_level":0}}