{"host":"l5zfpd2l2htson6l","time":1612687134,"event":{"mods":["AchievementEnabler","BaseMod","Colored Map","Colored Powertips","Minty Spire (QoL Compilation)","Permanent Neow","Quick Restart","Rare Cards Sparkle","Relic Stats","SuperFastMode"],"gold_per_floor":[112,132,132,57,0,0,26,26,79,112,131,131,146,156,156,231,231,247,257,269,28,28,28,56,56,56,56,70,87,87,87],"floor_reached":30,"language":"ENG","playtime":1080,"items_purged":["Strike_R"],"score":520,"play_id":"55d3ef95-6392-4996-8002-bede1327ba3f","local_time":"20210207003854","is_ascension_mode":true,"campfire_choices":[{"data":"Pommel Strike","floor":6.0,"key":"SMITH"},{"data":"Twin Strike","floor":8.0,"key":"SMITH"},{"data":"Uppercut","floor":12,"key":"SMITH"},{"floor":15,"key":"REST"},{"floor":23,"key":"REST"},{"floor":27,"key":"REST"}],"circlet_count":0,"master_deck":["AscendersBane","Strike_R","Strike_R","Defend_R","Defend_R","Defend_R","Defend_R","Bash+1","Pommel Strike+1","Twin Strike+1","Parasite","Fiend Fire","Uppercut+1","Burning Pact","Impervious","Shrug It Off","Inflame","Offering","Impervious","Inflame","Injury"],"relics":["Cursed Key","Art of War","Anchor","Vajra","Black Star","Orrery","Centennial Puzzle","Shuriken"],"acts_visited":["Exordium","TheCity"],"potions_floor_usage":[16,24,24,29],"damage_taken":[{"damage":0.0,"enemies":"2 Louse","floor":1.0,"turns":3.0},{"damage":2.0,"enemies":"Jaw Worm","floor":2.0,"turns":2.0},{"damage":30.0,"enemies":"Lagavulin","floor":7.0,"turns":6.0},{"damage":15,"enemies":"3 Sentries","floor":10,"turns":10},{"damage":0,"enemies":"Cultist","floor":11,"turns":2},{"damage":0,"enemies":"Blue Slaver","floor":13,"turns":1},{"damage":13,"enemies":"3 Louse","floor":14,"turns":3},{"damage":1,"enemies":"Hexaghost","floor":16,"turns":6},{"damage":9,"enemies":"Spheric Guardian","floor":18,"turns":5},{"damage":25,"enemies":"3 Byrds","floor":19,"turns":7},{"damage":0,"enemies":"Centurion and Healer","floor":20,"turns":4},{"damage":51,"enemies":"Slavers","floor":24,"turns":7},{"damage":18,"enemies":"Snake Plant","floor":28,"turns":3},{"damage":2,"enemies":"Chosen and Byrds","floor":29,"turns":8},{"damage":6,"enemies":"Book of Stabbing","floor":30,"turns":2}],"seed_played":"2147413337609396261","potions_obtained":[{"floor":7.0,"key":"HeartOfIron"},{"floor":10,"key":"LiquidMemories"},{"floor":16,"key":"LiquidMemories"},{"floor":24,"key":"SkillPotion"}],"is_trial":false,"path_per_floor":["M","M","?","?","$","R","E","R","T","E","M","R","M","M","R","B",null,"M","M","M","$","?","R","E","?","T","R","M","M","E"],"character_chosen":"IRONCLAD","items_purchased":["SteroidPotion","Orrery"],"campfire_rested":3,"item_purchase_floors":[5,21],"current_hp_per_floor":[68,66,66,66,66,66,36,36,36,21,21,21,21,8,30,29,64,55,30,30,30,30,52,1,1,1,23,5,3,0,0],"gold":87,"neow_bonus":"BOSS_RELIC","is_daily":false,"chose_seed":false,"campfire_upgraded":3,"win_rate":0.0,"timestamp":1612687134,"path_taken":["M","M","?","?","?","R","E","R","T","E","?","R","M","M","R","BOSS","M","M","M","$","?","R","E","?","T","R","?","M","E"],"items_purchased_type":["Potion","Relic"],"build_version":"2020-12-22","purchased_purges":1,"victory":false,"max_hp_per_floor":[75,75,75,75,75,75,75,75,75,75,75,75,75,75,75,75,75,75,75,75,75,75,75,75,75,75,75,75,75,75,75],"relic_stats":{"Centennial Puzzle":[6],"counters":[15,69],"Shuriken":[0],"Art of War":[2],"Black Star":1,"Cursed Key":2,"obtain_stats":[{"Anchor":9,"Centennial Puzzle":24,"Shuriken":24,"Vajra":10,"Orrery":21,"Art of War":7,"Black Star":17,"Cursed Key":0,"Burning Blood":0},{"Anchor":3,"Centennial Puzzle":12,"Shuriken":12,"Vajra":4,"Orrery":11,"Art of War":3,"Black Star":8,"Cursed Key":0,"Burning Blood":0},{"Anchor":11,"Centennial Puzzle":56,"Shuriken":56,"Vajra":21,"Orrery":49,"Art of War":11,"Black Star":33,"Cursed Key":0,"Burning Blood":0}]},"card_choices":[{"not_picked":["Havoc","Body Slam","Dual Wield"],"picked":"SKIP","floor":1.0},{"not_picked":["Seeing Red","Intimidate"],"picked":"Pommel Strike","floor":2.0},{"not_picked":["Anger","Heavy Blade"],"picked":"Twin Strike","floor":7.0},{"not_picked":["Flex","Warcry"],"picked":"Fiend Fire","floor":10},{"not_picked":["Twin Strike","Flex"],"picked":"Uppercut","floor":11},{"not_picked":["Perfected Strike","Body Slam"],"picked":"Burning Pact","floor":13},{"not_picked":["Sword Boomerang","Uppercut","Rupture"],"picked":"SKIP","floor":14},{"not_picked":["Juggernaut","Barricade"],"picked":"Impervious","floor":16},{"not_picked":["Infernal Blade","Cleave","Rampage"],"picked":"SKIP","floor":18},{"not_picked":["Thunderclap","Heavy Blade","Rampage"],"picked":"SKIP","floor":19},{"not_picked":["Clash","Havoc","Uppercut+1"],"picked":"SKIP","floor":20},{"not_picked":["Infernal Blade","True Grit"],"picked":"Shrug It Off","floor":21},{"not_picked":["Carnage","Clothesline"],"picked":"Inflame","floor":21},{"not_picked":["Uppercut","Pommel Strike"],"picked":"Offering","floor":21},{"not_picked":["Ghostly Armor","Iron Wave+1"],"picked":"Impervious","floor":21},{"not_picked":["Infernal Blade","Impervious","Dual Wield"],"picked":"SKIP","floor":24},{"not_picked":["Headbutt+1","Intimidate","Blood for Blood"],"picked":"SKIP","floor":28},{"not_picked":["Anger","Warcry","Perfected Strike"],"picked":"SKIP","floor":29}],"player_experience":935544,"relics_obtained":[{"floor":7.0,"key":"Art of War"},{"floor":9.0,"key":"Anchor"},{"floor":10,"key":"Vajra"},{"floor":24,"key":"Centennial Puzzle"},{"floor":24,"key":"Shuriken"}],"event_choices":[{"damage_healed":0.0,"max_hp_gain":0.0,"max_hp_loss":0.0,"gold_gain":0.0,"event_name":"Living Wall","player_choice":"Grow","floor":3.0,"gold_loss":0.0,"damage_taken":0.0,"cards_upgraded":["Bash"]},{"cards_removed":["Strike_R"],"damage_healed":0.0,"max_hp_gain":0.0,"max_hp_loss":0.0,"gold_gain":0.0,"event_name":"The Cleric","player_choice":"Card Removal","floor":4.0,"gold_loss":75.0,"damage_taken":0.0},{"damage_healed":0,"gold_gain":0,"player_choice":"Read","damage_taken":0,"max_hp_gain":0,"max_hp_loss":0,"event_name":"The Library","floor":22,"gold_loss":0,"cards_obtained":["Inflame"]},{"cards_removed":["Strike_R"],"damage_healed":0,"gold_gain":0,"player_choice":"Purged","damage_taken":0,"max_hp_gain":0,"max_hp_loss":0,"event_name":"Purifier","floor":25,"gold_loss":0}],"is_beta":false,"boss_relics":[{"not_picked":["Coffee Dripper","Pandora\u0027s Box"],"picked":"Black Star"}],"items_purged_floors":[21],"is_endless":false,"potions_floor_spawned":[7,10,13,16,19,24],"killed_by":"Book of Stabbing","ascension_level":20}}