{"host":"am551fa6890rb9vo","time":1612714607,"event":{"mods":["BaseMod","Minty Spire (QoL Compilation)","Morshu Shopkeeper - ENHANCED","Relic Stats","StSLib","The IronCluck","slay the spire mod where everything is the same but ironclad has a cowboy hat"],"gold_per_floor":[118,193,12,27,27,53,53,66,66,79,105,123,123,139,139,239,239,251,97,107,117,132,132,142,142,142],"floor_reached":25,"language":"ENG","playtime":1400,"items_purged":["Strike_R"],"score":228,"play_id":"7610b31f-d050-4937-b69a-ea41c4d7d04a","local_time":"20210207161647","is_ascension_mode":true,"campfire_choices":[{"floor":7,"key":"REST"},{"floor":13,"key":"REST"},{"floor":15,"key":"REST"},{"floor":23,"key":"REST"}],"circlet_count":0,"master_deck":["Strike_R","Strike_R","Defend_R","Defend_R","Defend_R","Bash","Blood for Blood","Combust","Blood for Blood","Spot Weakness","Twin Strike","Heavy Blade","Seeing Red","Sword Boomerang","Demon Form","Twin Strike","Intimidate","Feed","Sword Boomerang","Hemokinesis","Rage","True Grit","Shrug It Off+1"],"relics":["Burning Blood","Letter Opener","Shuriken","Lantern","Runic Cube"],"acts_visited":["Exordium","TheCity"],"potions_floor_usage":[11,12,16,21,21],"damage_taken":[{"damage":7,"enemies":"2 Louse","floor":1,"turns":3},{"damage":13,"enemies":"Jaw Worm","floor":4,"turns":5},{"damage":24,"enemies":"Lagavulin","floor":6,"turns":6},{"damage":1,"enemies":"Cultist","floor":8,"turns":3},{"damage":20,"enemies":"Exordium Wildlife","floor":10,"turns":3},{"damage":28,"enemies":"Gremlin Nob","floor":11,"turns":4},{"damage":5,"enemies":"Looter","floor":12,"turns":2},{"damage":19,"enemies":"3 Louse","floor":14,"turns":3},{"damage":46,"enemies":"The Guardian","floor":16,"turns":7},{"damage":25,"enemies":"Shell Parasite","floor":18,"turns":4},{"damage":27,"enemies":"3 Byrds","floor":20,"turns":3},{"damage":19,"enemies":"Shelled Parasite and Fungi","floor":21,"turns":3},{"damage":25,"enemies":"Snecko","floor":22,"turns":4},{"damage":24,"enemies":"Snake Plant","floor":24,"turns":3},{"damage":56,"enemies":"Book of Stabbing","floor":25,"turns":4}],"seed_played":"1254276806362889655","potions_obtained":[{"floor":1,"key":"FearPotion"},{"floor":6,"key":"ElixirPotion"},{"floor":14,"key":"LiquidBronze"},{"floor":16,"key":"Strength Potion"},{"floor":18,"key":"Fire Potion"},{"floor":24,"key":"FairyPotion"}],"is_trial":false,"path_per_floor":["M","?","$","M","?","E","R","M","T","M","E","M","R","M","R","B",null,"M","$","M","M","M","R","M","E"],"character_chosen":"IRONCLAD","items_purchased":["Combust","Blood for Blood","Spot Weakness","Hemokinesis"],"campfire_rested":4,"item_purchase_floors":[3,3,3,19],"current_hp_per_floor":[55,44,44,37,37,19,43,48,48,34,12,13,37,24,48,8,80,61,61,43,30,11,35,17,0,0],"gold":142,"neow_bonus":"REMOVE_TWO","is_daily":false,"chose_seed":false,"campfire_upgraded":0,"win_rate":0.0,"timestamp":1612714607,"path_taken":["M","?","$","M","?","E","R","M","T","M","E","?","R","M","R","BOSS","M","$","M","M","M","R","M","E"],"items_purchased_type":["Card","Card","Card","Card"],"build_version":"2020-12-22","purchased_purges":1,"victory":false,"max_hp_per_floor":[80,80,80,80,80,80,80,80,80,80,80,80,80,80,80,80,80,80,80,83,83,83,83,83,83,83],"relic_stats":{"counters":[15,57],"Shuriken":[7],"Letter Opener":[11],"obtain_stats":[{"Lantern":11,"Shuriken":9,"Letter Opener":6,"Burning Blood":0,"Runic Cube":17},{"Lantern":6,"Shuriken":4,"Letter Opener":3,"Burning Blood":0,"Runic Cube":9},{"Lantern":24,"Shuriken":17,"Letter Opener":14,"Burning Blood":0,"Runic Cube":36}],"Burning Blood":84,"Runic Cube":[45]},"card_choices":[{"not_picked":["Carnage","Uppercut"],"picked":"Blood for Blood","floor":1},{"not_picked":["Perfected Strike","Reckless Charge"],"picked":"Twin Strike","floor":4},{"not_picked":["Sword Boomerang","Body Slam"],"picked":"Heavy Blade","floor":6},{"not_picked":["Clash","Uppercut"],"picked":"Seeing Red","floor":8},{"not_picked":["Dark Embrace","Clash"],"picked":"Sword Boomerang","floor":10},{"not_picked":["Impervious","Iron Wave"],"picked":"Demon Form","floor":11},{"not_picked":["Infernal Blade","Power Through"],"picked":"Twin Strike","floor":12},{"not_picked":["Reckless Charge","Dark Embrace"],"picked":"Intimidate","floor":14},{"not_picked":["Double Tap","Fiend Fire"],"picked":"Feed","floor":16},{"not_picked":["Armaments+1","Thunderclap"],"picked":"Sword Boomerang","floor":18},{"not_picked":["Iron Wave+1","Inflame"],"picked":"Rage","floor":20},{"not_picked":["Thunderclap","Spot Weakness","Feel No Pain+1"],"picked":"SKIP","floor":21},{"not_picked":["Heavy Blade","Bludgeon"],"picked":"True Grit","floor":22},{"not_picked":["Sever Soul","Feel No Pain"],"picked":"Shrug It Off+1","floor":24}],"player_experience":18101,"relics_obtained":[{"floor":6,"key":"Letter Opener"},{"floor":9,"key":"Shuriken"},{"floor":11,"key":"Lantern"}],"event_choices":[{"damage_healed":0,"gold_gain":75,"player_choice":"Gather Gold","damage_taken":11,"max_hp_gain":0,"max_hp_loss":0,"event_name":"World of Goop","floor":2,"gold_loss":0},{"cards_removed":["Strike_R"],"damage_healed":0,"gold_gain":0,"player_choice":"Purged","damage_taken":0,"max_hp_gain":0,"max_hp_loss":0,"event_name":"Purifier","floor":5,"gold_loss":0}],"is_beta":false,"boss_relics":[{"not_picked":["Snecko Eye","Velvet Choker"],"picked":"Runic Cube"}],"items_purged_floors":[19],"is_endless":false,"potions_floor_spawned":[1,6,14,16,18,24],"killed_by":"Book of Stabbing","ascension_level":1}}