{"host":"c2vrdknshfutmcsq","time":1612696658,"event":{"mods":["BaseMod","Minty Spire (QoL Compilation)"],"gold_per_floor":[115,265,265,27,42,75,0,11,11,44,44,44,44,54,54,133,133,143,143,58,70,70,70,70],"floor_reached":23,"language":"ENG","playtime":1332,"items_purged":["Doubt"],"score":444,"play_id":"d56104ba-5b85-4d79-9996-8690d6e6dd38","local_time":"20210207121738","is_ascension_mode":true,"campfire_choices":[{"data":"Fission","floor":11.0,"key":"SMITH"},{"data":"Zap","floor":13.0,"key":"SMITH"},{"floor":15.0,"key":"REST"}],"circlet_count":0,"master_deck":["AscendersBane","Strike_B","Strike_B","Strike_B","Defend_B","Defend_B","Defend_B","Defend_B","Zap+1","Dualcast+1","Go for the Eyes","Fission+1","Conserve Battery","Cold Snap","Self Repair","Chill","Melter","Fission","Cold Snap+1","Fusion"],"relics":["Cracked Core","NeowsBlessing","Lizard Tail","Ancient Tea Set","Pocketwatch","Omamori","Velvet Choker","MutagenicStrength","MealTicket"],"acts_visited":["Exordium","TheCity"],"potions_floor_usage":[],"damage_taken":[{"damage":0.0,"enemies":"Jaw Worm","floor":1.0,"turns":1.0},{"damage":0.0,"enemies":"2 Louse","floor":5.0,"turns":1.0},{"damage":0.0,"enemies":"Lagavulin","floor":6.0,"turns":1.0},{"damage":3.0,"enemies":"Small Slimes","floor":8.0,"turns":3.0},{"damage":44.0,"enemies":"3 Sentries","floor":10.0,"turns":15.0},{"damage":5.0,"enemies":"Exordium Wildlife","floor":14.0,"turns":3.0},{"damage":15.0,"enemies":"The Guardian","floor":16.0,"turns":14.0},{"damage":0.0,"enemies":"Spheric Guardian","floor":18.0,"turns":2.0},{"damage":28.0,"enemies":"Shell Parasite","floor":21.0,"turns":6.0},{"damage":28,"enemies":"Book of Stabbing","floor":23,"turns":5}],"seed_played":"-6946960366193706971","potions_obtained":[{"floor":6.0,"key":"PotionOfCapacity"},{"floor":8.0,"key":"Ancient Potion"}],"is_trial":false,"path_per_floor":["M","?","?","$","M","E","?","M","T","E","R","?","R","M","R","B",null,"M","?","?","M","?","E"],"character_chosen":"DEFECT","items_purchased":["Fission"],"campfire_rested":1,"item_purchase_floors":[4],"current_hp_per_floor":[64,64,38,38,38,38,38,35,35,37,37,37,37,39,60,52,66,71,71,71,50,30,2,2],"gold":70,"neow_bonus":"THREE_ENEMY_KILL","is_daily":false,"chose_seed":false,"campfire_upgraded":2,"win_rate":0.0,"timestamp":1612696658,"path_taken":["M","?","?","$","M","E","?","M","T","E","R","?","R","M","R","BOSS","M","?","?","M","?","E"],"items_purchased_type":["Card"],"build_version":"2020-12-22","purchased_purges":1,"victory":false,"max_hp_per_floor":[71,71,71,71,71,71,71,71,71,71,71,71,71,71,71,71,71,71,71,71,71,76,76,76],"card_choices":[{"not_picked":["Turbo","Rebound"],"picked":"Go for the Eyes","floor":1.0},{"not_picked":["Steam","Reprogram"],"picked":"Conserve Battery","floor":5.0},{"not_picked":["Double Energy","Machine Learning"],"picked":"Cold Snap","floor":6.0},{"not_picked":["Turbo","Blizzard"],"picked":"Self Repair","floor":8.0},{"not_picked":["Sweeping Beam","Leap"],"picked":"Chill","floor":10.0},{"not_picked":["Barrage","BootSequence"],"picked":"Melter","floor":14.0},{"not_picked":["Reboot","Seek"],"picked":"Fission","floor":16.0},{"not_picked":["Gash","Beam Cell+1"],"picked":"Cold Snap+1","floor":18.0},{"not_picked":["Reprogram","Static Discharge"],"picked":"Fusion","floor":21.0}],"player_experience":1359013,"relics_obtained":[{"floor":6.0,"key":"Ancient Tea Set"},{"floor":9.0,"key":"Pocketwatch"},{"floor":10.0,"key":"Omamori"}],"event_choices":[{"damage_healed":0.0,"max_hp_gain":0.0,"max_hp_loss":0.0,"gold_gain":150.0,"event_name":"Liars Game","player_choice":"AGREE","floor":2.0,"gold_loss":0.0,"damage_taken":0.0,"cards_obtained":["Doubt"]},{"damage_healed":0.0,"max_hp_gain":0.0,"max_hp_loss":0.0,"gold_gain":0.0,"event_name":"Scrap Ooze","player_choice":"Success","floor":3.0,"gold_loss":0.0,"damage_taken":26.0,"relics_obtained":["Lizard Tail"]},{"cards_removed":["Strike_B"],"damage_healed":0.0,"max_hp_gain":0.0,"max_hp_loss":0.0,"gold_gain":0.0,"event_name":"The Cleric","player_choice":"Card Removal","floor":7.0,"gold_loss":75.0,"damage_taken":0.0},{"damage_healed":0.0,"max_hp_gain":0.0,"max_hp_loss":0.0,"gold_gain":0.0,"event_name":"Living Wall","player_choice":"Grow","floor":12.0,"gold_loss":0.0,"damage_taken":0.0,"cards_upgraded":["Dualcast"]},{"damage_healed":0.0,"max_hp_gain":0.0,"max_hp_loss":0.0,"gold_gain":0.0,"event_name":"Drug Dealer","player_choice":"Inject Mutagens","floor":19.0,"gold_loss":0.0,"damage_taken":0.0,"relics_obtained":["MutagenicStrength"]},{"damage_healed":0.0,"max_hp_gain":0.0,"max_hp_loss":0.0,"gold_gain":0.0,"event_name":"Addict","player_choice":"Obtained Relic","floor":20.0,"gold_loss":85.0,"damage_taken":0.0,"relics_obtained":["MealTicket"]},{"damage_healed":0.0,"max_hp_gain":5.0,"max_hp_loss":0.0,"gold_gain":0.0,"event_name":"Forgotten Altar","player_choice":"Shed Blood","floor":22.0,"gold_loss":0.0,"damage_taken":25.0}],"is_beta":false,"boss_relics":[{"not_picked":["Philosopher\u0027s Stone","Coffee Dripper"],"picked":"Velvet Choker"}],"items_purged_floors":[4],"is_endless":false,"potions_floor_spawned":[6,8,10],"killed_by":"Book of Stabbing","ascension_level":20}}