{"host":"eaiphzh066bwqdh7","time":1612676781,"event":{"mods":["BaseMod","Better Note","Halation","Hubris","Minty Spire (QoL Compilation)","Reliquary","Replay The Spire","StSLib"],"gold_per_floor":[116,135,115,131,144,172,172,184,184],"floor_reached":8,"language":"ENG","playtime":256,"items_purged":[],"score":70,"play_id":"b6c8c1fe-6a50-446e-b4ef-870ba8c5a7e4","local_time":"20210207004621","is_ascension_mode":true,"campfire_choices":[{"floor":7,"key":"REST"}],"circlet_count":0,"master_deck":["Strike_P","Strike_P","Strike_P","Strike_P","Defend_P","Defend_P","Defend_P","Defend_P","Eruption","Vigilance","Defend_P","Strike_G","Omniscience","PathToVictory","BattleHymn"],"relics":["PureWater","Replay:Bandana"],"acts_visited":["Exordium"],"potions_floor_usage":[6,6],"damage_taken":[{"damage":10,"enemies":"Small Slimes","floor":1,"turns":4},{"damage":0,"enemies":"Cultist","floor":2,"turns":2},{"damage":0,"enemies":"2 Louse","floor":4,"turns":2},{"damage":12,"enemies":"Exordium Thugs","floor":5,"turns":4},{"damage":29,"enemies":"3 Sentries","floor":6,"turns":9},{"damage":80,"enemies":"Lagavulin","floor":8,"turns":3}],"seed_played":"-7368086087635347427","potions_obtained":[{"floor":1,"key":"Regen Potion"},{"floor":3,"key":"Death Potion"}],"is_trial":false,"path_per_floor":["M","M","?","M","M","E","R","E"],"character_chosen":"WATCHER","items_purchased":[],"campfire_rested":1,"item_purchase_floors":[],"current_hp_per_floor":[62,62,62,62,50,36,57,0,0],"gold":184,"neow_bonus":"THREE_RARE_CARDS","is_daily":false,"chose_seed":false,"campfire_upgraded":0,"win_rate":0.0,"timestamp":1612676781,"path_taken":["M","M","?","M","?","E","R","E"],"items_purchased_type":[],"build_version":"2020-12-22","purchased_purges":0,"victory":false,"max_hp_per_floor":[72,72,72,72,72,72,72,72,72],"card_choices":[{"not_picked":["Blasphemy","SpiritShield"],"picked":"Omniscience","floor":0},{"not_picked":["CrushJoints","Crescendo","Collect"],"picked":"SKIP","floor":1},{"not_picked":["JustLucky","BowlingBash","SashWhip"],"picked":"SKIP","floor":2},{"not_picked":["EmptyBody","EmptyMind"],"picked":"PathToVictory","floor":4},{"not_picked":["Halt","Replay:DivineShield","EmptyMind"],"picked":"SKIP","floor":5},{"not_picked":["Replay:Cycle","InnerPeace"],"picked":"BattleHymn","floor":6}],"player_experience":274726,"relics_obtained":[{"floor":6,"key":"Replay:Bandana"}],"event_choices":[{"damage_healed":0,"gold_gain":0,"player_choice":"Bought 1 Potion","damage_taken":0,"max_hp_gain":0,"max_hp_loss":0,"event_name":"The Woman in Blue","floor":3,"gold_loss":0}],"is_beta":false,"boss_relics":[],"items_purged_floors":[],"is_endless":false,"potions_floor_spawned":[1],"killed_by":"Lagavulin","ascension_level":4}}