{"host":"94aus4jnk6thj94q","time":1612719327,"event":{"mods":["BaseMod","Minty Spire (QoL Compilation)","Quick Restart","StSLib"],"gold_per_floor":[363,363,6,19,70,101,101,121,201,201,217,0,0,11,11,11,11],"floor_reached":16,"language":"ENG","playtime":605,"items_purged":[],"score":100,"play_id":"a8ef3627-93dd-4ecf-ae39-645e65fb7497","local_time":"20210207193527","is_ascension_mode":false,"campfire_choices":[{"floor":10,"key":"REST"},{"floor":13,"key":"REST"},{"floor":15,"key":"RECALL"}],"circlet_count":0,"master_deck":["Strike_R","Strike_R","Strike_R","Strike_R","Strike_R","Defend_R","Defend_R","Defend_R","Defend_R","Bash","Cleave+1","Fire Breathing","Shrug It Off+1","Good Instincts","Shrug It Off+1","Whirlwind","Cleave","Entrench+1","Flame Barrier+1","Thunderclap","Perfected Strike"],"relics":["Burning Blood","Medical Kit","War Paint","Toxic Egg 2","Membership Card"],"acts_visited":["Exordium"],"potions_floor_usage":[6,16],"damage_taken":[{"damage":6,"enemies":"Jaw Worm","floor":1,"turns":3},{"damage":3,"enemies":"2 Louse","floor":4,"turns":2},{"damage":45,"enemies":"Lagavulin","floor":6,"turns":7},{"damage":7,"enemies":"Cultist","floor":8,"turns":5},{"damage":17,"enemies":"Red Slaver","floor":11,"turns":5},{"damage":0,"enemies":"Lots of Slimes","floor":14,"turns":1},{"damage":48,"enemies":"Hexaghost","floor":16,"turns":9}],"seed_played":"2672247399329584980","potions_obtained":[{"floor":4,"key":"Explosive Potion"},{"floor":8,"key":"ColorlessPotion"},{"floor":14,"key":"GamblersBrew"}],"is_trial":false,"path_per_floor":["M","?","$","M","?","E","?","M","T","R","M","$","R","M","R","B"],"character_chosen":"IRONCLAD","items_purchased":["Medical Kit","Fire Breathing","Shrug It Off","Good Instincts","Membership Card","Flame Barrier+1","Thunderclap"],"campfire_rested":2,"item_purchase_floors":[3,3,3,3,12,12,12],"current_hp_per_floor":[72,72,72,72,72,33,33,32,32,53,42,42,63,69,69,21,21],"gold":11,"neow_bonus":"TWO_FIFTY_GOLD","is_daily":false,"chose_seed":false,"campfire_upgraded":0,"win_rate":0.0,"timestamp":1612719327,"path_taken":["M","?","$","M","?","E","?","M","T","R","?","?","R","?","R","BOSS"],"items_purchased_type":["Relic","Card","Card","Card","Relic","Card","Card"],"build_version":"2020-12-22","purchased_purges":0,"victory":false,"max_hp_per_floor":[72,72,72,72,72,72,72,72,72,72,72,72,72,72,72,72,72],"card_choices":[{"not_picked":["Infernal Blade","Headbutt"],"picked":"Cleave","floor":1},{"not_picked":["Infernal Blade","Reckless Charge"],"picked":"Shrug It Off","floor":4},{"not_picked":["Shrug It Off","Warcry"],"picked":"Whirlwind","floor":6},{"not_picked":["Fire Breathing","Rupture"],"picked":"Cleave","floor":8},{"not_picked":["Clothesline","Shrug It Off+1"],"picked":"Entrench+1","floor":11},{"not_picked":["Anger","Wild Strike"],"picked":"Perfected Strike","floor":14}],"player_experience":4482036,"relics_obtained":[{"floor":6,"key":"War Paint"},{"floor":9,"key":"Toxic Egg 2"}],"event_choices":[{"damage_healed":0,"gold_gain":0,"player_choice":"Grow","damage_taken":0,"max_hp_gain":0,"max_hp_loss":0,"event_name":"Living Wall","floor":2,"gold_loss":0,"cards_upgraded":["Cleave"]},{"damage_healed":0,"gold_gain":51,"player_choice":"Gained Gold","damage_taken":0,"max_hp_gain":0,"max_hp_loss":0,"event_name":"Golden Wing","floor":5,"gold_loss":0},{"damage_healed":0,"gold_gain":0,"player_choice":"Ignored","damage_taken":0,"max_hp_gain":0,"max_hp_loss":0,"event_name":"Purifier","floor":7,"gold_loss":0}],"is_beta":false,"boss_relics":[],"items_purged_floors":[],"is_endless":false,"potions_floor_spawned":[4,8,14],"killed_by":"Hexaghost","ascension_level":0}}