{"host":"y7b1p9nkx4idorr2","time":1612729264,"event":{"mods":["AchievementEnabler","Act Like it!","BaseMod","Colored Map","Downfall","GifTheSpireLib","Googly Eyes","Highlight Path","Mimic Mod","Minty Spire (QoL Compilation)","Shop Mod","Spicy Shops","StSLib","Unceasing Turn Reminder"],"gold_per_floor":[99,115,128,140,157,57,81,66,66,91,105,140,140,160,180,180,180,180],"floor_reached":16,"language":"ENG","playtime":899,"items_purged":[],"score":125,"play_id":"c494923a-59f9-438d-90b2-1f1b65670157","local_time":"20210207142104","is_ascension_mode":true,"campfire_choices":[{"floor":1,"key":"RECALL"},{"data":"sneckomod:WideSting","floor":6,"key":"SMITH"},{"floor":13,"key":"REST"}],"circlet_count":0,"master_deck":["sneckomod:Strike","sneckomod:Strike","sneckomod:Strike","sneckomod:Defend","sneckomod:Defend","sneckomod:Defend","sneckomod:TailWhip+1","sneckomod:SnekBite","sneckomod:Unknown","sneckomod:Unknown","sneckomod:UnknownWeak","sneckomod:RainOfDice+1","sneckomod:SoulDraw","sneckomod:WideSting+1","sneckomod:UnknownColorless","Shame","sneckomod:SnakeSap","sneckomod:RainOfDice","sneckomod:UnknownDexterity","sneckomod:UnknownDraw","sneckomod:WideSting"],"relics":["sneckomod:SneckoSoul","downfall:HeartBlessingRed","Happy Flower","Potion Belt","bronze:BronzeIdol"],"acts_visited":["Exordium"],"potions_floor_usage":[11,15,16,16,16,16],"damage_taken":[{"damage":0,"enemies":"Cultist","floor":2,"turns":5},{"damage":6,"enemies":"2 Louse","floor":3,"turns":4},{"damage":8,"enemies":"Jaw Worm","floor":4,"turns":4},{"damage":34,"enemies":"Exordium Wildlife","floor":5,"turns":5},{"damage":0,"enemies":"downfall:FleeingMerchant","floor":8,"turns":4},{"damage":13,"enemies":"3 Sentries","floor":10,"turns":4},{"damage":13,"enemies":"Exordium Thugs","floor":11,"turns":4},{"damage":5,"enemies":"Lagavulin","floor":12,"turns":5},{"damage":0,"enemies":"2 Fungi Beasts","floor":14,"turns":2},{"damage":13,"enemies":"Lots of Slimes","floor":15,"turns":4},{"damage":43,"enemies":"DF_ARCHETYPE_STREAMLINE","floor":16,"turns":6}],"seed_played":"8292778299206679424","potions_obtained":[{"floor":2,"key":"Block Potion"},{"floor":3,"key":"Weak Potion"},{"floor":5,"key":"Slimebound:ThreeZeroPotion"},{"floor":10,"key":"Slimebound:ThreeZeroPotion"},{"floor":12,"key":"Strength Potion"},{"floor":14,"key":"Weak Potion"}],"is_trial":false,"path_per_floor":["R","M","M","M","M","R","T","$","?","E","M","E","R","M","M","B"],"character_chosen":"THE_SNECKO","items_purchased":[],"campfire_rested":1,"item_purchase_floors":[],"current_hp_per_floor":[99,99,93,85,51,51,51,51,51,38,25,20,49,49,36,0,0,0],"gold":180,"neow_bonus":"TEN_PERCENT_HP_BONUS","is_daily":false,"chose_seed":false,"campfire_upgraded":1,"win_rate":0.0,"timestamp":1612729264,"path_taken":["R","M","M","M","?","R","T","$","?","E","M","E","R","M","M","BOSS"],"items_purchased_type":[],"build_version":"2020-12-22","purchased_purges":0,"victory":false,"max_hp_per_floor":[99,99,99,99,99,99,99,99,99,99,99,99,99,99,99,99,99,99],"card_choices":[{"not_picked":["sneckomod:Nope","sneckomod:Memorize"],"picked":"sneckomod:UnknownWeak","floor":2},{"not_picked":["sneckomod:SlitherStrike","sneckomod:CheapStock"],"picked":"sneckomod:RainOfDice","floor":3},{"not_picked":["sneckomod:QuickMove","sneckomod:UnknownUncommonAttack"],"picked":"sneckomod:SoulDraw","floor":4},{"not_picked":["sneckomod:UnknownBlock","sneckomod:UnknownStrike"],"picked":"sneckomod:WideSting","floor":5},{"not_picked":["sneckomod:SoulCleanse","sneckomod:Nope"],"picked":"sneckomod:UnknownColorless","floor":8},{"not_picked":["sneckomod:UnknownX","sneckomod:UnknownCommonSkill"],"picked":"sneckomod:SnakeSap","floor":10},{"not_picked":["sneckomod:ImprovisedAttack","sneckomod:UnknownExhaust"],"picked":"sneckomod:RainOfDice","floor":11},{"not_picked":["sneckomod:Unknown1Cost","sneckomod:Restock"],"picked":"sneckomod:UnknownDexterity","floor":12},{"not_picked":["sneckomod:Unknown1Cost","sneckomod:UnknownCommonSkill"],"picked":"sneckomod:UnknownDraw","floor":14},{"not_picked":["sneckomod:RainOfDice","sneckomod:UnknownCommonSkill"],"picked":"sneckomod:WideSting","floor":15}],"player_experience":2316586,"relics_obtained":[{"floor":7,"key":"Happy Flower"},{"floor":10,"key":"Potion Belt"},{"floor":12,"key":"bronze:BronzeIdol"}],"event_choices":[],"is_beta":false,"boss_relics":[],"items_purged_floors":[],"is_endless":false,"potions_floor_spawned":[2,3,5,10,12,14],"killed_by":"DF_ARCHETYPE_STREAMLINE","ascension_level":2}}