{"host":"uiabnm26t0ss3jkq","time":1612717076,"event":{"mods":["BaseMod","Better Note","Better Skull","Better Third Choice","Colored Powertips","Curses Come First","Minty Spire (QoL Compilation)","Relic Stats","Robot Space Explorer","StSLib","SuperFastMode","Waifu the Spire"],"gold_per_floor":[116,116,133,149,162,162,188,198,222,255,267,279,304,334,346,461,473,495,507,531,543,575,614,626,713,725,737,40,65,65,91,91,193,193,212,231,245,257,271,306,306,337,337,337,357,368,66,86,86,86,86,86,32,59,59],"floor_reached":56,"language":"ENG","playtime":4695,"items_purged":["Normality"],"score":1331,"play_id":"9a90500b-6993-4cc9-ae22-fe10ba16580c","local_time":"20210207195755","is_ascension_mode":false,"campfire_choices":[{"data":"RobotSpaceExplorer:ExhaustFan","floor":6.0,"key":"SMITH"},{"data":"RobotSpaceExplorer:MiniBoosters","floor":15.0,"key":"SMITH"},{"data":"RobotSpaceExplorer:LuckyStrike","floor":24.0,"key":"SMITH"},{"data":"RobotSpaceExplorer:Fix","floor":27.0,"key":"SMITH"},{"data":"RobotSpaceExplorer:ChargingLaser","floor":30.0,"key":"SMITH"},{"data":"RobotSpaceExplorer:MiniBoosters","floor":32.0,"key":"SMITH"},{"floor":41.0,"key":"REST"},{"floor":49,"key":"RECALL"},{"floor":52,"key":"REST"}],"circlet_count":0,"master_deck":["RobotSpaceExplorer:Strike","RobotSpaceExplorer:Strike","RobotSpaceExplorer:Strike","RobotSpaceExplorer:Strike","RobotSpaceExplorer:Defend+1","RobotSpaceExplorer:Defend+1","RobotSpaceExplorer:Scan","RobotSpaceExplorer:MiniLasers","RobotSpaceExplorer:Fix+1","RobotSpaceExplorer:ScrapToss","RobotSpaceExplorer:FreezingShield","RobotSpaceExplorer:ExhaustFan+1","RobotSpaceExplorer:MiniBoosters+1","RobotSpaceExplorer:Probe","RobotSpaceExplorer:LuckyStrike+1","RobotSpaceExplorer:ScrapMissile+1","RobotSpaceExplorer:GlueShot","RobotSpaceExplorer:ScrapMissile","RobotSpaceExplorer:ScrapToss","Master of Strategy+1","RobotSpaceExplorer:MiniBoosters+1","RobotSpaceExplorer:ChargingLaser+1","RobotSpaceExplorer:ImprovisedAttack+1","RobotSpaceExplorer:ShovelStrike+1","RobotSpaceExplorer:PowerGlove+1","RobotSpaceExplorer:ScrapToss","RobotSpaceExplorer:GlueShot+1","RobotSpaceExplorer:Ammunition+1","RobotSpaceExplorer:FranticSearch+1","RobotSpaceExplorer:ScrapShield+1","RobotSpaceExplorer:Ammunition+1","RobotSpaceExplorer:Probe+1"],"relics":["RobotSpaceExplorer:RoboCore","Lantern","War Paint","MawBank","Pen Nib","Cursed Key","Bronze Scales","Nloth\u0027s Gift","Toxic Egg 2","Meat on the Bone","RobotSpaceExplorer:SlideRule","Ancient Tea Set","Blood Vial","RobotSpaceExplorer:BottledGravity","Fusion Hammer","Shuriken","Du-Vu Doll","RobotSpaceExplorer:ToughPlating","Happy Flower"],"acts_visited":["Exordium","TheCity","TheBeyond","TheEnding"],"potions_floor_usage":[50,50,55],"damage_taken":[{"damage":1.0,"enemies":"Jaw Worm","floor":1.0,"turns":5.0},{"damage":0.0,"enemies":"2 Louse","floor":3.0,"turns":2.0},{"damage":0.0,"enemies":"Small Slimes","floor":4.0,"turns":3.0},{"damage":4.0,"enemies":"2 Fungi Beasts","floor":5.0,"turns":4.0},{"damage":13.0,"enemies":"Lagavulin","floor":7.0,"turns":6.0},{"damage":13.0,"enemies":"Large Slime","floor":8.0,"turns":5.0},{"damage":5.0,"enemies":"3 Sentries","floor":10.0,"turns":15.0},{"damage":0.0,"enemies":"Blue Slaver","floor":13.0,"turns":3.0},{"damage":0.0,"enemies":"Looter","floor":14.0,"turns":4.0},{"damage":14.0,"enemies":"Hexaghost","floor":16.0,"turns":8.0},{"damage":0.0,"enemies":"Spheric Guardian","floor":18.0,"turns":4.0},{"damage":3.0,"enemies":"Chosen","floor":20.0,"turns":4.0},{"damage":25.0,"enemies":"Snecko","floor":22.0,"turns":6.0},{"damage":27.0,"enemies":"Slavers","floor":23.0,"turns":6.0},{"damage":3.0,"enemies":"Gremlin Leader","floor":29.0,"turns":6.0},{"damage":15.0,"enemies":"Book of Stabbing","floor":31.0,"turns":5.0},{"damage":10.0,"enemies":"Champ","floor":33.0,"turns":9.0},{"damage":0.0,"enemies":"Orb Walker","floor":35.0,"turns":1.0},{"damage":0.0,"enemies":"3 Darklings","floor":36.0,"turns":4.0},{"damage":16.0,"enemies":"Writhing Mass","floor":37.0,"turns":5.0},{"damage":30.0,"enemies":"Transient","floor":38.0,"turns":5.0},{"damage":0.0,"enemies":"Spire Growth","floor":39.0,"turns":3.0},{"damage":7.0,"enemies":"Reptomancer","floor":40.0,"turns":5.0},{"damage":0.0,"enemies":"Giant Head","floor":42.0,"turns":4.0},{"damage":14.0,"enemies":"Sphere and 2 Shapes","floor":45.0,"turns":2.0},{"damage":1.0,"enemies":"4 Shapes","floor":46.0,"turns":3.0},{"damage":0.0,"enemies":"Spire Growth","floor":48.0,"turns":2.0},{"damage":0,"enemies":"Time Eater","floor":50,"turns":6},{"damage":34,"enemies":"Shield and Spear","floor":54,"turns":5},{"damage":33,"enemies":"The Heart","floor":55,"turns":6}],"seed_played":"-685046711299059809","potions_obtained":[{"floor":1.0,"key":"Dexterity Potion"},{"floor":4.0,"key":"FearPotion"},{"floor":10.0,"key":"SteroidPotion"},{"floor":13.0,"key":"SneckoOil"},{"floor":14.0,"key":"DuplicationPotion"},{"floor":18.0,"key":"LiquidBronze"},{"floor":23.0,"key":"DuplicationPotion"},{"floor":33.0,"key":"Dexterity Potion"},{"floor":39.0,"key":"PowerPotion"},{"floor":40.0,"key":"RobotSpaceExplorer:RecyclePotion"},{"floor":54,"key":"SpeedPotion"}],"is_trial":false,"path_per_floor":["M","?","M","M","M","R","E","M","T","E","?","T","M","M","R","B",null,"M","?","M","?","M","E","R","?","T","R","$","E","R","E","R","B",null,"M","M","M","M","M","E","R","E","T","?","M","M","$","M","R","B",null,"R","$","E","B",null],"character_chosen":"RobotSpaceExplorer","items_purchased":["RobotSpaceExplorer:SlideRule","RobotSpaceExplorer:ScrapToss","Master of Strategy+1","RobotSpaceExplorer:MiniBoosters","Ancient Tea Set","RobotSpaceExplorer:ToughPlating","RobotSpaceExplorer:Ammunition+1"],"campfire_rested":2,"item_purchase_floors":[28,28,28,28,28,47,53],"current_hp_per_floor":[81,74,78,82,78,78,69,60,60,59,64,64,68,72,72,62,87,87,87,87,87,62,39,39,31,31,31,31,46,46,51,51,49,87,87,87,75,53,55,56,82,87,87,87,73,74,74,76,76,84,87,87,87,59,46],"gold":59,"neow_bonus":"TEN_PERCENT_HP_BONUS","is_daily":false,"chose_seed":false,"campfire_upgraded":6,"win_rate":0.0,"timestamp":1612717075,"path_taken":["M","?","M","M","M","R","E","M","T","E","?","?","M","M","R","BOSS","M","?","M","?","M","E","R","?","T","R","$","E","R","E","R","BOSS","M","M","M","M","M","E","R","E","T","?","?","M","$","M","R","BOSS","R","$","E","BOSS"],"items_purchased_type":["Relic","Card","Card","Card","Relic","Relic","Card"],"build_version":"2020-12-22","purchased_purges":1,"victory":true,"max_hp_per_floor":[82,82,82,82,82,82,82,82,82,82,87,87,87,87,87,87,87,87,87,87,87,87,87,87,87,87,87,87,87,87,87,87,87,87,87,87,87,87,87,87,87,87,87,87,87,87,87,87,87,87,87,87,87,87,87],"relic_stats":{"Blood Vial":20,"Happy Flower":[2],"counters":[30,146],"Shuriken":[44],"Bronze Scales":[299],"Pen Nib":[47],"Nloth\u0027s Gift":3,"War Paint":["RobotSpaceExplorer:Defend","RobotSpaceExplorer:Defend"],"MawBank":216,"Cursed Key":2,"obtain_stats":[{"Lantern":2,"RobotSpaceExplorer:SlideRule":28,"Happy Flower":54,"RobotSpaceExplorer:RoboCore":0,"Pen Nib":12,"War Paint":7,"MawBank":10,"Cursed Key":17,"Ancient Tea Set":28,"Blood Vial":29,"Du-Vu Doll":42,"Dream Catcher":9,"RobotSpaceExplorer:BottledGravity":31,"Shuriken":40,"Bronze Scales":19,"RobotSpaceExplorer:ToughPlating":47,"Fusion Hammer":34,"Nloth\u0027s Gift":21,"Toxic Egg 2":23,"Meat on the Bone":26},{"Lantern":1,"RobotSpaceExplorer:SlideRule":14,"Happy Flower":29,"RobotSpaceExplorer:RoboCore":0,"Pen Nib":7,"War Paint":5,"MawBank":7,"Cursed Key":10,"Ancient Tea Set":14,"Blood Vial":15,"Du-Vu Doll":24,"Dream Catcher":6,"RobotSpaceExplorer:BottledGravity":16,"Shuriken":23,"Bronze Scales":11,"RobotSpaceExplorer:ToughPlating":26,"Fusion Hammer":17,"Nloth\u0027s Gift":12,"Toxic Egg 2":14,"Meat on the Bone":14},{"Lantern":5,"RobotSpaceExplorer:SlideRule":75,"Happy Flower":140,"RobotSpaceExplorer:RoboCore":0,"Pen Nib":40,"War Paint":20,"MawBank":40,"Cursed Key":55,"Ancient Tea Set":75,"Blood Vial":81,"Du-Vu Doll":122,"Dream Catcher":25,"RobotSpaceExplorer:BottledGravity":86,"Shuriken":118,"Bronze Scales":59,"RobotSpaceExplorer:ToughPlating":127,"Fusion Hammer":95,"Nloth\u0027s Gift":63,"Toxic Egg 2":75,"Meat on the Bone":75}],"Meat on the Bone":36},"card_choices":[{"not_picked":["RobotSpaceExplorer:SurgingStrike","RobotSpaceExplorer:Pulsar"],"picked":"RobotSpaceExplorer:Fix","floor":1.0},{"not_picked":["RobotSpaceExplorer:MiniDrones","RobotSpaceExplorer:MiniBoosters"],"picked":"RobotSpaceExplorer:ScrapToss","floor":3.0},{"not_picked":["RobotSpaceExplorer:Ammunition","RobotSpaceExplorer:IronShell"],"picked":"RobotSpaceExplorer:FreezingShield","floor":4.0},{"not_picked":["RobotSpaceExplorer:FranticSearch","RobotSpaceExplorer:Reload"],"picked":"RobotSpaceExplorer:ExhaustFan","floor":5.0},{"not_picked":["RobotSpaceExplorer:MetalStrike","RobotSpaceExplorer:Arsenal"],"picked":"RobotSpaceExplorer:MiniBoosters","floor":7.0},{"not_picked":["RobotSpaceExplorer:DualCore","RobotSpaceExplorer:SwiftStep"],"picked":"RobotSpaceExplorer:Probe","floor":8.0},{"not_picked":["RobotSpaceExplorer:SlimeMissile","RobotSpaceExplorer:ShockKick","RobotSpaceExplorer:DoubleBlock"],"picked":"SKIP","floor":10.0},{"not_picked":["RobotSpaceExplorer:ScrapMissile","RobotSpaceExplorer:Discharger"],"picked":"RobotSpaceExplorer:LuckyStrike","floor":13.0},{"not_picked":["RobotSpaceExplorer:Counterblock","RobotSpaceExplorer:Ammunition","RobotSpaceExplorer:Pulsar"],"picked":"SKIP","floor":14.0},{"not_picked":["RobotSpaceExplorer:TrailblazerForm","RobotSpaceExplorer:Scanner"],"picked":"RobotSpaceExplorer:Wormhole","floor":16.0},{"not_picked":["RobotSpaceExplorer:Pulsar","RobotSpaceExplorer:RigExplosive","RobotSpaceExplorer:Ammunition+1"],"picked":"SKIP","floor":18.0},{"not_picked":["RobotSpaceExplorer:DualCore","RobotSpaceExplorer:MiniDrones"],"picked":"RobotSpaceExplorer:ScrapMissile+1","floor":20.0},{"not_picked":["RobotSpaceExplorer:SwiftStep+1","RobotSpaceExplorer:SlimeMissile"],"picked":"RobotSpaceExplorer:GlueShot","floor":22.0},{"not_picked":["RobotSpaceExplorer:ScrapShield+1","RobotSpaceExplorer:Autoloader"],"picked":"RobotSpaceExplorer:ScrapMissile","floor":23.0},{"not_picked":["RobotSpaceExplorer:SurgingShield+1","RobotSpaceExplorer:ShockKick"],"picked":"RobotSpaceExplorer:ChargingLaser","floor":29.0},{"not_picked":["RobotSpaceExplorer:SwiftStep+1","RobotSpaceExplorer:ShockMissile"],"picked":"RobotSpaceExplorer:ImprovisedAttack+1","floor":31.0},{"not_picked":["RobotSpaceExplorer:Autoloader","RobotSpaceExplorer:Multitool"],"picked":"RobotSpaceExplorer:Wormhole+1","floor":33.0},{"not_picked":["RobotSpaceExplorer:Calculate+1","RobotSpaceExplorer:SlimeMissile+1"],"picked":"RobotSpaceExplorer:ShovelStrike+1","floor":35.0},{"not_picked":["RobotSpaceExplorer:MiniDrones+1","RobotSpaceExplorer:SwiftStep+1"],"picked":"RobotSpaceExplorer:PowerGlove+1","floor":36.0},{"not_picked":["RobotSpaceExplorer:SurgingStrike+1","RobotSpaceExplorer:Reload+1"],"picked":"RobotSpaceExplorer:ScrapToss","floor":37.0},{"not_picked":["RobotSpaceExplorer:Scanner","RobotSpaceExplorer:Pulsar+1"],"picked":"RobotSpaceExplorer:GlueShot+1","floor":38.0},{"not_picked":["RobotSpaceExplorer:ScrapShield+1","RobotSpaceExplorer:GlueShot+1"],"picked":"RobotSpaceExplorer:Ammunition+1","floor":39.0},{"not_picked":["RobotSpaceExplorer:ShockKick+1","RobotSpaceExplorer:Scanner"],"picked":"RobotSpaceExplorer:FranticSearch+1","floor":40.0},{"not_picked":["RobotSpaceExplorer:GlueShot+1","RobotSpaceExplorer:ToxicBomb+1"],"picked":"RobotSpaceExplorer:ScrapShield+1","floor":42.0},{"not_picked":["RobotSpaceExplorer:PlasmaMissile","RobotSpaceExplorer:FreezeRay+1","RobotSpaceExplorer:BigMissile+1"],"picked":"SKIP","floor":45.0},{"not_picked":["RobotSpaceExplorer:ShockKick+1","RobotSpaceExplorer:RigExplosive+1","RobotSpaceExplorer:MiniDrones"],"picked":"SKIP","floor":46.0},{"not_picked":["RobotSpaceExplorer:Counterblock+1","RobotSpaceExplorer:ShockKick+1","RobotSpaceExplorer:MetalStrike"],"picked":"SKIP","floor":48.0},{"not_picked":["RobotSpaceExplorer:Calculate+1","RobotSpaceExplorer:GlueSpray+1"],"picked":"RobotSpaceExplorer:Probe+1","floor":54}],"player_experience":406457,"relics_obtained":[{"floor":7.0,"key":"War Paint"},{"floor":9.0,"key":"Dream Catcher"},{"floor":10.0,"key":"MawBank"},{"floor":12.0,"key":"Pen Nib"},{"floor":19.0,"key":"Bronze Scales"},{"floor":23.0,"key":"Toxic Egg 2"},{"floor":26.0,"key":"Meat on the Bone"},{"floor":29.0,"key":"Blood Vial"},{"floor":31.0,"key":"RobotSpaceExplorer:BottledGravity"},{"floor":40.0,"key":"Shuriken"},{"floor":42.0,"key":"Du-Vu Doll"},{"floor":54,"key":"Happy Flower"}],"event_choices":[{"damage_healed":0.0,"max_hp_gain":0.0,"max_hp_loss":0.0,"gold_gain":0.0,"event_name":"betterThird:BetterScrap","player_choice":"Relic ","floor":2.0,"gold_loss":0.0,"damage_taken":7.0,"cards_obtained":["Whirlwind"]},{"damage_healed":0.0,"max_hp_gain":5.0,"max_hp_loss":0.0,"gold_gain":0.0,"event_name":"Big Fish","player_choice":"Donut","floor":11.0,"gold_loss":0.0,"damage_taken":0.0},{"damage_healed":0.0,"max_hp_gain":0.0,"max_hp_loss":0.0,"gold_gain":0.0,"event_name":"Wheel of Change","player_choice":"Relic","floor":19.0,"gold_loss":0.0,"damage_taken":0.0},{"damage_healed":0.0,"max_hp_gain":0.0,"max_hp_loss":0.0,"gold_gain":0.0,"event_name":"N\u0027loth","player_choice":"Traded Relic","floor":21.0,"relics_lost":["Dream Catcher"],"gold_loss":0.0,"damage_taken":0.0,"relics_obtained":["Nloth\u0027s Gift"]},{"damage_healed":0.0,"max_hp_gain":0.0,"max_hp_loss":0.0,"gold_gain":75.0,"event_name":"FaceTrader","player_choice":"Touch","floor":25.0,"gold_loss":0.0,"damage_taken":8.0},{"cards_removed":["Decay"],"damage_healed":0.0,"max_hp_gain":0.0,"max_hp_loss":0.0,"gold_gain":0.0,"event_name":"Purifier","player_choice":"Purged","floor":44.0,"gold_loss":0.0,"damage_taken":0.0}],"is_beta":false,"boss_relics":[{"not_picked":["Ectoplasm","Runic Dome"],"picked":"Cursed Key"},{"not_picked":["Velvet Choker","Busted Crown"],"picked":"Fusion Hammer"}],"items_purged_floors":[28],"is_endless":false,"potions_floor_spawned":[1,4,10,13,14,18,23,33,35,39,40,45,54],"ascension_level":0}}