{"host":"2l3i55whvwk76mom","time":1612663717,"event":{"mods":["BaseMod","Googly Eyes","Hermit","Hubris","Minty Spire (QoL Compilation)","Replay The Spire","StSLib","The Cursed","The Disciple","The Hierophant","The Jungle","The Necromancer"],"gold_per_floor":[118,132,50,62,62,62,72,106,106,106,106,106,132,151,151,247,247,259,271,196,209,484,509,509,527,595,595,606,264,280,298,298,298,298],"floor_reached":33,"language":"ENG","playtime":1213,"items_purged":["Sword Boomerang","Strike_R"],"score":430,"play_id":"1a17c7a0-b242-4fc4-8113-ada1a80c2f63","local_time":"20210206180837","is_ascension_mode":true,"campfire_choices":[{"data":"Bash","floor":6,"key":"SMITH"},{"floor":12,"key":"REST"},{"floor":15,"key":"REST"},{"floor":24,"key":"REST"},{"data":"Limit Break","floor":27,"key":"SMITH"},{"floor":32,"key":"REST"}],"circlet_count":0,"master_deck":["Strike_R","Strike_R","Strike_R","Strike_R","Defend_R","Defend_R","Defend_R+1","Defend_R+1","Bash+1","Headbutt+1","ReplayTheSpireMod:LeadingStrike","Carnage","Pommel Strike","ReplayTheSpireMod:Stacked","Carnage","Sword Boomerang","Feed","Iron Wave+1","Inflame","True Grit","Regret","Limit Break+1","Sentinel","Cleave"],"relics":["Burning Blood","NeowsBlessing","Meat on the Bone","StrikeDummy","Pocketwatch","War Paint","hubris:TerracottaHorce","Replay:Ringing Soul","MealTicket"],"acts_visited":["Exordium","TheCity"],"potions_floor_usage":[8,13,14,18,23,23,23,28,30,31],"damage_taken":[{"damage":0,"enemies":"Small Slimes","floor":1,"turns":1},{"damage":0,"enemies":"2 Louse","floor":2,"turns":1},{"damage":0,"enemies":"Jaw Worm","floor":4,"turns":1},{"damage":5,"enemies":"Gremlin Gang","floor":7,"turns":4},{"damage":32,"enemies":"Lagavulin","floor":8,"turns":6},{"damage":16,"enemies":"3 Sentries","floor":13,"turns":6},{"damage":12,"enemies":"Large Slime","floor":14,"turns":5},{"damage":48,"enemies":"The Guardian","floor":16,"turns":13},{"damage":12,"enemies":"3 Byrds","floor":18,"turns":4},{"damage":7,"enemies":"Chosen","floor":19,"turns":3},{"damage":20,"enemies":"Sentry and Sphere","floor":21,"turns":5},{"damage":40,"enemies":"Book of Stabbing","floor":23,"turns":6},{"damage":37,"enemies":"Snake Plant","floor":25,"turns":4},{"damage":33,"enemies":"3 Cultists","floor":28,"turns":5},{"damage":23,"enemies":"Snecko","floor":30,"turns":4},{"damage":0,"enemies":"Cultist and Chosen","floor":31,"turns":4},{"damage":99,"enemies":"Collector","floor":33,"turns":6}],"seed_played":"3514236197811045278","potions_obtained":[{"floor":1,"key":"GamblersBrew"},{"floor":7,"key":"Languid Potion"},{"floor":8,"key":"Dexterity Potion"},{"floor":13,"key":"Strength Potion"},{"floor":16,"key":"Energy Potion"},{"floor":18,"key":"Adrenaline Potion"},{"floor":19,"key":"Dexterity Potion"},{"floor":25,"key":"Dexterity Potion"}],"is_trial":false,"path_per_floor":["M","M","$","M","$","R","M","E","T","?","?","R","E","M","R","B",null,"M","M","$","M","?","E","R","M","T","R","M","$","M","M","R","B"],"character_chosen":"IRONCLAD","items_purchased":["Carnage","MealTicket","Strength Potion","Block Potion"],"campfire_rested":4,"item_purchase_floors":[3,29,29,29],"current_hp_per_floor":[78,80,80,80,80,80,80,54,54,54,29,53,55,49,73,43,71,68,67,67,56,56,37,63,44,44,44,32,32,30,51,80,0,0],"gold":298,"neow_bonus":"THREE_ENEMY_KILL","is_daily":false,"chose_seed":false,"campfire_upgraded":2,"win_rate":0.0,"timestamp":1612663717,"path_taken":["M","M","$","M","$","R","M","E","T","?","?","R","E","M","R","BOSS","M","M","$","M","?","E","R","?","T","R","M","$","M","M","R","BOSS"],"items_purchased_type":["Card","Relic","Potion","Potion"],"build_version":"2020-12-22","purchased_purges":2,"victory":false,"max_hp_per_floor":[80,80,80,80,80,80,80,80,80,80,80,80,80,80,80,80,80,83,83,83,86,86,89,89,89,89,89,92,92,95,98,98,98,98],"card_choices":[{"not_picked":["Burning Pact","Intimidate"],"picked":"Headbutt","floor":1},{"not_picked":["Wild Strike","Replay:Undeath\u0027s Touch"],"picked":"ReplayTheSpireMod:LeadingStrike","floor":2},{"not_picked":["Twin Strike","Clothesline"],"picked":"Sword Boomerang","floor":4},{"not_picked":["Intimidate","Headbutt"],"picked":"Pommel Strike","floor":7},{"not_picked":["Demonic Infusion","Havoc"],"picked":"ReplayTheSpireMod:Stacked","floor":8},{"not_picked":["Armaments","Rupture"],"picked":"Carnage","floor":13},{"not_picked":["Clash","Flex"],"picked":"Sword Boomerang","floor":14},{"not_picked":["Immolate","Eclipse"],"picked":"Feed","floor":16},{"not_picked":["Thunderclap","Bloodletting"],"picked":"Iron Wave+1","floor":18},{"not_picked":["Warcry","Pommel Strike"],"picked":"Inflame","floor":19},{"not_picked":["ReplayTheSpireMod:Strike From Hell","Replay:Undeath\u0027s Touch"],"picked":"True Grit","floor":21},{"not_picked":["Perfected Strike","Headbutt"],"picked":"Limit Break","floor":23},{"not_picked":["Wild Strike","Shrug It Off","Headbutt"],"picked":"SKIP","floor":25},{"not_picked":["Warcry","Defy Death","Havoc"],"picked":"SKIP","floor":28},{"not_picked":["Dark Embrace","Wild Strike"],"picked":"Sentinel","floor":30},{"not_picked":["Blood for Blood","Havoc"],"picked":"Cleave","floor":31}],"player_experience":358140,"relics_obtained":[{"floor":8,"key":"Meat on the Bone"},{"floor":9,"key":"StrikeDummy"},{"floor":13,"key":"War Paint"},{"floor":23,"key":"Replay:Ringing Soul"}],"event_choices":[{"damage_healed":0,"gold_gain":0,"player_choice":"Success","damage_taken":25,"relics_obtained":["Pocketwatch"],"max_hp_gain":0,"max_hp_loss":0,"event_name":"Scrap Ooze","floor":11,"gold_loss":0},{"damage_healed":0,"gold_gain":275,"player_choice":"Desecrate","damage_taken":0,"max_hp_gain":0,"max_hp_loss":0,"event_name":"Golden Shrine","floor":22,"gold_loss":0,"cards_obtained":["Regret"]}],"is_beta":false,"boss_relics":[{"not_picked":["Honey Jar","hubris:ScarierMask"],"picked":"hubris:TerracottaHorce"}],"items_purged_floors":[20,29],"is_endless":false,"potions_floor_spawned":[1,7,8,13,16,18,19,25],"killed_by":"Collector","ascension_level":9}}