{"host":"2l3i55whvwk76mom","time":1612715481,"event":{"mods":["BaseMod","Googly Eyes","Hermit","Hubris","Minty Spire (QoL Compilation)","Replay The Spire","StSLib","The Cursed","The Disciple","The Hierophant","The Jungle","The Necromancer"],"gold_per_floor":[116,116,133,144,144,183,183,223,294,294,294,294,294],"floor_reached":12,"language":"ENG","playtime":281,"items_purged":[],"score":125,"play_id":"87a2a8a5-b946-4ebc-8a6e-79d4bf40ca19","local_time":"20210207083121","is_ascension_mode":true,"campfire_choices":[{"floor":7,"key":"REST"},{"floor":10,"key":"REST"}],"circlet_count":0,"master_deck":["Strike_R","Strike_R","Strike_R","Strike_R","Strike_R","Defend_R","Defend_R","Defend_R","Defend_R","Bash","Feel No Pain","Hemokinesis","True Grit","Burning Pact","Sever Soul","Armaments"],"relics":["Burning Blood","NeowsBlessing","Golden Idol","Replay:Towering Pillar of Hats","Sundial","Ornamental Fan"],"acts_visited":["Exordium"],"potions_floor_usage":[6,8],"damage_taken":[{"damage":0,"enemies":"Jaw Worm","floor":1,"turns":1},{"damage":2,"enemies":"2 Louse","floor":3,"turns":1},{"damage":0,"enemies":"Small Slimes","floor":4,"turns":1},{"damage":49,"enemies":"Lagavulin","floor":6,"turns":7},{"damage":43,"enemies":"Gremlin Nob","floor":8,"turns":5},{"damage":23,"enemies":"3 Sentries","floor":12,"turns":4}],"seed_played":"6225679450796762684","potions_obtained":[{"floor":3,"key":"BlessingOfTheForge"},{"floor":6,"key":"FearPotion"}],"is_trial":false,"path_per_floor":["M","?","M","M","?","E","R","E","T","R","?","E"],"character_chosen":"IRONCLAD","items_purchased":[],"campfire_rested":2,"item_purchase_floors":[],"current_hp_per_floor":[78,78,80,80,74,31,53,16,16,38,31,8,8],"gold":294,"neow_bonus":"THREE_ENEMY_KILL","is_daily":false,"chose_seed":false,"campfire_upgraded":0,"win_rate":0.0,"timestamp":1612715481,"path_taken":["M","?","M","M","?","E","R","E","T","R","?","E"],"items_purchased_type":[],"build_version":"2020-12-22","purchased_purges":0,"victory":false,"max_hp_per_floor":[80,80,80,80,74,74,74,74,74,74,74,74,74],"card_choices":[{"not_picked":["Pommel Strike","Armaments"],"picked":"Feel No Pain","floor":1},{"not_picked":["Thunderclap","Pommel Strike"],"picked":"True Grit","floor":3},{"not_picked":["Infernal Blade","Shrug It Off"],"picked":"Burning Pact","floor":4},{"not_picked":["Havoc","Seeing Red"],"picked":"Sever Soul","floor":6},{"not_picked":["hubris:CleavingFinish","Shrug It Off"],"picked":"Armaments","floor":8}],"player_experience":359388,"relics_obtained":[{"floor":6,"key":"Replay:Towering Pillar of Hats"},{"floor":8,"key":"Sundial"},{"floor":9,"key":"Ornamental Fan"}],"event_choices":[{"damage_healed":0,"gold_gain":0,"player_choice":"Lose Max HP","damage_taken":0,"relics_obtained":["Golden Idol"],"max_hp_gain":0,"max_hp_loss":6,"event_name":"Golden Idol","floor":5,"gold_loss":0},{"damage_healed":0,"gold_gain":0,"player_choice":"Damaged","damage_taken":7,"max_hp_gain":0,"max_hp_loss":0,"event_name":"Wheel of Change","floor":11,"gold_loss":0}],"is_beta":false,"boss_relics":[],"items_purged_floors":[],"is_endless":false,"potions_floor_spawned":[3,6],"killed_by":"3 Sentries","ascension_level":9}}