{"host":"dt8tt9y5uobrbn6j","time":1612668206,"event":{"mods":["100% Spire Juice","ATMod(°¢èªMod)","Act Like it!","BaseMod","Better Third Choice","BetterRewards","Bossed Relics","Card Forge","Colored Powertips","Conspire","HololiveMod","Mimic Mod","Minty Spire (QoL Compilation)","Quick Restart","Relic Stats","Reliquary","Retaliation","Shop Mod","StSLib","The Bug Knight","The Jungle","Weighted Paths","óô»ðÖ¸ÄÏ"],"gold_per_floor":[114,189,204,222,240,575,596,607,630,763,763,1089,1109,1270,792,967,967,983,650,661,661,672,797,809,938,965,965,975,790,922,922,665,843,843,856,791,924,924,924,1059,1059,1185,1185,1201,1334,1334,1352,1302,1057,1257,1359,1359,1226,1145,1376,1476],"floor_reached":57,"language":"ZHS","playtime":3570,"items_purged":["Strike_R","Strike_R","Strike_R","Defend_R","Strike_R+1","AT_EmpoweredMortalDraw"],"score":4640,"play_id":"725b35b9-4422-43a9-811b-b06500777c87","local_time":"20210207112326","is_ascension_mode":true,"campfire_choices":[{"floor":39.0,"key":"RECALL"}],"circlet_count":0,"master_deck":["AscendersBane","Defend_R","Bash+1","Ghostly Armor","Deep Breath+1","Bloodletting+1","Secret Technique+1","Disarm+1","Warcry+1","AT_BodySlamDance+1","Dark Embrace+1","Sentinel+1","Burning Pact+1","True Grit+1","conspire:Banana+1","AT_FamilyPortrait+1","Havoc+1","AT_ManFootWork+1","Berserk+1","Panacea+1","Second Wind+1","AT_PowerWithin+1"],"relics":["Burning Blood","Hammer of Thor","Seething Fire","Anvil of the Gods","AT_ATBox","conspire:TreasureMap","reliquary:Firecrackers","AT_TheCollector","Chemical X","Toxic Egg 2","AT_ChloranthyRing","Membership Card","MerchantsRug","Bag of Marbles","AT_LudenTempest","TungstenRod","Pantograph","TheAbacus","Hololive_LightStick","Odd Mushroom","AT_RabadonDeathcap","Bag of Preparation","reliquary:TuningFork","Incense Burner","Sundial","HandDrill","reliquary:WritOfMandamus","Frozen Eye","reliquary:Stiletto","theJungle:BirthdayCakeSlice","Girya","Bottled Tornado","Regal Pillow","theJungle:SpiritDisease","theJungle:Creamberry","Smiling Mask","StoneCalendar","Potion Belt","AT_SpeedBoots","Boot","reliquary:OuijaBoard","Du-Vu Doll","reliquary:FerryPass","Du-Vu Doll","OrangePellets","reliquary:Knoch"],"acts_visited":["Exordium","Exordium","TheBeyond","TheEnding"],"potions_floor_usage":[56,56],"damage_taken":[{"damage":3.0,"enemies":"Jaw Worm","floor":1.0,"turns":2.0},{"damage":2.0,"enemies":"Small Slimes","floor":3.0,"turns":3.0},{"damage":0.0,"enemies":"2 Louse","floor":4.0,"turns":1.0},{"damage":0.0,"enemies":"Looter","floor":5.0,"turns":1.0},{"damage":2.0,"enemies":"3 Sentries","floor":6.0,"turns":3.0},{"damage":0.0,"enemies":"The Mushroom Lair","floor":7.0,"turns":2.0},{"damage":0.0,"enemies":"Large Slime","floor":8.0,"turns":2.0},{"damage":0.0,"enemies":"Lagavulin","floor":10.0,"turns":3.0},{"damage":0.0,"enemies":"3 Sentries","floor":12.0,"turns":4.0},{"damage":0.0,"enemies":"Lots of Slimes","floor":13.0,"turns":1.0},{"damage":0.0,"enemies":"Lagavulin Event","floor":14.0,"turns":1.0},{"damage":0.0,"enemies":"The Guardian","floor":16.0,"turns":2.0},{"damage":0.0,"enemies":"theJungle:5_Spyders","floor":18.0,"turns":1.0},{"damage":0.0,"enemies":"theJungle:GiantWrat","floor":20.0,"turns":1.0},{"damage":0.0,"enemies":"theJungle:2_Snecko_Cultists","floor":22.0,"turns":2.0},{"damage":0.0,"enemies":"theJungle:MamaSnecko","floor":23.0,"turns":1.0},{"damage":0.0,"enemies":"theJungle:2_Flameangoes","floor":24.0,"turns":1.0},{"damage":0.0,"enemies":"theJungle:Cassacara","floor":25.0,"turns":1.0},{"damage":0.0,"enemies":"theJungle:SlimyTreeVines","floor":28.0,"turns":1.0},{"damage":0.0,"enemies":"theJungle:MamaSnecko","floor":30.0,"turns":1.0},{"damage":0.0,"enemies":"theJungle:FunGuy","floor":33.0,"turns":1.0},{"damage":4.0,"enemies":"3 Shapes","floor":35.0,"turns":2.0},{"damage":0.0,"enemies":"conspire:MimicChest","floor":37.0,"turns":1.0},{"damage":0.0,"enemies":"3 Darklings","floor":38.0,"turns":1.0},{"damage":0.0,"enemies":"Reptomancer","floor":40.0,"turns":2.0},{"damage":4.0,"enemies":"Nemesis","floor":42.0,"turns":1.0},{"damage":0.0,"enemies":"Sphere and 2 Shapes","floor":44.0,"turns":1.0},{"damage":0.0,"enemies":"HollowMod:StalkingDevout","floor":45.0,"turns":1.0},{"damage":0.0,"enemies":"Transient","floor":47.0,"turns":1.0},{"damage":0.0,"enemies":"Awakened One","floor":50.0,"turns":2.0},{"damage":0.0,"enemies":"Time Eater","floor":51.0,"turns":3.0},{"damage":0.0,"enemies":"Shield and Spear","floor":55.0,"turns":1.0},{"damage":0,"enemies":"The Heart","floor":56,"turns":4}],"seed_played":"-8617846165103942928","potions_obtained":[{"floor":1.0,"key":"Explosive Potion"},{"floor":4.0,"key":"Fire Potion"},{"floor":5.0,"key":"HeartOfIron"},{"floor":20.0,"key":"GamblersBrew"},{"floor":40.0,"key":"PowerPotion"},{"floor":42.0,"key":"SkillPotion"}],"is_trial":false,"path_per_floor":["M","?","M","M","M","E","?","M","T","E","?","E","M","?","R","B",null,"M","$","M","?","M","E","M","E","T","?","M","?","E","?","R","B",null,"M","$","?","M","R","E","?","E","T","M","E","?","M","$","R","B","B",null,"R","$","E","B",null],"character_chosen":"IRONCLAD","items_purchased":["conspire:TreasureMap","reliquary:Firecrackers","AT_TheCollector","Chemical X","Ghostly Armor","Toxic Egg 2","Deep Breath+1","BloodPotion","AT_ChloranthyRing","Bloodletting+1","Membership Card","MerchantsRug","Bag of Marbles","Secret Technique+1","Disarm+1","Warcry+1","AT_BodySlamDance+1","Pantograph","TheAbacus","Incense Burner","Sundial","HandDrill","conspire:Banana+1","Frozen Eye","reliquary:Stiletto","AT_FamilyPortrait+1","StoneCalendar","AT_Homeward+1","AT_EmpoweredMortalDraw","Panacea+1","Du-Vu Doll","reliquary:FerryPass","reliquary:SculptingSteel","OrangePellets"],"campfire_rested":0,"item_purchase_floors":[0,0,0,0,0,0,0,0,0,0,0,0,0,0,0,0,0,0,0,15,15,15,15,19,19,19,32,32,36,36,49,49,53,54],"current_hp_per_floor":[24,14,18,39,45,49,55,61,61,67,45,51,57,63,63,77,77,79,79,81,86,88,90,92,94,94,94,98,98,102,102,102,104,104,105,105,107,109,109,111,102,106,106,114,117,112,119,119,119,121,123,123,123,123,125,125],"gold":1476,"neow_bonus":"","is_daily":false,"chose_seed":false,"campfire_upgraded":0,"win_rate":0.0,"timestamp":1612668206,"path_taken":["M","?","M","M","M","E","?","M","T","E","?","E","M","?","R","BOSS","M","$","M","?","M","E","M","E","T","?","M","?","E","?","R","BOSS","M","?","?","M","?","E","?","E","T","M","E","?","?","$","R","BOSS","BOSS","R","$","E","BOSS"],"items_purchased_type":["Relic","Relic","Relic","Relic","Card","Relic","Card","Potion","Relic","Card","Relic","Relic","Relic","Card","Card","Card","Card","Relic","Relic","Relic","Relic","Relic","Card","Relic","Relic","Card","Relic","Card","Card","Card","Relic","Relic","Relic","Relic"],"build_version":"2020-12-22","purchased_purges":6,"victory":true,"max_hp_per_floor":[75,75,75,75,75,75,75,75,75,75,75,75,75,75,75,77,77,79,79,81,86,88,90,92,94,94,94,98,98,102,102,102,104,104,105,105,107,109,109,111,111,113,113,115,117,117,119,119,119,121,123,123,123,123,125,125],"relic_stats":{"Regal Pillow":0,"counters":[33,55],"StoneCalendar":[0],"Bag of Preparation":[48],"Smiling Mask":113,"Boot":[0],"Burning Blood":88,"OrangePellets":[4],"TheAbacus":[342],"Sundial":[30],"Pantograph":12,"HandDrill":[2],"Chemical X":[2],"obtain_stats":[{"reliquary:OuijaBoard":45,"Regal Pillow":26,"AT_ATBox":0,"reliquary:Firecrackers":0,"StoneCalendar":32,"Hammer of Thor":0,"Bag of Preparation":12,"Incense Burner":15,"theJungle:Creamberry":29,"Bottled Tornado":25,"Smiling Mask":30,"Boot":42,"Burning Blood":0,"reliquary:FerryPass":49,"Frozen Eye":19,"TheAbacus":0,"Sundial":15,"theJungle:BirthdayCakeSlice":21,"Pantograph":0,"HandDrill":15,"Chemical X":0,"Toxic Egg 2":0,"AT_ChloranthyRing":0,"Potion Belt":37,"MerchantsRug":0,"AT_RabadonDeathcap":10,"Girya":23,"conspire:TreasureMap":0,"theJungle:SpiritDisease":27,"Hololive_ChaosS":34,"Seething Fire":0,"Odd Mushroom":7,"Du-Vu Doll":49,"OrangePellets":54,"AT_LudenTempest":0,"Hololive_LightStick":6,"AT_SpeedBoots":40,"Anvil of the Gods":0,"AT_TheCollector":0,"reliquary:Stiletto":19,"reliquary:SculptingSteel":53,"Bag of Marbles":0,"reliquary:TuningFork":14,"Membership Card":0,"reliquary:Knoch":55,"reliquary:WritOfMandamus":17,"TungstenRod":0},{"reliquary:OuijaBoard":28,"Regal Pillow":18,"AT_ATBox":0,"reliquary:Firecrackers":0,"StoneCalendar":20,"Hammer of Thor":0,"Bag of Preparation":9,"Incense Burner":11,"theJungle:Creamberry":19,"Bottled Tornado":18,"Smiling Mask":20,"Boot":26,"Burning Blood":0,"reliquary:FerryPass":29,"Frozen Eye":13,"TheAbacus":0,"Sundial":11,"theJungle:BirthdayCakeSlice":14,"Pantograph":0,"HandDrill":11,"Chemical X":0,"Toxic Egg 2":0,"AT_ChloranthyRing":0,"Potion Belt":23,"MerchantsRug":0,"AT_RabadonDeathcap":8,"Girya":16,"conspire:TreasureMap":0,"theJungle:SpiritDisease":18,"Hololive_ChaosS":21,"Seething Fire":0,"Odd Mushroom":6,"Du-Vu Doll":29,"OrangePellets":31,"AT_LudenTempest":0,"Hololive_LightStick":5,"AT_SpeedBoots":25,"Anvil of the Gods":0,"AT_TheCollector":0,"reliquary:Stiletto":13,"reliquary:SculptingSteel":31,"Bag of Marbles":0,"reliquary:TuningFork":11,"Membership Card":0,"reliquary:Knoch":32,"reliquary:WritOfMandamus":12,"TungstenRod":0},{"reliquary:OuijaBoard":44,"Regal Pillow":32,"AT_ATBox":0,"reliquary:Firecrackers":0,"StoneCalendar":34,"Hammer of Thor":0,"Bag of Preparation":21,"Incense Burner":23,"theJungle:Creamberry":33,"Bottled Tornado":32,"Smiling Mask":34,"Boot":42,"Burning Blood":0,"reliquary:FerryPass":45,"Frozen Eye":26,"TheAbacus":0,"Sundial":23,"theJungle:BirthdayCakeSlice":27,"Pantograph":0,"HandDrill":23,"Chemical X":0,"Toxic Egg 2":0,"AT_ChloranthyRing":0,"Potion Belt":38,"MerchantsRug":0,"AT_RabadonDeathcap":17,"Girya":30,"conspire:TreasureMap":0,"theJungle:SpiritDisease":32,"Hololive_ChaosS":35,"Seething Fire":0,"Odd Mushroom":12,"Du-Vu Doll":45,"OrangePellets":50,"AT_LudenTempest":0,"Hololive_LightStick":10,"AT_SpeedBoots":41,"Anvil of the Gods":0,"AT_TheCollector":0,"reliquary:Stiletto":26,"reliquary:SculptingSteel":50,"Bag of Marbles":0,"reliquary:TuningFork":23,"Membership Card":0,"reliquary:Knoch":51,"reliquary:WritOfMandamus":25,"TungstenRod":0}],"TungstenRod":13},"card_choices":[{"not_picked":["Hemokinesis","AT_DiedThrough+1"],"picked":"Dark Embrace","floor":1.0},{"not_picked":["True Grit+1","Thunderclap"],"picked":"Sentinel+1","floor":3.0},{"not_picked":["DDmod:SpikeMailSkill+1","Dropkick","DDmod:CallousedSkill+1"],"picked":"SKIP","floor":4.0},{"not_picked":["DDmod:UnstoppableAttack","Sentinel+1"],"picked":"Burning Pact+1","floor":5.0},{"not_picked":["Ghostly Armor+1","AT_DrawKnifeCut","AT_BodySlamDance+1"],"picked":"SKIP","floor":6.0},{"not_picked":["Clash","Clothesline"],"picked":"True Grit+1","floor":7.0},{"not_picked":["Bloodletting+1","Spot Weakness+1","DDmod:ScaleUpSkill+1"],"picked":"SKIP","floor":8.0},{"not_picked":["AT_ShrugMaster","Metallicize","AT_IchimonjiDouble"],"picked":"SKIP","floor":10.0},{"not_picked":["Reaper","DDmod:SpikedSkill+1","DDmod:PokeAttack"],"picked":"SKIP","floor":12.0},{"not_picked":["Armaments+1","Sword Boomerang","Twin Strike"],"picked":"SKIP","floor":13.0},{"not_picked":["DDmod:CallousedSkill+1","Carnage","DDmod:UnstoppableAttack+1"],"picked":"SKIP","floor":18.0},{"not_picked":["Shockwave+1","Body Slam","Flame Barrier+1"],"picked":"SKIP","floor":20.0},{"not_picked":["Thunderclap","AT_CaressingTears+1","Sentinel+1"],"picked":"SKIP","floor":22.0},{"not_picked":["Perfected Strike+1","conspire:Charge"],"picked":"Havoc+1","floor":23.0},{"not_picked":["DDmod:EasePowerCard","Clothesline","Carnage"],"picked":"SKIP","floor":24.0},{"not_picked":["Evolve","Whirlwind","Clash"],"picked":"SKIP","floor":25.0},{"not_picked":["AT_ManFootWork+1","AT_IchimonjiDouble","Flex+1"],"picked":"SKIP","floor":28.0},{"not_picked":["AT_IchimonjiDouble","Flex+1"],"picked":"AT_ManFootWork+1","floor":28.0},{"not_picked":["True Grit+1","Sword Boomerang"],"picked":"Berserk+1","floor":30.0},{"not_picked":["Rampage+1","Disarm+1","AT_IchimonjiDouble"],"picked":"SKIP","floor":35.0},{"not_picked":["Hemokinesis+1","DDmod:PlatedThornsSkill+1"],"picked":"Second Wind+1","floor":40.0},{"not_picked":["Trip+1","Forethought+1"],"picked":"AT_PowerWithin+1","floor":41.0},{"not_picked":["Clothesline","Cleave","Bloodletting+1"],"picked":"SKIP","floor":42.0},{"not_picked":["DDmod:UnstoppableAttack+1","Body Slam","Twin Strike"],"picked":"SKIP","floor":44.0},{"not_picked":["Rampage+1","Warcry+1","Body Slam"],"picked":"SKIP","floor":45.0},{"not_picked":["Wild Strike","True Grit+1","conspire:Charge+1"],"picked":"SKIP","floor":47.0},{"not_picked":["True Grit+1","Inflame+1","DDmod:PokeAttack+1"],"picked":"SKIP","floor":55.0}],"player_experience":873692,"relics_obtained":[{"floor":6.0,"key":"Hololive_LightStick"},{"floor":7.0,"key":"Odd Mushroom"},{"floor":10.0,"key":"AT_RabadonDeathcap"},{"floor":12.0,"key":"Bag of Preparation"},{"floor":14.0,"key":"reliquary:TuningFork"},{"floor":23.0,"key":"Girya"},{"floor":25.0,"key":"Bottled Tornado"},{"floor":26.0,"key":"Regal Pillow"},{"floor":30.0,"key":"Smiling Mask"},{"floor":37.0,"key":"Potion Belt"},{"floor":40.0,"key":"AT_SpeedBoots"},{"floor":42.0,"key":"Boot"},{"floor":45.0,"key":"reliquary:OuijaBoard"},{"floor":55.0,"key":"reliquary:Knoch"}],"event_choices":[{"damage_healed":0.0,"max_hp_gain":0.0,"max_hp_loss":0.0,"gold_gain":75.0,"event_name":"betterThird:BetterGoop","player_choice":"Gold","floor":2.0,"gold_loss":0.0,"damage_taken":11.0},{"damage_healed":0.0,"max_hp_gain":0.0,"max_hp_loss":0.0,"gold_gain":0.0,"event_name":"Mushrooms","player_choice":"Fought Mushrooms","floor":7.0,"gold_loss":0.0,"damage_taken":0.0},{"damage_healed":67.0,"max_hp_gain":0.0,"max_hp_loss":75.0,"gold_gain":0.0,"event_name":"betterThird:BetterShining","player_choice":"Upgrade","floor":11.0,"gold_loss":0.0,"damage_taken":23.0,"cards_upgraded":["Bash","Strike_R"]},{"damage_healed":0.0,"max_hp_gain":0.0,"max_hp_loss":0.0,"gold_gain":0.0,"event_name":"Dead Adventurer","player_choice":"Searched \u00271\u0027 times","floor":14.0,"gold_loss":0.0,"damage_taken":0.0},{"damage_healed":0.0,"max_hp_gain":0.0,"max_hp_loss":0.0,"gold_gain":0.0,"event_name":"Upgrade Shrine","player_choice":"Upgraded","floor":31.0,"gold_loss":0.0,"damage_taken":0.0,"cards_upgraded":["Dark Embrace"]},{"damage_healed":0.0,"max_hp_gain":0.0,"max_hp_loss":0.0,"gold_gain":0.0,"event_name":"SensoryStone","player_choice":"Memory 3","floor":41.0,"gold_loss":0.0,"damage_taken":10.0},{"damage_healed":0.0,"max_hp_gain":0.0,"max_hp_loss":0.0,"gold_gain":0.0,"event_name":"conspire:Investor","player_choice":"Leave","floor":46.0,"gold_loss":0.0,"damage_taken":0.0}],"is_beta":false,"boss_relics":[{"not_picked":["Empty Cage","conspire:RoyalGoblet"],"picked":"reliquary:WritOfMandamus"},{"not_picked":["Coffee Dripper","reliquary:RedPaperclip"],"picked":"Hololive_ChaosS"}],"items_purged_floors":[0,15,19,32,36,48],"is_endless":false,"potions_floor_spawned":[1,4,5,6,7,20,23,28,30,38,40,42,45,47],"ascension_level":20}}