{"host":"5z7rhcocprldured","time":1612721712,"event":{"mods":["2.2 Compatiblity","AchievementEnabler","BaseMod","Best Route Mod","Better Altar","Better Match","Better Note","Better Sensory Stone","Better Skull","Better Third Choice","BetterRewards","Block Reminder","Colored Map","Colored Powertips","Emptier Cage","Googly Eyes","Hermit","Marisa????????","Minty Spire (QoL Compilation)","Permanent Neow","Potionbrewer","Rare Cards Sparkle","StSLib","Synergy Search","The Cursed","The Hierophant","The Runesmith","Unceasing Turn Reminder"],"gold_per_floor":[211,221,233,253,253,283,283,296,296,71,71,86,86,86,86,187,187,199,211,222,222,222],"floor_reached":21,"language":"ENG","playtime":1368,"items_purged":["hermit:Defend_Hermit"],"score":183,"play_id":"6011ee01-55ea-4a75-ad95-4531a660c8df","local_time":"20210207181512","is_ascension_mode":false,"campfire_choices":[{"floor":7,"key":"REST"},{"data":"hermit:Maintenance","floor":13,"key":"SMITH"},{"floor":15,"key":"REST"}],"circlet_count":0,"master_deck":["hermit:Strike_Hermit","hermit:Strike_Hermit","hermit:Strike_Hermit","hermit:Strike_Hermit","hermit:Defend_Hermit+1","hermit:Defend_Hermit","hermit:Defend_Hermit+1","hermit:Snapshot","hermit:Covet","hermit:Brawl","hermit:BodyArmor","hermit:Maintenance+1","Regret","hermit:Deadeye","hermit:Misfire","Secret Weapon","hermit:TakeAim+1","hermit:Reprieve","hermit:ItchyTrigger","hermit:Gambit","hermit:Glare"],"relics":["hermit:Momento","Bird Faced Urn","hermit:Spyglass","HornCleat","War Paint","Cursed Key"],"acts_visited":["Exordium","TheCity"],"potions_floor_usage":[6,6,19],"damage_taken":[{"damage":2,"enemies":"2 Louse","floor":1,"turns":3},{"damage":0,"enemies":"Small Slimes","floor":2,"turns":3},{"damage":1,"enemies":"Jaw Worm","floor":3,"turns":4},{"damage":8,"enemies":"Exordium Wildlife","floor":4,"turns":4},{"damage":55,"enemies":"Gremlin Nob","floor":6,"turns":7},{"damage":6,"enemies":"Looter","floor":8,"turns":4},{"damage":7,"enemies":"2 Fungi Beasts","floor":12,"turns":4},{"damage":35,"enemies":"The Guardian","floor":16,"turns":11},{"damage":25,"enemies":"Spheric Guardian","floor":18,"turns":6},{"damage":0,"enemies":"3 Byrds","floor":19,"turns":3},{"damage":51,"enemies":"3 Cultists","floor":20,"turns":7},{"damage":10,"enemies":"Cultist and Chosen","floor":21,"turns":1}],"seed_played":"2802582516760826826","potions_obtained":[{"floor":1,"key":"SteroidPotion"},{"floor":4,"key":"potionbrewer:SplittingPotion"},{"floor":8,"key":"AttackPotion"},{"floor":19,"key":"potionbrewer:AcidPotion"}],"is_trial":false,"path_per_floor":["M","M","M","M","?","E","R","M","T","$","?","M","R","?","R","B",null,"M","M","M","M"],"character_chosen":"HERMIT","items_purchased":["War Paint"],"campfire_rested":2,"item_purchase_floors":[10],"current_hp_per_floor":[73,73,72,64,64,9,31,25,25,25,25,20,20,20,42,11,75,50,50,7,0,0],"gold":222,"neow_bonus":"HUNDRED_GOLD","is_daily":false,"chose_seed":false,"campfire_upgraded":1,"win_rate":0.0,"timestamp":1612721712,"path_taken":["M","M","M","M","?","E","R","M","T","$","?","M","R","?","R","BOSS","M","M","M","M"],"items_purchased_type":["Relic"],"build_version":"2020-12-22","purchased_purges":1,"victory":false,"max_hp_per_floor":[75,75,75,75,75,75,75,75,75,75,75,75,75,75,75,75,75,75,75,75,75,75],"card_choices":[{"not_picked":["hermit:EyeOfTheStorm","hermit:Shortfuse"],"picked":"hermit:Brawl","floor":1},{"not_picked":["hermit:HoleUp","hermit:Virtue"],"picked":"hermit:BodyArmor","floor":2},{"not_picked":["hermit:Combo","hermit:Glare"],"picked":"hermit:Maintenance","floor":3},{"not_picked":["hermit:Horror","hermit:Maintenance","hermit:Snipe"],"picked":"SKIP","floor":4},{"not_picked":["hermit:BigShot","hermit:Roulette"],"picked":"hermit:Deadeye","floor":6},{"not_picked":["hermit:Feint","hermit:Snipe"],"picked":"hermit:Misfire","floor":8},{"not_picked":["Trip","Deep Breath"],"picked":"Secret Weapon","floor":11},{"not_picked":["hermit:CursedWeapon","hermit:Brawl"],"picked":"hermit:TakeAim","floor":12},{"not_picked":["hermit:OverwhelmingPower","hermit:Purgatory"],"picked":"hermit:Reprieve","floor":16},{"not_picked":["hermit:Quickdraw","hermit:Roulette"],"picked":"hermit:ItchyTrigger","floor":18},{"not_picked":["hermit:Snipe+1","hermit:Headshot"],"picked":"hermit:Gambit","floor":19},{"not_picked":["hermit:WideOpen","hermit:BodyArmor+1"],"picked":"hermit:Glare","floor":20}],"player_experience":157526,"relics_obtained":[{"floor":6,"key":"hermit:Spyglass"},{"floor":9,"key":"HornCleat"}],"event_choices":[{"damage_healed":0,"gold_gain":0,"player_choice":"Box","damage_taken":0,"relics_obtained":["Bird Faced Urn"],"max_hp_gain":0,"max_hp_loss":0,"event_name":"Big Fish","floor":5,"gold_loss":0,"cards_obtained":["Regret"]},{"damage_healed":0,"gold_gain":1,"player_choice":"1","damage_taken":0,"max_hp_gain":0,"max_hp_loss":0,"event_name":"betterStone:BetterStone","floor":11,"gold_loss":0},{"damage_healed":0,"gold_gain":0,"player_choice":"Grow","damage_taken":0,"max_hp_gain":0,"max_hp_loss":0,"event_name":"Living Wall","floor":14,"gold_loss":0,"cards_upgraded":["hermit:TakeAim"]}],"is_beta":false,"boss_relics":[{"not_picked":["Runesmith:UraniumAnvil","hermit:BartenderGlass"],"picked":"Cursed Key"}],"items_purged_floors":[10],"is_endless":false,"potions_floor_spawned":[1,4,8,19],"killed_by":"Cultist and Chosen","ascension_level":0}}