{"host":"osk2oboccoevp2u5","time":1612724627,"event":{"mods":["AchievementEnabler","Alarm Clock","BaseMod","Colored Powertips","Disable Question Mark Monsters","Displayed Cursed Tome","Key Reminder","Minty Spire (QoL Compilation)","Potion Indicator Mod","Quick Restart","Rare Cards Sparkle","Reorder Act Four","StSLib","The Cursed","Useless Jewels Mod"],"gold_per_floor":[110,128,139,109,34,68,68,86,110,80,110,110,127,160,160,255,255,271,24,24,35,47,47,47,67,67,87,112,9,9,26,26,125,175,191,202,220,234,234,234,234,234,234,269,286,304,23,23,23,23,23,6,6,36,36,36],"floor_reached":55,"language":"ENG","playtime":4687,"items_purged":["TheCursedMod:Strike_TheCursed","TheCursedMod:Strike_TheCursed","Normality","TheCursedMod:Strike_TheCursed"],"score":1229,"play_id":"d32ba647-08b8-4f43-89d5-55678568037d","local_time":"20210207150347","is_ascension_mode":true,"campfire_choices":[{"floor":7.0,"key":"REST"},{"floor":12.0,"key":"REST"},{"floor":15.0,"key":"REST"},{"floor":23.0,"key":"REST"},{"floor":30.0,"key":"REST"},{"data":"TheCursedMod:RavingStaff","floor":32.0,"key":"SMITH"},{"floor":40.0,"key":"RECALL"},{"data":"TheCursedMod:CursedWand","floor":42.0,"key":"SMITH"},{"data":"TheCursedMod:VitalStrike","floor":49.0,"key":"SMITH"},{"data":"TheCursedMod:Hemoplague","floor":53,"key":"SMITH"}],"circlet_count":0,"master_deck":["AscendersBane","TheCursedMod:Strike_TheCursed","TheCursedMod:Defend_TheCursed+1","TheCursedMod:Defend_TheCursed","TheCursedMod:Defend_TheCursed","TheCursedMod:Defend_TheCursed+1","TheCursedMod:CursedWand+1","TheCursedMod:CleanUpWorkshop","TheCursedMod:Dregs","TheCursedMod:Obscuration","TheCursedMod:Stretching","TheCursedMod:WearCloak","TheCursedMod:Mangle","TheCursedMod:VitalStrike+1","TheCursedMod:TacticalStrike+1","TheCursedMod:OutForBlood","TheCursedMod:RavingStaff+1","Necronomicurse","TheCursedMod:Wield+1","TheCursedMod:SaltUponWound+1","Shame","Parasite","TheCursedMod:SpitefulStrike","TheCursedMod:SpitefulStrike","TheCursedMod:OutForBlood","TheCursedMod:Obscuration","TheCursedMod:Torture+1","TheCursedMod:WearCloak","TheCursedMod:SmokeScreen+1","TheCursedMod:TacticalStrike+1","TheCursedMod:Stretching+1","TheCursedMod:WearCloak+1","Parasite","TheCursedMod:Hemoplague+1","Deep Breath","TheCursedMod:VoidForm","TheCursedMod:ManaBullet"],"relics":["TheCursedMod:BlackMagic101","Bronze Scales","Toy Ornithopter","Akabeko","Lantern","Cursed Key","HandDrill","Necronomicon","Blood Vial","Eternal Feather","Bottled Flame","Tiny House","Juzu Bracelet","PreservedInsect","Chemical X","Happy Flower","War Paint","Ice Cream"],"acts_visited":["Exordium","TheCity","TheBeyond","TheEnding"],"potions_floor_usage":[50,55,55,55],"damage_taken":[{"damage":4.0,"enemies":"Cultist","floor":1.0,"turns":5.0},{"damage":11.0,"enemies":"Jaw Worm","floor":2.0,"turns":9.0},{"damage":0.0,"enemies":"Small Slimes","floor":3.0,"turns":5.0},{"damage":0.0,"enemies":"Looter","floor":4.0,"turns":4.0},{"damage":14.0,"enemies":"Lagavulin","floor":6.0,"turns":9.0},{"damage":3.0,"enemies":"Exordium Wildlife","floor":8.0,"turns":5.0},{"damage":33.0,"enemies":"3 Sentries","floor":11.0,"turns":11.0},{"damage":0.0,"enemies":"Gremlin Gang","floor":13.0,"turns":4.0},{"damage":25.0,"enemies":"Gremlin Nob","floor":14.0,"turns":4.0},{"damage":127.0,"enemies":"Slime Boss","floor":16.0,"turns":23.0},{"damage":16.0,"enemies":"Spheric Guardian","floor":18.0,"turns":6.0},{"damage":0.0,"enemies":"2 Thieves","floor":21.0,"turns":1.0},{"damage":20.0,"enemies":"Snecko","floor":22.0,"turns":4.0},{"damage":12.0,"enemies":"Cultist and Chosen","floor":25.0,"turns":5.0},{"damage":4.0,"enemies":"Centurion and Healer","floor":27.0,"turns":4.0},{"damage":83.0,"enemies":"Gremlin Leader","floor":28.0,"turns":9.0},{"damage":5.0,"enemies":"Chosen and Byrds","floor":31.0,"turns":3.0},{"damage":61.0,"enemies":"Automaton","floor":33.0,"turns":7.0},{"damage":0.0,"enemies":"Orb Walker","floor":35.0,"turns":1.0},{"damage":6.0,"enemies":"3 Darklings","floor":36.0,"turns":6.0},{"damage":28.0,"enemies":"4 Shapes","floor":37.0,"turns":1.0},{"damage":0.0,"enemies":"Spire Growth","floor":38.0,"turns":1.0},{"damage":0.0,"enemies":"Reptomancer","floor":41.0,"turns":1.0},{"damage":59.0,"enemies":"Nemesis","floor":44.0,"turns":5.0},{"damage":16.0,"enemies":"Maw","floor":45.0,"turns":6.0},{"damage":42.0,"enemies":"Writhing Mass","floor":46.0,"turns":4.0},{"damage":130,"enemies":"Donu and Deca","floor":50,"turns":10},{"damage":12,"enemies":"Shield and Spear","floor":54,"turns":2},{"damage":82,"enemies":"The Heart","floor":55,"turns":3}],"seed_played":"-4347036543153638925","potions_obtained":[{"floor":0.0,"key":"SneckoOil"},{"floor":0.0,"key":"FearPotion"},{"floor":0.0,"key":"BlessingOfTheForge"},{"floor":1.0,"key":"SpeedPotion"},{"floor":3.0,"key":"Dexterity Potion"},{"floor":6.0,"key":"SteroidPotion"},{"floor":10.0,"key":"Weak Potion"},{"floor":10.0,"key":"Fire Potion"},{"floor":11.0,"key":"ColorlessPotion"},{"floor":16.0,"key":"Energy Potion"},{"floor":22.0,"key":"Weak Potion"},{"floor":25.0,"key":"SpeedPotion"},{"floor":31.0,"key":"SkillPotion"},{"floor":33.0,"key":"DistilledChaos"},{"floor":34.0,"key":"SmokeBomb"},{"floor":35.0,"key":"SteroidPotion"},{"floor":36.0,"key":"Energy Potion"},{"floor":44.0,"key":"Dexterity Potion"},{"floor":46.0,"key":"Weak Potion"}],"is_trial":false,"path_per_floor":["M","M","M","M","$","E","R","M","T","?","E","R","M","E","R","B",null,"M","$","?","M","M","R","?","M","T","M","E","$","R","M","R","B",null,"M","M","M","M","?","R","E","R","T","E","M","M","$","?","R","B",null,"$","R","E","B"],"character_chosen":"THE_CURSED","items_purchased":["HandDrill","TheCursedMod:SpitefulStrike","SkillPotion","PreservedInsect","Chemical X","Happy Flower","War Paint","Deep Breath","PowerPotion","AttackPotion","SkillPotion","TheCursedMod:VoidForm","TheCursedMod:ManaBullet"],"campfire_rested":5,"item_purchase_floors":[19,29,29,47,52,52,52,52,52,52,52,52,52],"current_hp_per_floor":[64,53,53,53,53,39,61,58,58,58,30,52,57,42,64,11,59,43,43,27,32,12,34,34,29,29,27,22,22,59,61,75,14,65,67,68,47,54,54,72,79,80,80,21,12,50,50,50,71,21,65,65,80,68,0,0],"gold":36,"neow_bonus":"THREE_SMALL_POTIONS","is_daily":false,"chose_seed":false,"campfire_upgraded":4,"win_rate":0.0,"timestamp":1612724627,"path_taken":["M","M","?","M","$","E","R","M","T","?","E","R","?","E","R","BOSS","M","$","?","M","M","R","?","M","T","M","E","?","R","M","R","BOSS","M","M","M","?","?","R","E","R","T","E","M","M","$","?","R","BOSS","$","R","E","BOSS"],"items_purchased_type":["Relic","Card","Potion","Relic","Relic","Relic","Relic","Card","Potion","Potion","Potion","Card","Card"],"build_version":"2020-12-22","purchased_purges":4,"victory":false,"max_hp_per_floor":[75,75,75,75,75,75,75,75,75,75,75,75,75,75,75,75,75,75,75,75,75,75,75,75,75,75,75,75,75,75,75,75,75,80,80,80,80,80,80,80,80,80,80,80,80,80,80,80,80,80,80,80,80,80,80,80],"card_choices":[{"not_picked":["TheCursedMod:BlessingInDisguise","TheCursedMod:Wield"],"picked":"TheCursedMod:Obscuration","floor":1.0},{"not_picked":["TheCursedMod:Torture","TheCursedMod:ReleasedKnowledge"],"picked":"TheCursedMod:Stretching","floor":2.0},{"not_picked":["TheCursedMod:SpreadPlague","TheCursedMod:CircleOfCorruption"],"picked":"TheCursedMod:WearCloak","floor":3.0},{"not_picked":["TheCursedMod:CursedRelics","TheCursedMod:Grudge","TheCursedMod:Mangle"],"picked":"SKIP","floor":4.0},{"not_picked":["TheCursedMod:CursedRelics","TheCursedMod:Grudge"],"picked":"TheCursedMod:Mangle","floor":4.0},{"not_picked":["TheCursedMod:Stretching","TheCursedMod:Grudge"],"picked":"TheCursedMod:VitalStrike","floor":6.0},{"not_picked":["TheCursedMod:CircleOfBlood","TheCursedMod:CircleOfFlame","TheCursedMod:CursedAmulet"],"picked":"SKIP","floor":8.0},{"not_picked":["TheCursedMod:Wield","TheCursedMod:BlessingInDisguise"],"picked":"TheCursedMod:TacticalStrike","floor":11.0},{"not_picked":["TheCursedMod:SmokeScreen","TheCursedMod:RapidMovement","TheCursedMod:CircleOfCorruption"],"picked":"SKIP","floor":13.0},{"not_picked":["TheCursedMod:CursedAmulet","TheCursedMod:CircleOfBlood","TheCursedMod:SoulCrush"],"picked":"SKIP","floor":14.0},{"not_picked":["TheCursedMod:DarkBarrier","TheCursedMod:AntiAging"],"picked":"TheCursedMod:OutForBlood","floor":16.0},{"not_picked":["TheCursedMod:Obscuration","TheCursedMod:Stretching"],"picked":"TheCursedMod:RavingStaff","floor":18.0},{"not_picked":["TheCursedMod:Stigma","TheCursedMod:RapidMovement"],"picked":"TheCursedMod:Wield+1","floor":21.0},{"not_picked":["TheCursedMod:Mangle","TheCursedMod:Stigma"],"picked":"TheCursedMod:SaltUponWound+1","floor":22.0},{"not_picked":["TheCursedMod:CircleOfFlame+1","TheCursedMod:FleshFromBone","TheCursedMod:CursedShiv"],"picked":"SKIP","floor":25.0},{"not_picked":["TheCursedMod:SmokeScreen","TheCursedMod:CircleOfFlame","TheCursedMod:WearCloak"],"picked":"SKIP","floor":27.0},{"not_picked":["TheCursedMod:HellfireBreathing","TheCursedMod:Neurasthenia"],"picked":"TheCursedMod:SpitefulStrike","floor":28.0},{"not_picked":["TheCursedMod:CursedShiv","TheCursedMod:SmokeScreen+1","TheCursedMod:Stigma"],"picked":"SKIP","floor":31.0},{"not_picked":["TheCursedMod:AntiAging","TheCursedMod:StunningStrike"],"picked":"TheCursedMod:OutForBlood","floor":33.0},{"not_picked":["TheCursedMod:CircleOfCorruption","TheCursedMod:CircleOfFlame"],"picked":"TheCursedMod:Obscuration","floor":34.0},{"not_picked":["TheCursedMod:CursedBlade+1","TheCursedMod:CircleOfFocus+1"],"picked":"TheCursedMod:Torture+1","floor":35.0},{"not_picked":["TheCursedMod:SmokeScreen","TheCursedMod:SpitefulPlan"],"picked":"TheCursedMod:WearCloak","floor":36.0},{"not_picked":["TheCursedMod:Torture","TheCursedMod:TroublousMinions+1"],"picked":"TheCursedMod:SmokeScreen+1","floor":37.0},{"not_picked":["TheCursedMod:VitalStrike+1","TheCursedMod:Obscuration"],"picked":"TheCursedMod:TacticalStrike+1","floor":38.0},{"not_picked":["TheCursedMod:Mangle","TheCursedMod:CircleOfCorruption+1"],"picked":"TheCursedMod:Stretching+1","floor":44.0},{"not_picked":["TheCursedMod:CircleOfCorruption","TheCursedMod:StunningStrike"],"picked":"TheCursedMod:WearCloak+1","floor":45.0},{"not_picked":["TheCursedMod:SmokeScreen","TheCursedMod:CursedAmulet"],"picked":"TheCursedMod:Hemoplague","floor":46.0},{"not_picked":["TheCursedMod:StingEye+1","TheCursedMod:CursedBlade","TheCursedMod:TacticalStrike"],"picked":"SKIP","floor":54}],"player_experience":1019269,"relics_obtained":[{"floor":6.0,"key":"Bronze Scales"},{"floor":9.0,"key":"Toy Ornithopter"},{"floor":11.0,"key":"Akabeko"},{"floor":14.0,"key":"Lantern"},{"floor":26.0,"key":"Eternal Feather"},{"floor":28.0,"key":"Bottled Flame"},{"floor":44.0,"key":"Juzu Bracelet"},{"floor":54,"key":"Ice Cream"}],"event_choices":[{"damage_healed":0.0,"max_hp_gain":0.0,"max_hp_loss":0.0,"gold_gain":0.0,"event_name":"The Woman in Blue","player_choice":"Bought 2 Potions","floor":10.0,"gold_loss":0.0,"damage_taken":0.0},{"damage_healed":0.0,"max_hp_gain":0.0,"max_hp_loss":0.0,"gold_gain":0.0,"event_name":"Cursed Tome","player_choice":"Obtained Book","floor":20.0,"gold_loss":0.0,"damage_taken":16.0},{"damage_healed":0.0,"max_hp_gain":0.0,"max_hp_loss":0.0,"gold_gain":0.0,"event_name":"Addict","player_choice":"Stole Relic","floor":24.0,"gold_loss":0.0,"damage_taken":0.0,"relics_obtained":["Blood Vial"],"cards_obtained":["Shame"]},{"damage_healed":0.0,"max_hp_gain":0.0,"max_hp_loss":0.0,"gold_gain":0.0,"event_name":"Tomb of Lord Red Mask","player_choice":"Ignored","floor":39.0,"gold_loss":0.0,"damage_taken":0.0},{"damage_healed":0.0,"max_hp_gain":0.0,"max_hp_loss":0.0,"gold_gain":0.0,"event_name":"Fountain of Cleansing","player_choice":"Ignored","floor":48.0,"gold_loss":0.0,"damage_taken":0.0}],"is_beta":false,"boss_relics":[{"not_picked":["Velvet Choker","Philosopher\u0027s Stone"],"picked":"Cursed Key"},{"not_picked":["TheCursedMod:OminousMark","Astrolabe"],"picked":"Tiny House"}],"items_purged_floors":[5,19,47,52],"is_endless":false,"potions_floor_spawned":[1,3,6,11,16,22,25,31,33,35,36,44,46],"killed_by":"The Heart","ascension_level":10}}