{"host":"sum4dy402bbv9y4o","time":1612737526,"event":{"mods":["Aspiration","BaseMod","Conspire","Highlight Path","Minty Spire (QoL Compilation)","StSLib"],"gold_per_floor":[111,111,11,21,21,53,69,69,69,69,88,120,120,154,154,231,231,245,245,90,90,107,141,141,157,157,168,186,218,218,234,234,311,311,323,373,385,433,116,116,141,141,141,168,187,187,198,214,214,214,214,214],"floor_reached":51,"language":"ENG","playtime":1910,"items_purged":["Strike_P","Strike_P"],"score":1755,"play_id":"16484699-2f99-4328-8beb-0c9513496f66","local_time":"20210208013846","is_ascension_mode":true,"campfire_choices":[{"data":"FlurryOfBlows","floor":8,"key":"SMITH"},{"data":"BowlingBash","floor":10,"key":"SMITH"},{"floor":15,"key":"REST"},{"data":"Tantrum","floor":24,"key":"SMITH"},{"floor":32,"key":"REST"},{"data":"Halt","floor":40,"key":"SMITH"},{"floor":49,"key":"REST"}],"circlet_count":0,"master_deck":["AscendersBane","Defend_P","Defend_P","Defend_P","Defend_P","Eruption+1","Vigilance+1","CutThroughFate","FearNoEvil","BowlingBash+1","FearNoEvil","FlurryOfBlows+1","FollowUp","Tantrum+1","Adaptation+1","EmptyFist","Brilliance","SashWhip+1","EmptyFist","Consecrate","Halt+1","SashWhip+1","Brilliance","Halt","EmptyMind","Adaptation","Halt","Parasite","MentalFortress"],"relics":["PureWater","aspiration:Nostalgia","Ring of the Snake","Oddly Smooth Stone","conspire:Flyswatter","Mercury Hourglass","Kunai","aspiration:HummingbirdHeart","Du-Vu Doll","Matryoshka","Mango","VioletLotus","FossilizedHelix","Strawberry","Thread and Needle","conspire:TopHat","conspire:DeflatedDodgeball","Regal Pillow"],"acts_visited":["Exordium","TheCity","TheBeyond"],"potions_floor_usage":[12,12,16,37,38,41,48,50],"damage_taken":[{"damage":2,"enemies":"Small Slimes","floor":1,"turns":7},{"damage":0,"enemies":"2 Louse","floor":4,"turns":1},{"damage":0,"enemies":"Gremlin Nob","floor":6,"turns":2},{"damage":0,"enemies":"Cultist","floor":7,"turns":3},{"damage":0,"enemies":"2 Fungi Beasts","floor":11,"turns":2},{"damage":7,"enemies":"3 Sentries","floor":12,"turns":3},{"damage":8,"enemies":"Gremlin Nob","floor":14,"turns":3},{"damage":36,"enemies":"The Guardian","floor":16,"turns":7},{"damage":0,"enemies":"Spheric Guardian","floor":18,"turns":2},{"damage":0,"enemies":"Shell Parasite","floor":22,"turns":2},{"damage":3,"enemies":"Gremlin Leader","floor":23,"turns":3},{"damage":0,"enemies":"Shelled Parasite and Fungi","floor":25,"turns":3},{"damage":0,"enemies":"Centurion and Healer","floor":27,"turns":2},{"damage":0,"enemies":"Chosen and Byrds","floor":28,"turns":3},{"damage":0,"enemies":"Slavers","floor":29,"turns":3},{"damage":0,"enemies":"Snake Plant","floor":31,"turns":2},{"damage":68,"enemies":"Champ","floor":33,"turns":8},{"damage":9,"enemies":"3 Shapes","floor":35,"turns":6},{"damage":0,"enemies":"Orb Walker","floor":37,"turns":2},{"damage":9,"enemies":"2 Orb Walkers","floor":38,"turns":3},{"damage":0,"enemies":"Reptomancer","floor":41,"turns":4},{"damage":0,"enemies":"Nemesis","floor":44,"turns":7},{"damage":0,"enemies":"Sphere and 2 Shapes","floor":45,"turns":3},{"damage":0,"enemies":"Jaw Worm Horde","floor":47,"turns":3},{"damage":0,"enemies":"Writhing Mass","floor":48,"turns":6},{"damage":0,"enemies":"Donu and Deca","floor":50,"turns":7},{"damage":98,"enemies":"Time Eater","floor":51,"turns":10}],"seed_played":"3050015287779407864","potions_obtained":[{"floor":1,"key":"DuplicationPotion"},{"floor":7,"key":"ColorlessPotion"},{"floor":12,"key":"FearPotion"},{"floor":14,"key":"Explosive Potion"},{"floor":25,"key":"Swift Potion"},{"floor":29,"key":"Explosive Potion"},{"floor":38,"key":"Explosive Potion"},{"floor":45,"key":"Weak Potion"},{"floor":47,"key":"SkillPotion"}],"is_trial":false,"path_per_floor":["M","?","$","M","?","E","M","R","T","R","M","E","?","E","R","B",null,"M","T","$","?","M","E","R","M","T","M","M","E","?","M","R","B",null,"M","?","M","?","$","R","E","?","T","E","M","?","M","M","R","B","B"],"character_chosen":"WATCHER","items_purchased":["FearNoEvil","BowlingBash","EmptyFist","Consecrate","Strawberry","Weak Potion"],"campfire_rested":3,"item_purchase_floors":[3,3,20,20,39,39],"current_hp_per_floor":[59,39,39,39,39,39,39,39,39,39,39,32,32,24,44,8,53,53,53,53,53,53,50,50,50,50,50,50,64,64,64,82,14,65,56,56,56,47,54,54,54,54,54,54,54,54,54,54,89,89,0,0],"gold":214,"neow_bonus":"NOSTALGIA","is_daily":false,"chose_seed":false,"campfire_upgraded":4,"win_rate":0.0,"timestamp":1612737526,"path_taken":["M","?","$","M","?","E","M","R","T","R","M","E","?","E","R","BOSS","M","?","$","?","?","E","R","M","T","M","M","E","?","M","R","BOSS","M","?","?","?","$","R","E","?","T","E","M","?","?","M","R","BOSS","BOSS"],"items_purchased_type":["Card","Card","Card","Card","Relic","Potion"],"build_version":"2020-12-22","purchased_purges":2,"victory":false,"max_hp_per_floor":[68,68,68,68,68,68,68,68,68,68,68,68,68,68,68,68,68,68,68,68,68,68,68,68,68,68,68,68,82,82,82,82,82,82,82,82,82,82,89,89,89,89,89,89,89,89,89,89,89,89,89,89],"card_choices":[{"not_picked":["Crescendo","Evaluate"],"picked":"CutThroughFate","floor":1},{"not_picked":["Protect","DeceiveReality"],"picked":"FearNoEvil","floor":4},{"not_picked":["Establishment","Protect"],"picked":"FlurryOfBlows","floor":6},{"not_picked":["Worship","ClearTheMind"],"picked":"FollowUp","floor":7},{"not_picked":["Crescendo","Omniscience"],"picked":"Tantrum","floor":11},{"not_picked":["BattleHymn","EmptyBody"],"picked":"Adaptation","floor":12},{"not_picked":["DeusExMachina","PathToVictory"],"picked":"EmptyFist","floor":14},{"not_picked":["Ragnarok","Judgement"],"picked":"Brilliance","floor":16},{"not_picked":["CutThroughFate","FlyingSleeves"],"picked":"SashWhip+1","floor":18},{"not_picked":["Collect","ReachHeaven","Crescendo"],"picked":"SKIP","floor":22},{"not_picked":["Blasphemy","Crescendo","Worship"],"picked":"SKIP","floor":23},{"not_picked":["CutThroughFate+1","FlyingSleeves"],"picked":"Halt","floor":25},{"not_picked":["Crescendo","CrushJoints"],"picked":"SashWhip+1","floor":27},{"not_picked":["Crescendo","Evaluate","SashWhip"],"picked":"SKIP","floor":28},{"not_picked":["ClearTheMind","Study","JustLucky"],"picked":"SKIP","floor":29},{"not_picked":["Devotion","EmptyBody","Protect+1"],"picked":"SKIP","floor":31},{"not_picked":["Alpha","ConjureBlade"],"picked":"Brilliance","floor":33},{"not_picked":["ThirdEye","Evaluate"],"picked":"Halt","floor":35},{"not_picked":["Consecrate+1","FlyingSleeves"],"picked":"EmptyMind","floor":37},{"not_picked":["Sanctity+1","Collect+1","WindmillStrike+1"],"picked":"SKIP","floor":41},{"not_picked":["Consecrate","Vengeance","CutThroughFate"],"picked":"SKIP","floor":44},{"not_picked":["SandsOfTime","Prostrate"],"picked":"Adaptation","floor":45},{"not_picked":["Establishment","PathToVictory"],"picked":"Halt","floor":47},{"not_picked":["Wallop+1","ForeignInfluence"],"picked":"MentalFortress","floor":48}],"player_experience":3059313,"relics_obtained":[{"floor":6,"key":"Oddly Smooth Stone"},{"floor":9,"key":"conspire:Flyswatter"},{"floor":12,"key":"Mercury Hourglass"},{"floor":14,"key":"Kunai"},{"floor":19,"key":"aspiration:HummingbirdHeart"},{"floor":23,"key":"Du-Vu Doll"},{"floor":26,"key":"Matryoshka"},{"floor":29,"key":"Mango"},{"floor":38,"key":"FossilizedHelix"},{"floor":41,"key":"Thread and Needle"},{"floor":43,"key":"conspire:TopHat"},{"floor":43,"key":"conspire:DeflatedDodgeball"},{"floor":44,"key":"Regal Pillow"}],"event_choices":[{"damage_healed":0,"gold_gain":0,"player_choice":"Entered Light","damage_taken":20,"max_hp_gain":0,"max_hp_loss":0,"event_name":"Shining Light","floor":2,"gold_loss":0,"cards_upgraded":["Vigilance","Eruption"]},{"damage_healed":0,"gold_gain":0,"player_choice":"Fled","damage_taken":0,"max_hp_gain":0,"max_hp_loss":0,"event_name":"Scrap Ooze","floor":5,"gold_loss":0},{"cards_removed":["Strike_P"],"damage_healed":0,"gold_gain":0,"player_choice":"Purged","damage_taken":0,"max_hp_gain":0,"max_hp_loss":0,"event_name":"Purifier","floor":13,"gold_loss":0},{"damage_healed":0,"gold_gain":0,"player_choice":"Upgraded","damage_taken":0,"max_hp_gain":0,"max_hp_loss":0,"event_name":"Upgrade Shrine","floor":21,"gold_loss":0,"cards_upgraded":["Adaptation"]},{"damage_healed":0,"gold_gain":0,"player_choice":"Ignored","damage_taken":0,"max_hp_gain":0,"max_hp_loss":0,"event_name":"Ghosts","floor":30,"gold_loss":0},{"damage_healed":0,"gold_gain":50,"player_choice":"Pray","damage_taken":0,"max_hp_gain":0,"max_hp_loss":0,"event_name":"Golden Shrine","floor":36,"gold_loss":0},{"damage_healed":0,"gold_gain":0,"player_choice":"Fight","damage_taken":0,"max_hp_gain":0,"max_hp_loss":0,"event_name":"Mysterious Sphere","floor":38,"gold_loss":0},{"cards_removed":["Strike_P"],"damage_healed":0,"gold_gain":0,"player_choice":"Purged","damage_taken":0,"max_hp_gain":0,"max_hp_loss":0,"event_name":"Purifier","floor":46,"gold_loss":0}],"is_beta":false,"boss_relics":[{"not_picked":["Coffee Dripper","Runic Dome","Snecko Eye"]},{"not_picked":["SacredBark","HolyWater"],"picked":"VioletLotus"}],"items_purged_floors":[20,39],"is_endless":false,"potions_floor_spawned":[1,7,12,14,25,29,33,35,38,45,47],"killed_by":"Time Eater","ascension_level":20}}