{"host":"mqhvlr3kpxebko0t","time":1612686160,"event":{"mods":["AchievementEnabler","BaseMod","Colored Map","Colored Powertips","KOR Keyword Fix","Keyboard Shortcuts","Minty Spire (QoL Compilation)","StSLib","SuperFastMode"],"gold_per_floor":[20,37,48,65,75,75,92,92,142,154,165,165,181,20,20,20,20],"floor_reached":16,"language":"KOR","playtime":275,"items_purged":["Strike_P"],"score":196,"play_id":"bcc53fb7-67cc-42e8-985e-30cb0b36ff63","local_time":"20210207172240","is_ascension_mode":true,"campfire_choices":[{"data":"Eruption","floor":6.0,"key":"SMITH"},{"data":"Adaptation","floor":8,"key":"SMITH"},{"floor":12,"key":"REST"},{"data":"TalkToTheHand","floor":15,"key":"SMITH"}],"circlet_count":0,"master_deck":["AscendersBane","Strike_P","Strike_P","Strike_P","Defend_P","Defend_P","Defend_P","Defend_P","Eruption+1","Vigilance","Adaptation+1","InnerPeace","Judgement","TalkToTheHand+1","MentalFortress"],"relics":["PureWater","Calipers","Omamori"],"acts_visited":["Exordium"],"potions_floor_usage":[10,16],"damage_taken":[{"damage":0.0,"enemies":"Cultist","floor":1.0,"turns":3.0},{"damage":0.0,"enemies":"Jaw Worm","floor":2.0,"turns":3.0},{"damage":9.0,"enemies":"2 Louse","floor":3.0,"turns":2.0},{"damage":8.0,"enemies":"Looter","floor":4.0,"turns":4.0},{"damage":11.0,"enemies":"Gremlin Gang","floor":5.0,"turns":3.0},{"damage":10,"enemies":"Large Slime","floor":7,"turns":8},{"damage":19,"enemies":"Exordium Thugs","floor":10,"turns":7},{"damage":0,"enemies":"3 Louse","floor":11,"turns":3},{"damage":12,"enemies":"Looter","floor":13,"turns":3},{"damage":15,"enemies":"Hexaghost","floor":16,"turns":9}],"seed_played":"7997861230496697635","potions_obtained":[{"floor":1.0,"key":"BottledMiracle"},{"floor":4.0,"key":"AttackPotion"},{"floor":5.0,"key":"LiquidBronze"},{"floor":13,"key":"LiquidMemories"}],"is_trial":false,"path_per_floor":["M","M","M","M","M","R","M","R","T","M","M","R","M","$","R","B"],"character_chosen":"WATCHER","items_purchased":["MentalFortress"],"campfire_rested":1,"item_purchase_floors":[14],"current_hp_per_floor":[61,61,52,44,33,33,23,23,23,4,4,24,12,12,12,0,0],"gold":20,"neow_bonus":"ONE_RARE_RELIC","is_daily":false,"chose_seed":false,"campfire_upgraded":3,"win_rate":0.0,"timestamp":1612686160,"path_taken":["M","M","M","M","M","R","M","R","T","M","?","R","M","$","R","BOSS"],"items_purchased_type":["Card"],"build_version":"2020-12-22","purchased_purges":1,"victory":false,"max_hp_per_floor":[68,68,68,68,68,68,68,68,68,68,68,68,68,68,68,68,68],"card_choices":[{"not_picked":["WindmillStrike","SashWhip","Prostrate"],"picked":"SKIP","floor":1.0},{"not_picked":["WindmillStrike","SashWhip","Prostrate"],"picked":"SKIP","floor":1.0},{"not_picked":["Worship","Collect"],"picked":"Adaptation","floor":2.0},{"not_picked":["Prostrate","CrushJoints","Wireheading"],"picked":"SKIP","floor":3.0},{"not_picked":["CrushJoints","Nirvana"],"picked":"InnerPeace","floor":4.0},{"not_picked":["FlyingSleeves","Nirvana","Crescendo"],"picked":"SKIP","floor":5.0},{"not_picked":["JustLucky","Consecrate","FollowUp"],"picked":"SKIP","floor":7},{"not_picked":["CutThroughFate","BowlingBash","Halt"],"picked":"SKIP","floor":10},{"not_picked":["FollowUp","PathToVictory"],"picked":"Judgement","floor":11},{"not_picked":["Consecrate","BattleHymn"],"picked":"TalkToTheHand","floor":13}],"player_experience":693974,"relics_obtained":[{"floor":9,"key":"Omamori"}],"event_choices":[],"is_beta":false,"boss_relics":[],"items_purged_floors":[14],"is_endless":false,"potions_floor_spawned":[1,4,5,13],"killed_by":"Hexaghost","ascension_level":20}}