{"host":"3a1ypf1irl30q4k8","time":1612690563,"event":{"mods":["AchievementEnabler","BaseMod","Bestiary","Minty Spire (QoL Compilation)","Relic Stats","ojb\u0027s Better Paths Mod","ojb\u0027s Info Mod"],"gold_per_floor":[110,120,131,143,194,194,7,7,7,17,45,45,72,86,86,191,191,210,225,241,340,340,340,366,366,389,419,116,127,6,0,0,0,0],"floor_reached":33,"language":"ENG","playtime":1631,"items_purged":["Strike_B"],"score":354,"play_id":"7a74f1c5-7ee5-404e-9bca-6faed3cf08e2","local_time":"20210207093603","is_ascension_mode":true,"campfire_choices":[{"data":"Streamline","floor":6,"key":"SMITH"},{"data":"Static Discharge","floor":8,"key":"SMITH"},{"data":"Coolheaded","floor":12,"key":"SMITH"},{"floor":15,"key":"REST"},{"floor":23,"key":"REST"},{"floor":25,"key":"REST"},{"data":"Glacier","floor":32,"key":"SMITH"}],"circlet_count":0,"master_deck":["Defend_B","Defend_B","Zap","Dualcast","Core Surge+1","Amplify+1","Steam Power+1","Beam Cell","Streamline+1","Go for the Eyes","Skim","Static Discharge+1","Self Repair","Coolheaded+1","Beam Cell+1","Genetic Algorithm","Reboot","Rebound+1","Reprogram+1","Rebound+1","Go for the Eyes+1","Hologram","Heatsinks","Stack","Glacier+1"],"relics":["Astrolabe","TheAbacus","Mercury Hourglass","Molten Egg 2","Lantern","Empty Cage","DataDisk","MealTicket","HornCleat","Bronze Scales"],"acts_visited":["Exordium","TheCity"],"potions_floor_usage":[10,11,16,24,27,33,33],"damage_taken":[{"damage":11,"enemies":"Small Slimes","floor":1,"turns":3},{"damage":12,"enemies":"Jaw Worm","floor":2,"turns":2},{"damage":0,"enemies":"2 Louse","floor":3,"turns":2},{"damage":0,"enemies":"Large Slime","floor":4,"turns":3},{"damage":0,"enemies":"Looter","floor":10,"turns":2},{"damage":20,"enemies":"3 Sentries","floor":11,"turns":5},{"damage":20,"enemies":"Lagavulin","floor":13,"turns":4},{"damage":12,"enemies":"3 Louse","floor":14,"turns":2},{"damage":17,"enemies":"The Guardian","floor":16,"turns":7},{"damage":18,"enemies":"Shell Parasite","floor":18,"turns":2},{"damage":7,"enemies":"Spheric Guardian","floor":19,"turns":3},{"damage":23,"enemies":"Snake Plant","floor":20,"turns":4},{"damage":34,"enemies":"Gremlin Leader","floor":24,"turns":5},{"damage":30,"enemies":"Book of Stabbing","floor":27,"turns":5},{"damage":6,"enemies":"Sentry and Sphere","floor":29,"turns":4},{"damage":63,"enemies":"Collector","floor":33,"turns":7}],"seed_played":"-5672093514380911323","potions_obtained":[{"floor":1,"key":"AttackPotion"},{"floor":2,"key":"PotionOfCapacity"},{"floor":4,"key":"ColorlessPotion"},{"floor":11,"key":"Swift Potion"},{"floor":20,"key":"SpeedPotion"},{"floor":24,"key":"Fruit Juice"},{"floor":27,"key":"DuplicationPotion"}],"is_trial":false,"path_per_floor":["M","M","M","M","?","R","$","R","T","M","E","R","E","M","R","B",null,"M","M","M","?","?","R","E","R","T","E","$","M","$","?","R","B"],"character_chosen":"DEFECT","items_purchased":["TheAbacus","Static Discharge","Heatsinks","Bronze Scales","Dexterity Potion","Glacier"],"campfire_rested":3,"item_purchase_floors":[7,7,28,28,30,30],"current_hp_per_floor":[64,52,52,52,52,52,52,52,52,52,39,39,26,21,43,33,75,64,64,48,48,34,58,24,48,48,30,45,46,61,61,61,0,0],"gold":0,"neow_bonus":"BOSS_RELIC","is_daily":false,"chose_seed":false,"campfire_upgraded":4,"win_rate":0.0,"timestamp":1612690563,"path_taken":["M","M","M","M","?","R","$","R","T","M","E","R","E","M","R","BOSS","M","M","M","?","?","R","E","R","T","E","$","M","?","?","R","BOSS"],"items_purchased_type":["Relic","Card","Card","Relic","Potion","Card"],"build_version":"2020-12-22","purchased_purges":1,"victory":false,"max_hp_per_floor":[75,75,75,75,75,75,75,75,75,75,75,75,75,75,75,75,75,75,75,75,75,80,80,80,80,80,85,85,85,85,85,85,85,85],"relic_stats":{"TheAbacus":[102],"counters":[16,60],"Astrolabe":["Core Surge","Amplify","Steam Power"],"Bronze Scales":[31],"MealTicket":30,"obtain_stats":[{"Lantern":13,"DataDisk":24,"TheAbacus":7,"HornCleat":27,"Astrolabe":0,"Bronze Scales":28,"Molten Egg 2":11,"MealTicket":26,"Cracked Core":0,"Empty Cage":17,"Mercury Hourglass":9},{"Lantern":7,"DataDisk":13,"TheAbacus":4,"HornCleat":14,"Astrolabe":0,"Bronze Scales":14,"Molten Egg 2":6,"MealTicket":13,"Cracked Core":0,"Empty Cage":9,"Mercury Hourglass":4},{"Lantern":21,"DataDisk":44,"TheAbacus":10,"HornCleat":49,"Astrolabe":0,"Bronze Scales":49,"Molten Egg 2":17,"MealTicket":44,"Cracked Core":0,"Empty Cage":30,"Mercury Hourglass":10}],"Mercury Hourglass":[195]},"card_choices":[{"not_picked":["Gash","Hologram"],"picked":"Beam Cell","floor":1},{"not_picked":["Compile Driver","Gash"],"picked":"Streamline","floor":2},{"not_picked":["Rainbow","Hologram"],"picked":"Go for the Eyes","floor":3},{"not_picked":["Compile Driver","Capacitor"],"picked":"Skim","floor":4},{"not_picked":["Ball Lightning","Steam"],"picked":"Self Repair","floor":10},{"not_picked":["Glacier","Conserve Battery"],"picked":"Coolheaded","floor":11},{"not_picked":["Darkness","Thunder Strike+1"],"picked":"Beam Cell+1","floor":13},{"not_picked":["Compile Driver+1","Coolheaded"],"picked":"Genetic Algorithm","floor":14},{"not_picked":["Core Surge+1","Creative AI"],"picked":"Reboot","floor":16},{"not_picked":["Aggregate","Go for the Eyes+1"],"picked":"Rebound+1","floor":18},{"not_picked":["Stack","Conserve Battery"],"picked":"Reprogram+1","floor":19},{"not_picked":["Glacier","Stack+1"],"picked":"Rebound+1","floor":20},{"not_picked":["Tempest","Stack"],"picked":"Go for the Eyes+1","floor":24},{"not_picked":["Ball Lightning+1","Cold Snap+1"],"picked":"Hologram","floor":27},{"not_picked":["Thunder Strike+1","Chaos"],"picked":"Stack","floor":29}],"player_experience":1357872,"relics_obtained":[{"floor":9,"key":"Mercury Hourglass"},{"floor":11,"key":"Molten Egg 2"},{"floor":13,"key":"Lantern"},{"floor":24,"key":"DataDisk"},{"floor":26,"key":"MealTicket"},{"floor":27,"key":"HornCleat"}],"event_choices":[{"damage_healed":0,"gold_gain":51,"player_choice":"Gained Gold","damage_taken":0,"max_hp_gain":0,"max_hp_loss":0,"event_name":"Golden Wing","floor":5,"gold_loss":0},{"damage_healed":0,"gold_gain":99,"player_choice":"Stole From Cult","damage_taken":0,"max_hp_gain":0,"max_hp_loss":0,"event_name":"Nest","floor":21,"gold_loss":0},{"damage_healed":0,"gold_gain":0,"player_choice":"Shed Blood","damage_taken":19,"max_hp_gain":5,"max_hp_loss":0,"event_name":"Forgotten Altar","floor":22,"gold_loss":0},{"damage_healed":0,"gold_gain":0,"player_choice":"Paid Fearfully","damage_taken":0,"max_hp_gain":0,"max_hp_loss":0,"event_name":"Masked Bandits","floor":31,"gold_loss":6}],"is_beta":false,"boss_relics":[{"not_picked":["Philosopher\u0027s Stone","Busted Crown"],"picked":"Empty Cage"}],"items_purged_floors":[28],"is_endless":false,"potions_floor_spawned":[1,2,4,11,20,24,27],"killed_by":"Collector","ascension_level":4}}