{"host":"o9lehcdjc4u6j9un","time":1612719927,"event":{"mods":["BaseMod","Colored Map","Downfall","Hermit","Marisa£®ÏF”Í°°ƒß¿Ì…≥£©","Minty Spire (QoL Compilation)","Reimu£®≤©¿ˆ¡È√Œ£©","Remilia£®¿Ÿ√◊¿Ú—«£©","StSLib","The Runesmith","The Senshi","Youmu£®ªÍ∆«—˝√Œ£©"],"gold_per_floor":[114,131,91,107,121,153,153,186,234,251,271,271,271],"floor_reached":12,"language":"ZHS","playtime":1089,"items_purged":[],"score":92,"play_id":"673c344a-baf6-4b2f-8f67-d8ec99785ef7","local_time":"20210208014527","is_ascension_mode":false,"campfire_choices":[{"floor":7,"key":"REST"}],"circlet_count":0,"master_deck":["Runesmith:Strike_RS","Runesmith:Strike_RS","Runesmith:Strike_RS","Runesmith:Strike_RS+1","Runesmith:Defend_RS","Runesmith:Defend_RS","Runesmith:Defend_RS","Runesmith:Defend_RS","Runesmith:CraftFirestone","Runesmith:Fortify","Runesmith:Supernova","Runesmith:HeatedChisel","Runesmith:Discharge","Runesmith:Permafrost","Runesmith:CraftVitae","Runesmith:FrozenChisel+1","Runesmith:EnergizedChisel","Runesmith:CraftIndustria","Runesmith:UnstableHammer"],"relics":["Runesmith:BrokenRuby","PaintedHorse:ReiMu","Matryoshka","Gremlin Horn","Runesmith:EmergencyProvisions","Whetstone"],"acts_visited":["Exordium"],"potions_floor_usage":[6],"damage_taken":[{"damage":0,"enemies":"2 Louse","floor":1,"turns":3},{"damage":2,"enemies":"Jaw Worm","floor":2,"turns":4},{"damage":0,"enemies":"Small Slimes","floor":4,"turns":3},{"damage":11,"enemies":"Exordium Wildlife","floor":5,"turns":5},{"damage":32,"enemies":"3 Sentries","floor":6,"turns":11},{"damage":21,"enemies":"Gremlin Nob","floor":8,"turns":5},{"damage":0,"enemies":"3 Louse","floor":10,"turns":4},{"damage":8,"enemies":"Gremlin Gang","floor":11,"turns":4},{"damage":19,"enemies":"Lagavulin","floor":12,"turns":3}],"seed_played":"2247902855816498187","potions_obtained":[{"floor":2,"key":"bronze:BurnAndBuffPotion"},{"floor":6,"key":"Explosive Potion"},{"floor":8,"key":"GamblersBrew"}],"is_trial":false,"path_per_floor":["M","M","?","M","M","E","R","E","T","M","M","E"],"character_chosen":"RUNESMITH_CLASS","items_purchased":[],"campfire_rested":1,"item_purchase_floors":[],"current_hp_per_floor":[70,68,68,68,57,25,46,25,25,25,17,0,0],"gold":271,"neow_bonus":"ONE_RANDOM_RARE_CARD","is_daily":false,"chose_seed":false,"campfire_upgraded":0,"win_rate":0.0,"timestamp":1612719927,"path_taken":["M","M","?","M","M","E","R","E","T","M","M","E"],"items_purchased_type":[],"build_version":"2020-12-22","purchased_purges":0,"victory":false,"max_hp_per_floor":[70,70,70,70,70,70,70,70,70,70,70,70,70],"card_choices":[{"not_picked":["Runesmith:ChiselStab","Runesmith:CraftObretio"],"picked":"Runesmith:HeatedChisel","floor":1},{"not_picked":["Runesmith:CraftProtectio","Runesmith:MakeshiftArmor"],"picked":"Runesmith:Discharge","floor":2},{"not_picked":["Runesmith:StaticCage","Runesmith:ChiselStab"],"picked":"Runesmith:Permafrost","floor":4},{"not_picked":["Runesmith:HammerTime","Runesmith:Prism"],"picked":"Runesmith:CraftVitae","floor":5},{"not_picked":["Runesmith:Repurpose","Runesmith:HeatExchange"],"picked":"Runesmith:FrozenChisel","floor":6},{"not_picked":["Runesmith:StaticCage","Runesmith:HeatedChisel"],"picked":"Runesmith:EnergizedChisel","floor":8},{"not_picked":["Runesmith:NegativeSpace","Runesmith:RuneHurl"],"picked":"Runesmith:CraftIndustria","floor":10},{"not_picked":["Runesmith:Overpower","Runesmith:PerfectChisel"],"picked":"Runesmith:UnstableHammer","floor":11}],"player_experience":131654,"relics_obtained":[{"floor":6,"key":"Matryoshka"},{"floor":8,"key":"Gremlin Horn"},{"floor":9,"key":"Runesmith:EmergencyProvisions"},{"floor":9,"key":"Whetstone"}],"event_choices":[{"damage_healed":0,"gold_gain":0,"player_choice":"»˚«Æ","damage_taken":0,"relics_obtained":["PaintedHorse:ReiMu"],"max_hp_gain":0,"max_hp_loss":0,"event_name":"yidonshenshe","floor":3,"gold_loss":40}],"is_beta":false,"boss_relics":[],"items_purged_floors":[],"is_endless":false,"potions_floor_spawned":[2,6,8],"killed_by":"Lagavulin","ascension_level":0}}