{"host":"kda2p2afd6bvz6qo","time":1612712589,"event":{"mods":["BaseMod","Colored Map","Minty Spire (QoL Compilation)","Relic Stats"],"gold_per_floor":[112,132,44,64,77,108,108,108,108,141,141,155,155,189,189,260,260,273,40,60,60,78,78,93,127,150,177,189,189,204,233,233,312,312,324,339,12,29,0,28,28,28,28,28,59,73,101,101,101,101,101],"floor_reached":50,"language":"ENG","playtime":3855,"items_purged":["Strike_G"],"score":1270,"play_id":"11fc64d6-5398-44f3-9afa-02467ad3f59b","local_time":"20210207154309","is_ascension_mode":true,"campfire_choices":[{"floor":8.0,"key":"REST"},{"floor":11.0,"key":"REST"},{"floor":13.0,"key":"REST"},{"data":"Malaise","floor":15.0,"key":"SMITH"},{"data":"Bouncing Flask","floor":23.0,"key":"SMITH"},{"floor":29.0,"key":"REST"},{"floor":32.0,"key":"REST"},{"floor":41,"key":"REST"},{"data":"Concentrate","floor":44,"key":"SMITH"},{"floor":49,"key":"RECALL"}],"circlet_count":0,"master_deck":["AscendersBane","Strike_G","Strike_G","Defend_G","Defend_G","Defend_G","Defend_G","Survivor+1","Neutralize","Underhanded Strike","Malaise+1","Crippling Poison+1","Glass Knife","Bouncing Flask+1","Bane+1","Predator+1","Sucker Punch+1","After Image","Dagger Throw+1","Dash+1","Acrobatics","Outmaneuver+1","Concentrate+1","Flechettes+1","Burst","Catalyst","Tools of the Trade","Cloak And Dagger+1","Flying Knee+1"],"relics":["SacredBark","Molten Egg 2","Du-Vu Doll","WingedGreaves","The Specimen","Runic Pyramid","Oddly Smooth Stone","Tiny Chest","Lantern","InkBottle","Blood Vial","HoveringKite","Happy Flower","Red Mask","Ginger","Mercury Hourglass","Bottled Lightning"],"acts_visited":["Exordium","TheCity","TheBeyond"],"potions_floor_usage":[47,47],"damage_taken":[{"damage":5.0,"enemies":"Cultist","floor":1.0,"turns":5.0},{"damage":4.0,"enemies":"2 Louse","floor":2.0,"turns":2.0},{"damage":9.0,"enemies":"Jaw Worm","floor":4.0,"turns":7.0},{"damage":5.0,"enemies":"3 Louse","floor":5.0,"turns":5.0},{"damage":14.0,"enemies":"3 Sentries","floor":6.0,"turns":7.0},{"damage":19.0,"enemies":"Lagavulin","floor":10.0,"turns":6.0},{"damage":8.0,"enemies":"Lots of Slimes","floor":12.0,"turns":2.0},{"damage":8.0,"enemies":"Gremlin Nob","floor":14.0,"turns":3.0},{"damage":20.0,"enemies":"The Guardian","floor":16.0,"turns":12.0},{"damage":12.0,"enemies":"3 Byrds","floor":18.0,"turns":6.0},{"damage":5.0,"enemies":"Shell Parasite","floor":20.0,"turns":6.0},{"damage":0.0,"enemies":"Chosen and Byrds","floor":22.0,"turns":5.0},{"damage":0.0,"enemies":"3 Cultists","floor":24.0,"turns":4.0},{"damage":10.0,"enemies":"Book of Stabbing","floor":25.0,"turns":6.0},{"damage":10.0,"enemies":"Gremlin Leader","floor":27.0,"turns":6.0},{"damage":0.0,"enemies":"Snake Plant","floor":28.0,"turns":3.0},{"damage":5.0,"enemies":"Sentry and Sphere","floor":30.0,"turns":5.0},{"damage":14.0,"enemies":"Book of Stabbing","floor":31.0,"turns":4.0},{"damage":6.0,"enemies":"Automaton","floor":33.0,"turns":10.0},{"damage":0.0,"enemies":"3 Shapes","floor":35.0,"turns":4.0},{"damage":4.0,"enemies":"Orb Walker","floor":36.0,"turns":5.0},{"damage":12.0,"enemies":"4 Shapes","floor":38.0,"turns":4.0},{"damage":23,"enemies":"Giant Head","floor":40,"turns":8},{"damage":12,"enemies":"Nemesis","floor":45,"turns":9},{"damage":4,"enemies":"Spire Growth","floor":46,"turns":5},{"damage":10,"enemies":"Reptomancer","floor":47,"turns":5},{"damage":32,"enemies":"Donu and Deca","floor":50,"turns":2}],"seed_played":"-6734440994309207986","potions_obtained":[{"floor":2.0,"key":"AttackPotion"},{"floor":5.0,"key":"ColorlessPotion"},{"floor":12.0,"key":"SteroidPotion"},{"floor":22.0,"key":"Fire Potion"},{"floor":24.0,"key":"AttackPotion"},{"floor":27.0,"key":"AttackPotion"},{"floor":31.0,"key":"AttackPotion"},{"floor":36.0,"key":"GamblersBrew"},{"floor":40,"key":"CunningPotion"}],"is_trial":false,"path_per_floor":["M","M","$","M","M","E","?","R","T","E","R","M","R","E","R","B",null,"M","$","M","?","M","R","M","E","T","E","M","R","M","E","R","B",null,"M","M","$","M","?","E","R","?","T","R","E","M","E","?","R","B"],"character_chosen":"THE_SILENT","items_purchased":["Malaise","Oddly Smooth Stone","Tools of the Trade","Happy Flower"],"campfire_rested":6,"item_purchase_floors":[3,19,37,37],"current_hp_per_floor":[54,50,50,41,36,22,2,21,21,2,21,13,32,24,24,4,51,39,39,34,34,34,34,34,24,24,14,14,33,28,14,33,29,57,59,57,57,47,47,26,45,45,45,45,35,33,25,25,25,0,0],"gold":101,"neow_bonus":"BOSS_RELIC","is_daily":false,"chose_seed":false,"campfire_upgraded":3,"win_rate":0.0,"timestamp":1612712589,"path_taken":["M","M","$","M","M","E","?","R","T","E","R","M","R","E","R","BOSS","M","$","M","?","M","R","M","E","T","E","M","R","M","E","R","BOSS","M","M","$","M","?","E","R","?","T","R","E","M","E","?","R","BOSS"],"items_purchased_type":["Card","Relic","Card","Relic"],"build_version":"2020-12-22","purchased_purges":1,"victory":false,"max_hp_per_floor":[66,66,66,66,66,66,66,66,66,66,66,66,66,66,66,66,66,66,66,66,66,66,66,66,66,66,66,66,66,66,66,66,66,66,66,66,66,66,66,66,66,66,66,66,66,66,66,66,66,66,66],"relic_stats":{"Blood Vial":18,"Happy Flower":[11],"counters":[27,146],"HoveringKite":[24],"Tiny Chest":0,"Ginger":[0],"obtain_stats":[{"Lantern":26,"The Specimen":14,"Happy Flower":37,"SacredBark":0,"Oddly Smooth Stone":19,"HoveringKite":34,"Ginger":40,"Mercury Hourglass":45,"Du-Vu Doll":9,"Blood Vial":31,"Molten Egg 2":6,"Tiny Chest":25,"WingedGreaves":10,"Red Mask":39,"Bottled Lightning":47,"InkBottle":27,"Ring of the Snake":0,"Runic Pyramid":17},{"Lantern":14,"The Specimen":8,"Happy Flower":21,"SacredBark":0,"Oddly Smooth Stone":10,"HoveringKite":19,"Ginger":23,"Mercury Hourglass":24,"Du-Vu Doll":5,"Blood Vial":18,"Molten Egg 2":5,"Tiny Chest":14,"WingedGreaves":6,"Red Mask":22,"Bottled Lightning":26,"InkBottle":15,"Ring of the Snake":0,"Runic Pyramid":9},{"Lantern":76,"The Specimen":37,"Happy Flower":113,"SacredBark":0,"Oddly Smooth Stone":55,"HoveringKite":104,"Ginger":125,"Mercury Hourglass":134,"Du-Vu Doll":26,"Blood Vial":94,"Molten Egg 2":26,"Tiny Chest":76,"WingedGreaves":32,"Red Mask":117,"Bottled Lightning":144,"InkBottle":82,"Ring of the Snake":0,"Runic Pyramid":49}],"InkBottle":[26],"Mercury Hourglass":[75]},"card_choices":[{"not_picked":["Outmaneuver","Cloak And Dagger","Calculated Gamble"],"picked":"SKIP","floor":1.0},{"not_picked":["Outmaneuver","Prepared"],"picked":"Underhanded Strike","floor":2.0},{"not_picked":["Quick Slash","Deflect"],"picked":"Crippling Poison","floor":4.0},{"not_picked":["Acrobatics","Deflect"],"picked":"Glass Knife","floor":5.0},{"not_picked":["All Out Attack+1","Concentrate"],"picked":"Bouncing Flask","floor":6.0},{"not_picked":["Prepared","Slice+1"],"picked":"Bane+1","floor":10.0},{"not_picked":["Deflect","Underhanded Strike+1"],"picked":"Predator+1","floor":12.0},{"not_picked":["Cloak And Dagger","Acrobatics"],"picked":"Sucker Punch+1","floor":14.0},{"not_picked":["Envenom","Unload+1"],"picked":"After Image","floor":16.0},{"not_picked":["Backflip","Deflect"],"picked":"Dagger Throw+1","floor":18.0},{"not_picked":["Deadly Poison","Skewer+1","Slice+1"],"picked":"SKIP","floor":20.0},{"not_picked":["Backflip","PiercingWail"],"picked":"Outmaneuver+1","floor":22.0},{"not_picked":["Masterful Stab+1","Deadly Poison"],"picked":"Concentrate","floor":24.0},{"not_picked":["Prepared","Cloak And Dagger"],"picked":"Flechettes+1","floor":25.0},{"not_picked":["Sucker Punch+1","Dagger Spray+1"],"picked":"Burst","floor":27.0},{"not_picked":["Cloak And Dagger","Dagger Throw+1"],"picked":"Catalyst","floor":28.0},{"not_picked":["Poisoned Stab+1","Slice+1","Reflex"],"picked":"SKIP","floor":30.0},{"not_picked":["Deadly Poison","Poisoned Stab+1","Skewer+1"],"picked":"SKIP","floor":31.0},{"not_picked":["Setup","Outmaneuver","Backflip"],"picked":"SKIP","floor":35.0},{"not_picked":["Deadly Poison","Outmaneuver+1","Predator+1"],"picked":"SKIP","floor":36.0},{"not_picked":["Underhanded Strike+1","Reflex","Quick Slash+1"],"picked":"SKIP","floor":38.0},{"not_picked":["Backflip+1","Poisoned Stab+1","Well Laid Plans"],"picked":"SKIP","floor":40},{"not_picked":["Dagger Throw+1","Dodge and Roll"],"picked":"Cloak And Dagger+1","floor":45},{"not_picked":["Heel Hook+1","Outmaneuver+1"],"picked":"Flying Knee+1","floor":46},{"not_picked":["Blade Dance","Choke+1","Sucker Punch+1"],"picked":"SKIP","floor":47}],"player_experience":216769,"relics_obtained":[{"floor":6.0,"key":"Molten Egg 2"},{"floor":9.0,"key":"Du-Vu Doll"},{"floor":10.0,"key":"WingedGreaves"},{"floor":14.0,"key":"The Specimen"},{"floor":25.0,"key":"Tiny Chest"},{"floor":26.0,"key":"Lantern"},{"floor":27.0,"key":"InkBottle"},{"floor":31.0,"key":"Blood Vial"},{"floor":40,"key":"Ginger"},{"floor":45,"key":"Mercury Hourglass"},{"floor":47,"key":"Bottled Lightning"}],"event_choices":[{"damage_healed":0.0,"max_hp_gain":0.0,"max_hp_loss":0.0,"gold_gain":0.0,"event_name":"Shining Light","player_choice":"Entered Light","floor":7.0,"gold_loss":0.0,"damage_taken":20.0,"cards_upgraded":["Survivor","Crippling Poison"]},{"damage_healed":0.0,"max_hp_gain":0.0,"max_hp_loss":0.0,"gold_gain":0.0,"cards_transformed":["Strike_G","Strike_G"],"event_name":"Drug Dealer","player_choice":"Became Test Subject","floor":21.0,"gold_loss":0.0,"damage_taken":0.0,"cards_obtained":["Dash","Acrobatics"]},{"damage_healed":0.0,"max_hp_gain":0.0,"max_hp_loss":0.0,"gold_gain":0.0,"event_name":"Tomb of Lord Red Mask","player_choice":"Paid","floor":39.0,"gold_loss":29.0,"damage_taken":0.0,"relics_obtained":["Red Mask"]},{"cards_removed":["Defend_G"],"damage_healed":0,"gold_gain":0,"player_choice":"Removed Skill","damage_taken":0,"max_hp_gain":0,"max_hp_loss":0,"event_name":"Falling","floor":42,"gold_loss":0},{"damage_healed":0,"gold_gain":0,"player_choice":"Ignored","damage_taken":0,"max_hp_gain":0,"max_hp_loss":0,"event_name":"SecretPortal","floor":48,"gold_loss":0}],"is_beta":false,"boss_relics":[{"not_picked":["Tiny House","WristBlade"],"picked":"Runic Pyramid"},{"not_picked":["Coffee Dripper","Empty Cage"],"picked":"HoveringKite"}],"items_purged_floors":[19],"is_endless":false,"potions_floor_spawned":[2,5,12,22,24,27,31,36,40],"killed_by":"Donu and Deca","ascension_level":20}}