{"host":"oehe2dxjvdgux73m","time":1612705819,"event":{"mods":["AchievementEnabler","BaseMod","Colored Map","Colored Powertips","DeckTracker","Keyboard Shortcuts","Minty Spire (QoL Compilation)","Permanent Neow","Quick Restart","StSLib","SuperFastMode"],"gold_per_floor":[109,127,140,160,46,46,65,65,65,84,84,84,84],"floor_reached":12,"language":"KOR","playtime":452,"items_purged":[],"score":144,"play_id":"4690f3ee-c560-44e7-b0f1-0164b4e3d241","local_time":"20210207225019","is_ascension_mode":true,"campfire_choices":[{"data":"Noxious Fumes","floor":6,"key":"SMITH"},{"floor":8,"key":"REST"},{"data":"Concentrate","floor":11,"key":"SMITH"}],"circlet_count":0,"master_deck":["AscendersBane","Strike_G","Strike_G","Strike_G","Strike_G","Strike_G","Defend_G","Defend_G","Defend_G","Defend_G","Defend_G","Survivor","Neutralize","Master of Strategy","Escape Plan","Predator","Footwork","PiercingWail","Noxious Fumes+1","Blur","Concentrate+1"],"relics":["Ring of the Snake","Bag of Preparation"],"acts_visited":["Exordium"],"potions_floor_usage":[4,7,12],"damage_taken":[{"damage":6.0,"enemies":"Jaw Worm","floor":1.0,"turns":7.0},{"damage":4.0,"enemies":"Cultist","floor":2.0,"turns":4.0},{"damage":2.0,"enemies":"2 Louse","floor":3.0,"turns":3.0},{"damage":16,"enemies":"Large Slime","floor":4,"turns":8},{"damage":12,"enemies":"Gremlin Gang","floor":7,"turns":6},{"damage":0,"enemies":"2 Fungi Beasts","floor":10,"turns":4},{"damage":37,"enemies":"Gremlin Nob","floor":12,"turns":3}],"seed_played":"6530654137934575504","potions_obtained":[{"floor":1.0,"key":"SneckoOil"},{"floor":2.0,"key":"SkillPotion"},{"floor":7,"key":"LiquidMemories"}],"is_trial":false,"path_per_floor":["M","M","M","M","$","R","M","R","T","M","R","E"],"character_chosen":"THE_SILENT","items_purchased":["PiercingWail","Noxious Fumes"],"campfire_rested":1,"item_purchase_floors":[5,5],"current_hp_per_floor":[53,49,47,31,31,31,19,37,37,37,37,0,0],"gold":84,"neow_bonus":"RANDOM_COLORLESS_2","is_daily":false,"chose_seed":false,"campfire_upgraded":2,"win_rate":0.0,"timestamp":1612705819,"path_taken":["M","M","M","M","$","R","M","R","T","M","R","E"],"items_purchased_type":["Card","Card"],"build_version":"2020-12-22","purchased_purges":0,"victory":false,"max_hp_per_floor":[60,60,60,60,60,60,60,60,60,60,60,60,60],"card_choices":[{"not_picked":["Mayhem","Panache"],"picked":"Master of Strategy","floor":0.0},{"not_picked":["Sucker Punch","Expertise","Endless Agony"],"picked":"SKIP","floor":1.0},{"not_picked":["Infinite Blades","Dagger Throw"],"picked":"Escape Plan","floor":2.0},{"not_picked":["Dagger Throw","Deflect"],"picked":"Predator","floor":3.0},{"not_picked":["Underhanded Strike","Reflex"],"picked":"Footwork","floor":4},{"not_picked":["Reflex","Poisoned Stab"],"picked":"Blur","floor":7},{"not_picked":["Riddle With Holes","Prepared"],"picked":"Concentrate","floor":10}],"player_experience":412058,"relics_obtained":[{"floor":9,"key":"Bag of Preparation"}],"event_choices":[],"is_beta":false,"boss_relics":[],"items_purged_floors":[],"is_endless":false,"potions_floor_spawned":[1,2,7],"killed_by":"Gremlin Nob","ascension_level":20}}