{"host":"b9sas8jv6tsy9swm","time":1612705872,"event":{"mods":["AchievementEnabler","BaseMod","Minty Spire (QoL Compilation)","Permanent Neow","Quick Restart","Replay The Spire","StSLib"],"gold_per_floor":[109,124,144,156,167,194,194,213,286,302,317,334,334,367,367,462,462,477,492,551,562,612,645,660,461,461,476,476,376,393,407,407,509,509,526,544,131,143,62,62,94,94,117,132,152,166,166,177,177,177,177,177,96,124,24,24],"floor_reached":55,"language":"ZHS","playtime":2682,"items_purged":["Defend_P","Strike_P","Defend_P"],"score":691,"play_id":"7b0f3553-e670-4f7d-84ed-2401b72218df","local_time":"20210207215112","is_ascension_mode":false,"campfire_choices":[{"data":"WheelKick","floor":7.0,"key":"SMITH"},{"data":"Eruption","floor":15.0,"key":"SMITH"},{"data":"Tantrum","floor":28.0,"key":"SMITH"},{"data":"Scrawl","floor":32.0,"key":"SMITH"},{"data":"Fasting2","floor":40.0,"key":"SMITH"},{"data":"Adaptation","floor":42.0,"key":"SMITH"},{"floor":49.0,"key":"RECALL"},{"data":"1","floor":52,"key":"LIFT"}],"circlet_count":0,"master_deck":["Strike_P","Strike_P","Strike_P","Defend_P","Defend_P","Eruption+1","Vigilance","FollowUp","TalkToTheHand","CutThroughFate","Wallop","WheelKick+1","Vault","Replay:ManipulateFuture","FlurryOfBlows","Delirium","Scrawl+1","Crescendo+1","Writhe","Evaluate","Tantrum+1","Panache","Panache","Dramatic Entrance","Halt","FearNoEvil+1","Vengeance","Adaptation+1","Fasting2+1","ReplayTheSpireMod:Doomed","Writhe","Ragnarok","Pot Of Greed","Pot Of Greed","Pot Of Greed"],"relics":["PureWater","Replay:Purple Gloves","Vajra","Blue Candle","Darkstone Periapt","Cursed Key","Shuriken","Girya","ReplayTheSpireMod:ShopPack","Du-Vu Doll","Busted Crown","Sundial","ReplayTheSpireMod:Lightbulb","Grinning Jar"],"acts_visited":["Exordium","TheCity","TheBeyond","TheEnding"],"potions_floor_usage":[55],"damage_taken":[{"damage":0.0,"enemies":"Cultist","floor":1.0,"turns":2.0},{"damage":1.0,"enemies":"Jaw Worm","floor":2.0,"turns":2.0},{"damage":0.0,"enemies":"2 Louse","floor":3.0,"turns":2.0},{"damage":16.0,"enemies":"Lots of Slimes","floor":4.0,"turns":4.0},{"damage":0.0,"enemies":"Large Slime","floor":5.0,"turns":3.0},{"damage":0.0,"enemies":"Gremlin Nob","floor":6.0,"turns":2.0},{"damage":2.0,"enemies":"3 Louse","floor":8.0,"turns":3.0},{"damage":7.0,"enemies":"Exordium Wildlife","floor":10.0,"turns":4.0},{"damage":0.0,"enemies":"Exordium Thugs","floor":11.0,"turns":3.0},{"damage":0.0,"enemies":"Large Slime","floor":12.0,"turns":3.0},{"damage":1.0,"enemies":"Lagavulin","floor":14.0,"turns":5.0},{"damage":22.0,"enemies":"The Guardian","floor":16.0,"turns":10.0},{"damage":3.0,"enemies":"3 Byrds","floor":18.0,"turns":5.0},{"damage":1.0,"enemies":"Shell Parasite","floor":19.0,"turns":3.0},{"damage":2.0,"enemies":"Cultist and Chosen","floor":21.0,"turns":4.0},{"damage":12.0,"enemies":"Book of Stabbing","floor":23.0,"turns":4.0},{"damage":1.0,"enemies":"Sentry and Sphere","floor":24.0,"turns":3.0},{"damage":9.0,"enemies":"Snecko","floor":27.0,"turns":4.0},{"damage":2.0,"enemies":"Chosen and Byrds","floor":30.0,"turns":3.0},{"damage":0.0,"enemies":"Shelled Parasite and Fungi","floor":31.0,"turns":3.0},{"damage":2.0,"enemies":"Collector","floor":33.0,"turns":4.0},{"damage":3.0,"enemies":"3 Shapes","floor":35.0,"turns":2.0},{"damage":0.0,"enemies":"Orb Walker","floor":36.0,"turns":2.0},{"damage":1.0,"enemies":"Maw","floor":38.0,"turns":3.0},{"damage":6.0,"enemies":"Reptomancer","floor":41.0,"turns":3.0},{"damage":0.0,"enemies":"Spire Growth","floor":44.0,"turns":2.0},{"damage":0.0,"enemies":"4 Shapes","floor":45.0,"turns":3.0},{"damage":10.0,"enemies":"Writhing Mass","floor":46.0,"turns":2.0},{"damage":6.0,"enemies":"Sphere and 2 Shapes","floor":48.0,"turns":1.0},{"damage":27,"enemies":"Replay:Hell Engine","floor":50,"turns":4},{"damage":22,"enemies":"Shield and Spear","floor":54,"turns":3},{"damage":83,"enemies":"The Heart","floor":55,"turns":4}],"seed_played":"-5477078172981848740","potions_obtained":[{"floor":3.0,"key":"AttackPotion"},{"floor":6.0,"key":"PowerPotion"},{"floor":8.0,"key":"Weak Potion"},{"floor":10.0,"key":"LiquidMemories"},{"floor":14.0,"key":"PowerPotion"},{"floor":16.0,"key":"AttackPotion"},{"floor":18.0,"key":"BlessingOfTheForge"},{"floor":20.0,"key":"Fruit Juice"},{"floor":23.0,"key":"Block Potion"},{"floor":24.0,"key":"Energy Potion"},{"floor":27.0,"key":"Elixir"},{"floor":33.0,"key":"Block Potion"},{"floor":35.0,"key":"Reflective Coating"},{"floor":38.0,"key":"LiquidMemories"},{"floor":45.0,"key":"SpeedPotion"},{"floor":54,"key":"ColorlessPotion"}],"is_trial":false,"path_per_floor":["M","M","M","M","M","E","R","M","T","M","M","M","?","E","R","B",null,"M","M","?","M","?","E","M","$","T","M","R","$","M","M","R","B",null,"M","M","$","M","$","R","E","R","T","M","M","M","?","M","R","B",null,"R","$","E","B"],"character_chosen":"WATCHER","items_purchased":["ReplayTheSpireMod:ShopPack","Adaptation","Sundial","Fasting2","Ragnarok"],"campfire_rested":0,"item_purchase_floors":[25,37,37,39,53],"current_hp_per_floor":[51,50,50,34,34,34,34,32,32,25,25,25,25,24,24,2,72,69,68,79,77,77,65,64,64,70,61,61,61,59,59,59,57,89,86,86,86,85,85,85,79,79,85,85,85,75,101,95,95,68,101,101,101,79,0,0],"gold":24,"neow_bonus":"ONE_RARE_RELIC","is_daily":false,"chose_seed":false,"campfire_upgraded":6,"win_rate":0.0,"timestamp":1612705872,"path_taken":["M","?","M","M","M","E","R","M","T","M","M","M","?","E","R","BOSS","M","M","?","M","?","E","M","$","T","M","R","$","M","M","R","BOSS","M","?","$","M","$","R","E","R","T","M","M","?","?","M","R","BOSS","R","$","E","BOSS"],"items_purchased_type":["Relic","Card","Relic","Card","Card"],"build_version":"2020-12-22","purchased_purges":3,"victory":false,"max_hp_per_floor":[72,72,72,72,72,72,72,72,72,72,72,72,72,72,72,72,72,72,72,83,83,83,83,83,83,89,89,89,89,89,89,89,89,89,89,89,89,89,89,89,89,89,95,95,95,95,101,101,101,101,101,101,101,101,101,101],"card_choices":[{"not_picked":["SignatureMove","Replay:AtTheReady"],"picked":"FollowUp","floor":1.0},{"not_picked":["ClearTheMind","Conclude"],"picked":"TalkToTheHand","floor":2.0},{"not_picked":["Protect","ClearTheMind"],"picked":"CutThroughFate","floor":3.0},{"not_picked":["Sanctity","EmptyBody"],"picked":"Wallop","floor":4.0},{"not_picked":["Judgement","ClearTheMind"],"picked":"WheelKick","floor":5.0},{"not_picked":["JustLucky","Evaluate"],"picked":"Vault","floor":6.0},{"not_picked":["Crescendo","BowlingBash"],"picked":"Replay:ManipulateFuture","floor":8.0},{"not_picked":["Protect","SashWhip","Replay:AtTheReady"],"picked":"SKIP","floor":10.0},{"not_picked":["Replay:AtTheReady","Replay:AllIn","Worship"],"picked":"SKIP","floor":11.0},{"not_picked":["Replay:ManipulateFuture","Halt"],"picked":"FlurryOfBlows","floor":12.0},{"not_picked":["MasterReality","CutThroughFate","Consecrate"],"picked":"SKIP","floor":14.0},{"not_picked":["Judgement","Vault"],"picked":"Scrawl","floor":16.0},{"not_picked":["EmptyFist+1","WaveOfTheHand"],"picked":"Crescendo+1","floor":18.0},{"not_picked":["Vengeance","TalkToTheHand","Evaluate"],"picked":"SKIP","floor":19.0},{"not_picked":["Nirvana+1","Replay:ManipulateFuture"],"picked":"Evaluate","floor":20.0},{"not_picked":["BowlingBash+1","Evaluate+1","CrushJoints+1"],"picked":"SKIP","floor":21.0},{"not_picked":["Pray","Study+1"],"picked":"Tantrum","floor":23.0},{"not_picked":["Evaluate","JustLucky","Protect"],"picked":"SKIP","floor":24.0},{"not_picked":["ReplayUltimateDefense","The Bomb"],"picked":"Panache","floor":25.0},{"not_picked":["Mind Blast","HandOfGreed"],"picked":"Panache","floor":25.0},{"not_picked":["Dark Shackles","Good Instincts"],"picked":"Dramatic Entrance","floor":25.0},{"not_picked":["TalkToTheHand","ReachHeaven","Replay:ManipulateFuture+1"],"picked":"SKIP","floor":27.0},{"not_picked":["FlyingSleeves","Crescendo+1"],"picked":"Halt","floor":30.0},{"not_picked":["Replay:DivineShield","Crescendo"],"picked":"FearNoEvil+1","floor":31.0},{"not_picked":[],"picked":"Vengeance","floor":35.0},{"not_picked":["WaveOfTheHand"],"picked":"SKIP","floor":36.0},{"not_picked":["CutThroughFate+1"],"picked":"SKIP","floor":38.0},{"not_picked":["Replay:ManipulateFuture"],"picked":"SKIP","floor":41.0},{"not_picked":["ClearTheMind"],"picked":"SKIP","floor":44.0},{"not_picked":["BowlingBash+1"],"picked":"SKIP","floor":45.0},{"not_picked":["FlurryOfBlows"],"picked":"SKIP","floor":46.0},{"not_picked":["Replay:AtTheReady+1"],"picked":"SKIP","floor":48.0},{"not_picked":["Pray"],"picked":"SKIP","floor":54}],"player_experience":368034,"relics_obtained":[{"floor":6.0,"key":"Vajra"},{"floor":9.0,"key":"Blue Candle"},{"floor":14.0,"key":"Darkstone Periapt"},{"floor":20.0,"key":"Shuriken"},{"floor":23.0,"key":"Girya"},{"floor":26.0,"key":"Du-Vu Doll"},{"floor":41.0,"key":"ReplayTheSpireMod:Lightbulb"},{"floor":54,"key":"Grinning Jar"}],"event_choices":[{"damage_healed":0.0,"max_hp_gain":0.0,"max_hp_loss":0.0,"gold_gain":100.0,"event_name":"The Joust","player_choice":"Bet on Murderer","floor":22.0,"gold_loss":50.0,"damage_taken":0.0},{"damage_healed":24.0,"max_hp_gain":0.0,"max_hp_loss":0.0,"gold_gain":0.0,"event_name":"Winding Halls","player_choice":"Writhe","floor":47.0,"gold_loss":0.0,"damage_taken":0.0,"cards_obtained":["Writhe"]}],"is_beta":false,"boss_relics":[{"not_picked":["SacredBark","Snecko Eye"],"picked":"Cursed Key"},{"not_picked":["Coffee Dripper","ChewingGum"],"picked":"Busted Crown"}],"items_purged_floors":[25,29,37],"is_endless":false,"potions_floor_spawned":[3,6,8,10,14,16,18,23,24,27,33,35,38,45,54],"killed_by":"The Heart","ascension_level":0}}