{"host":"hzswyuuwdl03wwzr","time":1612719746,"event":{"mods":["100% Spire Juice","ATMod(∞¢Ë™Mod)","AchievementEnabler","Act Like it!","BaseMod","Bossed Relics","CapriCore","Hallownest","Lobotomy","LobotomyExtend","Luminous","Marisa£®ÏF”Í°°ƒß¿Ì…≥£©","Minty Spire (QoL Compilation)","Quick Restart","Reliquary","Replay The Spire","StSLib","The Cursed","The Immortal","WarShipGirlsR/’ΩΩ¢…Ÿ≈ÆR mod","Warlord Emblem","Youmu£®ªÍ∆«—˝√Œ£©","Yuyuko","°æπ¶ƒ‹Mod°øªÏ„Á÷Æª∑–ﬁ∏¥≤π∂°","°æ“≈ŒÔø®≈∆°øREMEMod"],"gold_per_floor":[116,136,67,67,80,112,112,112,112,112,37,53,53,67,67,165,165,180,192,36,47,67,67,79,79,153,153,167,266,294,41,41,141,141,141,189,209,223,223,223,258,258,258,271,296,6,18,18,18,18,18,18,18,48,48,48],"floor_reached":55,"language":"ZHS","playtime":1641,"items_purged":[],"score":695,"play_id":"954cfd7b-a8c4-41d3-b0dc-b93533d7ff10","local_time":"20210208014226","is_ascension_mode":false,"campfire_choices":[{"data":"WarlordEmblem:BloodMask","floor":7.0,"key":"SMITH"},{"data":"Hallownest:skillGreenpathMap","floor":13.0,"key":"SMITH"},{"data":"WarlordEmblem:RuneMultiplex","floor":15.0,"key":"SMITH"},{"data":"WarlordEmblem:RuneDefend","floor":23.0,"key":"SMITH"},{"data":"WarlordEmblem:VoidDefend","floor":32.0,"key":"SMITH"},{"floor":40.0,"key":"RECALL"},{"data":"WarlordEmblem:HeartOfDeath","floor":42.0,"key":"SMITH"},{"floor":49.0,"key":"REST"},{"data":"WarlordEmblem:DeathShake","floor":52.0,"key":"SMITH"}],"circlet_count":0,"master_deck":["WarlordEmblem:RuneStrike","WarlordEmblem:RuneStrike","WarlordEmblem:RuneStrike","WarlordEmblem:RuneStrike","WarlordEmblem:Defend_DK+1","WarlordEmblem:Defend_DK+1","WarlordEmblem:Defend_DK+1","WarlordEmblem:RuneDefend+1","WarlordEmblem:Frostmourne+1","WarlordEmblem:BloodMask+1","WarlordEmblem:DeathShake+1","Hallownest:skillGreenpathMap+1","WarlordEmblem:RuneRecover+1","WarlordEmblem:RuneMultiplex+1","WarlordEmblem:Potential+1","WarlordEmblem:DarkSimulation+1","WarlordEmblem:VoidDefend+1","WarlordEmblem:Execute+1","WarlordEmblem:HeartOfDeath+1","WarlordEmblem:SwordWave+1","WarlordEmblem:DeathCoil+1","WarlordEmblem:WillOfTheNecropolis","WarlordEmblem:RuneRegen+1"],"relics":["WarlordEmblem:RuneSword","WarlordEmblem:DKHelm","AT_ATBox","REME_ComplimentaryCards","WarlordEmblem:DK_Ghoul","LetterFromLob","Hallownest:DreamNailRelic","REME_HourglassOfDeath","AT_TrinityForce","Lee\u0027s Waffle","Garlic","Pet Ghost","reliquary:RedPaperclip","Molten Egg 2","AT_DeathDance","reliquary:PorcupineQuills","War Paint","WarlordEmblem:Gargoyle","War Paint"],"acts_visited":["Hallownest:Greenpath","TheCity","TheBeyond","TheEnding"],"potions_floor_usage":[55],"damage_taken":[{"damage":4.0,"enemies":"2_ Uuma","floor":1.0,"turns":5.0},{"damage":4.0,"enemies":"Hallownest:2_Tiktiks_and_1_Crawlid","floor":2.0,"turns":4.0},{"damage":0.0,"enemies":"Hallownest:monsterHuskGuard","floor":5.0,"turns":4.0},{"damage":12.0,"enemies":"Hallownest:eliteCrystalGuardian","floor":6.0,"turns":5.0},{"damage":0.0,"enemies":"Hallownest:MossCreep_and_Mosskin","floor":12.0,"turns":4.0},{"damage":3.0,"enemies":"Hallownest:1_Baldur_1_Crawlid_1_Warrior","floor":14.0,"turns":4.0},{"damage":42.0,"enemies":"Hallownest:BossFalseKnight","floor":16.0,"turns":7.0},{"damage":0.0,"enemies":"3 Byrds","floor":18.0,"turns":3.0},{"damage":16.0,"enemies":"Shell Parasite","floor":19.0,"turns":3.0},{"damage":0.0,"enemies":"Snake Plant","floor":21.0,"turns":3.0},{"damage":0.0,"enemies":"Cultist and Chosen","floor":22.0,"turns":4.0},{"damage":0.0,"enemies":"Centurion and Healer","floor":24.0,"turns":4.0},{"damage":18.0,"enemies":"Sentry and Sphere","floor":28.0,"turns":4.0},{"damage":14.0,"enemies":"Replay:Snechameleon","floor":30.0,"turns":4.0},{"damage":22.0,"enemies":"Collector","floor":33.0,"turns":6.0},{"damage":10.0,"enemies":"3 Shapes","floor":37.0,"turns":2.0},{"damage":1.0,"enemies":"Orb Walker","floor":38.0,"turns":2.0},{"damage":2.0,"enemies":"R_Hoarder","floor":41.0,"turns":5.0},{"damage":7.0,"enemies":"Jaw Worm Horde","floor":44.0,"turns":3.0},{"damage":37.0,"enemies":"Giant Head","floor":45.0,"turns":7.0},{"damage":15.0,"enemies":"4 Shapes","floor":47.0,"turns":2.0},{"damage":22.0,"enemies":"Time Eater","floor":50.0,"turns":8.0},{"damage":22.0,"enemies":"Shield and Spear","floor":54.0,"turns":4.0},{"damage":100,"enemies":"The Heart","floor":55,"turns":6}],"seed_played":"-6888045783345898883","potions_obtained":[{"floor":5.0,"key":"BlessingOfTheForge"},{"floor":6.0,"key":"SpeedPotion"},{"floor":12.0,"key":"ColorlessPotion"},{"floor":14.0,"key":"SmokeBomb"},{"floor":30.0,"key":"DuplicationPotion"},{"floor":41.0,"key":"Explosive Potion"}],"is_trial":false,"path_per_floor":["M","M","$","?","M","E","R","$","T","T","?","M","R","M","R","B",null,"M","M","$","M","M","R","M","$","T","?","M","?","E","$","R","B",null,"M","?","M","M","?","R","E","R","T","M","E","$","M","?","R","B",null,"R","$","E","B"],"character_chosen":"DeathKnight","items_purchased":["WarlordEmblem:DeathShake","Lee\u0027s Waffle","AT_GuinsooRageblade","WarlordEmblem:Gargoyle"],"campfire_rested":1,"item_purchase_floors":[3,20,31,46],"current_hp_per_floor":[76,72,72,72,79,74,74,74,74,74,74,80,80,80,80,54,80,80,80,87,87,87,87,87,87,87,87,69,69,66,66,66,50,87,87,87,82,81,81,81,87,87,87,80,58,58,43,43,69,47,87,87,87,76,0,0],"gold":48,"neow_bonus":"UPGRADE_CARD","is_daily":false,"chose_seed":false,"campfire_upgraded":7,"win_rate":0.0,"timestamp":1612719746,"path_taken":["M","M","?","?","M","E","R","$","T","?","?","M","R","M","R","BOSS","M","M","$","M","M","R","M","$","T","?","M","?","E","?","R","BOSS","M","?","M","M","?","R","E","R","T","M","E","$","?","?","R","BOSS","R","$","E","BOSS"],"items_purchased_type":["Card","Relic","Relic","Relic"],"build_version":"2020-12-22","purchased_purges":0,"victory":false,"max_hp_per_floor":[80,80,80,80,80,80,80,80,80,80,80,80,80,80,80,80,80,80,80,87,87,87,87,87,87,87,87,87,87,87,87,87,87,87,87,87,87,87,87,87,87,87,87,87,87,87,87,87,87,87,87,87,87,87,87,87],"card_choices":[{"not_picked":["WarlordEmblem:RuneFocus","WarlordEmblem:RuneRecast","WarlordEmblem:EvilPower"],"picked":"SKIP","floor":1.0},{"not_picked":["WarlordEmblem:HeartStrike","WarlordEmblem:DeathShake"],"picked":"WarlordEmblem:BloodMask","floor":2.0},{"not_picked":["WarlordEmblem:DeathContract","WarlordEmblem:RuneInspire","WarlordEmblem:FrostbiteStrike"],"picked":"SKIP","floor":5.0},{"not_picked":["WarlordEmblem:AntiMagicShield","WarlordEmblem:UltimateCold","WarlordEmblem:EvilPower"],"picked":"SKIP","floor":6.0},{"not_picked":["WarlordEmblem:BodyStrike","WarlordEmblem:Infect"],"picked":"WarlordEmblem:RuneRecover","floor":12.0},{"not_picked":["WarlordEmblem:WinterHorn","WarlordEmblem:RuneBlade"],"picked":"WarlordEmblem:RuneMultiplex","floor":14.0},{"not_picked":["WarlordEmblem:Withstand","WarlordEmblem:FrostbiteStrike","WarlordEmblem:Execute"],"picked":"SKIP","floor":18.0},{"not_picked":["WarlordEmblem:RuneMelter","WarlordEmblem:FrozenWill"],"picked":"WarlordEmblem:Potential+1","floor":19.0},{"not_picked":["WarlordEmblem:RuneFocus","WarlordEmblem:CurseStrike+1"],"picked":"WarlordEmblem:DarkSimulation+1","floor":21.0},{"not_picked":["WarlordEmblem:FrozenWill","WarlordEmblem:DeathCoil+1","WarlordEmblem:RuneDiffer"],"picked":"SKIP","floor":22.0},{"not_picked":["WarlordEmblem:RuneRegen","WarlordEmblem:Withstand","WarlordEmblem:SevereWinter"],"picked":"SKIP","floor":24.0},{"not_picked":["WarlordEmblem:BodyStrike","WarlordEmblem:Annihilation","WarlordEmblem:ForceDeflexion"],"picked":"SKIP","floor":28.0},{"not_picked":["WarlordEmblem:HungeringCold","WarlordEmblem:WindStrike"],"picked":"WarlordEmblem:Execute+1","floor":30.0},{"not_picked":["WarlordEmblem:RuneIndex","WarlordEmblem:GhostStrike"],"picked":"WarlordEmblem:HeartOfDeath","floor":33.0},{"not_picked":["WarlordEmblem:HeartStrike+1","WarlordEmblem:VoidStrike+1"],"picked":"WarlordEmblem:SwordWave+1","floor":36.0},{"not_picked":["WarlordEmblem:LichBody+1","WarlordEmblem:RuneExplode+1"],"picked":"WarlordEmblem:DeathCoil+1","floor":37.0},{"not_picked":["WarlordEmblem:LichBody+1","WarlordEmblem:EvilSee","WarlordEmblem:FrostbiteStrike+1"],"picked":"SKIP","floor":38.0},{"not_picked":["WarlordEmblem:RealmRider","WarlordEmblem:WindStrike+1"],"picked":"WarlordEmblem:RuneRegen+1","floor":41.0},{"not_picked":["WarlordEmblem:RuneFocus+1","WarlordEmblem:RuneRecast","WarlordEmblem:DeathCoil+1"],"picked":"SKIP","floor":44.0},{"not_picked":["WarlordEmblem:CurseStrike+1","WarlordEmblem:RuneBlade+1","WarlordEmblem:RuneRecover+1"],"picked":"SKIP","floor":45.0},{"not_picked":["WarlordEmblem:Execute+1","WarlordEmblem:DeathStrike+1","WarlordEmblem:Withstand+1"],"picked":"SKIP","floor":47.0},{"not_picked":["WarlordEmblem:RuneMultiplex","WarlordEmblem:RuneFocus+1","WarlordEmblem:DiseaseCloud"],"picked":"SKIP","floor":54.0}],"player_experience":30985,"relics_obtained":[{"floor":1.0,"key":"LetterFromLob"},{"floor":6.0,"key":"reliquary:IridiumChain"},{"floor":10.0,"key":"REME_HourglassOfDeath"},{"floor":26.0,"key":"Garlic"},{"floor":30.0,"key":"Pet Ghost"},{"floor":36.0,"key":"Molten Egg 2"},{"floor":41.0,"key":"AT_DeathDance"},{"floor":43.0,"key":"reliquary:PorcupineQuills"},{"floor":45.0,"key":"War Paint"},{"floor":54.0,"key":"reliquary:SculptingSteel"}],"event_choices":[{"damage_healed":0.0,"max_hp_gain":0.0,"max_hp_loss":0.0,"gold_gain":0.0,"event_name":"The Library","player_choice":"Read","floor":27.0,"gold_loss":0.0,"damage_taken":0.0,"cards_obtained":["WarlordEmblem:VoidDefend"]},{"damage_healed":0.0,"max_hp_gain":0.0,"max_hp_loss":0.0,"gold_gain":99.0,"event_name":"Nest","player_choice":"Stole From Cult","floor":29.0,"gold_loss":0.0,"damage_taken":0.0},{"damage_healed":0.0,"max_hp_gain":0.0,"max_hp_loss":0.0,"gold_gain":0.0,"cards_transformed":["WarlordEmblem:Defend_DK"],"event_name":"Transmorgrifier","player_choice":"Transformed","floor":39.0,"gold_loss":0.0,"damage_taken":0.0,"cards_obtained":["WarlordEmblem:WillOfTheNecropolis"]},{"damage_healed":0.0,"max_hp_gain":0.0,"max_hp_loss":0.0,"gold_gain":0.0,"event_name":"The Moai Head","player_choice":"Ignored","floor":48.0,"gold_loss":0.0,"damage_taken":0.0}],"is_beta":false,"boss_relics":[{"not_picked":["Kintsugi","Black Star"],"picked":"AT_TrinityForce"},{"not_picked":["WarlordEmblem:IceDragon","Replay:Grab Bag"],"picked":"reliquary:RedPaperclip"}],"items_purged_floors":[],"is_endless":false,"potions_floor_spawned":[5,6,12,14,19,22,30,41,45,47],"killed_by":"The Heart","ascension_level":0}}