{"host":"9n6i2vl93jt4o42q","time":1612723678,"event":{"mods":["BaseMod","Minty Spire (QoL Compilation)","Relic Stats"],"gold_per_floor":[118,193,10,10,34,65,80,80,149,174,212,240,308,321,321,410,410,429,429,454,454,39,39,63,63,115,136,179,179,203,118,118,118,118],"floor_reached":33,"language":"ENG","playtime":1772,"items_purged":["Strike_R"],"score":600,"play_id":"be4b0ba4-f213-4170-93c0-e6069c984adc","local_time":"20210207194758","is_ascension_mode":true,"campfire_choices":[{"data":"Dark Embrace","floor":8.0,"key":"SMITH"},{"data":"Disarm","floor":15.0,"key":"SMITH"},{"floor":23.0,"key":"REST"},{"floor":25.0,"key":"REST"},{"data":"True Grit","floor":29.0,"key":"SMITH"},{"floor":32.0,"key":"REST"}],"circlet_count":0,"master_deck":["AscendersBane","Strike_R","Strike_R","Strike_R","Defend_R","Defend_R","Defend_R","Bash","Cleave","True Grit+1","Dark Embrace+1","Shrug It Off","Second Wind","Disarm+1","Anger","Impervious","Thunderclap","Shrug It Off","Feel No Pain","Immolate","Warcry+1","Havoc","Disarm+1","Spot Weakness","Wild Strike","Feel No Pain","Warcry","Bloodletting","Shrug It Off","Pummel","Burning Pact"],"relics":["Burning Blood","NeowsBlessing","Golden Idol","Nunchaku","Bottled Tornado","Unceasing Top","Odd Mushroom","Happy Flower","Mark of Pain","DollysMirror","Ornamental Fan","Juzu Bracelet"],"acts_visited":["Exordium","TheCity"],"potions_floor_usage":[],"damage_taken":[{"damage":0.0,"enemies":"Cultist","floor":1.0,"turns":1.0},{"damage":0.0,"enemies":"Jaw Worm","floor":5.0,"turns":1.0},{"damage":0.0,"enemies":"Gremlin Nob","floor":6.0,"turns":1.0},{"damage":8.0,"enemies":"2 Louse","floor":7.0,"turns":2.0},{"damage":8.0,"enemies":"Looter","floor":10.0,"turns":4.0},{"damage":46.0,"enemies":"Lagavulin","floor":11.0,"turns":8.0},{"damage":9.0,"enemies":"The Mushroom Lair","floor":12.0,"turns":4.0},{"damage":20.0,"enemies":"3 Sentries","floor":13.0,"turns":7.0},{"damage":0.0,"enemies":"3 Louse","floor":14.0,"turns":3.0},{"damage":10.0,"enemies":"Hexaghost","floor":16.0,"turns":11.0},{"damage":27.0,"enemies":"3 Byrds","floor":18.0,"turns":7.0},{"damage":30.0,"enemies":"2 Thieves","floor":20.0,"turns":4.0},{"damage":22.0,"enemies":"Shelled Parasite and Fungi","floor":24.0,"turns":6.0},{"damage":0.0,"enemies":"Snake Plant","floor":27.0,"turns":6.0},{"damage":18.0,"enemies":"Book of Stabbing","floor":28.0,"turns":10.0},{"damage":12.0,"enemies":"Centurion and Healer","floor":30.0,"turns":7.0},{"damage":67,"enemies":"Automaton","floor":33,"turns":6}],"seed_played":"8300294981951686529","potions_obtained":[{"floor":1.0,"key":"GamblersBrew"},{"floor":5.0,"key":"DistilledChaos"},{"floor":13.0,"key":"Strength Potion"},{"floor":14.0,"key":"Fruit Juice"},{"floor":18.0,"key":"Regen Potion"}],"is_trial":false,"path_per_floor":["M","?","$","?","M","E","M","R","T","M","E","?","?","M","R","B",null,"M","?","M","?","$","R","M","R","T","M","E","R","M","?","R","B"],"character_chosen":"IRONCLAD","items_purchased":["True Grit","Dark Embrace","DollysMirror","Spot Weakness","Wild Strike","Feel No Pain","Warcry"],"campfire_rested":3,"item_purchase_floors":[3,3,22,22,22,22,22],"current_hp_per_floor":[74,63,63,63,68,68,66,66,66,64,24,21,7,18,18,14,58,37,37,25,25,25,46,30,51,51,57,45,45,39,39,60,0,0],"gold":118,"neow_bonus":"THREE_ENEMY_KILL","is_daily":false,"chose_seed":false,"campfire_upgraded":3,"win_rate":0.0,"timestamp":1612723678,"path_taken":["M","?","$","?","?","E","M","R","T","M","E","?","?","M","R","BOSS","M","?","?","?","$","R","M","R","T","M","E","R","?","?","R","BOSS"],"items_purchased_type":["Card","Card","Relic","Card","Card","Card","Card"],"build_version":"2020-12-22","purchased_purges":1,"victory":false,"max_hp_per_floor":[75,75,75,68,68,68,68,68,68,68,68,68,68,73,73,73,73,73,73,73,73,73,73,73,73,73,73,73,73,73,73,73,73,73],"relic_stats":{"Nunchaku":[17],"Happy Flower":[20],"counters":[17,88],"Golden Idol":94,"Ornamental Fan":[16],"Juzu Bracelet":0,"obtain_stats":[{"Nunchaku":6,"NeowsBlessing":0,"Happy Flower":13,"Golden Idol":4,"DollysMirror":22,"Ornamental Fan":28,"Mark of Pain":17,"Juzu Bracelet":31,"Bottled Tornado":9,"Odd Mushroom":12,"Burning Blood":0,"Unceasing Top":11},{"Nunchaku":3,"NeowsBlessing":0,"Happy Flower":8,"Golden Idol":1,"DollysMirror":12,"Ornamental Fan":15,"Mark of Pain":10,"Juzu Bracelet":16,"Bottled Tornado":4,"Odd Mushroom":7,"Burning Blood":0,"Unceasing Top":6},{"Nunchaku":3,"NeowsBlessing":0,"Happy Flower":28,"Golden Idol":1,"DollysMirror":53,"Ornamental Fan":75,"Mark of Pain":42,"Juzu Bracelet":82,"Bottled Tornado":5,"Odd Mushroom":21,"Burning Blood":0,"Unceasing Top":17}],"Burning Blood":89,"Unceasing Top":[10]},"card_choices":[{"not_picked":["Infernal Blade","Heavy Blade"],"picked":"Cleave","floor":1.0},{"not_picked":["Evolve","Sever Soul"],"picked":"Shrug It Off","floor":5.0},{"not_picked":["Armaments","Fire Breathing"],"picked":"Second Wind","floor":6.0},{"not_picked":["Anger","Havoc"],"picked":"Disarm","floor":7.0},{"not_picked":["Rupture","Dark Embrace"],"picked":"Anger","floor":10.0},{"not_picked":["Rage","Clash"],"picked":"Impervious","floor":11.0},{"not_picked":["Heavy Blade","Sword Boomerang"],"picked":"Thunderclap","floor":12.0},{"not_picked":["Havoc","Whirlwind"],"picked":"Shrug It Off","floor":13.0},{"not_picked":["Cleave","Pommel Strike"],"picked":"Feel No Pain","floor":14.0},{"not_picked":["Demon Form","Fiend Fire"],"picked":"Immolate","floor":16.0},{"not_picked":["Evolve","Combust"],"picked":"Warcry+1","floor":18.0},{"not_picked":["Ghostly Armor","Iron Wave","Clash"],"picked":"SKIP","floor":20.0},{"not_picked":["Wild Strike","Havoc"],"picked":"Bloodletting","floor":24.0},{"not_picked":["Havoc","Flex"],"picked":"Shrug It Off","floor":27.0},{"not_picked":["Metallicize","Armaments"],"picked":"Pummel","floor":28.0},{"not_picked":["Iron Wave","Cleave"],"picked":"Burning Pact","floor":30.0}],"player_experience":2516671,"relics_obtained":[{"floor":6.0,"key":"Nunchaku"},{"floor":9.0,"key":"Bottled Tornado"},{"floor":11.0,"key":"Unceasing Top"},{"floor":12.0,"key":"Odd Mushroom"},{"floor":13.0,"key":"Happy Flower"},{"floor":28.0,"key":"Ornamental Fan"}],"event_choices":[{"damage_healed":0.0,"max_hp_gain":0.0,"max_hp_loss":0.0,"gold_gain":75.0,"event_name":"World of Goop","player_choice":"Gather Gold","floor":2.0,"gold_loss":0.0,"damage_taken":11.0},{"damage_healed":0.0,"max_hp_gain":0.0,"max_hp_loss":7.0,"gold_gain":0.0,"event_name":"Golden Idol","player_choice":"Lose Max HP","floor":4.0,"gold_loss":0.0,"damage_taken":0.0,"relics_obtained":["Golden Idol"]},{"damage_healed":0.0,"max_hp_gain":0.0,"max_hp_loss":0.0,"gold_gain":0.0,"event_name":"Mushrooms","player_choice":"Fought Mushrooms","floor":12.0,"gold_loss":0.0,"damage_taken":0.0},{"damage_healed":0.0,"max_hp_gain":0.0,"max_hp_loss":0.0,"gold_gain":30.0,"event_name":"Dead Adventurer","player_choice":"Searched \u00272\u0027 times","floor":13.0,"gold_loss":0.0,"damage_taken":0.0},{"cards_removed":["Strike_R"],"damage_healed":0.0,"max_hp_gain":0.0,"max_hp_loss":0.0,"gold_gain":0.0,"event_name":"Purifier","player_choice":"Purged","floor":19.0,"gold_loss":0.0,"damage_taken":0.0},{"damage_healed":0.0,"max_hp_gain":0.0,"max_hp_loss":0.0,"gold_gain":0.0,"cards_transformed":["Defend_R"],"event_name":"Transmorgrifier","player_choice":"Transformed","floor":21.0,"gold_loss":0.0,"damage_taken":0.0,"cards_obtained":["Havoc"]},{"damage_healed":0.0,"max_hp_gain":0.0,"max_hp_loss":0.0,"gold_gain":0.0,"event_name":"Addict","player_choice":"Obtained Relic","floor":31.0,"gold_loss":85.0,"damage_taken":0.0,"relics_obtained":["Juzu Bracelet"]}],"is_beta":false,"boss_relics":[{"not_picked":["Sozu","Busted Crown"],"picked":"Mark of Pain"}],"items_purged_floors":[3],"is_endless":false,"potions_floor_spawned":[1,5,13,14,18],"killed_by":"Automaton","ascension_level":20}}