{"host":"2brg86hfzr3u5cix","time":1612696906,"event":{"mods":["AchievementEnabler","Ascension Unlocker","BaseMod","CapriCore","DeckTracker","Highlight Path","Keyboard Shortcuts","Minty Spire (QoL Compilation)","Permanent Neow","Relic Stats","StSLib","Twitch Utils","Uncapped","UnlockEverythingMod"],"gold_per_floor":[114,132,57,77,77,77,110,110,110,110,10,22,22,35,35,111,111,122,154,0,14,64,64,64],"floor_reached":23,"language":"KOR","playtime":695,"items_purged":["Strike_G","Strike_G"],"score":378,"play_id":"5bf17a73-c968-46f2-8bcf-ed77dc1c982e","local_time":"20210207202146","is_ascension_mode":true,"campfire_choices":[{"data":"Infinite Blades","floor":6.0,"key":"SMITH"},{"floor":8.0,"key":"REST"},{"data":"Deadly Poison","floor":10.0,"key":"SMITH"},{"floor":13.0,"key":"REST"},{"data":"Neutralize","floor":15.0,"key":"SMITH"}],"circlet_count":0,"master_deck":["AscendersBane","Survivor","Neutralize+1","Infinite Blades+1","Deadly Poison+1","Noxious Fumes","Bane","Acrobatics","Cloak And Dagger","Venomology","Venomology","Storm of Steel","Riddle With Holes","Skewer","Setup","Quick Slash","Adrenaline","Noxious Fumes+1","Catalyst"],"relics":["Ring of the Snake","NeowsBlessing","Ornamental Fan","Mummified Hand","Pandora\u0027s Box","Red Mask","Membership Card"],"acts_visited":["Exordium","TheCity"],"potions_floor_usage":[23,23,23,23,23,23,23],"damage_taken":[{"damage":0.0,"enemies":"Jaw Worm","floor":1.0,"turns":1.0},{"damage":0.0,"enemies":"Cultist","floor":2.0,"turns":1.0},{"damage":0.0,"enemies":"Small Slimes","floor":4.0,"turns":1.0},{"damage":50.0,"enemies":"Gremlin Nob","floor":7.0,"turns":5.0},{"damage":4.0,"enemies":"3 Louse","floor":12.0,"turns":4.0},{"damage":0.0,"enemies":"Red Slaver","floor":14.0,"turns":4.0},{"damage":18.0,"enemies":"The Guardian","floor":16.0,"turns":10.0},{"damage":1.0,"enemies":"2 Thieves","floor":18.0,"turns":2.0},{"damage":38.0,"enemies":"Masked Bandits","floor":19.0,"turns":5.0},{"damage":8.0,"enemies":"3 Byrds","floor":21.0,"turns":4.0},{"damage":13,"enemies":"Book of Stabbing","floor":23,"turns":2}],"seed_played":"1688065573368061277","potions_obtained":[{"floor":1.0,"key":"Weak Potion"},{"floor":4.0,"key":"SkillPotion"},{"floor":14.0,"key":"Regen Potion"},{"floor":16.0,"key":"BlessingOfTheForge"}],"is_trial":false,"path_per_floor":["M","M","$","M","?","R","E","R","T","R","$","M","R","M","R","B",null,"M","?","$","M","?","E"],"character_chosen":"THE_SILENT","items_purchased":["Membership Card"],"campfire_rested":2,"item_purchase_floors":[20],"current_hp_per_floor":[59,59,59,59,59,59,9,28,28,28,28,24,43,43,43,40,60,59,21,21,13,13,0,0],"gold":64,"neow_bonus":"THREE_ENEMY_KILL","is_daily":false,"chose_seed":false,"campfire_upgraded":3,"win_rate":0.0,"timestamp":1612696906,"path_taken":["M","M","$","M","?","R","E","R","T","R","?","M","R","M","R","BOSS","M","?","$","M","?","E"],"items_purchased_type":["Relic"],"build_version":"2020-12-22","purchased_purges":2,"victory":false,"max_hp_per_floor":[66,66,66,66,66,66,66,66,66,66,66,66,66,66,66,66,66,66,66,66,66,66,66,66],"relic_stats":{"counters":[11,39],"Ornamental Fan":[32],"Mummified Hand":[20],"Pandora\u0027s Box":["Venomology","Storm of Steel","Riddle With Holes","Skewer","Setup","Quick Slash","Adrenaline"],"obtain_stats":[{"NeowsBlessing":0,"Ornamental Fan":7,"Mummified Hand":9,"Pandora\u0027s Box":17,"Red Mask":19,"Membership Card":20,"Ring of the Snake":0},{"NeowsBlessing":0,"Ornamental Fan":4,"Mummified Hand":4,"Pandora\u0027s Box":7,"Red Mask":9,"Membership Card":9,"Ring of the Snake":0},{"NeowsBlessing":0,"Ornamental Fan":8,"Mummified Hand":8,"Pandora\u0027s Box":26,"Red Mask":33,"Membership Card":33,"Ring of the Snake":0}],"Ring of the Snake":[22]},"card_choices":[{"not_picked":["Distraction","Outmaneuver"],"picked":"Infinite Blades","floor":1.0},{"not_picked":["Setup","Catalyst"],"picked":"Deadly Poison","floor":2.0},{"not_picked":["Dagger Spray","Infinite Blades"],"picked":"Noxious Fumes","floor":4.0},{"not_picked":["Accuracy","Flying Knee"],"picked":"Bane","floor":7.0},{"not_picked":["Blade Dance","Underhanded Strike"],"picked":"Acrobatics","floor":12.0},{"not_picked":["Skewer","Flying Knee"],"picked":"Cloak And Dagger","floor":14.0},{"not_picked":["A Thousand Cuts","Burst"],"picked":"Venomology","floor":16.0},{"not_picked":["Dagger Throw","Backflip"],"picked":"Noxious Fumes+1","floor":18.0},{"not_picked":["Bane","Dagger Spray"],"picked":"Catalyst","floor":19.0},{"not_picked":["Finisher","Acrobatics","Dagger Throw"],"picked":"SKIP","floor":21.0}],"player_experience":358766,"relics_obtained":[{"floor":7.0,"key":"Ornamental Fan"},{"floor":9.0,"key":"Mummified Hand"},{"floor":19.0,"key":"Red Mask"}],"event_choices":[{"cards_removed":["Strike_G"],"damage_healed":0.0,"max_hp_gain":0.0,"max_hp_loss":0.0,"gold_gain":0.0,"event_name":"Purifier","player_choice":"Purged","floor":5.0,"gold_loss":0.0,"damage_taken":0.0},{"damage_healed":0.0,"max_hp_gain":0.0,"max_hp_loss":0.0,"gold_gain":0.0,"event_name":"Masked Bandits","player_choice":"Fought Bandits","floor":19.0,"gold_loss":0.0,"damage_taken":0.0},{"damage_healed":0.0,"max_hp_gain":0.0,"max_hp_loss":0.0,"gold_gain":50.0,"event_name":"Golden Shrine","player_choice":"Pray","floor":22.0,"gold_loss":0.0,"damage_taken":0.0}],"is_beta":false,"boss_relics":[{"not_picked":["Coffee Dripper","Empty Cage"],"picked":"Pandora\u0027s Box"}],"items_purged_floors":[3,11],"is_endless":false,"potions_floor_spawned":[1,4,14,16],"killed_by":"Book of Stabbing","ascension_level":20}}