{"host":"f5gffvlv6a66yqkd","time":1612689884,"event":{"mods":["2.2 Compatiblity","BaseMod","Colored Map","Custom Start","DeckTracker","Keyboard Shortcuts","Minty Spire (QoL Compilation)","Permanent Neow","Quick Restart","Relic Stats","StSLib","SuperFastMode"],"gold_per_floor":[118,118,118,138,154,154,79,79,104,118,118,134,149,162,162,251,251,271,271,296,296,296,296,196,121,144,144,59,59,59,80,11,11,104,104,117,135,135,135,154,20,20,81,108,108,108],"floor_reached":45,"language":"KOR","playtime":1256,"items_purged":["Strike_P","Defend_P"],"score":902,"play_id":"1aa06495-7f38-4d1b-9cba-db46214742bc","local_time":"20210207182444","is_ascension_mode":true,"campfire_choices":[{"data":"Eruption","floor":6.0,"key":"SMITH"},{"data":"Pray","floor":8.0,"key":"SMITH"},{"data":"Pray","floor":11.0,"key":"SMITH"},{"floor":15.0,"key":"REST"},{"data":"Prostrate","floor":23.0,"key":"SMITH"},{"data":"Ragnarok","floor":29.0,"key":"SMITH"},{"data":"TalkToTheHand","floor":33.0,"key":"SMITH"},{"floor":42.0,"key":"REST"}],"circlet_count":0,"master_deck":["AscendersBane","Vigilance","Pray+1","InnerPeace","Pray+1","Ragnarok+1","Prostrate+1","TalkToTheHand+1","ConjureBlade+1","Pray+1","Sanctity+1","Madness","Madness","Thinking Ahead"],"relics":["PureWater","Golden Idol","Akabeko","VioletLotus","Toy Ornithopter","Pear","The Courier","Astrolabe","Medical Kit","Turnip"],"acts_visited":["Exordium","TheCity","TheBeyond"],"potions_floor_usage":[43],"damage_taken":[{"damage":2.0,"enemies":"Small Slimes","floor":1.0,"turns":2.0},{"damage":2.0,"enemies":"Jaw Worm","floor":4.0,"turns":3.0},{"damage":2.0,"enemies":"2 Louse","floor":5.0,"turns":3.0},{"damage":13.0,"enemies":"Blue Slaver","floor":10.0,"turns":2.0},{"damage":15.0,"enemies":"Large Slime","floor":12.0,"turns":5.0},{"damage":1.0,"enemies":"2 Fungi Beasts","floor":13.0,"turns":2.0},{"damage":4.0,"enemies":"Looter","floor":14.0,"turns":3.0},{"damage":0.0,"enemies":"Slime Boss","floor":16.0,"turns":4.0},{"damage":0.0,"enemies":"Spheric Guardian","floor":18.0,"turns":1.0},{"damage":13.0,"enemies":"Shell Parasite","floor":20.0,"turns":2.0},{"damage":5.0,"enemies":"Centurion and Healer","floor":31.0,"turns":2.0},{"damage":18.0,"enemies":"Champ","floor":34.0,"turns":4.0},{"damage":1.0,"enemies":"Orb Walker","floor":36.0,"turns":3.0},{"damage":15.0,"enemies":"3 Shapes","floor":37.0,"turns":5.0},{"damage":21.0,"enemies":"Maw","floor":40.0,"turns":6.0},{"damage":23,"enemies":"2 Orb Walkers","floor":43,"turns":2},{"damage":16,"enemies":"3 Darklings","floor":45,"turns":2}],"seed_played":"778571014152986815","potions_obtained":[{"floor":4.0,"key":"SpeedPotion"},{"floor":5.0,"key":"EssenceOfSteel"},{"floor":13.0,"key":"ColorlessPotion"}],"is_trial":false,"path_per_floor":["M","?","?","M","M","R","$","R","T","M","R","M","M","M","R","B",null,"M","?","M","?","?","R","$","?","T","T","?","R","$","M","$","R","B",null,"M","M","?","?","M","$","R","?","T","M"],"character_chosen":"WATCHER","items_purchased":["DuplicationPotion","Medical Kit"],"campfire_rested":2,"item_purchase_floors":[32,41],"current_hp_per_floor":[41,41,41,39,37,37,37,37,37,24,24,9,8,4,22,22,52,52,52,39,39,39,39,39,39,39,49,49,49,49,44,44,44,26,61,60,45,32,27,6,6,27,9,9,0,0],"gold":108,"neow_bonus":"TRANSFORM_TWO_CARDS","is_daily":false,"chose_seed":false,"campfire_upgraded":6,"win_rate":0.0,"timestamp":1612689884,"path_taken":["M","?","?","M","M","R","$","R","T","?","R","M","M","M","R","BOSS","M","?","M","?","?","R","?","?","T","T","?","R","$","M","$","R","BOSS","M","M","?","?","M","$","R","?","T","M"],"items_purchased_type":["Potion","Relic"],"build_version":"2020-12-22","purchased_purges":2,"victory":false,"max_hp_per_floor":[68,62,62,62,62,62,62,62,62,62,62,62,62,62,62,62,62,62,62,62,62,62,62,62,62,62,72,72,72,72,72,72,72,72,72,72,72,72,72,72,72,72,72,72,72,72],"relic_stats":{"counters":[17,51],"Golden Idol":92,"Astrolabe":["ConjureBlade","Pray","Sanctity"],"VioletLotus":[13],"Turnip":[0],"Medical Kit":[0],"obtain_stats":[{"Pear":27,"Golden Idol":2,"Astrolabe":35,"VioletLotus":17,"The Courier":28,"Turnip":43,"PureWater":0,"Medical Kit":41,"Akabeko":9,"Toy Ornithopter":26},{"Pear":10,"Golden Idol":1,"Astrolabe":12,"VioletLotus":8,"The Courier":10,"Turnip":16,"PureWater":0,"Medical Kit":15,"Akabeko":3,"Toy Ornithopter":10},{"Pear":27,"Golden Idol":2,"Astrolabe":33,"VioletLotus":24,"The Courier":27,"Turnip":49,"PureWater":0,"Medical Kit":47,"Akabeko":8,"Toy Ornithopter":27}],"Toy Ornithopter":5},"card_choices":[{"not_picked":["JustLucky","FlyingSleeves"],"picked":"CarveReality","floor":1.0},{"not_picked":["Weave","SandsOfTime"],"picked":"Pray","floor":4.0},{"not_picked":["Protect","ForeignInfluence","WheelKick"],"picked":"SKIP","floor":5.0},{"not_picked":["Halt","Evaluate","Indignation"],"picked":"SKIP","floor":10.0},{"not_picked":["Indignation","JustLucky","ClearTheMind"],"picked":"SKIP","floor":12.0},{"not_picked":["FlyingSleeves","SashWhip","Consecrate"],"picked":"SKIP","floor":13.0},{"not_picked":["FlyingSleeves","SashWhip","Consecrate"],"picked":"SKIP","floor":13.0},{"not_picked":["InnerPeace","EmptyBody"],"picked":"Ragnarok","floor":14.0},{"not_picked":["CrushJoints","Perseverance","PathToVictory"],"picked":"SKIP","floor":18.0},{"not_picked":["DeceiveReality","Prostrate","WreathOfFlame"],"picked":"SKIP","floor":20.0},{"not_picked":["DeceiveReality","WreathOfFlame"],"picked":"Prostrate","floor":20.0},{"not_picked":["CrushJoints","ThirdEye","BowlingBash"],"picked":"SKIP","floor":31.0},{"not_picked":["CutThroughFate","CrushJoints","BowlingBash"],"picked":"SKIP","floor":36.0},{"not_picked":["Prostrate","EmptyFist","Evaluate"],"picked":"SKIP","floor":37.0},{"not_picked":["Chrysalis","Blind"],"picked":"Thinking Ahead","floor":39.0},{"not_picked":["FlyingSleeves+1","LikeWater","FollowUp"],"picked":"SKIP","floor":40.0}],"player_experience":1695962,"relics_obtained":[{"floor":9.0,"key":"Akabeko"},{"floor":26.0,"key":"Toy Ornithopter"},{"floor":27.0,"key":"Pear"},{"floor":43,"key":"Turnip"}],"event_choices":[{"damage_healed":0.0,"max_hp_gain":0.0,"max_hp_loss":6.0,"gold_gain":0.0,"event_name":"Golden Idol","player_choice":"Lose Max HP","floor":2.0,"gold_loss":0.0,"damage_taken":0.0,"relics_obtained":["Golden Idol"]},{"damage_healed":0.0,"max_hp_gain":0.0,"max_hp_loss":0.0,"gold_gain":0.0,"cards_transformed":["Strike_P"],"event_name":"Living Wall","player_choice":"Change","floor":3.0,"gold_loss":0.0,"damage_taken":0.0,"cards_obtained":["InnerPeace"]},{"damage_healed":0.0,"max_hp_gain":0.0,"max_hp_loss":0.0,"gold_gain":0.0,"event_name":"Vampires","player_choice":"Ignored","floor":19.0,"gold_loss":0.0,"damage_taken":0.0},{"cards_removed":["Strike_P"],"damage_healed":0.0,"max_hp_gain":0.0,"max_hp_loss":0.0,"gold_gain":0.0,"event_name":"Back to Basics","player_choice":"Elegance","floor":21.0,"gold_loss":0.0,"damage_taken":0.0},{"damage_healed":0.0,"max_hp_gain":0.0,"max_hp_loss":0.0,"gold_gain":0.0,"cards_transformed":["Defend_P","Strike_P"],"event_name":"Drug Dealer","player_choice":"Became Test Subject","floor":22.0,"gold_loss":0.0,"damage_taken":0.0,"cards_obtained":["FearNoEvil","TalkToTheHand"]},{"cards_removed":["ReachHeaven"],"damage_healed":0.0,"max_hp_gain":0.0,"max_hp_loss":0.0,"gold_gain":0.0,"event_name":"Beggar","player_choice":"Gave Gold","floor":25.0,"gold_loss":75.0,"damage_taken":0.0},{"damage_healed":0.0,"max_hp_gain":0.0,"max_hp_loss":0.0,"gold_gain":0.0,"event_name":"Addict","player_choice":"Obtained Relic","floor":28.0,"gold_loss":85.0,"damage_taken":0.0,"relics_obtained":["The Courier"]},{"damage_healed":0.0,"max_hp_gain":0.0,"max_hp_loss":0.0,"gold_gain":0.0,"event_name":"Winding Halls","player_choice":"Embrace Madness","floor":38.0,"gold_loss":0.0,"damage_taken":13.0,"cards_obtained":["Madness","Madness"]},{"damage_healed":0.0,"max_hp_gain":0.0,"max_hp_loss":0.0,"gold_gain":0.0,"event_name":"SensoryStone","player_choice":"Memory 2","floor":39.0,"gold_loss":0.0,"damage_taken":5.0},{"damage_healed":0,"gold_gain":0,"player_choice":"Fight","damage_taken":0,"max_hp_gain":0,"max_hp_loss":0,"event_name":"Mysterious Sphere","floor":43,"gold_loss":0}],"is_beta":false,"boss_relics":[{"not_picked":["Sozu","Velvet Choker"],"picked":"VioletLotus"},{"not_picked":["HolyWater","Cursed Key"],"picked":"Astrolabe"}],"items_purged_floors":[7,24],"is_endless":false,"potions_floor_spawned":[4,5,13,36],"killed_by":"3 Darklings","ascension_level":20}}