{"host":"51dweoxrcspgw6ri","time":1612701000,"event":{"mods":["BaseMod","Colored Map","Colored Powertips","Minty Spire (QoL Compilation)","Rare Cards Sparkle","Relic Stats","StSLib","SuperFastMode","The Bug Knight"],"gold_per_floor":[117,117,2,17,17,44,61,87,87,87,122,22,32,68,68,156,156,176,226,236,256,6,6,43,55,55,79,79,106,133,159,159,236,236,248,266,279,9,9,9,47,47,70,98,98,125,136,149,149,149,149],"floor_reached":50,"language":"ENG","playtime":2073,"items_purged":["Strike_G","Strike_G","Strike_G"],"score":1432,"play_id":"16c400ed-0825-435c-8bca-bf2a2457e528","local_time":"20210207133000","is_ascension_mode":true,"campfire_choices":[{"data":"Deadly Poison","floor":10.0,"key":"SMITH"},{"data":"Venomology","floor":15.0,"key":"SMITH"},{"data":"Night Terror","floor":23.0,"key":"SMITH"},{"floor":28.0,"key":"REST"},{"floor":32.0,"key":"RECALL"},{"floor":40.0,"key":"REST"},{"data":"Prepared","floor":42.0,"key":"SMITH"},{"data":"Neutralize","floor":49,"key":"SMITH"}],"circlet_count":0,"master_deck":["AscendersBane","Strike_G","Defend_G+1","Defend_G","Defend_G","Defend_G","Survivor","Neutralize+1","Prepared+1","Bouncing Flask+1","Catalyst+1","Backstab","Deadly Poison+1","Venomology+1","Night Terror+1","Backstab","Escape Plan+1","Escape Plan+1","Ghostly+1","Ghostly+1","Ghostly+1","Night Terror+1"],"relics":["Ring of the Serpent","NeowsBlessing","War Paint","Mango","Matryoshka","Bag of Preparation","CeramicFish","Runic Pyramid","Bottled Lightning","Toxic Egg 2","PreservedInsect","Pen Nib","Mercury Hourglass","Regal Pillow","Omamori","Prayer Wheel","Orichalcum","Vajra","White Beast Statue"],"acts_visited":["Exordium","TheCity","TheBeyond"],"potions_floor_usage":[48,48,50],"damage_taken":[{"damage":0.0,"enemies":"Small Slimes","floor":1.0,"turns":2.0},{"damage":0.0,"enemies":"Cultist","floor":4.0,"turns":1.0},{"damage":0.0,"enemies":"Lagavulin","floor":6.0,"turns":1.0},{"damage":0.0,"enemies":"Jaw Worm","floor":7.0,"turns":2.0},{"damage":21.0,"enemies":"3 Sentries","floor":8.0,"turns":8.0},{"damage":10.0,"enemies":"Lagavulin","floor":11.0,"turns":5.0},{"damage":0.0,"enemies":"Exordium Wildlife","floor":13.0,"turns":2.0},{"damage":0.0,"enemies":"Gremlin Nob","floor":14.0,"turns":2.0},{"damage":8.0,"enemies":"Hexaghost","floor":16.0,"turns":6.0},{"damage":0.0,"enemies":"Chosen","floor":18.0,"turns":3.0},{"damage":0.0,"enemies":"Spheric Guardian","floor":20.0,"turns":2.0},{"damage":6.0,"enemies":"Snake Plant","floor":21.0,"turns":3.0},{"damage":0.0,"enemies":"Gremlin Leader","floor":24.0,"turns":3.0},{"damage":0.0,"enemies":"Snecko","floor":25.0,"turns":3.0},{"damage":20.0,"enemies":"Shelled Parasite and Fungi","floor":27.0,"turns":3.0},{"damage":0.0,"enemies":"HollowMod:Nosk","floor":29.0,"turns":3.0},{"damage":0.0,"enemies":"Slavers","floor":31.0,"turns":3.0},{"damage":3.0,"enemies":"Collector","floor":33.0,"turns":3.0},{"damage":0.0,"enemies":"3 Shapes","floor":35.0,"turns":5.0},{"damage":7.0,"enemies":"Orb Walker","floor":36.0,"turns":2.0},{"damage":0.0,"enemies":"Maw","floor":37.0,"turns":4.0},{"damage":1.0,"enemies":"Reptomancer","floor":41.0,"turns":3.0},{"damage":0.0,"enemies":"Nemesis","floor":44.0,"turns":5.0},{"damage":0.0,"enemies":"Reptomancer","floor":46.0,"turns":4.0},{"damage":0.0,"enemies":"Writhing Mass","floor":47.0,"turns":4.0},{"damage":0,"enemies":"3 Darklings","floor":48,"turns":5},{"damage":67,"enemies":"Donu and Deca","floor":50,"turns":6}],"seed_played":"8414309810041133456","potions_obtained":[{"floor":4.0,"key":"DuplicationPotion"},{"floor":6.0,"key":"Dexterity Potion"},{"floor":7.0,"key":"Poison Potion"},{"floor":11.0,"key":"Regen Potion"},{"floor":16.0,"key":"Strength Potion"},{"floor":24.0,"key":"DuplicationPotion"},{"floor":25.0,"key":"AttackPotion"},{"floor":31.0,"key":"CultistPotion"},{"floor":41.0,"key":"Dexterity Potion"},{"floor":45.0,"key":"GamblersBrew"},{"floor":48,"key":"Weak Potion"}],"is_trial":false,"path_per_floor":["M","?","$","M","?","E","M","E","T","R","E","$","M","E","R","B",null,"M","?","M","M","$","R","E","M","T","M","R","E","?","E","R","B",null,"M","M","M","$","?","R","E","R","T","E","?","E","M","M","R","B"],"character_chosen":"THE_SILENT","items_purchased":["Bouncing Flask","Bottled Lightning","Omamori"],"campfire_rested":2,"item_purchase_floors":[3,22,38],"current_hp_per_floor":[59,59,59,59,59,59,59,52,52,52,42,42,42,42,42,49,72,72,64,64,58,58,58,58,58,58,38,62,62,40,40,40,37,39,39,32,32,32,32,40,39,39,39,39,39,39,39,39,39,0,0],"gold":149,"neow_bonus":"THREE_ENEMY_KILL","is_daily":false,"chose_seed":false,"campfire_upgraded":5,"win_rate":0.0,"timestamp":1612701000,"path_taken":["M","?","?","M","?","E","M","E","T","R","E","$","M","E","R","BOSS","M","?","?","M","$","R","E","M","T","M","R","E","?","E","R","BOSS","M","M","M","$","?","R","E","R","T","E","?","E","M","M","R","BOSS"],"items_purchased_type":["Card","Relic","Relic"],"build_version":"2020-12-22","purchased_purges":3,"victory":false,"max_hp_per_floor":[66,66,66,66,66,66,66,80,80,80,80,80,80,80,80,80,80,80,80,80,80,80,80,80,80,80,80,80,80,40,40,40,40,40,40,40,40,40,40,40,40,40,40,40,40,40,40,40,40,40,40],"relic_stats":{"Regal Pillow":0,"counters":[27,93],"CeramicFish":81,"Prayer Wheel":2,"PreservedInsect":227,"Pen Nib":[4],"Bag of Preparation":[42],"War Paint":["Bouncing Flask","Defend_G"],"Orichalcum":[60],"obtain_stats":[{"Regal Pillow":31,"NeowsBlessing":0,"CeramicFish":14,"Vajra":44,"Mango":8,"PreservedInsect":26,"Pen Nib":26,"Bag of Preparation":11,"Omamori":38,"War Paint":6,"Orichalcum":43,"White Beast Statue":46,"Mercury Hourglass":29,"Matryoshka":9,"Prayer Wheel":41,"Bottled Lightning":22,"Toxic Egg 2":24,"Ring of the Serpent":34,"Ring of the Snake":0,"Runic Pyramid":17},{"Regal Pillow":17,"NeowsBlessing":0,"CeramicFish":8,"Vajra":23,"Mango":5,"PreservedInsect":14,"Pen Nib":14,"Bag of Preparation":6,"Omamori":21,"War Paint":3,"Orichalcum":22,"White Beast Statue":24,"Mercury Hourglass":16,"Matryoshka":5,"Prayer Wheel":22,"Bottled Lightning":12,"Toxic Egg 2":13,"Ring of the Serpent":18,"Ring of the Snake":0,"Runic Pyramid":9},{"Regal Pillow":52,"NeowsBlessing":0,"CeramicFish":23,"Vajra":74,"Mango":14,"PreservedInsect":43,"Pen Nib":43,"Bag of Preparation":19,"Omamori":66,"War Paint":4,"Orichalcum":69,"White Beast Statue":78,"Mercury Hourglass":49,"Matryoshka":14,"Prayer Wheel":69,"Bottled Lightning":37,"Toxic Egg 2":40,"Ring of the Serpent":55,"Ring of the Snake":0,"Runic Pyramid":29}],"Mercury Hourglass":[209]},"card_choices":[{"not_picked":["Slice","Reflex"],"picked":"Prepared","floor":1.0},{"not_picked":["Backflip","Calculated Gamble"],"picked":"Catalyst","floor":4.0},{"not_picked":["Prepared","Acrobatics"],"picked":"Backstab","floor":6.0},{"not_picked":["Flying Knee","Flechettes","Underhanded Strike"],"picked":"SKIP","floor":7.0},{"not_picked":["Infinite Blades","Accuracy"],"picked":"Deadly Poison","floor":8.0},{"not_picked":["Tools of the Trade","Choke","Poisoned Stab"],"picked":"SKIP","floor":11.0},{"not_picked":["Endless Agony","Riddle With Holes","Outmaneuver"],"picked":"SKIP","floor":13.0},{"not_picked":["Underhanded Strike","Leg Sweep"],"picked":"Venomology","floor":14.0},{"not_picked":["After Image","Die Die Die"],"picked":"Night Terror","floor":16.0},{"not_picked":["Acrobatics","Heel Hook+1"],"picked":"Backstab","floor":18.0},{"not_picked":["Sucker Punch","Outmaneuver+1","Heel Hook"],"picked":"SKIP","floor":20.0},{"not_picked":["Flying Knee","Blade Dance","Backflip"],"picked":"SKIP","floor":21.0},{"not_picked":["Phantasmal Killer+1","Poisoned Stab+1"],"picked":"Escape Plan+1","floor":24.0},{"not_picked":["Dagger Spray","Riddle With Holes","Noxious Fumes"],"picked":"SKIP","floor":25.0},{"not_picked":["Deadly Poison+1","Leg Sweep+1"],"picked":"Escape Plan+1","floor":27.0},{"not_picked":["Dash","Poisoned Stab","Finisher"],"picked":"SKIP","floor":29.0},{"not_picked":["Setup+1","Flying Knee","Well Laid Plans"],"picked":"SKIP","floor":31.0},{"not_picked":["Flying Knee+1","Concentrate+1","Quick Slash"],"picked":"SKIP","floor":35.0},{"not_picked":["Deadly Poison+1","Acrobatics+1","Bane+1"],"picked":"SKIP","floor":36.0},{"not_picked":["Bane","Dagger Throw+1","All Out Attack"],"picked":"SKIP","floor":37.0},{"not_picked":["Dagger Spray","Escape Plan+1"],"picked":"Night Terror+1","floor":41.0},{"not_picked":["Acrobatics+1","Dagger Spray+1","Deflect+1"],"picked":"SKIP","floor":44.0},{"not_picked":["Well Laid Plans","Acrobatics+1","Glass Knife"],"picked":"SKIP","floor":46.0},{"not_picked":["Prepared+1","Well Laid Plans","Quick Slash"],"picked":"SKIP","floor":47.0},{"not_picked":["Outmaneuver+1","Prepared+1","Flechettes+1"],"picked":"SKIP","floor":47.0},{"not_picked":["Quick Slash","Cloak And Dagger+1","Dodge and Roll+1"],"picked":"SKIP","floor":48},{"not_picked":["Dagger Throw+1","Prepared+1","Quick Slash"],"picked":"SKIP","floor":48}],"player_experience":553109,"relics_obtained":[{"floor":6.0,"key":"War Paint"},{"floor":8.0,"key":"Mango"},{"floor":9.0,"key":"Matryoshka"},{"floor":11.0,"key":"Bag of Preparation"},{"floor":14.0,"key":"CeramicFish"},{"floor":24.0,"key":"Toxic Egg 2"},{"floor":26.0,"key":"PreservedInsect"},{"floor":26.0,"key":"Pen Nib"},{"floor":29.0,"key":"Mercury Hourglass"},{"floor":31.0,"key":"Regal Pillow"},{"floor":41.0,"key":"Prayer Wheel"},{"floor":43.0,"key":"Orichalcum"},{"floor":44.0,"key":"Vajra"},{"floor":46.0,"key":"White Beast Statue"}],"event_choices":[{"cards_removed":["Strike_G"],"damage_healed":0.0,"max_hp_gain":0.0,"max_hp_loss":0.0,"gold_gain":0.0,"event_name":"Purifier","player_choice":"Purged","floor":2.0,"gold_loss":0.0,"damage_taken":0.0},{"damage_healed":0.0,"max_hp_gain":0.0,"max_hp_loss":0.0,"gold_gain":0.0,"event_name":"Living Wall","player_choice":"Grow","floor":5.0,"gold_loss":0.0,"damage_taken":0.0,"cards_upgraded":["Catalyst"]},{"damage_healed":0.0,"max_hp_gain":0.0,"max_hp_loss":0.0,"gold_gain":50.0,"event_name":"FaceTrader","player_choice":"Touch","floor":19.0,"gold_loss":0.0,"damage_taken":8.0},{"damage_healed":0.0,"max_hp_gain":0.0,"max_hp_loss":40.0,"gold_gain":0.0,"event_name":"Ghosts","player_choice":"Became a Ghost","floor":30.0,"gold_loss":0.0,"damage_taken":0.0,"cards_obtained":["Ghostly","Ghostly","Ghostly"]},{"cards_removed":["Defend_G"],"damage_healed":0.0,"max_hp_gain":0.0,"max_hp_loss":0.0,"gold_gain":0.0,"event_name":"Falling","player_choice":"Removed Skill","floor":39.0,"gold_loss":0.0,"damage_taken":0.0},{"damage_healed":0.0,"max_hp_gain":0.0,"max_hp_loss":0.0,"gold_gain":0.0,"event_name":"Lab","player_choice":"Got Potions","floor":45.0,"gold_loss":0.0,"damage_taken":0.0}],"is_beta":false,"boss_relics":[{"not_picked":["Calling Bell","Tiny House"],"picked":"Runic Pyramid"},{"not_picked":["Cursed Key","Runic Dome"],"picked":"Ring of the Serpent"}],"items_purged_floors":[3,12,38],"is_endless":false,"potions_floor_spawned":[4,6,7,11,16,24,25,31,41,44,47,48],"killed_by":"Donu and Deca","ascension_level":15}}