{"host":"szp1d6dso4pv7ddl","time":1612673771,"event":{"mods":["AchievementEnabler","Alarm Clock","BaseMod","Bestiary","Block Reminder","Colored Map","Colored Powertips","Curses Come First","Dark Map","Displayed Cursed Tome","Highlight Path","Minty Spire (QoL Compilation)","Permanent Neow","Quick Restart","Relic Sorter","Relic Stats","StSLib","Synergy Search"],"gold_per_floor":[118,118,133,113,125,158,158,83,83,83,83,106,106,117,117,117,117],"floor_reached":16,"language":"ENG","playtime":336,"items_purged":[],"score":186,"play_id":"208ad901-bd81-4412-8ca5-a9800a55ee3b","local_time":"20210206205611","is_ascension_mode":true,"campfire_choices":[{"data":"Havoc","floor":7.0,"key":"SMITH"},{"data":"Bludgeon","floor":10.0,"key":"SMITH"},{"data":"Exhume","floor":13.0,"key":"SMITH"},{"data":"Bash","floor":15.0,"key":"SMITH"}],"circlet_count":0,"master_deck":["AscendersBane","Strike_R","Strike_R","Strike_R","Strike_R","Defend_R","Defend_R","Defend_R","Defend_R","Bash+1","Armaments","Bludgeon+1","Cleave","Havoc+1","Exhume+1","Burning Pact"],"relics":["Burning Blood","NeowsBlessing","Pear","StrikeDummy","Matryoshka","Odd Mushroom"],"acts_visited":["Exordium"],"potions_floor_usage":[16],"damage_taken":[{"damage":0.0,"enemies":"2 Louse","floor":1.0,"turns":1.0},{"damage":0.0,"enemies":"Cultist","floor":3.0,"turns":1.0},{"damage":0.0,"enemies":"Small Slimes","floor":5.0,"turns":1.0},{"damage":35.0,"enemies":"Lagavulin","floor":6.0,"turns":7.0},{"damage":33.0,"enemies":"The Mushroom Lair","floor":12.0,"turns":4.0},{"damage":0.0,"enemies":"Exordium Wildlife","floor":14.0,"turns":3.0},{"damage":40,"enemies":"Hexaghost","floor":16,"turns":11}],"seed_played":"-4191886890304298853","potions_obtained":[{"floor":3.0,"key":"Strength Potion"},{"floor":4.0,"key":"SpeedPotion"}],"is_trial":false,"path_per_floor":["M","?","M","?","M","E","R","?","T","R","T","?","R","M","R","B"],"character_chosen":"IRONCLAD","items_purchased":[],"campfire_rested":0,"item_purchase_floors":[],"current_hp_per_floor":[74,79,80,80,80,61,61,61,61,61,61,34,34,40,40,0,0],"gold":117,"neow_bonus":"THREE_ENEMY_KILL","is_daily":false,"chose_seed":false,"campfire_upgraded":4,"win_rate":0.0,"timestamp":1612673771,"path_taken":["M","?","M","?","?","E","R","?","T","R","?","?","R","M","R","BOSS"],"items_purchased_type":[],"build_version":"2020-12-22","purchased_purges":0,"victory":false,"max_hp_per_floor":[75,80,80,80,80,90,90,90,90,90,90,90,90,90,90,90,90],"relic_stats":{"counters":[7,28],"obtain_stats":[{"Pear":6,"Matryoshka":11,"NeowsBlessing":0,"Odd Mushroom":12,"StrikeDummy":9,"Burning Blood":0},{"Pear":4,"Matryoshka":4,"NeowsBlessing":0,"Odd Mushroom":5,"StrikeDummy":4,"Burning Blood":0},{"Pear":10,"Matryoshka":10,"NeowsBlessing":0,"Odd Mushroom":14,"StrikeDummy":10,"Burning Blood":0}],"Burning Blood":25},"card_choices":[{"not_picked":["Entrench","Anger"],"picked":"Armaments","floor":1.0},{"not_picked":["Cleave","Flex"],"picked":"Bludgeon","floor":3.0},{"not_picked":["Warcry","Blood for Blood"],"picked":"Cleave","floor":5.0},{"not_picked":["Pommel Strike","True Grit"],"picked":"Havoc","floor":6.0},{"not_picked":["Warcry","Perfected Strike"],"picked":"Exhume","floor":12.0},{"not_picked":["Heavy Blade","Blood for Blood"],"picked":"Burning Pact","floor":14.0}],"player_experience":1389466,"relics_obtained":[{"floor":6.0,"key":"Pear"},{"floor":9.0,"key":"StrikeDummy"},{"floor":11.0,"key":"Matryoshka"},{"floor":12.0,"key":"Odd Mushroom"}],"event_choices":[{"damage_healed":0.0,"max_hp_gain":5.0,"max_hp_loss":0.0,"gold_gain":0.0,"event_name":"Big Fish","player_choice":"Donut","floor":2.0,"gold_loss":0.0,"damage_taken":0.0},{"damage_healed":0.0,"max_hp_gain":0.0,"max_hp_loss":0.0,"gold_gain":0.0,"event_name":"The Woman in Blue","player_choice":"Bought 1 Potion","floor":4.0,"gold_loss":0.0,"damage_taken":0.0},{"cards_removed":["Strike_R"],"damage_healed":0.0,"max_hp_gain":0.0,"max_hp_loss":0.0,"gold_gain":0.0,"event_name":"The Cleric","player_choice":"Card Removal","floor":8.0,"gold_loss":75.0,"damage_taken":0.0},{"damage_healed":0.0,"max_hp_gain":0.0,"max_hp_loss":0.0,"gold_gain":0.0,"event_name":"Mushrooms","player_choice":"Fought Mushrooms","floor":12.0,"gold_loss":0.0,"damage_taken":0.0}],"is_beta":false,"boss_relics":[],"items_purged_floors":[],"is_endless":false,"potions_floor_spawned":[3,14],"killed_by":"Hexaghost","ascension_level":18}}