{"host":"roto7j7840a50pxh","time":1612704993,"event":{"mods":["Act Like it!","BaseMod","Better Altar","Better Note","Better Sensory Stone","Better Skull","Better Third Choice","BetterRewards","Colored Map","Colored Powertips","Downfall","Elementarium","Hermit","Highlight Path","Hubris","Infinite Spire","Minty Spire (QoL Compilation)","Replay The Spire","Robot Space Explorer","Shade Mod","Spicy Shops","StSLib","The Construct","The Cursed","The Dragon Tamer","The Hierophant","The Jungle","The Necromancer","The Runesmith","The Servant 0.9.4","TheVacant"],"gold_per_floor":[112,58,73,93,93,127,144,144,168,186,212,224,302,267,267,366,366,381,381,381,10,10,38,50,81,104,104,117,136,166,176,176,281,281,298,308,320,320,333,333,59,59,59,86,97,97,122,122,122,122],"floor_reached":51,"language":"ENG","playtime":6748,"items_purged":["theVacant:VacantStarterStrike"],"score":1615,"play_id":"bd064b1d-48f4-4035-a81a-1a77f61562b9","local_time":"20210207083633","is_ascension_mode":true,"campfire_choices":[{"floor":8.0,"key":"REST"},{"data":"theVacant:Release","floor":15.0,"key":"SMITH"},{"data":"theVacant:CleanseSoul","floor":27,"key":"SMITH"},{"floor":32,"key":"REST"},{"data":"theVacant:Carve","floor":40,"key":"SMITH"},{"data":"theVacant:Threat","floor":46,"key":"SMITH"},{"data":"theVacant:OnSecondThought","floor":49,"key":"SMITH"}],"circlet_count":0,"master_deck":["theVacant:VacantStarterStrike","theVacant:VacantStarterStrike","theVacant:VacantStarterStrike","theVacant:VacantStarterDefend","theVacant:VacantStarterDefend","theVacant:VacantStarterDefend","theVacant:VacantStarterDefend","theVacant:Release+1","theVacant:Crunch","theVacant:CleanseSoul+1","theVacant:BurdenBreak","theVacant:Whip","theVacant:SpiritOrb","theVacant:ShutAway","theVacant:Spinshield","theVacant:WaitInWrath","theVacant:DeathSpiral","theVacant:DeathSpiral","theVacant:Threat+1","theVacant:OnSecondThought+1","theVacant:BrassMagnet","theVacant:EyePoke","theVacant:Immaterialize","theVacant:ShutAway","theVacant:TheAnvil","theVacant:Jab","theVacant:GraveWave","theVacant:EmbraceDarkness","theVacant:BattleScars","theVacant:ShutAway","theVacant:Voidstone","theVacant:Carve+1","theVacant:BattleScars","theVacant:Sneeze+1","theVacant:Spinshield","theVacant:ShutAway+1","theVacant:Husk","theVacant:ShutAway","theVacant:VoidEmbrace","theVacant:Fortify","theVacant:Return","theVacant:Prevent","theVacant:Soothe+1","theVacant:Dig","theVacant:EyePoke","CurseOfTheBell","theVacant:FranticBlow","theVacant:ShutAway+1","Writhe","theVacant:EmbraceDarkness+1","theVacant:ShriekingBlast+1","theVacant:Soothe+1"],"relics":["theVacant:BrassGoblet","hubris:CrystalStatue","bronze:BronzeIdol","Orrery","Ice Cream","infinitespire:Satchel","Dream Catcher","Akabeko","hubris:Metronome","Bottled Lightning","bronze:MakeshiftBattery","Pen Nib","Replay:Ringing Soul","Replay:Baseball","Mummified Hand","Runesmith:AutoHammer","Replay:WaspNest","Philosopher\u0027s Stone","infinitespire:PuzzleCube","Calling Bell","Orichalcum","Iron Hammer","infinitespire:Golems Mask","infinitespire:WardingShard","DollysMirror","Replay:Kaleidoscope","Snack Pack","Toxic Egg 2"],"acts_visited":["Exordium","Exordium","TheBeyond"],"potions_floor_usage":[25,25,33,37,50,50],"damage_taken":[{"damage":0.0,"enemies":"Cultist","floor":1.0,"turns":2.0},{"damage":12.0,"enemies":"Jaw Worm","floor":3.0,"turns":2.0},{"damage":6.0,"enemies":"2 Louse","floor":4.0,"turns":2.0},{"damage":0.0,"enemies":"Gremlin Nob","floor":6.0,"turns":1.0},{"damage":2.0,"enemies":"Lots of Slimes","floor":7.0,"turns":7.0},{"damage":0.0,"enemies":"Exordium Thugs","floor":10.0,"turns":2.0},{"damage":25.0,"enemies":"Nightmare","floor":11.0,"turns":9.0},{"damage":0.0,"enemies":"2 Fungi Beasts","floor":12.0,"turns":3.0},{"damage":0.0,"enemies":"Fading Forest","floor":16.0,"turns":11.0},{"damage":0.0,"enemies":"theJungle:GiantWrat","floor":18.0,"turns":4.0},{"damage":8,"enemies":"theJungle:MamaSnecko","floor":23,"turns":4},{"damage":0,"enemies":"Shell Parasite","floor":24,"turns":1},{"damage":15,"enemies":"theJungle:Cassacara","floor":25,"turns":5},{"damage":8,"enemies":"theJungle:2_Snecko_Cultists","floor":28,"turns":3},{"damage":0,"enemies":"theJungle:JungleHuntersEncounter","floor":29,"turns":2},{"damage":0,"enemies":"theJungle:MamaSnecko","floor":30,"turns":2},{"damage":0,"enemies":"theJungle:SlimyTreeVines","floor":31,"turns":1},{"damage":0,"enemies":"theJungle:QueenSpyder","floor":33,"turns":1},{"damage":4,"enemies":"3 Darklings","floor":35,"turns":3},{"damage":0,"enemies":"Orb Walker","floor":36,"turns":1},{"damage":3,"enemies":"4 Shapes","floor":37,"turns":3},{"damage":0,"enemies":"Jaw Worm Horde","floor":39,"turns":5},{"damage":0,"enemies":"Giant Head","floor":44,"turns":1},{"damage":0,"enemies":"Writhing Mass","floor":45,"turns":1},{"damage":0,"enemies":"Nemesis","floor":47,"turns":1},{"damage":52,"enemies":"hubris:GrandSnecko","floor":50,"turns":7}],"seed_played":"5016172001519237585","potions_obtained":[{"floor":3.0,"key":"Weak Potion"},{"floor":5.0,"key":"LiquidMemories"},{"floor":5.0,"key":"ColorlessPotion"},{"floor":5.0,"key":"GamblersBrew"},{"floor":7.0,"key":"sneckomod:MuddlingPotion"},{"floor":11.0,"key":"Block Potion"},{"floor":23,"key":"AttackPotion"},{"floor":24,"key":"Explosive Potion"},{"floor":29,"key":"Ancient Potion"},{"floor":30,"key":"AttackPotion"},{"floor":33,"key":"Doom Potion"},{"floor":37,"key":"sneckomod:MuddlingPotion"},{"floor":44,"key":"Adrenaline Potion"}],"is_trial":false,"path_per_floor":["M","$","M","M","?","E","M","R","T","M","NM","M","T","?","R","B",null,"M","?","?","$","?","E","M","E","T","R","M","M","E","M","R","B",null,"M","M","M","AVR","M","R","$","?","T","E","M","R","E","?","R","B",null],"character_chosen":"THE_VACANT","items_purchased":["theVacant:CleanseSoul","hubris:CrystalStatue","bronze:BronzeIdol","Orrery","theVacant:WaitInWrath","theVacant:DeathSpiral","theVacant:Threat","Ice Cream","infinitespire:Satchel","theVacant:OnSecondThought","theVacant:EyePoke","Pen Nib","Replay:Ringing Soul","theVacant:BattleScars","infinitespire:WardingShard","DollysMirror"],"campfire_rested":2,"item_purchase_floors":[0,0,0,0,0,0,0,0,0,0,2,21,21,21,41,41],"current_hp_per_floor":[33,33,21,15,15,15,13,37,37,37,12,12,12,32,32,32,68,68,68,79,82,83,78,81,69,69,69,64,67,70,73,107,110,110,109,112,112,115,118,118,121,131,131,134,137,137,140,143,143,100],"gold":122,"neow_bonus":"","is_daily":false,"chose_seed":false,"campfire_upgraded":5,"win_rate":0.0,"timestamp":1612704993,"path_taken":["M","?","M","M","?","E","?","R","T","M","NM","M","?","?","R","BOSS","M","?","?","$","?","E","M","E","T","R","?","M","E","M","R","BOSS","M","M","M","AVR","M","R","$","?","T","E","M","R","E","?","R","BOSS"],"items_purchased_type":["Card","Relic","Relic","Relic","Card","Card","Card","Relic","Relic","Card","Card","Relic","Relic","Card","Relic","Relic"],"build_version":"2020-12-22","purchased_purges":1,"victory":true,"max_hp_per_floor":[80,80,80,80,80,80,80,80,80,80,80,80,80,80,80,80,80,80,80,80,83,83,86,89,92,92,92,95,98,101,104,107,110,110,113,116,119,122,125,125,128,131,131,134,137,137,140,143,143,143],"card_choices":[{"not_picked":["theVacant:Fling","theVacant:SurpriseAttack"],"picked":"theVacant:BurdenBreak","floor":0.0},{"not_picked":["theVacant:BattleScars","theVacant:IntoTheAbyss"],"picked":"theVacant:Whip","floor":0.0},{"not_picked":["theVacant:GraveWave","theVacant:Throttle"],"picked":"theVacant:SpiritOrb","floor":0.0},{"not_picked":["theVacant:EyePoke","theVacant:Exorcise"],"picked":"theVacant:ShutAway","floor":0.0},{"not_picked":["theVacant:OnSecondThought","theVacant:Whip"],"picked":"theVacant:Spinshield","floor":0.0},{"not_picked":["theVacant:Hex","theVacant:EmbraceDarkness"],"picked":"theVacant:BrassMagnet","floor":1.0},{"not_picked":["theVacant:Dig","theVacant:Cower"],"picked":"theVacant:Immaterialize","floor":3.0},{"not_picked":["theVacant:Unearth","theVacant:TheAnvil"],"picked":"theVacant:ShutAway","floor":4.0},{"not_picked":["theVacant:Enrage","theVacant:OnSecondThought"],"picked":"theVacant:TheAnvil","floor":6.0},{"not_picked":["theVacant:Barrage","theVacant:Dig"],"picked":"theVacant:Jab","floor":7.0},{"not_picked":["theVacant:Return","theVacant:EyePoke"],"picked":"theVacant:GraveWave","floor":8.0},{"not_picked":["theVacant:Dig","theVacant:WaitInWrath"],"picked":"theVacant:EmbraceDarkness","floor":10.0},{"not_picked":["theVacant:OnSecondThought","theVacant:GraveDigger"],"picked":"theVacant:BattleScars","floor":11.0},{"not_picked":["theVacant:GraveWave","theVacant:Fortify"],"picked":"theVacant:ShutAway","floor":12.0},{"not_picked":["theVacant:DeathSpiral","theVacant:DarkStrike"],"picked":"theVacant:Voidstone","floor":16.0},{"not_picked":["theVacant:Jab","theVacant:ShutAway"],"picked":"theVacant:Carve","floor":18.0},{"not_picked":["theVacant:Jab","theVacant:Hex"],"picked":"theVacant:Sneeze+1","floor":23},{"not_picked":["theVacant:PitOfDespair","theVacant:Soothe"],"picked":"theVacant:Spinshield","floor":24},{"not_picked":["theVacant:Acceptance+1","theVacant:ShriekingBlast+1"],"picked":"theVacant:ShutAway+1","floor":25},{"not_picked":["theVacant:Fling","theVacant:Enrage+1"],"picked":"theVacant:Husk","floor":28},{"not_picked":["theVacant:Throttle","theVacant:BattleScars"],"picked":"theVacant:ShutAway","floor":29},{"not_picked":["theVacant:GraveWave","theVacant:Hex"],"picked":"theVacant:VoidEmbrace","floor":30},{"not_picked":["theVacant:Cower","theVacant:SurpriseAttack"],"picked":"theVacant:Fortify","floor":31},{"not_picked":["theVacant:Thoughtseize","theVacant:FranticBlow"],"picked":"theVacant:Return","floor":32},{"not_picked":["theVacant:DimensionTear","theVacant:WhenDarknessComes"],"picked":"theVacant:Prevent","floor":33},{"not_picked":["theVacant:EyePoke+1","theVacant:CursedBlast"],"picked":"theVacant:Soothe+1","floor":35},{"not_picked":["theVacant:TheAnvil","theVacant:Unearth+1"],"picked":"theVacant:Dig","floor":36},{"not_picked":["theVacant:Cower","theVacant:Enrage"],"picked":"theVacant:EyePoke","floor":37},{"not_picked":["theVacant:Unearth","theVacant:Throttle"],"picked":"theVacant:FranticBlow","floor":39},{"not_picked":["theVacant:WaitInWrath","theVacant:Soothe"],"picked":"theVacant:EmbraceDarkness+1","floor":44},{"not_picked":["theVacant:LashOut","theVacant:Soothe"],"picked":"theVacant:ShriekingBlast+1","floor":45},{"not_picked":["theVacant:Unearth+1","theVacant:CleanseSoul"],"picked":"theVacant:Soothe+1","floor":47}],"player_experience":1911737,"relics_obtained":[{"floor":6.0,"key":"Dream Catcher"},{"floor":9.0,"key":"Akabeko"},{"floor":11.0,"key":"hubris:Metronome"},{"floor":13.0,"key":"Bottled Lightning"},{"floor":23,"key":"Replay:Baseball"},{"floor":25,"key":"Mummified Hand"},{"floor":26,"key":"Runesmith:AutoHammer"},{"floor":30,"key":"Replay:WaspNest"},{"floor":38,"key":"Orichalcum"},{"floor":38,"key":"Iron Hammer"},{"floor":38,"key":"infinitespire:Golems Mask"},{"floor":43,"key":"Replay:Kaleidoscope"},{"floor":44,"key":"Snack Pack"},{"floor":47,"key":"Toxic Egg 2"}],"event_choices":[{"damage_healed":0.0,"max_hp_gain":0.0,"max_hp_loss":0.0,"gold_gain":0.0,"event_name":"Lab","player_choice":"Got Potions","floor":5.0,"gold_loss":0.0,"damage_taken":0.0},{"damage_healed":20.0,"max_hp_gain":0.0,"max_hp_loss":0.0,"gold_gain":0.0,"event_name":"The Cleric","player_choice":"Healed","floor":14.0,"gold_loss":35.0,"damage_taken":0.0},{"cards_removed":["theVacant:Immaterialize"],"damage_healed":0.0,"max_hp_gain":0.0,"max_hp_loss":0.0,"gold_gain":0.0,"event_name":"betterNote:BetterNote","player_choice":"Give","floor":19.0,"gold_loss":0.0,"damage_taken":0.0,"cards_obtained":["Shade:GreaterAnimation"]},{"damage_healed":4.0,"max_hp_gain":0.0,"max_hp_loss":0.0,"gold_gain":0.0,"event_name":"betterSkull:BetterSkull","player_choice":"LEAVE ","floor":22.0,"gold_loss":0.0,"damage_taken":0.0,"cards_upgraded":[],"relics_obtained":[]},{"damage_healed":32,"gold_gain":0,"player_choice":"Writhe","damage_taken":0,"max_hp_gain":0,"max_hp_loss":0,"event_name":"Winding Halls","floor":42,"gold_loss":0,"cards_obtained":["Writhe"]}],"is_beta":false,"boss_relics":[{"not_picked":["Pandora\u0027s Box","hubris:TerracottaHorce"],"picked":"bronze:MakeshiftBattery"},{"not_picked":["hubris:GrandSneckoEye","infinitespire:Cupcake"],"picked":"Philosopher\u0027s Stone"}],"items_purged_floors":[38],"is_endless":false,"potions_floor_spawned":[3,7,11,23,24,29,30,33,37,39,44],"ascension_level":5}}