{"host":"50qwps766cbz6ukm","time":1612735069,"event":{"mods":["BaseMod","Colored Map","Colored Powertips","DeckTracker","Highlight Path","Minty Spire (QoL Compilation)","Quick Restart","Remove Card Discount Mod","StSLib","SuperFastMode","Synergy Search"],"gold_per_floor":[110,110,122,104,117,148,148,223,223,303,303,322,335,352,352,455,455,470,470,287,299,299,327,14,14,14,14,32,52,65,96,96,199,199,216,266,278,278,298,298,298,298],"floor_reached":41,"language":"ENG","playtime":901,"items_purged":["Pain","Strike_P","Strike_P","Strike_P","Strike_P","Defend_P","Defend_P","Defend_P","Defend_P"],"score":666,"play_id":"45f3bdfd-8648-4c35-80f2-f86bc27b8c43","local_time":"20210207235749","is_ascension_mode":true,"campfire_choices":[{"data":"Eruption","floor":7,"key":"SMITH"},{"data":"Vigilance","floor":15,"key":"SMITH"},{"data":"MasterReality","floor":27,"key":"SMITH"},{"floor":32,"key":"REST"},{"data":"TalkToTheHand","floor":40,"key":"SMITH"}],"circlet_count":0,"master_deck":["Eruption+1","Vigilance+1","ReachHeaven","Consecrate","FlurryOfBlows","FlurryOfBlows","Consecrate","Adaptation","MasterReality+1","CurseOfTheBell","CarveReality","BattleHymn","LikeWater","TalkToTheHand+1","MentalFortress","TalkToTheHand+1","Parasite"],"relics":["HolyWater","NeowsBlessing","WarpedTongs","Letter Opener","Strawberry","Lantern","Calling Bell","Bag of Marbles","HornCleat","CloakClasp","Akabeko","Mummified Hand","Toy Ornithopter","Meat on the Bone","Pear","Darkstone Periapt","Peace Pipe","StoneCalendar"],"acts_visited":["Exordium","TheCity","TheBeyond"],"potions_floor_usage":[16,23,33],"damage_taken":[{"damage":0,"enemies":"Small Slimes","floor":1,"turns":1},{"damage":0,"enemies":"Cultist","floor":3,"turns":1},{"damage":0,"enemies":"2 Louse","floor":5,"turns":1},{"damage":0,"enemies":"Gremlin Nob","floor":6,"turns":2},{"damage":0,"enemies":"Lots of Slimes","floor":12,"turns":2},{"damage":0,"enemies":"3 Louse","floor":13,"turns":1},{"damage":0,"enemies":"Exordium Thugs","floor":14,"turns":3},{"damage":36,"enemies":"The Guardian","floor":16,"turns":6},{"damage":0,"enemies":"Spheric Guardian","floor":18,"turns":2},{"damage":10,"enemies":"2 Thieves","floor":21,"turns":2},{"damage":18,"enemies":"Book of Stabbing","floor":23,"turns":4},{"damage":0,"enemies":"Centurion and Healer","floor":28,"turns":3},{"damage":23,"enemies":"Shelled Parasite and Fungi","floor":29,"turns":3},{"damage":6,"enemies":"Snake Plant","floor":30,"turns":3},{"damage":17,"enemies":"Slavers","floor":31,"turns":4},{"damage":67,"enemies":"Collector","floor":33,"turns":6},{"damage":10,"enemies":"Orb Walker","floor":35,"turns":4},{"damage":0,"enemies":"Mind Bloom Boss Battle","floor":36,"turns":5},{"damage":19,"enemies":"3 Shapes","floor":37,"turns":3},{"damage":5,"enemies":"Writhing Mass","floor":39,"turns":6},{"damage":76,"enemies":"Reptomancer","floor":41,"turns":2}],"seed_played":"-205718276585874944","potions_obtained":[{"floor":3,"key":"PowerPotion"},{"floor":5,"key":"Block Potion"},{"floor":13,"key":"AttackPotion"},{"floor":14,"key":"Swift Potion"},{"floor":29,"key":"Ancient Potion"},{"floor":31,"key":"FearPotion"},{"floor":35,"key":"PowerPotion"},{"floor":36,"key":"Strength Potion"}],"is_trial":false,"path_per_floor":["M","?","M","$","M","E","R","?","T","?","?","M","M","M","R","B",null,"M","?","$","M","T","E","$","?","T","R","M","M","M","E","R","B",null,"M","?","M","?","M","R","E"],"character_chosen":"WATCHER","items_purchased":["Akabeko","BattleHymn","Meat on the Bone","LikeWater"],"campfire_rested":1,"item_purchase_floors":[20,20,24,24],"current_hp_per_floor":[65,65,65,65,65,65,65,54,61,61,61,61,61,61,61,25,66,66,66,66,56,56,38,38,48,48,48,48,37,43,38,64,14,70,60,60,53,53,54,54,0,0],"gold":298,"neow_bonus":"THREE_ENEMY_KILL","is_daily":false,"chose_seed":false,"campfire_upgraded":4,"win_rate":0.0,"timestamp":1612735069,"path_taken":["M","?","?","$","M","E","R","?","T","?","?","M","?","M","R","BOSS","M","?","$","M","?","E","?","?","T","R","M","M","?","E","R","BOSS","M","?","M","?","?","R","E"],"items_purchased_type":["Relic","Card","Relic","Card"],"build_version":"2020-12-22","purchased_purges":9,"victory":false,"max_hp_per_floor":[72,72,72,72,72,72,72,72,79,79,79,79,79,79,79,79,79,79,79,79,79,79,79,79,89,89,89,89,89,89,89,89,89,89,89,89,89,89,95,95,95,95],"card_choices":[{"not_picked":["ThirdEye","Halt"],"picked":"ReachHeaven","floor":1},{"not_picked":["ClearTheMind","FlurryOfBlows"],"picked":"Consecrate","floor":3},{"not_picked":["Halt","Sanctity"],"picked":"FlurryOfBlows","floor":5},{"not_picked":["Tantrum","JustLucky","EmptyMind"],"picked":"SKIP","floor":6},{"not_picked":["WreathOfFlame","Vault"],"picked":"FlurryOfBlows","floor":12},{"not_picked":["ThirdEye","FollowUp"],"picked":"Consecrate","floor":13},{"not_picked":["Crescendo","CrushJoints"],"picked":"Adaptation","floor":14},{"not_picked":["Omniscience","LessonLearned"],"picked":"MasterReality","floor":16},{"not_picked":["Evaluate","FlyingSleeves"],"picked":"CarveReality","floor":18},{"not_picked":["SashWhip+1","BattleHymn","Crescendo"],"picked":"SKIP","floor":21},{"not_picked":["Indignation","SashWhip","Weave+1"],"picked":"SKIP","floor":23},{"not_picked":["WheelKick","Evaluate","FearNoEvil"],"picked":"SKIP","floor":28},{"not_picked":["Consecrate+1","JustLucky"],"picked":"TalkToTheHand","floor":29},{"not_picked":["Brilliance","JustLucky","WindmillStrike"],"picked":"SKIP","floor":30},{"not_picked":["FollowUp+1","PathToVictory","LessonLearned"],"picked":"SKIP","floor":31},{"not_picked":["Conclude+1","JustLucky+1","WindmillStrike"],"picked":"SKIP","floor":35},{"not_picked":["ClearTheMind","Halt"],"picked":"MentalFortress","floor":36},{"not_picked":["CutThroughFate","Halt+1"],"picked":"TalkToTheHand+1","floor":37},{"not_picked":["Tantrum","CrushJoints","WheelKick"],"picked":"SKIP","floor":39}],"player_experience":585353,"relics_obtained":[{"floor":6,"key":"Letter Opener"},{"floor":9,"key":"Strawberry"},{"floor":17,"key":"Bag of Marbles"},{"floor":17,"key":"HornCleat"},{"floor":17,"key":"CloakClasp"},{"floor":22,"key":"Mummified Hand"},{"floor":23,"key":"Toy Ornithopter"},{"floor":26,"key":"Darkstone Periapt"},{"floor":31,"key":"Peace Pipe"},{"floor":36,"key":"StoneCalendar"}],"event_choices":[{"damage_healed":0,"gold_gain":0,"player_choice":"Rummage","damage_taken":0,"relics_obtained":["WarpedTongs"],"max_hp_gain":0,"max_hp_loss":0,"event_name":"Accursed Blacksmith","floor":2,"gold_loss":0,"cards_obtained":["Pain"]},{"damage_healed":0,"gold_gain":75,"player_choice":"Gather Gold","damage_taken":11,"max_hp_gain":0,"max_hp_loss":0,"event_name":"World of Goop","floor":8,"gold_loss":0},{"damage_healed":0,"gold_gain":80,"player_choice":"Gained Gold","damage_taken":0,"max_hp_gain":0,"max_hp_loss":0,"event_name":"Golden Wing","floor":10,"gold_loss":0},{"damage_healed":0,"gold_gain":0,"player_choice":"Gave Potion","damage_taken":0,"relics_obtained":["Lantern"],"max_hp_gain":0,"max_hp_loss":0,"event_name":"WeMeetAgain","floor":11,"gold_loss":0},{"damage_healed":0,"gold_gain":0,"player_choice":"Ignored","damage_taken":0,"max_hp_gain":0,"max_hp_loss":0,"event_name":"Ghosts","floor":19,"gold_loss":0},{"damage_healed":0,"gold_gain":0,"player_choice":"Opened","damage_taken":0,"relics_obtained":["Pear"],"max_hp_gain":0,"max_hp_loss":0,"event_name":"The Mausoleum","floor":25,"gold_loss":0},{"damage_healed":0,"gold_gain":0,"player_choice":"Fight","damage_taken":0,"max_hp_gain":0,"max_hp_loss":0,"event_name":"MindBloom","floor":36,"gold_loss":0},{"damage_healed":0,"gold_gain":0,"player_choice":"Ignored","damage_taken":0,"max_hp_gain":0,"max_hp_loss":0,"event_name":"Purifier","floor":38,"gold_loss":0}],"is_beta":false,"boss_relics":[{"not_picked":["Runic Dome","Ectoplasm"],"picked":"Calling Bell"},{"not_picked":["Pandora\u0027s Box","Busted Crown"],"picked":"HolyWater"}],"items_purged_floors":[4,4,4,4,4,4,4,4,4],"is_endless":false,"potions_floor_spawned":[3,5,13,14,29,31,35,36],"killed_by":"Reptomancer","ascension_level":8}}