{"host":"5rycm1ajjg5acc5q","time":1612669634,"event":{"mods":["BaseMod","Better Third Choice","Highlight Path","Minty Spire (QoL Compilation)","Replay The Spire","StSLib"],"gold_per_floor":[110,128,143,157,157,189,189,220,247,247,247,247,280,23,23,23,23],"floor_reached":16,"language":"ENG","playtime":1307,"items_purged":["Burn"],"score":124,"play_id":"128e75d0-498e-4c22-b1aa-911fe80de9bb","local_time":"20210206214714","is_ascension_mode":true,"campfire_choices":[{"data":"Scrape","floor":7,"key":"SMITH"},{"data":"Coolheaded","floor":10,"key":"SMITH"},{"data":"FTL","floor":12,"key":"SMITH"},{"data":"Secret Technique","floor":15,"key":"SMITH"}],"circlet_count":0,"master_deck":["Strike_B","Strike_B","Strike_B","Strike_B","Defend_B","Defend_B","Defend_B","Defend_B","Dualcast","FTL+1","ReplayGash","Coolheaded+1","Scrape+1","Rebound","Secret Technique","Secret Technique+1"],"relics":["ReplayTheSpireMod:DimensionalGlitch","Meat on the Bone","Pet Ghost","Blue Doll","Membership Card"],"acts_visited":["Exordium"],"potions_floor_usage":[6,13,16],"damage_taken":[{"damage":1,"enemies":"Jaw Worm","floor":1,"turns":4},{"damage":1,"enemies":"2 Louse","floor":2,"turns":3},{"damage":4,"enemies":"Cultist","floor":3,"turns":4},{"damage":5,"enemies":"Looter","floor":4,"turns":4},{"damage":10,"enemies":"Lagavulin","floor":6,"turns":7},{"damage":28,"enemies":"Gremlin Nob","floor":8,"turns":4},{"damage":19,"enemies":"Lagavulin","floor":13,"turns":4},{"damage":15,"enemies":"Slime Boss","floor":16,"turns":6}],"seed_played":"2553191810545672746","potions_obtained":[{"floor":2,"key":"Weak Potion"},{"floor":3,"key":"Elixir"},{"floor":4,"key":"Ancient Potion"}],"is_trial":false,"path_per_floor":["M","M","M","M","?","E","R","E","T","R","?","R","E","$","R","B"],"character_chosen":"DEFECT","items_purchased":["Membership Card","Secret Technique"],"campfire_rested":0,"item_purchase_floors":[14,14],"current_hp_per_floor":[74,73,69,64,57,47,47,25,25,25,25,25,12,12,12,0,0],"gold":23,"neow_bonus":"BOSS_RELIC","is_daily":false,"chose_seed":false,"campfire_upgraded":4,"win_rate":0.0,"timestamp":1612669634,"path_taken":["M","M","M","M","?","E","R","E","T","R","?","R","E","?","R","BOSS"],"items_purchased_type":["Relic","Card"],"build_version":"2020-12-22","purchased_purges":1,"victory":false,"max_hp_per_floor":[75,75,75,75,75,75,75,75,75,75,75,75,75,75,75,75,75],"card_choices":[{"not_picked":["Panic Button","ReplayTheSpireMod:Repulse"],"picked":"FTL","floor":1},{"not_picked":["Turbo","Rebound"],"picked":"ReplayGash","floor":2},{"not_picked":["Beam Cell","Leap"],"picked":"Coolheaded","floor":3},{"not_picked":["Rebound","Beam Cell"],"picked":"Scrape","floor":4},{"not_picked":["Streamline","Panic Button"],"picked":"Rebound","floor":6},{"not_picked":["Conserve Battery","Aggregate","Capacitor"],"picked":"SKIP","floor":8},{"not_picked":["Biased Cognition","Gash","Meteor Strike"],"picked":"SKIP","floor":13}],"player_experience":83069,"relics_obtained":[{"floor":6,"key":"Meat on the Bone"},{"floor":8,"key":"Pet Ghost"},{"floor":13,"key":"Blue Doll"}],"event_choices":[{"cards_removed":["Zap"],"damage_healed":0,"gold_gain":0,"player_choice":"Card Removal","damage_taken":7,"max_hp_gain":0,"max_hp_loss":0,"event_name":"Golden Wing","floor":5,"gold_loss":0},{"damage_healed":25,"gold_gain":0,"player_choice":"Embrace Burn","damage_taken":0,"max_hp_gain":0,"max_hp_loss":75,"event_name":"betterThird:BetterShining","floor":11,"gold_loss":0}],"is_beta":false,"boss_relics":[],"items_purged_floors":[14],"is_endless":false,"potions_floor_spawned":[2,3,4],"killed_by":"Slime Boss","ascension_level":1}}