{"host":"ekyl8r8j8fco3zlk","time":1612723934,"event":{"mods":["Act Like it!","Arknights","BaseMod","CapriCore","Decade(王小明)","Dota2Spire","Friendly Minions","Gensokyo","Marisa（F雨　魔理沙）","Minty Spire (QoL Compilation)","READ ME - Guardian Mod","Rare Cards Sparkle","Reimu（博丽灵梦）","StSLib","The Alterego","The Immortal","The Jungle","The Senshi","TheWitcher","Waifu the Spire","WarShipGirlsR/战舰少女R mod","Yakumo Yukari mod","【遗物卡牌】REMEMod"],"gold_per_floor":[117,117,117,132,153,153,186,186,210,210,58,43,57,80,80,204,204,220,245,160,160,174,174,205,230,256,256,271,315,331,351,351,479,479,494,515,535,555,568,612,612,627,681,681,714,78,99,122,122,122],"floor_reached":51,"language":"ZHS","playtime":2922,"items_purged":["ats:Defend"],"score":832,"play_id":"4931724c-cf0b-4f1b-845c-3dd53e72c432","local_time":"20210208025214","is_ascension_mode":false,"campfire_choices":[{"data":"ats:Flexible Camouflage","floor":6,"key":"SMITH"},{"data":"ats:Apocalypse","floor":8,"key":"SMITH"},{"data":"ats:Healing Strengthening","floor":10,"key":"SMITH"},{"floor":15,"key":"REST"},{"data":"ats:Encircling Forest","floor":23,"key":"SMITH"},{"data":"ats:Durian","floor":27,"key":"SMITH"},{"data":"ats:Leaping Hammer","floor":32,"key":"SMITH"},{"data":"ats:Emotion Absorption","floor":41,"key":"SMITH"},{"data":"ats:Soul Rend","floor":49,"key":"SMITH"}],"circlet_count":0,"master_deck":["ats:Strike C","ats:Strike G","ats:Strike S","ats:Strike V","ats:Armor Crushing Shot+1","ats:Defend","ats:Defend+1","ats:Emotion Absorption+1","ats:Blood Oath","ats:Apocalypse+1","ats:Healing Strengthening+1","ats:Flexible Camouflage+1","ats:Cat Scratch","ats:Encircling Forest+1","ats:Leaping Hammer+1","ats:Soul Rend+1","ats:Revitalization+1","ats:Shell Defense+1","ats:Durian+1","ats:Explosion Area Strengthen","ats:Automatic Cover+1","ats:Fractured Body+1","ats:Curse Doll+1","ats:Guard Mode+1","ats:Thermite Blade+1","ats:Counter Healing Mode+1","ats:Support Order+1","ats:Defend+1","ats:Healing Drone+1","ats:Rat Pack+1","ats:Song Of Battle+1"],"relics":["ats:Sanity","REME_ComplimentaryCards","Golden Idol","ats:Originium","Art of War","Dota2Spire:PowerTreads","REME_CardOfGreed","ats:Tactical Delivery","Gambling Chip","Dota2Spire:ArcaneBoots","Happy Flower","Toxic Egg 2","Philosopher\u0027s Stone","Letter Opener","Ancient Tea Set","Centennial Puzzle","Bronze Scales","InkBottle"],"acts_visited":["Exordium","TheCity","TheBeyond"],"potions_floor_usage":[12,24,24,33,38,45,50,50,50],"damage_taken":[{"damage":4,"enemies":"ats:Genji","floor":1,"turns":4},{"damage":9,"enemies":"Small Slimes","floor":4,"turns":3},{"damage":1,"enemies":"Jaw Worm","floor":5,"turns":6},{"damage":36,"enemies":"Lagavulin","floor":7,"turns":5},{"damage":17,"enemies":"Exordium Thugs","floor":12,"turns":2},{"damage":16,"enemies":"Large Slime","floor":13,"turns":4},{"damage":15,"enemies":"2 Fungi Beasts","floor":14,"turns":4},{"damage":74,"enemies":"The Guardian","floor":16,"turns":14},{"damage":24,"enemies":"Chosen","floor":18,"turns":7},{"damage":27,"enemies":"Shell Parasite","floor":19,"turns":5},{"damage":15,"enemies":"Snecko","floor":22,"turns":5},{"damage":51,"enemies":"REME_1_Revenger","floor":24,"turns":5},{"damage":29,"enemies":"Snake Plant","floor":25,"turns":5},{"damage":21,"enemies":"Centurion and Healer","floor":28,"turns":5},{"damage":48,"enemies":"Book of Stabbing","floor":29,"turns":6},{"damage":21,"enemies":"Snecko","floor":30,"turns":3},{"damage":15,"enemies":"Snake Plant","floor":31,"turns":3},{"damage":63,"enemies":"Champ","floor":33,"turns":9},{"damage":4,"enemies":"Orb Walker","floor":35,"turns":3},{"damage":12,"enemies":"3 Shapes","floor":36,"turns":5},{"damage":66,"enemies":"Sphere and 2 Shapes","floor":37,"turns":5},{"damage":54,"enemies":"3 Darklings","floor":38,"turns":6},{"damage":28,"enemies":"Writhing Mass","floor":39,"turns":5},{"damage":132,"enemies":"Giant Head","floor":40,"turns":10},{"damage":17,"enemies":"Spire Growth","floor":42,"turns":4},{"damage":76,"enemies":"Reptomancer","floor":45,"turns":9},{"damage":37,"enemies":"4 Shapes","floor":47,"turns":4},{"damage":32,"enemies":"3 Darklings","floor":48,"turns":4},{"damage":118,"enemies":"Time Eater","floor":50,"turns":11}],"seed_played":"4729983737572807089","potions_obtained":[{"floor":1,"key":"ats:Emergency Sanity Potion"},{"floor":7,"key":"SmokeBomb"},{"floor":13,"key":"DuplicationPotion"},{"floor":14,"key":"Strength Potion"},{"floor":19,"key":"Dota2Spire:HealingSalve"},{"floor":24,"key":"Regen Potion"},{"floor":25,"key":"GamblersBrew"},{"floor":30,"key":"PowerPotion"},{"floor":33,"key":"SmokeBomb"},{"floor":36,"key":"Dexterity Potion"},{"floor":38,"key":"EntropicBrew"},{"floor":42,"key":"Dota2Spire:HealingSalve"},{"floor":45,"key":"DistilledChaos"}],"is_trial":false,"path_per_floor":["M","?","?","M","M","R","E","R","T","R","$","M","M","M","R","B",null,"M","M","?","?","M","R","E","M","T","R","M","E","M","M","R","B",null,"M","M","M","M","M","E","R","M","T","?","E","$","M","M","R","B",null],"character_chosen":"DOCTOR_CLASS","items_purchased":["REME_CardOfGreed","Bronze Scales","InkBottle","ats:Rat Pack+1"],"campfire_rested":1,"item_purchase_floors":[11,46,46,46],"current_hp_per_floor":[68,50,50,44,52,52,29,29,29,29,29,25,27,20,41,32,72,72,71,71,71,71,71,52,71,71,71,72,64,66,66,66,44,72,72,71,28,60,72,45,45,67,67,67,53,53,38,59,59,69],"gold":122,"neow_bonus":"UPGRADE_CARD","is_daily":false,"chose_seed":false,"campfire_upgraded":8,"win_rate":0.0,"timestamp":1612723934,"path_taken":["M","?","?","?","M","R","E","R","T","R","?","M","M","M","R","BOSS","M","M","?","?","?","R","E","M","T","R","M","E","M","M","R","BOSS","M","?","M","M","M","E","R","M","T","?","E","$","M","?","R","BOSS"],"items_purchased_type":["Relic","Relic","Relic","Card"],"build_version":"2020-12-22","purchased_purges":1,"victory":true,"max_hp_per_floor":[72,72,72,72,72,72,72,72,72,72,72,72,72,72,72,72,72,72,72,72,72,72,72,72,72,72,72,72,72,72,72,72,72,72,72,72,72,72,72,72,72,72,72,72,72,72,72,72,72,72],"card_choices":[{"not_picked":["ats:Revitalization","ats:Healing Drone"],"picked":"ats:Blood Oath","floor":1},{"not_picked":["ats:Powerful Strike","ats:Apocalypse"],"picked":"ats:Healing Strengthening","floor":4},{"not_picked":["ats:LN2 Cannon","ats:Disruption Kick"],"picked":"ats:Flexible Camouflage","floor":5},{"not_picked":["ats:Automatic Cover","ats:Revitalization"],"picked":"ats:Cat Scratch","floor":7},{"not_picked":["ats:Demon Strength","ats:Cat Scratch"],"picked":"ats:Encircling Forest","floor":13},{"not_picked":["ats:Counter Healing Mode","ats:Cat Scratch"],"picked":"ats:Leaping Hammer","floor":14},{"not_picked":["ats:Calcification","ats:Wolf Pack"],"picked":"ats:Soul Rend","floor":16},{"not_picked":["ats:Cat Scratch","ats:Defend Order+1"],"picked":"ats:Revitalization+1","floor":18},{"not_picked":["ats:Spore Proliferation+1","ats:Very Hot Blade"],"picked":"ats:Shell Defense+1","floor":19},{"not_picked":["ats:Song Of Battle","ats:Flexible Camouflage","ats:Steam Pump"],"picked":"SKIP","floor":22},{"not_picked":["ats:Guard Mode","ats:Cat Scratch"],"picked":"ats:Durian","floor":24},{"not_picked":["ats:Hammer On","ats:Healing Strengthening+1","ats:Mental Burst"],"picked":"SKIP","floor":25},{"not_picked":["ats:Flexible Camouflage","ats:Closed Bolt Burst Fire","ats:Hammer On"],"picked":"SKIP","floor":28},{"not_picked":["ats:Blood Oath+1","ats:Leaping Hammer"],"picked":"ats:Explosion Area Strengthen","floor":29},{"not_picked":["ats:Composite Medical Shells","ats:Poison Spread"],"picked":"ats:Automatic Cover+1","floor":30},{"not_picked":["ats:Hammer On","ats:Poison Spread","ats:Blood Oath"],"picked":"SKIP","floor":31},{"not_picked":["ats:Wolf Pack","ats:Ambush"],"picked":"ats:Fractured Body+1","floor":33},{"not_picked":["ats:Beaten Up+1","ats:Flexible Camouflage+1"],"picked":"ats:Curse Doll+1","floor":35},{"not_picked":["ats:Powerful Strike","ats:Shell Defense+1"],"picked":"ats:Guard Mode+1","floor":36},{"not_picked":["ats:Blood Oath+1","ats:Powerful Strike+1"],"picked":"ats:Thermite Blade+1","floor":37},{"not_picked":["ats:Guard Mode+1","ats:Revitalization+1","ats:Poison Spread"],"picked":"SKIP","floor":38},{"not_picked":["ats:Blood Oath","ats:Powerful Strike+1"],"picked":"ats:Counter Healing Mode+1","floor":39},{"not_picked":["ats:Guard Mode+1","ats:Consecutive Shot Auto+1"],"picked":"ats:Support Order+1","floor":40},{"not_picked":["ats:Collapsing Strike","ats:Sword Rain","ats:Apocalypse+1"],"picked":"SKIP","floor":42},{"not_picked":["ats:Wolf Pack","ats:Cat Scratch"],"picked":"ats:Healing Drone+1","floor":45},{"not_picked":["ats:Explosion Area Strengthen","ats:Healing Drone+1"],"picked":"ats:Song Of Battle+1","floor":47},{"not_picked":["ats:Hammer On","ats:Blood Oath","ats:Ignite"],"picked":"SKIP","floor":48}],"player_experience":602823,"relics_obtained":[{"floor":7,"key":"ats:Originium"},{"floor":7,"key":"Art of War"},{"floor":9,"key":"Dota2Spire:PowerTreads"},{"floor":24,"key":"ats:Originium"},{"floor":24,"key":"Dota2Spire:ArcaneBoots"},{"floor":26,"key":"Happy Flower"},{"floor":29,"key":"Toxic Egg 2"},{"floor":40,"key":"Letter Opener"},{"floor":43,"key":"Ancient Tea Set"},{"floor":45,"key":"Centennial Puzzle"}],"event_choices":[{"damage_healed":0,"gold_gain":0,"player_choice":"Take Damage","damage_taken":18,"relics_obtained":["Golden Idol"],"max_hp_gain":0,"max_hp_loss":0,"event_name":"Golden Idol","floor":2,"gold_loss":0},{"damage_healed":0,"gold_gain":0,"player_choice":"1 cards matched","damage_taken":0,"max_hp_gain":0,"max_hp_loss":0,"event_name":"Match and Keep!","floor":3,"gold_loss":0,"cards_obtained":["ats:Apocalypse"]},{"damage_healed":0,"gold_gain":0,"player_choice":"Obtained Relic","damage_taken":0,"relics_obtained":["Gambling Chip"],"max_hp_gain":0,"max_hp_loss":0,"event_name":"Addict","floor":20,"gold_loss":85},{"damage_healed":0,"gold_gain":0,"player_choice":"Ignored","damage_taken":0,"max_hp_gain":0,"max_hp_loss":0,"event_name":"Duplicator","floor":21,"gold_loss":0},{"cards_removed":["ats:Defend"],"damage_healed":0,"gold_gain":0,"player_choice":"Offered Basic","damage_taken":0,"max_hp_gain":0,"max_hp_loss":0,"event_name":"Bonfire Elementals","floor":44,"gold_loss":0}],"is_beta":false,"boss_relics":[{"not_picked":["SlaversCollar","Black Star"],"picked":"ats:Tactical Delivery"},{"not_picked":["REME_DemonsWealth","Fusion Hammer"],"picked":"Philosopher\u0027s Stone"}],"items_purged_floors":[46],"is_endless":false,"potions_floor_spawned":[1,7,13,14,19,24,25,30,33,36,38,42,45,47],"ascension_level":0}}