{"host":"roto7j7840a50pxh","time":1612741551,"event":{"mods":["Act Like it!","BaseMod","Better Altar","Better Note","Better Sensory Stone","Better Skull","Better Third Choice","BetterRewards","Colored Map","Colored Powertips","Downfall","Elementarium","Hermit","Highlight Path","Hubris","Infinite Spire","Minty Spire (QoL Compilation)","Replay The Spire","Robot Space Explorer","Shade Mod","Spicy Shops","StSLib","The Construct","The Cursed","The Dragon Tamer","The Hierophant","The Necromancer","The Runesmith","The Servant 0.9.4","TheVacant"],"gold_per_floor":[117,135,145,162,162,197,216,216,285,285,314,314,324,359,359,454,454,467,478,510,510,524,524,534,566,615,615,646,657,672,672,672,775,775,788,788,803,729,829,829,854,923,978,1006,1019,1037,1037,1037,1037,1037],"floor_reached":51,"language":"ENG","playtime":5544,"items_purged":[],"score":1205,"play_id":"14c6e89d-3ed5-459b-a549-7a2677e42092","local_time":"20210207184551","is_ascension_mode":true,"campfire_choices":[{"data":"construct:BatteryCore","floor":8.0,"key":"SMITH"},{"floor":10.0,"key":"REST"},{"data":"construct:Reinforce","floor":15.0,"key":"SMITH"},{"data":"construct:ReactiveShield","floor":23,"key":"SMITH"},{"data":"construct:ReactiveShield","floor":27,"key":"SMITH"},{"floor":32,"key":"REST"},{"data":"construct:GuardCore","floor":40,"key":"SMITH"},{"floor":47,"key":"REST"},{"floor":49,"key":"REST"}],"circlet_count":0,"master_deck":["construct:Strike_Gold","construct:Strike_Gold","construct:Strike_Gold","construct:Strike_Gold","construct:Strike_Gold","construct:Defend_Gold","construct:Defend_Gold","construct:Defend_Gold","construct:Defend_Gold","construct:Defend_Gold","construct:AttackMode+1","construct:DefenseMode","construct:OneWayMirror+1","construct:Zapper","construct:Electrocute","construct:Accumulate+1","construct:Electrocute+1","construct:UnbalancingBlast+1","construct:MetalShell","construct:BatteryCore+1","construct:Boost+1","construct:Reinforce+1","construct:Anticipate","construct:Versatility+1","construct:HyperBeam+1","construct:PointDefense+1","construct:ReactiveShield+1","construct:Enhance","construct:Tumble+1","construct:ReactiveShield+1","construct:Accumulate+1","construct:Boost+1","construct:Chainstrike+1","construct:Boost+1","construct:ScopeCore","construct:BatteryCore","construct:Forcefield","construct:Forcefield","construct:FlameCore+1","construct:Versatility+1","construct:GuardCore+1","construct:FlameCore","construct:ChargeShot+1","construct:Stasis","construct:ChargeShot+1","construct:FlameCore","construct:GuardCore+1","infinitespire:Punishment+1"],"relics":["construct:Cogwheel","hubris:EmptyBottle","construct:PurpleEmber","Lee\u0027s Waffle","Molten Egg 2","infinitespire:Broken Mirror","Darkstone Periapt","hubris:BottledRain","hexamod:BolsterEngine","sneckomod:SneckoTalon","infinitespire:PuzzleCube","infinitespire:ShieldingShard","Replay:Baseball","Iron Hammer","Elementarium:ElementariumTrophy","construct:ClawGrip","Orrery","hubris:MobiusCoin","Vajra","Replay:Rubber Ducky","Peace Pipe","hubris:Stopwatch"],"acts_visited":["Exordium","Elementarium:Elementarium","TheBeyond"],"potions_floor_usage":[25,25,28,29,30,41,41,45,46,46,50],"damage_taken":[{"damage":0.0,"enemies":"2 Louse","floor":1.0,"turns":3.0},{"damage":4.0,"enemies":"Small Slimes","floor":2.0,"turns":3.0},{"damage":0.0,"enemies":"Jaw Worm","floor":3.0,"turns":3.0},{"damage":6.0,"enemies":"2 Fungi Beasts","floor":4.0,"turns":2.0},{"damage":43.0,"enemies":"Gremlin Nob","floor":6.0,"turns":6.0},{"damage":1.0,"enemies":"Large Slime","floor":7.0,"turns":5.0},{"damage":0.0,"enemies":"Replay:BlueRogue","floor":11.0,"turns":4.0},{"damage":0.0,"enemies":"3 Louse","floor":13.0,"turns":3.0},{"damage":0.0,"enemies":"Gremlin Nob","floor":14.0,"turns":4.0},{"damage":13.0,"enemies":"Fading Forest","floor":16.0,"turns":11.0},{"damage":0.0,"enemies":"Elementarium:MUD_AND_TAR_GOLEMS","floor":18.0,"turns":3.0},{"damage":0.0,"enemies":"Elementarium:2_ELEMENTALS","floor":19.0,"turns":5.0},{"damage":22.0,"enemies":"Slavers","floor":20.0,"turns":5.0},{"damage":17,"enemies":"Elementarium:VoidBeast","floor":22,"turns":4},{"damage":0,"enemies":"Elementarium:RubyGolem","floor":24,"turns":2},{"damage":14,"enemies":"Elementarium:WarGolem","floor":25,"turns":7},{"damage":1,"enemies":"Elementarium:FIRE_NOBILITY","floor":28,"turns":3},{"damage":6,"enemies":"Elementarium:3_ELEMENTALS","floor":29,"turns":3},{"damage":12,"enemies":"Elementarium:VOID_CORRUPTION_AND_ORB_OF_FIRE","floor":30,"turns":5},{"damage":41,"enemies":"Elementarium:PHOENIXES","floor":33,"turns":12},{"damage":13,"enemies":"3 Shapes","floor":35,"turns":4},{"damage":9,"enemies":"3 Darklings","floor":37,"turns":4},{"damage":12,"enemies":"Nemesis","floor":41,"turns":5},{"damage":5,"enemies":"Spire Growth","floor":42,"turns":4},{"damage":43,"enemies":"Giant Head","floor":44,"turns":7},{"damage":1,"enemies":"Jaw Worm Horde","floor":45,"turns":3},{"damage":6,"enemies":"4 Shapes","floor":46,"turns":3},{"damage":42,"enemies":"Time Eater","floor":50,"turns":9}],"seed_played":"4024070993130240760","potions_obtained":[{"floor":1.0,"key":"Dexterity Potion"},{"floor":3.0,"key":"EssenceOfSteel"},{"floor":7.0,"key":"Regen Potion"},{"floor":18.0,"key":"PowerPotion"},{"floor":20.0,"key":"AttackPotion"},{"floor":25,"key":"Adrenaline Potion"},{"floor":33,"key":"Toxic Potion"},{"floor":37,"key":"Fire Potion"},{"floor":45,"key":"Doom Potion"},{"floor":46,"key":"SpeedPotion"}],"is_trial":false,"path_per_floor":["M","M","M","M","?","E","M","R","T","R","E","?","M","E","R","B",null,"M","M","?","?","M","R","M","E","T","R","E","M","M","?","R","B",null,"M","?","M","$","?","R","E","M","T","E","M","M","R","AVR","R","B",null],"character_chosen":"THE_CONSTRUCT_MOD","items_purchased":["hubris:EmptyBottle","construct:OneWayMirror","construct:Zapper","construct:PurpleEmber","construct:Electrocute","Lee\u0027s Waffle","Molten Egg 2","Orrery"],"campfire_rested":4,"item_purchase_floors":[0,0,0,0,0,0,0,38],"current_hp_per_floor":[92,88,88,82,82,39,38,38,38,65,65,65,65,77,77,64,92,98,98,76,76,59,59,59,60,60,60,59,53,41,41,70,29,98,85,85,76,76,76,76,64,59,59,16,15,9,38,38,67,25],"gold":1037,"neow_bonus":"","is_daily":false,"chose_seed":false,"campfire_upgraded":5,"win_rate":0.0,"timestamp":1612741551,"path_taken":["M","M","M","M","?","E","M","R","T","R","E","?","M","E","R","BOSS","M","M","?","?","M","R","M","E","T","R","E","M","M","?","R","BOSS","M","?","M","$","?","R","E","M","T","E","?","M","R","AVR","R","BOSS"],"items_purchased_type":["Relic","Card","Card","Relic","Card","Relic","Relic","Relic"],"build_version":"2020-12-22","purchased_purges":0,"victory":true,"max_hp_per_floor":[92,92,92,92,92,92,92,92,92,92,92,92,92,92,92,92,92,98,98,98,98,98,98,98,98,98,98,98,98,98,98,98,98,98,98,98,98,98,98,98,98,98,98,98,98,98,98,98,98,98],"card_choices":[{"not_picked":["construct:SweepLaser+1","construct:Autoturret"],"picked":"construct:Accumulate+1","floor":1.0},{"not_picked":["construct:BatteryAcid","construct:FocusedBeam+1"],"picked":"construct:Electrocute+1","floor":2.0},{"not_picked":["construct:SyphonStrike+1","construct:SaveState"],"picked":"construct:UnbalancingBlast+1","floor":3.0},{"not_picked":["construct:Backfire+1","construct:Analyze"],"picked":"construct:MetalShell","floor":4.0},{"not_picked":["construct:Disrupt","construct:FocusedBeam+1"],"picked":"construct:BatteryCore","floor":6.0},{"not_picked":["construct:HeavyBolt+1","construct:Synchronize"],"picked":"construct:Boost+1","floor":7.0},{"not_picked":["construct:Impenetrable","construct:PanicFire"],"picked":"construct:Reinforce","floor":11.0},{"not_picked":["construct:OmegaCannon+1","construct:SyphonStrike+1"],"picked":"construct:Anticipate","floor":13.0},{"not_picked":["construct:Antimatter+1","construct:HeavyBolt+1"],"picked":"construct:Versatility+1","floor":14.0},{"not_picked":["construct:HammerDown+1","construct:Bunker"],"picked":"construct:HyperBeam+1","floor":16.0},{"not_picked":["construct:Boost+1","construct:VentSteam"],"picked":"construct:PointDefense+1","floor":18.0},{"not_picked":["construct:FocusedBeam+1","construct:Autoturret"],"picked":"construct:ReactiveShield","floor":19.0},{"not_picked":["construct:FocusedBeam+1","construct:Stasis"],"picked":"construct:Enhance","floor":20.0},{"not_picked":["construct:Disrupt+1","construct:ElectricArmor"],"picked":"construct:Tumble+1","floor":22},{"not_picked":["construct:FierceBash+1","construct:Reinforce+1"],"picked":"construct:ReactiveShield","floor":24},{"not_picked":["construct:FocusedBeam+1","construct:ClusterMines+1"],"picked":"construct:Accumulate+1","floor":25},{"not_picked":["construct:Overcharge","construct:Accumulate+1"],"picked":"construct:Boost+1","floor":28},{"not_picked":["construct:VentSteam+1","construct:Accumulate+1"],"picked":"construct:Chainstrike+1","floor":29},{"not_picked":["construct:FierceBash+1","construct:OmegaCannon+1"],"picked":"construct:Boost+1","floor":30},{"not_picked":["construct:LongRangeLance","construct:Reserves"],"picked":"construct:BatteryCore","floor":33},{"not_picked":["construct:SweepLaser+1","construct:Accumulate+1"],"picked":"construct:Forcefield","floor":35},{"not_picked":["construct:SuppressiveFire+1","construct:SyphonStrike+1"],"picked":"construct:Forcefield","floor":37},{"not_picked":["construct:Synchronize","construct:QuickAttack+1"],"picked":"construct:FlameCore+1","floor":38},{"not_picked":["construct:VentSteam","construct:ShiftingStance"],"picked":"construct:Versatility+1","floor":38},{"not_picked":["construct:Zapper+1","construct:HeavyBolt+1"],"picked":"construct:GuardCore","floor":38},{"not_picked":["construct:Disrupt+1","construct:MemoryTap"],"picked":"construct:FlameCore","floor":38},{"not_picked":["construct:Accumulate+1","construct:Autoturret"],"picked":"construct:ChargeShot+1","floor":38},{"not_picked":["construct:ModeShift+1","construct:FierceBash+1"],"picked":"construct:Stasis","floor":41},{"not_picked":["construct:UnbalancingBlast+1","construct:SweepLaser+1"],"picked":"construct:ChargeShot+1","floor":42},{"not_picked":["construct:Reinforce","construct:ShiftingStance"],"picked":"construct:FlameCore","floor":44},{"not_picked":["construct:FocusedBeam+1","construct:SyphonStrike+1","construct:ModeShift+1"],"picked":"SKIP","floor":45},{"not_picked":["construct:Chainstrike+1","construct:Missile+1"],"picked":"construct:GuardCore+1","floor":46}],"player_experience":1918485,"relics_obtained":[{"floor":6.0,"key":"infinitespire:Broken Mirror"},{"floor":9.0,"key":"Darkstone Periapt"},{"floor":11.0,"key":"hubris:BottledRain"},{"floor":14.0,"key":"hexamod:BolsterEngine"},{"floor":20.0,"key":"infinitespire:PuzzleCube"},{"floor":25,"key":"infinitespire:ShieldingShard"},{"floor":26,"key":"Replay:Baseball"},{"floor":28,"key":"Iron Hammer"},{"floor":41,"key":"hubris:MobiusCoin"},{"floor":43,"key":"Vajra"},{"floor":44,"key":"Replay:Rubber Ducky"}],"event_choices":[{"damage_healed":0.0,"max_hp_gain":0.0,"max_hp_loss":0.0,"gold_gain":0.0,"event_name":"Living Wall","player_choice":"Grow","floor":12.0,"gold_loss":0.0,"damage_taken":0.0,"cards_upgraded":["construct:OneWayMirror"]},{"damage_healed":0.0,"max_hp_gain":0.0,"max_hp_loss":0.0,"gold_gain":0.0,"event_name":"Elementarium:OtherworldlyPassage","player_choice":"Enter","floor":20.0,"gold_loss":0.0,"damage_taken":0.0},{"damage_healed":0.0,"max_hp_gain":0.0,"max_hp_loss":0.0,"gold_gain":0.0,"event_name":"Elementarium:VoidShrine","player_choice":"Pray","floor":21.0,"gold_loss":0.0,"damage_taken":0.0,"cards_upgraded":["construct:AttackMode"]},{"damage_healed":0,"gold_gain":0,"player_choice":"Read","damage_taken":0,"max_hp_gain":0,"max_hp_loss":0,"event_name":"Elementarium:LostScrolls","floor":31,"gold_loss":0,"cards_obtained":["construct:ScopeCore"]},{"damage_healed":0,"gold_gain":100,"player_choice":"Pray","damage_taken":0,"max_hp_gain":0,"max_hp_loss":0,"event_name":"Golden Shrine","floor":39,"gold_loss":0}],"is_beta":false,"boss_relics":[{"not_picked":["hubris:BlackHole","SlaversCollar"],"picked":"sneckomod:SneckoTalon"},{"not_picked":["ChewingGum","Astrolabe"],"picked":"construct:ClawGrip"}],"items_purged_floors":[],"is_endless":false,"potions_floor_spawned":[1,3,7,14,18,20,22,25,33,37,45,46],"ascension_level":4}}