{"host":"u1dfzl6o6mfmauc3","time":1612722897,"event":{"mods":["2.2 Compatiblity","AchievementEnabler","BaseMod","Bestiary","Block Reminder","Challenge The Spire","Colored Map","Dark Map","Hermit","Highlight Path","Marisa????????","Minty Spire (QoL Compilation)","Random Character Button","Rare Cards Sparkle","Relic Stats","Robot Space Explorer","StSLib","The Disciple"],"gold_per_floor":[111,130,130,149,159,188,188,202,237,260,159,216,216,226,257,257,257,362,362,379,294,314,0,0,0,31,31,59,59,59,92,105,105,122,122,122,221,221,237,237,254,269,319,348,367,393,393,393,393,410,426,426,440,440,440,440],"floor_reached":57,"language":"ENG","playtime":2611,"items_purged":["RobotSpaceExplorer:Strike","RobotSpaceExplorer:Strike"],"score":1127,"play_id":"590aff35-df51-4dda-9dc3-82da6dbbdd26","local_time":"20210207133457","is_ascension_mode":true,"campfire_choices":[{"data":"RobotSpaceExplorer:Asteroid","floor":7,"key":"SMITH"},{"floor":13,"key":"REST"},{"data":"RobotSpaceExplorer:TurboDodge","floor":17,"key":"SMITH"},{"data":"RobotSpaceExplorer:Blaster","floor":27,"key":"SMITH"},{"data":"RobotSpaceExplorer:Fix","floor":30,"key":"SMITH"},{"floor":33,"key":"REST"},{"data":"RobotSpaceExplorer:Counterblock","floor":35,"key":"SMITH"},{"data":"RobotSpaceExplorer:ToxicBomb","floor":36,"key":"SMITH"},{"data":"RobotSpaceExplorer:Explosion","floor":48,"key":"SMITH"},{"data":"RobotSpaceExplorer:MiniLasers","floor":52,"key":"SMITH"},{"data":"RobotSpaceExplorer:FrostMissile","floor":54,"key":"SMITH"},{"data":"RobotSpaceExplorer:FreezingShield","floor":55,"key":"SMITH"}],"circlet_count":0,"master_deck":["RobotSpaceExplorer:Defend","RobotSpaceExplorer:Defend","RobotSpaceExplorer:Scan","RobotSpaceExplorer:MiniLasers+1","RobotSpaceExplorer:Asteroid+1","RobotSpaceExplorer:TurboDodge+1","RobotSpaceExplorer:SurgingStrike","RobotSpaceExplorer:FreezingShield+1","RobotSpaceExplorer:Counterblock+1","RobotSpaceExplorer:Blaster+1","RobotSpaceExplorer:TrailblazerForm","RobotSpaceExplorer:FrostMissile+1","RobotSpaceExplorer:JunkDive","RobotSpaceExplorer:Fix+1","Writhe","RobotSpaceExplorer:ToxicBomb+1","RobotSpaceExplorer:BigMissile+1","RobotSpaceExplorer:Jetpack+1","RobotSpaceExplorer:LaserBurst+1","RobotSpaceExplorer:Explosion+1","RobotSpaceExplorer:Asteroid+1","RobotSpaceExplorer:Blitz+1","RobotSpaceExplorer:DroneSwarm+1","RobotSpaceExplorer:MakeshiftVolley","RobotSpaceExplorer:DoubleBlock+1"],"relics":["RobotSpaceExplorer:RoboCore","Strawberry","Darkstone Periapt","Smiling Mask","Potion Belt","Vajra","Snecko Eye","Blood Vial","ClockworkSouvenir","Dream Catcher","Anchor","Bronze Scales","Gremlin Horn","Lantern","Boot","Astrolabe","Torii","CaptainsWheel","RobotSpaceExplorer:ClockworkSextant","Toy Ornithopter"],"acts_visited":["Exordium","TheCity","TheBeyond"],"potions_floor_usage":[26,28,31,37,37,39,46,56,56,56,56],"damage_taken":[{"damage":1,"enemies":"Cultist","floor":1,"turns":3},{"damage":0,"enemies":"2 Louse","floor":2,"turns":2},{"damage":0,"enemies":"Small Slimes","floor":4,"turns":3},{"damage":0,"enemies":"Blue Slaver","floor":5,"turns":2},{"damage":25,"enemies":"3 Sentries","floor":6,"turns":8},{"damage":0,"enemies":"2 Fungi Beasts","floor":8,"turns":4},{"damage":18,"enemies":"Lagavulin","floor":9,"turns":7},{"damage":0,"enemies":"Large Slime","floor":14,"turns":4},{"damage":14,"enemies":"3 Sentries","floor":15,"turns":9},{"damage":13,"enemies":"The Guardian","floor":18,"turns":12},{"damage":6,"enemies":"2 Thieves","floor":20,"turns":3},{"damage":3,"enemies":"Chosen","floor":22,"turns":4},{"damage":15,"enemies":"Book of Stabbing","floor":26,"turns":7},{"damage":1,"enemies":"Slavers","floor":28,"turns":7},{"damage":25,"enemies":"Book of Stabbing","floor":31,"turns":5},{"damage":0,"enemies":"Snake Plant","floor":32,"turns":2},{"damage":0,"enemies":"Snecko","floor":34,"turns":2},{"damage":31,"enemies":"Automaton","floor":37,"turns":10},{"damage":10,"enemies":"3 Darklings","floor":39,"turns":4},{"damage":0,"enemies":"Orb Walker","floor":41,"turns":2},{"damage":2,"enemies":"Maw","floor":42,"turns":6},{"damage":9,"enemies":"Mind Bloom Boss Battle","floor":43,"turns":5},{"damage":1,"enemies":"Giant Head","floor":44,"turns":10},{"damage":0,"enemies":"Sphere and 2 Shapes","floor":45,"turns":6},{"damage":23,"enemies":"Reptomancer","floor":46,"turns":5},{"damage":1,"enemies":"Spire Growth","floor":50,"turns":5},{"damage":1,"enemies":"Writhing Mass","floor":51,"turns":3},{"damage":0,"enemies":"Maw","floor":53,"turns":5},{"damage":6,"enemies":"Donu and Deca","floor":56,"turns":6}],"seed_played":"5870128157183061317","potions_obtained":[{"floor":1,"key":"SneckoOil"},{"floor":5,"key":"Swift Potion"},{"floor":6,"key":"RobotSpaceExplorer:RecyclePotion"},{"floor":9,"key":"Explosive Potion"},{"floor":14,"key":"SpeedPotion"},{"floor":18,"key":"Block Potion"},{"floor":26,"key":"DistilledChaos"},{"floor":34,"key":"RobotSpaceExplorer:RecyclePotion"},{"floor":39,"key":"Explosive Potion"},{"floor":45,"key":"RobotSpaceExplorer:PlasmaFlask"},{"floor":46,"key":"RobotSpaceExplorer:RecyclePotion"},{"floor":53,"key":"Ancient Potion"}],"is_trial":false,"path_per_floor":["M","M","?","M","M","E","R","M","E","T","$","?","R","M","E","?","R","B",null,"M","?","M","$","?","?","E","R","E","T","R","E","M","R","M","R","R","B",null,"M","?","M","M","?","E","M","E","T","R","?","M","M","R","M","R","R","B",null],"character_chosen":"RobotSpaceExplorer","items_purchased":["Weak Potion","RobotSpaceExplorer:JunkDive","ClockworkSouvenir","RobotSpaceExplorer:Fix"],"campfire_rested":2,"item_purchase_floors":[11,23,23,23],"current_hp_per_floor":[67,67,67,67,67,42,42,42,24,24,24,24,48,48,34,34,34,21,67,61,61,60,60,66,66,53,53,58,58,58,41,43,69,71,71,71,48,78,70,70,78,84,77,84,88,65,65,65,65,72,79,79,87,87,87,88],"gold":440,"neow_bonus":"ONE_RANDOM_RARE_CARD","is_daily":false,"chose_seed":false,"campfire_upgraded":10,"win_rate":0.0,"timestamp":1612722897,"path_taken":["M","M","?","M","M","E","R","M","E","T","$","?","R","M","E","?","R","BOSS","M","?","M","$","?","?","E","R","E","T","R","E","M","R","M","R","R","BOSS","M","?","M","M","?","E","M","E","T","R","?","M","?","R","M","R","R","BOSS"],"items_purchased_type":["Potion","Card","Relic","Card"],"build_version":"2020-12-22","purchased_purges":2,"victory":true,"max_hp_per_floor":[75,75,82,82,82,82,82,82,82,82,82,82,82,82,82,82,82,82,82,82,82,82,82,88,88,88,88,88,88,88,88,88,88,88,88,88,88,88,88,88,88,88,88,88,88,88,88,88,88,88,88,88,88,88,88,88],"relic_stats":{"Darkstone Periapt":6,"Gremlin Horn":[11,11],"Torii":1,"counters":[29,151],"Astrolabe":["RobotSpaceExplorer:Asteroid","RobotSpaceExplorer:Blitz","RobotSpaceExplorer:DroneSwarm"],"Smiling Mask":75,"Boot":[22],"Blood Vial":33,"Dream Catcher":1,"Bronze Scales":[220],"Snecko Eye":[164,171,158,170],"obtain_stats":[{"Darkstone Periapt":6,"Potion Belt":10,"RobotSpaceExplorer:ClockworkSextant":46,"Lantern":29,"Gremlin Horn":28,"Torii":43,"Astrolabe":38,"Vajra":15,"RobotSpaceExplorer:RoboCore":0,"Smiling Mask":9,"Boot":31,"ClockworkSouvenir":23,"Blood Vial":21,"Dream Catcher":24,"Anchor":26,"CaptainsWheel":44,"Strawberry":3,"Bronze Scales":26,"Snecko Eye":19,"Toy Ornithopter":47},{"Darkstone Periapt":5,"Potion Belt":7,"RobotSpaceExplorer:ClockworkSextant":25,"Lantern":14,"Gremlin Horn":14,"Torii":22,"Astrolabe":18,"Vajra":9,"RobotSpaceExplorer:RoboCore":0,"Smiling Mask":7,"Boot":15,"ClockworkSouvenir":12,"Blood Vial":11,"Dream Catcher":12,"Anchor":13,"CaptainsWheel":23,"Strawberry":2,"Bronze Scales":13,"Snecko Eye":10,"Toy Ornithopter":25},{"Darkstone Periapt":18,"Potion Belt":29,"RobotSpaceExplorer:ClockworkSextant":132,"Lantern":75,"Gremlin Horn":75,"Torii":111,"Astrolabe":94,"Vajra":42,"RobotSpaceExplorer:RoboCore":0,"Smiling Mask":29,"Boot":80,"ClockworkSouvenir":61,"Blood Vial":57,"Dream Catcher":61,"Anchor":68,"CaptainsWheel":121,"Strawberry":5,"Bronze Scales":68,"Snecko Eye":54,"Toy Ornithopter":132}],"Toy Ornithopter":0},"card_choices":[{"not_picked":["RobotSpaceExplorer:StarDust","RobotSpaceExplorer:DualCore"],"picked":"RobotSpaceExplorer:TurboDodge","floor":1},{"not_picked":["RobotSpaceExplorer:ToxicBomb","RobotSpaceExplorer:StunGrenade"],"picked":"RobotSpaceExplorer:GearShield","floor":2},{"not_picked":["RobotSpaceExplorer:StunGrenade","RobotSpaceExplorer:FreezeRay"],"picked":"RobotSpaceExplorer:SurgingStrike","floor":4},{"not_picked":["RobotSpaceExplorer:ExhaustFan","RobotSpaceExplorer:FranticSearch","RobotSpaceExplorer:DualCore"],"picked":"SKIP","floor":5},{"not_picked":["RobotSpaceExplorer:MiniBoosters","RobotSpaceExplorer:Comet"],"picked":"RobotSpaceExplorer:FreezingShield","floor":6},{"not_picked":["RobotSpaceExplorer:MetalStrike","RobotSpaceExplorer:GlueShot"],"picked":"RobotSpaceExplorer:Counterblock","floor":8},{"not_picked":["RobotSpaceExplorer:SelfCleaning","RobotSpaceExplorer:Counterblock","RobotSpaceExplorer:Ammunition"],"picked":"SKIP","floor":9},{"not_picked":["RobotSpaceExplorer:Explosion","RobotSpaceExplorer:FreezingShield","RobotSpaceExplorer:Probe"],"picked":"SKIP","floor":14},{"not_picked":["RobotSpaceExplorer:FreezingShield","RobotSpaceExplorer:FrostMissile"],"picked":"RobotSpaceExplorer:Blaster","floor":15},{"not_picked":["RobotSpaceExplorer:HighVoltage","RobotSpaceExplorer:Comet"],"picked":"RobotSpaceExplorer:TrailblazerForm","floor":18},{"not_picked":["RobotSpaceExplorer:FranticSearch+1","RobotSpaceExplorer:MiniBoosters"],"picked":"RobotSpaceExplorer:FrostMissile","floor":20},{"not_picked":["RobotSpaceExplorer:FranticSearch","RobotSpaceExplorer:ShovelStrike","RobotSpaceExplorer:Ammunition+1"],"picked":"SKIP","floor":22},{"not_picked":["RobotSpaceExplorer:Ammunition","RobotSpaceExplorer:PowerGlove","RobotSpaceExplorer:Explosion"],"picked":"SKIP","floor":26},{"not_picked":["RobotSpaceExplorer:SurgingStrike","RobotSpaceExplorer:PlasmaMissile"],"picked":"RobotSpaceExplorer:ToxicBomb","floor":28},{"not_picked":["RobotSpaceExplorer:GearShield","RobotSpaceExplorer:Jetpack"],"picked":"RobotSpaceExplorer:BigMissile+1","floor":31},{"not_picked":["RobotSpaceExplorer:Ammunition+1","RobotSpaceExplorer:Fix","RobotSpaceExplorer:Counterblock"],"picked":"SKIP","floor":32},{"not_picked":["RobotSpaceExplorer:BigMissile+1","RobotSpaceExplorer:SurgingShield"],"picked":"RobotSpaceExplorer:Jetpack+1","floor":33},{"not_picked":["RobotSpaceExplorer:JunkDive+1","RobotSpaceExplorer:Probe"],"picked":"RobotSpaceExplorer:LaserBurst+1","floor":34},{"not_picked":["RobotSpaceExplorer:ChargingLaser","RobotSpaceExplorer:TrailblazerForm"],"picked":"RobotSpaceExplorer:Explosion","floor":37},{"not_picked":["RobotSpaceExplorer:PowerGlove","RobotSpaceExplorer:GearShield+1","RobotSpaceExplorer:ShockKick"],"picked":"SKIP","floor":39},{"not_picked":["RobotSpaceExplorer:SurgingStrike","RobotSpaceExplorer:BigMissile+1"],"picked":"RobotSpaceExplorer:MakeshiftVolley","floor":41},{"not_picked":["RobotSpaceExplorer:DualCore+1","RobotSpaceExplorer:JunkDive"],"picked":"RobotSpaceExplorer:DoubleBlock+1","floor":42},{"not_picked":["RobotSpaceExplorer:GlueSpray","RobotSpaceExplorer:JunkDive","RobotSpaceExplorer:Smokescreen+1"],"picked":"SKIP","floor":44},{"not_picked":["RobotSpaceExplorer:Discharger+1","RobotSpaceExplorer:SurgingShield","RobotSpaceExplorer:Ammunition+1"],"picked":"SKIP","floor":45},{"not_picked":["RobotSpaceExplorer:Probe","RobotSpaceExplorer:Blitz+1","RobotSpaceExplorer:SelfCleaning"],"picked":"SKIP","floor":46},{"not_picked":["RobotSpaceExplorer:Accelerator","RobotSpaceExplorer:ScrapMissile","RobotSpaceExplorer:GlueShot+1"],"picked":"SKIP","floor":50},{"not_picked":["RobotSpaceExplorer:StunGrenade+1","RobotSpaceExplorer:GlueShot","RobotSpaceExplorer:PlasmaMissile+1"],"picked":"SKIP","floor":51},{"not_picked":["RobotSpaceExplorer:StunGrenade+1","RobotSpaceExplorer:BigMissile","RobotSpaceExplorer:FrostMissile"],"picked":"SKIP","floor":53}],"player_experience":238721,"relics_obtained":[{"floor":6,"key":"Darkstone Periapt"},{"floor":9,"key":"Smiling Mask"},{"floor":10,"key":"Potion Belt"},{"floor":15,"key":"Vajra"},{"floor":26,"key":"Anchor"},{"floor":26,"key":"Bronze Scales"},{"floor":28,"key":"Gremlin Horn"},{"floor":29,"key":"Lantern"},{"floor":31,"key":"Boot"},{"floor":43,"key":"Torii"},{"floor":44,"key":"CaptainsWheel"},{"floor":46,"key":"RobotSpaceExplorer:ClockworkSextant"},{"floor":47,"key":"Toy Ornithopter"}],"event_choices":[{"damage_healed":0,"gold_gain":0,"player_choice":"Success","damage_taken":7,"relics_obtained":["Strawberry"],"max_hp_gain":0,"max_hp_loss":0,"event_name":"Scrap Ooze","floor":3,"gold_loss":0},{"damage_healed":0,"gold_gain":57,"player_choice":"Gained Gold","damage_taken":0,"max_hp_gain":0,"max_hp_loss":0,"event_name":"Golden Wing","floor":12,"gold_loss":0},{"damage_healed":0,"gold_gain":0,"player_choice":"Ignored","damage_taken":0,"max_hp_gain":0,"max_hp_loss":0,"event_name":"Liars Game","floor":16,"gold_loss":0},{"damage_healed":0,"gold_gain":0,"player_choice":"Obtained Relic","damage_taken":0,"relics_obtained":["Blood Vial"],"max_hp_gain":0,"max_hp_loss":0,"event_name":"Addict","floor":21,"gold_loss":85},{"damage_healed":0,"gold_gain":0,"player_choice":"Opened","damage_taken":0,"relics_obtained":["Dream Catcher"],"max_hp_gain":0,"max_hp_loss":0,"event_name":"The Mausoleum","floor":24,"gold_loss":0,"cards_obtained":["Writhe"]},{"damage_healed":0,"gold_gain":0,"player_choice":"1 cards matched","damage_taken":0,"max_hp_gain":0,"max_hp_loss":0,"event_name":"Match and Keep!","floor":25,"gold_loss":0,"cards_obtained":["RobotSpaceExplorer:LuckyFind"]},{"cards_removed":["RobotSpaceExplorer:GearShield"],"damage_healed":0,"gold_gain":0,"player_choice":"Removed Skill","damage_taken":0,"max_hp_gain":0,"max_hp_loss":0,"event_name":"Falling","floor":40,"gold_loss":0},{"damage_healed":0,"gold_gain":0,"player_choice":"Fight","damage_taken":0,"max_hp_gain":0,"max_hp_loss":0,"event_name":"MindBloom","floor":43,"gold_loss":0},{"cards_removed":["RobotSpaceExplorer:Defend"],"damage_healed":0,"gold_gain":0,"player_choice":"Offered Basic","damage_taken":0,"max_hp_gain":0,"max_hp_loss":0,"event_name":"Bonfire Elementals","floor":49,"gold_loss":0}],"is_beta":false,"boss_relics":[{"not_picked":["Black Star","Sozu"],"picked":"Snecko Eye"},{"not_picked":["Cursed Key","Pandora\u0027s Box"],"picked":"Astrolabe"}],"items_purged_floors":[11,23],"is_endless":false,"potions_floor_spawned":[1,5,6,9,14,18,20,26,34,39,45,46,53],"ascension_level":8}}