{"host":"Aki","time":1612673968,"event":{"mods":["Act Like it!","BaseMod","Custom Start","Gensokyo","Minty Spire (QoL Compilation)","Quick Restart","StSLib","noobMod"],"gold_per_floor":[119,119,119,70,87,104,104,121,121,121,138,138,152,168,168,268,268,280,20,39,39,39,71,51,64,64,80,93,93,106,116,116,212,212,231,231,231,246,257,257,273,304,304,304,27,46,63,78,78,78,78],"floor_reached":50,"language":"ZHS","playtime":1730,"items_purged":["Defend_B"],"score":492,"play_id":"27c8ee98-9a2f-4a81-b4b8-b8caa601e0d4","local_time":"20210207125928","is_ascension_mode":false,"campfire_choices":[{"data":"Dualcast","floor":7.0,"key":"SMITH"},{"data":"Tempest","floor":10.0,"key":"SMITH"},{"floor":12.0,"key":"RECALL"},{"data":"Streamline","floor":15.0,"key":"SMITH"},{"data":"Turbo","floor":29.0,"key":"SMITH"},{"data":"Turbo","floor":32.0,"key":"SMITH"},{"data":"Heatsinks","floor":40,"key":"SMITH"},{"data":"Recycle","floor":44,"key":"SMITH"},{"data":"Consume","floor":49,"key":"SMITH"}],"circlet_count":0,"master_deck":["Defend_B","Defend_B","Defend_B","Zap","Ball Lightning","Tempest+1","Self Repair","Core Surge","Streamline+1","Reboot","Consume+1","Heatsinks+1","Turbo+1","Reboot","Consume+1","Turbo+1","Cold Snap+1","Echo Form","Coolheaded+1","Recycle+1","Skim","Double Energy+1"],"relics":["Cracked Core","ice","Inserter","Runic Capacitor","Pear","Art of War","Letter Opener","Sozu","Anchor","Blue Candle","Ancient Tea Set","Chemical X","Toolbox"],"acts_visited":["Exordium","TheCity","TheCity"],"potions_floor_usage":[],"damage_taken":[{"damage":2.0,"enemies":"2 Louse","floor":1.0,"turns":2.0},{"damage":1.0,"enemies":"Jaw Worm","floor":5.0,"turns":2.0},{"damage":1.0,"enemies":"Cultist","floor":6.0,"turns":3.0},{"damage":2.0,"enemies":"Blue Slaver","floor":8.0,"turns":2.0},{"damage":12.0,"enemies":"Gremlin Gang","floor":11.0,"turns":3.0},{"damage":3.0,"enemies":"2 Fungi Beasts","floor":13.0,"turns":3.0},{"damage":4.0,"enemies":"Blue Slaver","floor":14.0,"turns":3.0},{"damage":28.0,"enemies":"Hexaghost","floor":16.0,"turns":8.0},{"damage":0.0,"enemies":"Chosen","floor":18.0,"turns":3.0},{"damage":15.0,"enemies":"2 Thieves","floor":20.0,"turns":3.0},{"damage":74.0,"enemies":"Gremlin Leader","floor":23.0,"turns":7.0},{"damage":10.0,"enemies":"Centurion and Healer","floor":25.0,"turns":5.0},{"damage":10.0,"enemies":"Cultist and Chosen","floor":27.0,"turns":4.0},{"damage":14.0,"enemies":"Snake Plant","floor":28.0,"turns":3.0},{"damage":10.0,"enemies":"Sentry and Sphere","floor":30.0,"turns":3.0},{"damage":10.0,"enemies":"Cultist and Chosen","floor":31.0,"turns":3.0},{"damage":31.0,"enemies":"Champ","floor":33.0,"turns":7.0},{"damage":16.0,"enemies":"Gensokyo:3_Bats","floor":35.0,"turns":3.0},{"damage":17,"enemies":"Gensokyo:3_Boulders","floor":38,"turns":4},{"damage":9,"enemies":"Gensokyo:Sharpion","floor":39,"turns":4},{"damage":45,"enemies":"Gensokyo:Rafflesia","floor":41,"turns":7},{"damage":38,"enemies":"Gensokyo:Doremy","floor":42,"turns":5},{"damage":0,"enemies":"Gensokyo:3_Boulders","floor":46,"turns":3},{"damage":0,"enemies":"Gensokyo:AtlasGolem","floor":47,"turns":3},{"damage":6,"enemies":"Gensokyo:Dusk_and_Dawn","floor":48,"turns":3},{"damage":15,"enemies":"Gensokyo:Yuyuko","floor":50,"turns":4}],"seed_played":"-422345734090680454","potions_obtained":[{"floor":1.0,"key":"BlessingOfTheForge"},{"floor":6.0,"key":"EssenceOfSteel"},{"floor":11.0,"key":"SteroidPotion"},{"floor":14.0,"key":"ColorlessPotion"},{"floor":18.0,"key":"FearPotion"},{"floor":20.0,"key":"Block Potion"},{"floor":23.0,"key":"Swift Potion"},{"floor":24.0,"key":"Fire Potion"},{"floor":30.0,"key":"AttackPotion"}],"is_trial":false,"path_per_floor":["M","?","?","$","M","M","R","M","T","R","M","R","M","M","R","B",null,"M","$","M","?","?","E","?","M","T","M","M","R","M","M","R","B",null,"M","?","?","M","M","R","M","E","T","R","COS","M","M","M","R","B"],"character_chosen":"DEFECT","items_purchased":["Ball Lightning","Runic Capacitor","Heatsinks"],"campfire_rested":0,"item_purchase_floors":[4,19,19],"current_hp_per_floor":[52,52,52,52,51,50,50,48,48,48,43,43,47,43,43,22,75,75,75,67,77,77,10,10,75,75,72,65,65,55,52,52,28,98,89,89,89,79,77,77,39,8,8,8,8,8,15,16,16,0,0],"gold":78,"neow_bonus":"REMOVE_TWO","is_daily":false,"chose_seed":false,"campfire_upgraded":8,"win_rate":0.0,"timestamp":1612673968,"path_taken":["M","?","?","$","M","M","R","M","T","R","M","R","M","M","R","BOSS","M","$","M","?","?","E","?","M","T","?","M","R","M","M","R","BOSS","M","?","?","?","M","R","M","E","T","R","COS","M","?","M","R","BOSS"],"items_purchased_type":["Card","Relic","Card"],"build_version":"2020-12-18","purchased_purges":1,"victory":false,"max_hp_per_floor":[75,75,75,75,75,75,75,75,75,75,75,75,75,75,75,75,75,75,75,75,85,85,85,85,86,86,89,92,92,93,95,95,98,98,100,100,100,100,100,100,100,100,100,100,100,100,100,100,100,1,1],"card_choices":[{"not_picked":["FTL","BootSequence","Leap"],"picked":"SKIP","floor":1.0},{"not_picked":["Loop","Sunder","Storm"],"picked":"SKIP","floor":5.0},{"not_picked":["Gash","Sweeping Beam"],"picked":"Tempest","floor":6.0},{"not_picked":["Doom and Gloom","Hologram"],"picked":"Self Repair","floor":8.0},{"not_picked":["Barrage","Reprogram"],"picked":"Core Surge","floor":11.0},{"not_picked":["Go for the Eyes","FTL"],"picked":"Streamline","floor":13.0},{"not_picked":["Sunder","Leap","Gash"],"picked":"SKIP","floor":14.0},{"not_picked":["Buffer","Core Surge"],"picked":"Reboot","floor":16.0},{"not_picked":["Leap","Cold Snap"],"picked":"Consume","floor":18.0},{"not_picked":["Compile Driver","Rebound","Go for the Eyes"],"picked":"SKIP","floor":20.0},{"not_picked":["Beam Cell","Sunder+1"],"picked":"Turbo","floor":23.0},{"not_picked":["Chill","FTL"],"picked":"Reboot","floor":25.0},{"not_picked":["Hologram","Blizzard","Steam Power"],"picked":"SKIP","floor":27.0},{"not_picked":["Stack","Leap"],"picked":"Consume+1","floor":28.0},{"not_picked":["Aggregate","Sweeping Beam"],"picked":"Turbo","floor":30.0},{"not_picked":["Stack","Redo"],"picked":"Cold Snap+1","floor":31.0},{"not_picked":["Meteor Strike","Rainbow"],"picked":"Echo Form","floor":33.0},{"not_picked":["Fusion","Beam Cell"],"picked":"Coolheaded+1","floor":35.0},{"not_picked":["BootSequence+1","Storm","Hologram+1"],"picked":"SKIP","floor":38},{"not_picked":["Compile Driver","Rebound","Chaos+1"],"picked":"SKIP","floor":39},{"not_picked":["Redo+1","Steam","Go for the Eyes+1"],"picked":"SKIP","floor":41},{"not_picked":["Storm","Hello World+1"],"picked":"Recycle","floor":42},{"not_picked":["Rebound","Steam","Sweeping Beam"],"picked":"SKIP","floor":46},{"not_picked":["Aggregate+1","Gash+1"],"picked":"Skim","floor":47},{"not_picked":["Leap","Reinforced Body"],"picked":"Double Energy+1","floor":48}],"player_experience":40536,"relics_obtained":[{"floor":23.0,"key":"Art of War"},{"floor":26.0,"key":"Letter Opener"},{"floor":42,"key":"Blue Candle"},{"floor":43,"key":"Ancient Tea Set"}],"event_choices":[{"cards_removed":["Strike_B"],"damage_healed":0.0,"max_hp_gain":0.0,"max_hp_loss":0.0,"gold_gain":0.0,"event_name":"Living Wall","player_choice":"Forget","floor":2.0,"gold_loss":0.0,"damage_taken":0.0},{"cards_removed":["Strike_B"],"damage_healed":0.0,"max_hp_gain":0.0,"max_hp_loss":0.0,"gold_gain":0.0,"event_name":"Purifier","player_choice":"Purged","floor":3.0,"gold_loss":0.0,"damage_taken":0.0},{"damage_healed":0.0,"max_hp_gain":0.0,"max_hp_loss":0.0,"gold_gain":0.0,"event_name":"The Mausoleum","player_choice":"Opened","floor":21.0,"gold_loss":0.0,"damage_taken":0.0,"relics_obtained":["Pear"]},{"damage_healed":0.0,"max_hp_gain":0.0,"max_hp_loss":0.0,"gold_gain":0.0,"event_name":"Vampires","player_choice":"Ignored","floor":22.0,"gold_loss":0.0,"damage_taken":0.0},{"damage_healed":0.0,"max_hp_gain":0.0,"max_hp_loss":0.0,"gold_gain":0.0,"event_name":"The Woman in Blue","player_choice":"Bought 1 Potion","floor":24.0,"gold_loss":0.0,"damage_taken":0.0}],"is_beta":true,"boss_relics":[{"not_picked":["FrozenCore","Busted Crown"],"picked":"Inserter"},{"not_picked":["Cursed Key","Philosopher\u0027s Stone"],"picked":"Sozu"}],"items_purged_floors":[19],"is_endless":false,"potions_floor_spawned":[1,6,11,14,18,20,23,30,38,42,46,48],"killed_by":"Gensokyo:Yuyuko","ascension_level":0}}