{"host":"7ap89n2sm7vm35bt","time":1612701606,"event":{"mods":["AchievementEnabler","Aspiration","BaseMod","Minty Spire (QoL Compilation)","StSLib","[IsaacMod]ÒÔÈö¼âËþ"],"gold_per_floor":[112,112,37,112,124,153,153,172,195,207,231,260,289,301,313,325,325],"floor_reached":16,"language":"ZHS","playtime":409,"items_purged":["Strike_R"],"score":127,"play_id":"147a6e00-3fdb-4f4a-a6d2-822fcabebc26","local_time":"20210207204006","is_ascension_mode":false,"campfire_choices":[{"data":"Body Slam","floor":10.0,"key":"SMITH"},{"data":"Seeing Red","floor":15.0,"key":"SMITH"}],"circlet_count":0,"master_deck":["Strike_R","Strike_R","Strike_R","Defend_R","Defend_R","Defend_R","Defend_R","Bash","Body Slam+1","Cleave","Reckless Charge","Seeing Red+1"],"relics":["Burning Blood","HushsDoor","NeowsBlessing","DeadEye","Blood Vial","Anchor","MawBank","Girya"],"acts_visited":["Exordium"],"potions_floor_usage":[16,16],"damage_taken":[{"damage":0.0,"enemies":"Jaw Worm","floor":1.0,"turns":1.0},{"damage":0.0,"enemies":"2 Louse","floor":5.0,"turns":1.0},{"damage":0.0,"enemies":"Gremlin Nob","floor":6.0,"turns":1.0},{"damage":0.0,"enemies":"Small Slimes","floor":8.0,"turns":3.0},{"damage":0.0,"enemies":"Looter","floor":11.0,"turns":2.0},{"damage":9.0,"enemies":"Exordium Thugs","floor":12.0,"turns":3.0},{"damage":1.0,"enemies":"Gremlin Gang","floor":13.0,"turns":4.0},{"damage":90,"enemies":"Hexaghost","floor":16,"turns":10}],"seed_played":"-9133537449632044285","potions_obtained":[{"floor":5.0,"key":"SneckoOil"},{"floor":6.0,"key":"Regen Potion"},{"floor":12.0,"key":"Block Potion"}],"is_trial":false,"path_per_floor":["M","?","$","?","M","E","?","M","T","R","M","M","M","T","R","B"],"character_chosen":"IRONCLAD","items_purchased":[],"campfire_rested":0,"item_purchase_floors":[],"current_hp_per_floor":[80,55,55,44,52,60,53,61,61,61,69,68,75,75,75,0,0],"gold":325,"neow_bonus":"THREE_ENEMY_KILL","is_daily":false,"chose_seed":false,"campfire_upgraded":2,"win_rate":0.0,"timestamp":1612701606,"path_taken":["M","?","$","?","M","E","?","M","T","R","M","?","M","?","R","BOSS"],"items_purchased_type":[],"build_version":"2020-12-22","purchased_purges":1,"victory":false,"max_hp_per_floor":[80,80,80,80,80,80,80,80,80,80,80,80,80,80,80,80,80],"card_choices":[{"not_picked":["Rampage","Armaments"],"picked":"Body Slam","floor":1.0},{"not_picked":["Shockwave","Anger","Clash"],"picked":"SKIP","floor":5.0},{"not_picked":["Headbutt","Wild Strike"],"picked":"Cleave","floor":6.0},{"not_picked":["Body Slam","Pummel","Offering"],"picked":"SKIP","floor":8.0},{"not_picked":["Sever Soul","Headbutt"],"picked":"Reckless Charge","floor":11.0},{"not_picked":["Bloodletting","Heavy Blade","Sever Soul"],"picked":"SKIP","floor":12.0},{"not_picked":["Heavy Blade","Shrug It Off"],"picked":"Seeing Red","floor":13.0}],"player_experience":257109,"relics_obtained":[{"floor":6.0,"key":"Anchor"},{"floor":9.0,"key":"MawBank"},{"floor":14.0,"key":"Girya"}],"event_choices":[{"damage_healed":0.0,"max_hp_gain":0.0,"max_hp_loss":0.0,"gold_gain":0.0,"event_name":"Scrap Ooze","player_choice":"Success","floor":2.0,"gold_loss":0.0,"damage_taken":25.0,"relics_obtained":["Blood Vial"]},{"damage_healed":0.0,"max_hp_gain":0.0,"max_hp_loss":0.0,"gold_gain":75.0,"event_name":"World of Goop","player_choice":"Gather Gold","floor":4.0,"gold_loss":0.0,"damage_taken":11.0},{"cards_removed":["Strike_R"],"damage_healed":0.0,"max_hp_gain":0.0,"max_hp_loss":0.0,"gold_gain":0.0,"event_name":"Golden Wing","player_choice":"Card Removal","floor":7.0,"gold_loss":0.0,"damage_taken":7.0}],"is_beta":false,"boss_relics":[],"items_purged_floors":[3],"is_endless":false,"potions_floor_spawned":[5,6,12],"killed_by":"Hexaghost","ascension_level":0}}