{"host":"qc8p2flj7wsy3zpg","time":1612661724,"event":{"mods":["BaseMod","Highlight Path","Minty Spire (QoL Compilation)","Monster List Patch","Relic Stats","StSLib"],"gold_per_floor":[116,116,28,47,57,83,83,93,93,93,18,50,67,78,78,149,149,167,167,186,202,127,177,177,177],"floor_reached":24,"language":"ENG","playtime":911,"items_purged":["Strike_R"],"score":465,"play_id":"0773c6b2-9676-4974-ae63-4f1b9a54e3c0","local_time":"20210206193524","is_ascension_mode":true,"campfire_choices":[{"data":"Feed","floor":7,"key":"SMITH"},{"data":"Uppercut","floor":10,"key":"SMITH"},{"data":"True Grit","floor":15,"key":"SMITH"}],"circlet_count":0,"master_deck":["AscendersBane","Strike_R+1","Strike_R","Strike_R","Defend_R","Defend_R","Defend_R","Defend_R","Bash+1","Feed+1","Uppercut+1","Inflame","Cleave","Pummel","Spot Weakness","Carnage","True Grit+1","Shockwave","Corruption","Sword Boomerang","Heavy Blade"],"relics":["Burning Blood","Spirit Poop","Whetstone","StrikeDummy","Mango","Black Star"],"acts_visited":["Exordium","TheCity"],"potions_floor_usage":[16,16,21,24],"damage_taken":[{"damage":4,"enemies":"Small Slimes","floor":1,"turns":4},{"damage":4,"enemies":"Cultist","floor":4,"turns":3},{"damage":7,"enemies":"Jaw Worm","floor":5,"turns":3},{"damage":26,"enemies":"Gremlin Nob","floor":6,"turns":4},{"damage":7,"enemies":"2 Fungi Beasts","floor":8,"turns":4},{"damage":20,"enemies":"3 Sentries","floor":12,"turns":5},{"damage":16,"enemies":"3 Louse","floor":13,"turns":3},{"damage":18,"enemies":"Exordium Wildlife","floor":14,"turns":5},{"damage":19,"enemies":"Hexaghost","floor":16,"turns":10},{"damage":7,"enemies":"Chosen","floor":18,"turns":4},{"damage":18,"enemies":"3 Byrds","floor":20,"turns":6},{"damage":40,"enemies":"Snake Plant","floor":21,"turns":6},{"damage":33,"enemies":"Book of Stabbing","floor":24,"turns":4}],"seed_played":"-7205045495283994001","potions_obtained":[{"floor":4,"key":"Swift Potion"},{"floor":12,"key":"PowerPotion"},{"floor":14,"key":"DistilledChaos"},{"floor":16,"key":"SpeedPotion"},{"floor":20,"key":"ColorlessPotion"}],"is_trial":false,"path_per_floor":["M","?","$","M","M","E","R","M","T","R","$","E","M","M","R","B",null,"M","?","M","M","?","?","E"],"character_chosen":"IRONCLAD","items_purchased":["Inflame"],"campfire_rested":0,"item_purchase_floors":[3],"current_hp_per_floor":[73,73,73,78,80,63,63,66,66,66,66,70,64,56,56,47,103,106,67,59,29,29,29,0,0],"gold":177,"neow_bonus":"THREE_RARE_CARDS","is_daily":false,"chose_seed":false,"campfire_upgraded":3,"win_rate":0.0,"timestamp":1612661724,"path_taken":["M","?","$","M","M","E","R","?","T","R","$","E","M","M","R","BOSS","M","?","M","M","?","?","E"],"items_purchased_type":["Card"],"build_version":"2020-12-22","purchased_purges":1,"victory":false,"max_hp_per_floor":[78,78,78,81,84,87,87,91,91,91,91,109,113,117,117,121,121,125,130,134,138,138,138,138,138],"relic_stats":{"counters":[13,61],"Black Star":0,"Whetstone":["Bash","Strike_R"],"obtain_stats":[{"Spirit Poop":2,"Mango":12,"Black Star":17,"Whetstone":6,"StrikeDummy":9,"Burning Blood":0},{"Spirit Poop":1,"Mango":6,"Black Star":9,"Whetstone":4,"StrikeDummy":5,"Burning Blood":0},{"Spirit Poop":4,"Mango":23,"Black Star":41,"Whetstone":14,"StrikeDummy":18,"Burning Blood":0}],"Burning Blood":72},"card_choices":[{"not_picked":["Brutality","Reaper"],"picked":"Feed","floor":0},{"not_picked":["Heavy Blade","Metallicize"],"picked":"Uppercut","floor":1},{"not_picked":["Havoc","Battle Trance"],"picked":"Cleave","floor":4},{"not_picked":["Headbutt","Wild Strike"],"picked":"Pummel","floor":5},{"not_picked":["Wild Strike","Warcry"],"picked":"Spot Weakness","floor":6},{"not_picked":["Fire Breathing","Bloodletting"],"picked":"Carnage","floor":12},{"not_picked":["Headbutt","Fiend Fire"],"picked":"True Grit","floor":13},{"not_picked":["Twin Strike","True Grit"],"picked":"Shockwave","floor":14},{"not_picked":["Bludgeon","Feed"],"picked":"Corruption","floor":16},{"not_picked":["Cleave","Pummel"],"picked":"Sword Boomerang","floor":18},{"not_picked":["Warcry","Cleave"],"picked":"Heavy Blade","floor":21}],"player_experience":2325521,"relics_obtained":[{"floor":6,"key":"Whetstone"},{"floor":9,"key":"StrikeDummy"},{"floor":12,"key":"Mango"}],"event_choices":[{"cards_removed":["Normality"],"damage_healed":0,"gold_gain":0,"player_choice":"Offered Curse","damage_taken":0,"relics_obtained":["Spirit Poop"],"max_hp_gain":0,"max_hp_loss":0,"event_name":"Bonfire Elementals","floor":2,"gold_loss":0},{"damage_healed":0,"gold_gain":0,"player_choice":"Shed Blood","damage_taken":44,"max_hp_gain":5,"max_hp_loss":0,"event_name":"Forgotten Altar","floor":19,"gold_loss":0},{"cards_removed":["Strike_R"],"damage_healed":0,"gold_gain":0,"player_choice":"Gave Gold","damage_taken":0,"max_hp_gain":0,"max_hp_loss":0,"event_name":"Beggar","floor":22,"gold_loss":75},{"damage_healed":0,"gold_gain":50,"player_choice":"Stole From Cult","damage_taken":0,"max_hp_gain":0,"max_hp_loss":0,"event_name":"Nest","floor":23,"gold_loss":0}],"is_beta":false,"boss_relics":[{"not_picked":["Astrolabe","Calling Bell"],"picked":"Black Star"}],"items_purged_floors":[11],"is_endless":false,"potions_floor_spawned":[4,12,13,14,16,20],"killed_by":"Book of Stabbing","ascension_level":20}}