{"host":"kqjncq1jgqa58i7s","time":1612731822,"event":{"mods":["AchievementEnabler","BaseMod","Colored Map","Minty Spire (QoL Compilation)","Relic Stats"],"gold_per_floor":[99,99,99,99,99,99,59,59,59,59,59,59,59,59,59,59,59,59,59,59,59,59,59,59,59,59,59,59,59,59],"floor_reached":29,"language":"ENG","playtime":1776,"items_purged":[],"score":564,"play_id":"6a112ad6-f9c2-4971-aadc-2b333e14491f","local_time":"20210207220342","is_ascension_mode":true,"campfire_choices":[{"data":"DeceiveReality","floor":8,"key":"SMITH"},{"data":"Eruption","floor":10,"key":"SMITH"},{"data":"Protect","floor":12,"key":"SMITH"},{"floor":15,"key":"REST"},{"data":"Ghostly","floor":24,"key":"SMITH"},{"data":"WaveOfTheHand","floor":27,"key":"SMITH"}],"circlet_count":0,"master_deck":["AscendersBane","Strike_P","Strike_P","Strike_P","Strike_P","Defend_P","Defend_P","Defend_P","Defend_P","Eruption+1","Vigilance","SignatureMove+1","Evaluate","Protect+1","DeceiveReality+1","Tantrum","Prostrate","Protect","WaveOfTheHand+1","Scrawl","Blasphemy","Ghostly+1","Ghostly","Ghostly","TalkToTheHand","ThirdEye+1"],"relics":["Ectoplasm","GoldenEye","Bronze Scales","Art of War","Snecko Eye","Red Mask","MutagenicStrength","Centennial Puzzle"],"acts_visited":["Exordium","TheCity"],"potions_floor_usage":[13,20,20,29],"damage_taken":[{"damage":0,"enemies":"Small Slimes","floor":1,"turns":4},{"damage":0,"enemies":"Cultist","floor":2,"turns":3},{"damage":7,"enemies":"Jaw Worm","floor":4,"turns":3},{"damage":0,"enemies":"Large Slime","floor":5,"turns":2},{"damage":0,"enemies":"Lagavulin","floor":6,"turns":5},{"damage":5,"enemies":"Looter","floor":7,"turns":3},{"damage":3,"enemies":"Blue Slaver","floor":11,"turns":2},{"damage":16,"enemies":"Gremlin Nob","floor":13,"turns":3},{"damage":12,"enemies":"Lots of Slimes","floor":14,"turns":4},{"damage":8,"enemies":"The Guardian","floor":16,"turns":9},{"damage":9,"enemies":"3 Byrds","floor":18,"turns":3},{"damage":4,"enemies":"Spheric Guardian","floor":19,"turns":6},{"damage":20,"enemies":"Masked Bandits","floor":20,"turns":5},{"damage":2,"enemies":"Book of Stabbing","floor":23,"turns":7},{"damage":0,"enemies":"Snake Plant","floor":25,"turns":3},{"damage":0,"enemies":"Snecko","floor":28,"turns":5},{"damage":33,"enemies":"3 Cultists","floor":29,"turns":6}],"seed_played":"3878432779589295365","potions_obtained":[{"floor":1,"key":"GamblersBrew"},{"floor":6,"key":"PowerPotion"},{"floor":14,"key":"SkillPotion"},{"floor":25,"key":"SpeedPotion"},{"floor":28,"key":"Strength Potion"}],"is_trial":false,"path_per_floor":["M","M","?","M","M","E","M","R","T","R","M","R","E","M","R","B",null,"M","M","?","?","?","E","R","M","T","R","M","M"],"character_chosen":"WATCHER","items_purchased":[],"campfire_rested":1,"item_purchase_floors":[],"current_hp_per_floor":[61,61,61,54,54,54,49,49,49,49,46,46,30,18,38,30,59,50,46,26,26,26,24,24,24,24,24,24,0,0],"gold":59,"neow_bonus":"BOSS_RELIC","is_daily":false,"chose_seed":false,"campfire_upgraded":5,"win_rate":0.0,"timestamp":1612731822,"path_taken":["M","M","?","M","M","E","?","R","T","R","M","R","E","M","R","BOSS","M","?","?","?","?","E","R","M","T","R","M","?"],"items_purchased_type":[],"build_version":"2020-12-22","purchased_purges":0,"victory":false,"max_hp_per_floor":[68,68,68,68,68,68,68,68,68,68,68,68,68,68,68,68,68,68,68,68,68,34,34,34,34,34,34,34,34,34],"relic_stats":{"Centennial Puzzle":[3],"counters":[17,73],"Bronze Scales":[274],"Snecko Eye":[69,62,53,79],"Ectoplasm":453,"Art of War":[15],"GoldenEye":[4],"obtain_stats":[{"Centennial Puzzle":23,"Bronze Scales":9,"MutagenicStrength":21,"Snecko Eye":17,"Ectoplasm":0,"Art of War":13,"Red Mask":20,"PureWater":0,"GoldenEye":6},{"Centennial Puzzle":14,"Bronze Scales":6,"MutagenicStrength":13,"Snecko Eye":10,"Ectoplasm":0,"Art of War":8,"Red Mask":13,"PureWater":0,"GoldenEye":5},{"Centennial Puzzle":59,"Bronze Scales":20,"MutagenicStrength":52,"Snecko Eye":38,"Ectoplasm":0,"Art of War":25,"Red Mask":52,"PureWater":0,"GoldenEye":17}]},"card_choices":[{"not_picked":["FlyingSleeves","Study"],"picked":"SignatureMove","floor":1},{"not_picked":["SashWhip","Prostrate"],"picked":"Evaluate","floor":2},{"not_picked":["Indignation","CutThroughFate"],"picked":"Protect","floor":4},{"not_picked":["InnerPeace","Prostrate"],"picked":"DeceiveReality","floor":5},{"not_picked":["CutThroughFate","Collect"],"picked":"Tantrum","floor":6},{"not_picked":["LessonLearned","FearNoEvil"],"picked":"Prostrate","floor":7},{"not_picked":["Pray","InnerPeace"],"picked":"Protect","floor":11},{"not_picked":["DeceiveReality","FlyingSleeves"],"picked":"WaveOfTheHand","floor":13},{"not_picked":["Evaluate","CutThroughFate","SashWhip"],"picked":"SKIP","floor":14},{"not_picked":["Brilliance","Establishment"],"picked":"Scrawl","floor":16},{"not_picked":["SashWhip","EmptyBody","ReachHeaven"],"picked":"SKIP","floor":18},{"not_picked":["BowlingBash","SashWhip+1","FollowUp"],"picked":"SKIP","floor":19},{"not_picked":["CarveReality","JustLucky"],"picked":"Blasphemy","floor":20},{"not_picked":["Prostrate","CrushJoints","PathToVictory"],"picked":"SKIP","floor":23},{"not_picked":["Protect","Sanctity+1"],"picked":"TalkToTheHand","floor":25},{"not_picked":["EmptyBody","JustLucky"],"picked":"ThirdEye+1","floor":28}],"player_experience":1662298,"relics_obtained":[{"floor":6,"key":"GoldenEye"},{"floor":9,"key":"Bronze Scales"},{"floor":13,"key":"Art of War"},{"floor":20,"key":"Red Mask"},{"floor":23,"key":"Centennial Puzzle"}],"event_choices":[{"damage_healed":0,"gold_gain":0,"player_choice":"Upgraded","damage_taken":0,"max_hp_gain":0,"max_hp_loss":0,"event_name":"Upgrade Shrine","floor":3,"gold_loss":0,"cards_upgraded":["SignatureMove"]},{"damage_healed":0,"gold_gain":0,"player_choice":"Fought Bandits","damage_taken":0,"max_hp_gain":0,"max_hp_loss":0,"event_name":"Masked Bandits","floor":20,"gold_loss":0},{"damage_healed":0,"gold_gain":0,"player_choice":"Inject Mutagens","damage_taken":0,"relics_obtained":["MutagenicStrength"],"max_hp_gain":0,"max_hp_loss":0,"event_name":"Drug Dealer","floor":21,"gold_loss":0},{"damage_healed":0,"gold_gain":0,"player_choice":"Became a Ghost","damage_taken":0,"max_hp_gain":0,"max_hp_loss":34,"event_name":"Ghosts","floor":22,"gold_loss":0,"cards_obtained":["Ghostly","Ghostly","Ghostly"]}],"is_beta":false,"boss_relics":[{"not_picked":["Velvet Choker","Coffee Dripper"],"picked":"Snecko Eye"}],"items_purged_floors":[],"is_endless":false,"potions_floor_spawned":[1,6,11,14,18,25,28],"killed_by":"3 Cultists","ascension_level":20}}