{"host":"y7b1p9nkx4idorr2","time":1612713468,"event":{"mods":["AchievementEnabler","Act Like it!","BaseMod","Colored Map","Downfall","GifTheSpireLib","Googly Eyes","Highlight Path","Mimic Mod","Minty Spire (QoL Compilation)","Shop Mod","Spicy Shops","StSLib","Unceasing Turn Reminder"],"gold_per_floor":[99,109,122,142,153,19,44,44,63,97,97,97,126,144,164,269,269,69,85,85,185,54,86,86,102,202,227,5,18,18,46,62,162,162,62,76,91,107,107,107,145,145,477,527,543,54,54,86,99,99,99,153,5,5,5,5,5,5],"floor_reached":56,"language":"ENG","playtime":4404,"items_purged":["downfall:Malfunctioning","sneckomod:Strike+1","sneckomod:Defend"],"score":1121,"play_id":"b5097079-861b-4d66-907b-d2c45fc0a307","local_time":"20210207095748","is_ascension_mode":true,"campfire_choices":[{"floor":1,"key":"RECALL"},{"data":"sneckomod:WideSting","floor":8,"key":"SMITH"},{"data":"sneckomod:MorePower","floor":11,"key":"SMITH"},{"data":"sneckomod:UnknownDexterity","floor":18,"key":"SMITH"},{"data":"J.A.X.","floor":30,"key":"SMITH"},{"data":"sneckomod:UnknownStrength","floor":35,"key":"SMITH"},{"data":"expansioncontent:Chronoboost","floor":42,"key":"SMITH"},{"data":"sneckomod:SerpentMind","floor":54,"key":"SMITH"}],"circlet_count":0,"master_deck":["sneckomod:Defend","sneckomod:Defend+1","sneckomod:TailWhip","sneckomod:SnekBite","sneckomod:Unknown","sneckomod:Unknown+1","sneckomod:Unknown1Cost","sneckomod:QuickBite","sneckomod:UnknownStrength+1","sneckomod:UnknownStrength","sneckomod:UnknownX","sneckomod:UnknownDexterity+1","sneckomod:WideSting+1","sneckomod:SnakeSap","sneckomod:MorePower+1","sneckomod:UnknownUncommonPower+1","sneckomod:UnlimitedRolls","sneckomod:UnknownBoss+1","sneckomod:Transmogrify","sneckomod:UnknownBlock+1","sneckomod:SnekBeam","sneckomod:UnknownRareAttack","sneckomod:UnknownVulnerable+1","sneckomod:UnknownCommonSkill+1","sneckomod:MixItUp","sneckomod:UnknownClassTHE_CHAMP_GRAY","sneckomod:UnknownX+1","sneckomod:QuickMove","sneckomod:UnendingSupply","sneckomod:UnknownX+1","sneckomod:WideSting","sneckomod:UnknownCommonSkill","J.A.X.+1","sneckomod:Unknown0Cost+1","sneckomod:UnknownDexterity+1","sneckomod:Transmogrify","sneckomod:SerpentMind+1","sneckomod:UnknownUncommonAttack+1","sneckomod:RainOfDice","sneckomod:UnknownRarePower+1","sneckomod:SerpentIdol","sneckomod:DiceBlock","sneckomod:Unknown3Cost","sneckomod:UnknownX+1","sneckomod:Unknown1Cost","sneckomod:UnknownBoss+1","expansioncontent:Chronoboost+1","sneckomod:UnknownCommonSkill","sneckomod:SoulCleanse+1","sneckomod:UnknownColorless+1","sneckomod:UnknownVulnerable+1","sneckomod:UnknownCommonAttack","sneckomod:UnknownClassTHE_CHAMP_GRAY+1","sneckomod:CheapStock","sneckomod:UnknownColorless+1","sneckomod:UnknownVulnerable+1","sneckomod:SoulExchange"],"relics":["Coffee Dripper","Busted Crown","downfall:HeartBlessingRed","downfall:HeartBlessingBlue","Blue Candle","Meat on the Bone","Pocketwatch","MutagenicStrength","Bronze Scales","TungstenRod","PreservedInsect","Unceasing Top","Ice Cream","Philosopher\u0027s Stone","downfall:HeartBlessingGreen","champ:DuelingGlove","Old Coin","Turnip","Du-Vu Doll","Lee\u0027s Waffle","Ginger","Pen Nib","Mummified Hand","PreservedInsect","ClockworkSouvenir"],"acts_visited":["Exordium","TheCity","TheBeyond","TheEnding"],"potions_floor_usage":[5,6,16,16,21,23,32,43,46,56,56],"damage_taken":[{"damage":0,"enemies":"Jaw Worm","floor":2,"turns":3},{"damage":0,"enemies":"Small Slimes","floor":3,"turns":2},{"damage":0,"enemies":"2 Louse","floor":4,"turns":2},{"damage":3,"enemies":"2 Fungi Beasts","floor":5,"turns":3},{"damage":5,"enemies":"downfall:FleeingMerchant","floor":6,"turns":4},{"damage":12,"enemies":"Exordium Thugs","floor":9,"turns":4},{"damage":6,"enemies":"3 Sentries","floor":10,"turns":5},{"damage":18,"enemies":"Gremlin Nob","floor":13,"turns":3},{"damage":5,"enemies":"Large Slime","floor":14,"turns":6},{"damage":9,"enemies":"Blue Slaver","floor":15,"turns":3},{"damage":25,"enemies":"SI_SHIV_ARCHETYPE","floor":16,"turns":10},{"damage":6,"enemies":"Shell Parasite","floor":19,"turns":6},{"damage":0,"enemies":"Colosseum Nobs","floor":21,"turns":3},{"damage":5,"enemies":"downfall:FleeingMerchant","floor":22,"turns":4},{"damage":5,"enemies":"Book of Stabbing","floor":23,"turns":6},{"damage":0,"enemies":"Spheric Guardian","floor":25,"turns":3},{"damage":0,"enemies":"downfall:Augmenter","floor":26,"turns":3},{"damage":4,"enemies":"Slavers","floor":27,"turns":3},{"damage":10,"enemies":"downfall:FleeingMerchant","floor":28,"turns":4},{"damage":9,"enemies":"Snake Plant","floor":29,"turns":2},{"damage":2,"enemies":"Gremlin Leader","floor":31,"turns":3},{"damage":0,"enemies":"3 Cultists","floor":32,"turns":2},{"damage":2,"enemies":"WA_ARCHETYPE_CALM","floor":33,"turns":4},{"damage":0,"enemies":"3 Shapes","floor":36,"turns":1},{"damage":0,"enemies":"Orb Walker","floor":37,"turns":2},{"damage":15,"enemies":"Sphere and 2 Shapes","floor":38,"turns":3},{"damage":2,"enemies":"3 Darklings","floor":41,"turns":5},{"damage":2,"enemies":"Nemesis","floor":43,"turns":3},{"damage":9,"enemies":"Nemesis","floor":44,"turns":4},{"damage":5,"enemies":"3 Darklings","floor":45,"turns":3},{"damage":2,"enemies":"Reptomancer","floor":48,"turns":1},{"damage":0,"enemies":"Maw","floor":49,"turns":2},{"damage":58,"enemies":"IC_BLOCK_ARCHETYPE","floor":50,"turns":6},{"damage":57,"enemies":"downfall:CharBossMerchant","floor":52,"turns":6},{"damage":28,"enemies":"downfall:NeowBoss","floor":55,"turns":5},{"damage":70,"enemies":"downfall:NeowBossFinal","floor":56,"turns":5}],"seed_played":"-2768423113187388650","potions_obtained":[{"floor":3,"key":"sneckomod:DiceRollPotion"},{"floor":4,"key":"Slimebound:ThreeZeroPotion"},{"floor":9,"key":"LiquidBronze"},{"floor":10,"key":"ColorlessPotion"},{"floor":14,"key":"GamblersBrew"},{"floor":16,"key":"sneckomod:MuddlingPotion"},{"floor":25,"key":"Swift Potion"},{"floor":26,"key":"GamblersBrew"},{"floor":38,"key":"bronze:BurnAndBuffPotion"},{"floor":43,"key":"sneckomod:CheatPotion"}],"is_trial":false,"path_per_floor":["R","M","M","M","M","$","T","R","M","E","R","?","E","M","M","B",null,"R","M","?","?","$","E","T","M","?","E","$","M","R","E","M","B",null,"R","M","M","M","?","$","MIM","R","E","?","M","$","?","E","M","B",null,"E","$","R","B","B"],"character_chosen":"THE_SNECKO","items_purchased":["sneckomod:UnknownDexterity","sneckomod:WideSting","sneckomod:UnendingSupply","Bronze Scales","TungstenRod","Du-Vu Doll","Pen Nib","Lee\u0027s Waffle","sneckomod:CheapStock","ClockworkSouvenir"],"campfire_rested":0,"item_purchase_floors":[6,6,22,28,28,46,46,46,46,53],"current_hp_per_floor":[90,90,90,90,87,82,82,82,70,64,64,64,46,41,32,7,90,100,94,89,89,84,89,89,89,89,85,75,66,66,74,74,72,105,105,105,105,90,90,90,90,90,95,88,85,122,122,120,122,122,122,65,65,65,68,0,0,0],"gold":5,"neow_bonus":"BOSS_RELIC","is_daily":false,"chose_seed":false,"campfire_upgraded":7,"win_rate":0.0,"timestamp":1612713468,"path_taken":["R","M","M","M","M","$","T","R","M","E","R","?","E","M","M","BOSS","R","M","?","?","$","E","T","M","?","E","$","M","R","E","M","BOSS","R","M","M","M","?","$","MIM","R","E","?","M","$","?","E","M","BOSS","E","$","R","BOSS","BOSS"],"items_purchased_type":["Card","Card","Card","Relic","Relic","Relic","Relic","Relic","Card","Relic"],"build_version":"2020-12-22","purchased_purges":3,"victory":false,"max_hp_per_floor":[90,90,90,90,90,90,90,90,90,90,90,90,90,90,90,90,90,100,100,100,100,100,105,105,105,105,105,105,105,105,105,105,105,105,105,105,105,105,105,105,105,105,110,110,110,122,122,122,122,122,122,122,122,122,122,122,122,122],"card_choices":[{"not_picked":["sneckomod:DiceCrush","sneckomod:MasterEye"],"picked":"sneckomod:Unknown1Cost","floor":2},{"not_picked":["sneckomod:Rotation","sneckomod:Nope"],"picked":"sneckomod:QuickBite","floor":3},{"not_picked":["sneckomod:UnknownX","sneckomod:RainOfDice"],"picked":"sneckomod:UnknownStrength","floor":4},{"not_picked":["sneckomod:WideSting","sneckomod:SoulDraw"],"picked":"sneckomod:UnknownStrength","floor":5},{"not_picked":["sneckomod:DiceBlock","sneckomod:UnknownDraw"],"picked":"sneckomod:UnknownX","floor":6},{"not_picked":["sneckomod:SoulDraw","sneckomod:Unknown1Cost"],"picked":"sneckomod:SnakeSap","floor":9},{"not_picked":["sneckomod:RainOfDice","sneckomod:UnknownColorless"],"picked":"sneckomod:MorePower","floor":10},{"not_picked":["sneckomod:UnknownStrike+1","sneckomod:Unknown0Cost+1"],"picked":"sneckomod:UnknownUncommonPower+1","floor":13},{"not_picked":["sneckomod:QuickMove","sneckomod:UnknownDraw"],"picked":"sneckomod:UnlimitedRolls","floor":13},{"not_picked":["sneckomod:UnknownRarePower+1","sneckomod:UnknownExhaust+1"],"picked":"sneckomod:UnknownBoss+1","floor":14},{"not_picked":["sneckomod:SoulRoll","sneckomod:SoulDraw"],"picked":"sneckomod:Transmogrify","floor":14},{"not_picked":["sneckomod:UnknownUncommonSkill+1","sneckomod:UnknownCommonSkill+1"],"picked":"sneckomod:UnknownBlock+1","floor":15},{"not_picked":["sneckomod:Memorize","sneckomod:UnknownCommonSkill"],"picked":"sneckomod:SnekBeam","floor":15},{"not_picked":["sneckomod:Cheat","sneckomod:Restock"],"picked":"sneckomod:UnknownRareAttack","floor":16},{"not_picked":["sneckomod:Unknown1Cost+1","sneckomod:UnknownDraw+1"],"picked":"sneckomod:UnknownVulnerable+1","floor":16},{"not_picked":["sneckomod:Unknown3Cost+1","sneckomod:UnknownUncommonPower+1"],"picked":"sneckomod:UnknownCommonSkill+1","floor":19},{"not_picked":[],"picked":"sneckomod:MixItUp","floor":19},{"not_picked":[],"picked":"sneckomod:UnknownClassTHE_CHAMP_GRAY","floor":21},{"not_picked":["sneckomod:UnknownDraw+1","sneckomod:UnknownStrike+1"],"picked":"sneckomod:UnknownX+1","floor":22},{"not_picked":[],"picked":"sneckomod:QuickMove","floor":22},{"not_picked":["sneckomod:UnknownUncommonAttack+1","sneckomod:UnknownDraw+1"],"picked":"sneckomod:UnknownX+1","floor":23},{"not_picked":[],"picked":"sneckomod:WideSting","floor":23},{"not_picked":[],"picked":"sneckomod:UnknownCommonSkill","floor":25},{"not_picked":[],"picked":"J.A.X.","floor":26},{"not_picked":["sneckomod:UnknownCommonSkill+1","sneckomod:UnknownWeak+1"],"picked":"sneckomod:Unknown0Cost+1","floor":26},{"not_picked":[],"picked":"sneckomod:UnknownDexterity+1","floor":26},{"not_picked":[],"picked":"sneckomod:UnknownUncommonAttack+1","floor":27},{"not_picked":[],"picked":"sneckomod:RainOfDice","floor":28},{"not_picked":["sneckomod:UnknownUncommonPower+1","sneckomod:Unknown0Cost+1"],"picked":"sneckomod:UnknownRarePower+1","floor":29},{"not_picked":[],"picked":"sneckomod:SerpentIdol","floor":29},{"not_picked":[],"picked":"sneckomod:DiceBlock","floor":31},{"not_picked":[],"picked":"sneckomod:DiceCrush","floor":32},{"not_picked":[],"picked":"sneckomod:Unknown3Cost","floor":33},{"not_picked":["sneckomod:UnknownCommonAttack+1","sneckomod:UnknownUncommonAttack+1"],"picked":"sneckomod:UnknownX+1","floor":36},{"not_picked":[],"picked":"sneckomod:Unknown1Cost","floor":36},{"not_picked":["sneckomod:Unknown1Cost"],"picked":"SKIP","floor":37},{"not_picked":["sneckomod:UnknownStrength+1","sneckomod:UnknownVulnerable+1"],"picked":"sneckomod:UnknownBoss+1","floor":38},{"not_picked":["sneckomod:QuickMove"],"picked":"SKIP","floor":38},{"not_picked":["expansioncontent:Hexaburn","expansioncontent:GuardianWhirl"],"picked":"expansioncontent:Chronoboost","floor":39},{"not_picked":[],"picked":"sneckomod:UnknownCommonSkill","floor":41},{"not_picked":[],"picked":"sneckomod:SoulCleanse+1","floor":43},{"not_picked":["sneckomod:UnknownRareAttack+1","sneckomod:UnknownBoss+1"],"picked":"sneckomod:UnknownColorless+1","floor":43},{"not_picked":["sneckomod:UnknownWeak+1","sneckomod:UnknownUncommonAttack+1"],"picked":"sneckomod:UnknownVulnerable+1","floor":44},{"not_picked":[],"picked":"sneckomod:UnknownCommonAttack","floor":44},{"not_picked":[],"picked":"sneckomod:UnknownClassTHE_CHAMP_GRAY+1","floor":45},{"not_picked":[],"picked":"sneckomod:UnknownColorless+1","floor":48},{"not_picked":["sneckomod:UnknownClassGREEN"],"picked":"SKIP","floor":49},{"not_picked":["sneckomod:UnknownBlock+1","sneckomod:Unknown3Cost+1"],"picked":"sneckomod:UnknownVulnerable+1","floor":52},{"not_picked":[],"picked":"sneckomod:SoulExchange","floor":52}],"player_experience":2311429,"relics_obtained":[{"floor":10,"key":"Anchor"},{"floor":13,"key":"Ice Cream"},{"floor":15,"key":"Ice Cream"},{"floor":16,"key":"Ice Cream"},{"floor":19,"key":"Anchor"},{"floor":21,"key":"Shovel"},{"floor":21,"key":"Meat on the Bone"},{"floor":22,"key":"Dead Branch"},{"floor":23,"key":"Pocketwatch"},{"floor":24,"key":"Mummified Hand"},{"floor":26,"key":"MutagenicStrength"},{"floor":27,"key":"Mummified Hand"},{"floor":27,"key":"Toy Ornithopter"},{"floor":28,"key":"PreservedInsect"},{"floor":31,"key":"PreservedInsect"},{"floor":31,"key":"Unceasing Top"},{"floor":33,"key":"Ice Cream"},{"floor":33,"key":"Blood Vial"},{"floor":41,"key":"champ:DuelingGlove"},{"floor":43,"key":"Old Coin"},{"floor":44,"key":"Turnip"},{"floor":48,"key":"Ginger"},{"floor":49,"key":"Pen Nib"},{"floor":52,"key":"Mummified Hand"},{"floor":52,"key":"PreservedInsect"}],"event_choices":[{"cards_removed":["sneckomod:DiceCrush"],"damage_healed":0,"gold_gain":0,"player_choice":"Removed Attack","damage_taken":0,"max_hp_gain":0,"max_hp_loss":0,"event_name":"Falling","floor":47,"gold_loss":0}],"is_beta":false,"boss_relics":[{"not_picked":["SacredBark","Pandora\u0027s Box"],"picked":"Busted Crown"},{"not_picked":["Black Star","Runic Dome"],"picked":"Philosopher\u0027s Stone"}],"items_purged_floors":[22,28,46],"is_endless":false,"potions_floor_spawned":[3,4,9,10,14,16,19,25,26,31,38,43,48],"killed_by":"downfall:NeowBossFinal","ascension_level":1}}