{"host":"osk2oboccoevp2u5","time":1612701672,"event":{"mods":["AchievementEnabler","Alarm Clock","BaseMod","Colored Powertips","Disable Question Mark Monsters","Displayed Cursed Tome","Key Reminder","Minty Spire (QoL Compilation)","Potion Indicator Mod","Quick Restart","Rare Cards Sparkle","Reorder Act Four","StSLib","The Cursed","Useless Jewels Mod"],"gold_per_floor":[168,0,16,30,30,30,62,75,102,114,140,153,153,153],"floor_reached":13,"language":"ENG","playtime":1585,"items_purged":["TheCursedMod:Strike_TheCursed"],"score":131,"play_id":"859af821-a974-4d72-bd6b-656ed1593554","local_time":"20210207084112","is_ascension_mode":true,"campfire_choices":[{"floor":6,"key":"REST"}],"circlet_count":0,"master_deck":["AscendersBane","TheCursedMod:Strike_TheCursed","TheCursedMod:Strike_TheCursed","TheCursedMod:Defend_TheCursed+1","TheCursedMod:Defend_TheCursed","TheCursedMod:Defend_TheCursed","TheCursedMod:Defend_TheCursed","TheCursedMod:CursedWand","TheCursedMod:CleanUpWorkshop","TheCursedMod:Dregs","TheCursedMod:RapidMovement","TheCursedMod:ReleasedStrength","TheCursedMod:SmokeScreen","TheCursedMod:FleshFromBone","TheCursedMod:BloodBarrier","TheCursedMod:SurpriseAttack"],"relics":["Tiny House","Akabeko","Boot","Orichalcum"],"acts_visited":["Exordium"],"potions_floor_usage":[7,8,10,10,10],"damage_taken":[{"damage":0,"enemies":"Cultist","floor":1,"turns":4},{"damage":16,"enemies":"Jaw Worm","floor":3,"turns":7},{"damage":11,"enemies":"Small Slimes","floor":4,"turns":6},{"damage":60,"enemies":"3 Sentries","floor":7,"turns":27},{"damage":1,"enemies":"2 Fungi Beasts","floor":8,"turns":5},{"damage":24,"enemies":"Exordium Thugs","floor":10,"turns":8},{"damage":5,"enemies":"Exordium Wildlife","floor":12,"turns":10},{"damage":41,"enemies":"Gremlin Nob","floor":13,"turns":6}],"seed_played":"393944015652784994","potions_obtained":[{"floor":0,"key":"EssenceOfSteel"},{"floor":3,"key":"Weak Potion"},{"floor":7,"key":"Block Potion"},{"floor":8,"key":"Swift Potion"}],"is_trial":false,"path_per_floor":["M","$","M","M","?","R","E","M","T","M","T","M","E"],"character_chosen":"THE_CURSED","items_purchased":["TheCursedMod:SmokeScreen","Dexterity Potion"],"campfire_rested":1,"item_purchase_floors":[2,2],"current_hp_per_floor":[73,73,57,46,39,63,3,2,2,57,57,52,11,11],"gold":153,"neow_bonus":"BOSS_RELIC","is_daily":false,"chose_seed":false,"campfire_upgraded":0,"win_rate":0.0,"timestamp":1612701672,"path_taken":["M","?","M","M","?","R","E","M","T","M","?","M","E"],"items_purchased_type":["Card","Potion"],"build_version":"2020-12-22","purchased_purges":1,"victory":false,"max_hp_per_floor":[80,80,80,80,80,80,80,80,80,80,80,80,80,80],"card_choices":[{"not_picked":["TheCursedMod:CursedAmulet","TheCursedMod:HellfireBreathing"],"picked":"TheCursedMod:RapidMovement","floor":0},{"not_picked":["TheCursedMod:CursedMace","TheCursedMod:CursedAmulet"],"picked":"TheCursedMod:ReleasedStrength","floor":1},{"not_picked":["TheCursedMod:SurpriseAttack","TheCursedMod:CircleOfAmplification","TheCursedMod:Mangle"],"picked":"SKIP","floor":3},{"not_picked":["TheCursedMod:Obscuration","TheCursedMod:RavingStaff"],"picked":"TheCursedMod:FleshFromBone","floor":4},{"not_picked":["TheCursedMod:CircleOfFlame","TheCursedMod:SoulReap","TheCursedMod:CursedAmulet"],"picked":"SKIP","floor":7},{"not_picked":["TheCursedMod:VoidForm","TheCursedMod:CursedArmor"],"picked":"TheCursedMod:BloodBarrier","floor":8},{"not_picked":["TheCursedMod:SpitefulStrike","TheCursedMod:CursedSpellbook"],"picked":"TheCursedMod:SurpriseAttack","floor":10},{"not_picked":["TheCursedMod:CursedShiv","TheCursedMod:CursedBlade","TheCursedMod:Stigma"],"picked":"SKIP","floor":12}],"player_experience":1004474,"relics_obtained":[{"floor":7,"key":"Akabeko"},{"floor":9,"key":"Boot"},{"floor":11,"key":"Orichalcum"}],"event_choices":[{"cards_removed":["TheCursedMod:Strike_TheCursed"],"damage_healed":0,"gold_gain":0,"player_choice":"Card Removal","damage_taken":7,"max_hp_gain":0,"max_hp_loss":0,"event_name":"Golden Wing","floor":5,"gold_loss":0}],"is_beta":false,"boss_relics":[],"items_purged_floors":[2],"is_endless":false,"potions_floor_spawned":[3,7,8],"killed_by":"Gremlin Nob","ascension_level":10}}