{"host":"e5u7qs1emxzejr12","time":1612702553,"event":{"mods":["100% Spire Juice","2.2 Compatiblity","Act Like it!","Arknights","Ascension Unlocker","BaseMod","CapriCore","Card Forge","Colored Powertips","Custom Start","GifTheSpireLib","Highlight Path","Lobotomy","LobotomyExtend","Minty Spire (QoL Compilation)","Monster B Gone","MostiFishMod","Quick Restart","Relic Filter Mod","Reliquary","Replay The Spire","StSLib","SuperFastMode","The Blackbeard","WarShipGirlsR/战舰少女R mod","篝火指南"],"gold_per_floor":[129,129,174,315,158,263,263,359,407,507,605,694,790,217,217,448,448,502,502,552,264,366,444,522,618,618,696,786,453,555,1260,553,790,790,841,902,902,1001,1055,1130,1041,552,632,725,725,803,881,231,59,59,59,59,59,59,143,143],"floor_reached":57,"language":"ZHS","playtime":1674,"items_purged":[],"score":4705,"play_id":"7da24f16-048c-4c07-9c07-2813640eedac","local_time":"20210207205553","daily_mods":["Heirloom","Flight","DeadlyEvents","Elite Swarm","Midas"],"is_ascension_mode":true,"campfire_choices":[{"floor":7.0,"key":"RECALL"},{"floor":45.0,"key":"DIG"}],"circlet_count":0,"master_deck":["AscendersBane","Zap+1","Seek+1","MostiFishMod:StrandedSiren+1","Fission+1","MostiFishMod:ActiveDefenseSystem+1","Storm+1","MostiFishMod:InterfaceCompatibility+1","Seek+1","Amplify+1","MostiFishMod:ReadyAimFire+1","MostiFishMod:Prepare+1","Machine Learning+1","Crystallizer+1","MostiFishMod:ReadyAimFire+1","Capacitor+1","Buffer+1"],"relics":["Cracked Core","Hammer of Thor","Seething Fire","Anvil of the Gods","DaveBox","BirthdayGift-Icosahedron","Thread and Needle","LetterFromLob","SynthV:TestCard","FaceOfCleric","reliquary:ExpiredCoupon","Strange Spoon","PreservedInsect","Replay:Bandana","ArrowTower","Ornamental Fan","Letter Opener","reliquary:Bookmark","BionicSphere","NightmareShop","Bottled Tornado","reliquary:TuningFork","reliquary:QuartzCube","Darkstone Periapt","Replay:Rubber Ducky","reliquary:WeakTea","reliquary:PurpleTingedLeaf","Nunchaku","Replay:Multitool","InkBottle","Replay:WaspNest","Calipers","Emotion Chip","BloodWine","ReplayTheSpireMod:CursedCoin","Torii","StrikeDummy","Ice Cream","Runic Capacitor","Blue Candle","reliquary:Firecrackers","Boot","Replay:Bottled Eggs","Question Card","BargainBundle","reliquary:ShortFuse","Replay:Mystery Machine","Civilization","reliquary:RosewoodLute"],"acts_visited":["Exordium","TheCity","TheBeyond","TheEnding"],"potions_floor_usage":[],"damage_taken":[{"damage":0.0,"enemies":"2 Louse","floor":1.0,"turns":1.0},{"damage":0.0,"enemies":"Cultist","floor":3.0,"turns":2.0},{"damage":0.0,"enemies":"Lagavulin","floor":6.0,"turns":3.0},{"damage":0.0,"enemies":"3 Sentries","floor":8.0,"turns":1.0},{"damage":0.0,"enemies":"Gremlin Nob","floor":10.0,"turns":2.0},{"damage":0.0,"enemies":"3 Sentries","floor":11.0,"turns":1.0},{"damage":0.0,"enemies":"Lagavulin","floor":12.0,"turns":2.0},{"damage":0.0,"enemies":"Gremlin Nob","floor":13.0,"turns":1.0},{"damage":0.0,"enemies":"The Guardian","floor":16.0,"turns":2.0},{"damage":0.0,"enemies":"2 Thieves","floor":18.0,"turns":1.0},{"damage":0.0,"enemies":"Slavers","floor":22.0,"turns":1.0},{"damage":0.0,"enemies":"Replay:Snechameleon","floor":23.0,"turns":1.0},{"damage":0.0,"enemies":"Slavers","floor":24.0,"turns":3.0},{"damage":0.0,"enemies":"Book of Stabbing","floor":25.0,"turns":1.0},{"damage":0.0,"enemies":"Gremlin Leader","floor":27.0,"turns":1.0},{"damage":0.0,"enemies":"Slavers","floor":28.0,"turns":3.0},{"damage":0.0,"enemies":"Book of Stabbing","floor":30.0,"turns":1.0},{"damage":0.0,"enemies":"Slavers","floor":31.0,"turns":2.0},{"damage":0.0,"enemies":"Champ","floor":33.0,"turns":4.0},{"damage":0.0,"enemies":"3 Shapes","floor":35.0,"turns":3.0},{"damage":0.0,"enemies":"R_Hoarder","floor":38.0,"turns":1.0},{"damage":0.0,"enemies":"Orb Walker","floor":39.0,"turns":1.0},{"damage":0.0,"enemies":"Giant Head","floor":40.0,"turns":2.0},{"damage":0.0,"enemies":"R_Hoarder","floor":44.0,"turns":1.0},{"damage":0.0,"enemies":"Nemesis","floor":46.0,"turns":1.0},{"damage":0.0,"enemies":"Giant Head","floor":47.0,"turns":2.0},{"damage":0.0,"enemies":"Donu and Deca","floor":50.0,"turns":1.0},{"damage":0.0,"enemies":"Time Eater","floor":51.0,"turns":1.0},{"damage":0.0,"enemies":"Shield and Spear","floor":55.0,"turns":1.0},{"damage":0,"enemies":"The Heart","floor":56,"turns":4}],"seed_played":"6901709021606508845","potions_obtained":[{"floor":4.0,"key":"Toxic Potion"},{"floor":4.0,"key":"SkillPotion"},{"floor":38.0,"key":"Adrenaline Potion"}],"is_trial":true,"path_per_floor":["M","?","M","?","$","E","R","E","T","E","E","E","E","$","R","B",null,"M","?","?","$","E","E","E","E","T","E","E","$","E","E","R","B",null,"M","$","?","E","M","E","R","R","T","E","R","E","E","$","R","B","B",null,"R","$","E","B",null],"character_chosen":"DEFECT","items_purchased":["Strange Spoon","Storm","reliquary:Bookmark","BionicSphere","Bottled Tornado","Replay:Multitool","Calipers","Emotion Chip","FIFO Queue","ReplayTheSpireMod:CursedCoin","Crystallizer","Capacitor","Ice Cream","Runic Capacitor","BargainBundle","reliquary:ShortFuse","Replay:Mystery Machine","Civilization"],"campfire_rested":0,"item_purchase_floors":[5,14,14,14,21,29,32,32,32,36,36,41,42,42,48,48,48,49],"current_hp_per_floor":[65,65,67,67,67,69,69,71,71,73,75,77,78,78,78,79,79,80,80,80,80,81,82,83,84,84,85,86,86,87,88,88,89,89,90,96,106,107,108,109,109,109,109,110,110,111,112,112,112,115,119,119,119,119,125,131],"gold":143,"neow_bonus":"","is_daily":false,"chose_seed":false,"campfire_upgraded":0,"win_rate":0.0,"timestamp":1612702553,"path_taken":["M","?","?","?","?","E","R","E","T","E","E","?","E","$","R","BOSS","M","?","?","$","?","E","E","E","T","E","?","$","E","E","R","BOSS","M","$","?","?","?","E","R","R","T","E","R","E","E","$","R","BOSS","BOSS","R","$","E","BOSS"],"items_purchased_type":["Relic","Card","Relic","Relic","Relic","Relic","Relic","Relic","Card","Relic","Card","Card","Relic","Relic","Relic","Relic","Relic","Relic"],"build_version":"2020-12-22","purchased_purges":0,"victory":true,"max_hp_per_floor":[71,71,72,72,72,73,73,74,74,75,76,77,78,78,78,79,79,80,80,80,80,81,82,83,84,84,85,86,86,87,88,88,89,89,90,96,106,107,108,109,109,109,109,110,110,111,112,112,112,115,119,119,119,119,125,131],"card_choices":[{"not_picked":["Panic Button","Barrage","Coolheaded"],"picked":"SKIP","floor":1.0},{"not_picked":["Sweeping Beam","MostiFishMod:FluxCapactior","Beam Cell","Coolheaded","Panic Button"],"picked":"SKIP","floor":3.0},{"not_picked":["Mirror Shield","MostiFishMod:Distribution","MostiFishMod:Prepare","MostiFishMod:Overload"],"picked":"Seek","floor":6.0},{"not_picked":["MostiFishMod:ATRI","Biased Cognition","Creative AI","Rainbow"],"picked":"MostiFishMod:Nova","floor":8.0},{"not_picked":["Creative AI","MostiFishMod:IntelligentEquipment","MostiFishMod:SeaWaves","Meteor Strike"],"picked":"ReplayRNGCard","floor":10.0},{"not_picked":["Echo Form","MostiFishMod:Hijack","Biased Cognition","MostiFishMod:Culaccino"],"picked":"MostiFishMod:StrandedSiren","floor":11.0},{"not_picked":["Rainbow","MostiFishMod:StarOceanB","Seek","Meteor Strike"],"picked":"Fission","floor":12.0},{"not_picked":["Core Surge","MostiFishMod:InterfaceCompatibility","MostiFishMod:IntelligentEquipment","MostiFishMod:Distribution"],"picked":"MostiFishMod:ActiveDefenseSystem","floor":13.0},{"not_picked":["Chaos","MostiFishMod:PushDownKick","Streamline","Gash+1"],"picked":"White Noise","floor":18.0},{"not_picked":["Core Surge","Mirror Shield","MostiFishMod:SeaWaves","MostiFishMod:Nova"],"picked":"MostiFishMod:InterfaceCompatibility","floor":22.0},{"not_picked":["MostiFishMod:ATRI","Hyperbeam","Mirror Shield","MostiFishMod:StrandedSiren"],"picked":"Seek","floor":23.0},{"not_picked":["Biased Cognition","Creative AI","ReplayTheSpireMod:Omega Cannon","Seek"],"picked":"MostiFishMod:Distribution","floor":24.0},{"not_picked":["Buffer","MostiFishMod:Culaccino","MostiFishMod:Prepare","MostiFishMod:DawningShadow"],"picked":"MostiFishMod:DeathFromBelow","floor":25.0},{"not_picked":["MostiFishMod:StrandedSiren","MostiFishMod:StarOceanB","Buffer","Mirror Shield"],"picked":"Amplify","floor":27.0},{"not_picked":["Meteor Strike","Seek","MostiFishMod:ActiveDefenseSystem","MostiFishMod:StrandedSiren"],"picked":"MostiFishMod:ReadyAimFire","floor":28.0},{"not_picked":["Seek","MostiFishMod:Culaccino","Biased Cognition","MostiFishMod:Nova"],"picked":"MostiFishMod:Prepare","floor":30.0},{"not_picked":["Echo Form","Hyperbeam","MostiFishMod:DeathFromBelow","MostiFishMod:TalkingToTheRain"],"picked":"Machine Learning","floor":31.0},{"not_picked":["Compile Driver","Sweeping Beam","Blizzard+1","Go for the Eyes","Hologram"],"picked":"SKIP","floor":35.0},{"not_picked":["MostiFishMod:Overload","All For One","MostiFishMod:Exploitation","ReplayTheSpireMod:Omega Cannon","MostiFishMod:Hijack"],"picked":"SKIP","floor":38.0},{"not_picked":["MostiFishMod:PushDownKick","Barrage","Redo","Cold Snap","Gash"],"picked":"SKIP","floor":39.0},{"not_picked":["ReplayRNGCard","MostiFishMod:Exploitation","Thunder Strike","Electrodynamics"],"picked":"MostiFishMod:ReadyAimFire","floor":40.0},{"not_picked":["Machine Learning","All For One","MostiFishMod:StrandedSiren","MostiFishMod:Exploitation"],"picked":"Buffer","floor":44.0},{"not_picked":["Core Surge","Multi-Cast","Reboot","MostiFishMod:DeathFromBelow","Meteor Strike"],"picked":"SKIP","floor":46.0},{"not_picked":["MostiFishMod:Prepare","Buffer","Biased Cognition","Reboot","Meteor Strike"],"picked":"SKIP","floor":47.0},{"not_picked":["MostiFishMod:DawningShadow","Meteor Strike","Reboot","MostiFishMod:DeathFromBelow","Thunder Strike","Multi-Cast"],"picked":"SKIP","floor":55.0}],"player_experience":91237,"relics_obtained":[{"floor":1.0,"key":"LetterFromLob"},{"floor":1.0,"key":"SynthV:TestCard"},{"floor":4.0,"key":"reliquary:ExpiredCoupon"},{"floor":6.0,"key":"PreservedInsect"},{"floor":8.0,"key":"Replay:Bandana"},{"floor":10.0,"key":"ArrowTower"},{"floor":11.0,"key":"Ornamental Fan"},{"floor":13.0,"key":"Letter Opener"},{"floor":22.0,"key":"reliquary:TuningFork"},{"floor":23.0,"key":"reliquary:QuartzCube"},{"floor":24.0,"key":"Darkstone Periapt"},{"floor":25.0,"key":"Replay:Rubber Ducky"},{"floor":26.0,"key":"reliquary:WeakTea"},{"floor":27.0,"key":"reliquary:PurpleTingedLeaf"},{"floor":28.0,"key":"Nunchaku"},{"floor":30.0,"key":"InkBottle"},{"floor":31.0,"key":"Replay:WaspNest"},{"floor":38.0,"key":"Torii"},{"floor":40.0,"key":"StrikeDummy"},{"floor":43.0,"key":"Blue Candle"},{"floor":44.0,"key":"reliquary:Firecrackers"},{"floor":45.0,"key":"Boot"},{"floor":46.0,"key":"Replay:Bottled Eggs"},{"floor":47.0,"key":"Question Card"},{"floor":55.0,"key":"reliquary:RosewoodLute"}],"event_choices":[{"damage_healed":0.0,"max_hp_gain":0.0,"max_hp_loss":0.0,"gold_gain":0.0,"event_name":"FaceTrader","player_choice":"Trade","floor":2.0,"gold_loss":0.0,"damage_taken":0.0,"relics_obtained":["FaceOfCleric"]},{"damage_healed":0.0,"max_hp_gain":0.0,"max_hp_loss":0.0,"gold_gain":0.0,"event_name":"Cursed Tome","player_choice":"Ignored","floor":19.0,"gold_loss":0.0,"damage_taken":0.0},{"damage_healed":0.0,"max_hp_gain":0.0,"max_hp_loss":0.0,"gold_gain":100.0,"event_name":"The Joust","player_choice":"Bet on Murderer","floor":20.0,"gold_loss":50.0,"damage_taken":0.0},{"cards_removed":["ReplayRNGCard"],"damage_healed":0.0,"max_hp_gain":10.0,"max_hp_loss":0.0,"gold_gain":0.0,"event_name":"Bonfire Elementals","player_choice":"Offered Rare","floor":37.0,"gold_loss":0.0,"damage_taken":0.0}],"is_beta":false,"boss_relics":[{"not_picked":["Runic Dome","Empty Cage"],"picked":"NightmareShop"},{"not_picked":["HereWithMe","ChewingGum"],"picked":"BloodWine"}],"items_purged_floors":[],"is_endless":false,"potions_floor_spawned":[6,11,16,18,23,24,27,30,35,38,40,44,46],"ascension_level":20}}