{"host":"4kmvpqjeiacgn1pr","time":1612741105,"event":{"mods":["A Penny For Your Troubles","AchievementEnabler","AlwaysNeverKeys","Aspiration","BaseMod","Bestiary","Better Altar","Better Match","Better Note","Better Sensory Stone","Better Skull","Better Third Choice","Better Vampires","BetterRewards","Colored Map","Colored Powertips","Conspire","Curses Come First","Downfall","Halation","Highlight Path","Infinite Spire","Minty Spire (QoL Compilation)","Permanent Neow","Quick Restart","Rare Cards Sparkle","Relic Sorter","Relic Stats","Replay The Spire","Reworked Bosses","Shop Mod","Smile Girya","Spicy Shops","Spikes Relics","StSLib","Waifu the Spire"],"gold_per_floor":[113,113,129,143,182,182,210,210,210,210,245,260,292,305,305,405,405,416,434,453,453,468,468,468,468,468],"floor_reached":25,"language":"ENG","playtime":1504,"items_purged":["halation:MainDeck"],"score":372,"play_id":"fdc1a4d6-a3fe-4987-9e59-9a5cc488b8ad","local_time":"20210207183825","is_ascension_mode":true,"campfire_choices":[{"data":"All Out Attack","floor":8.0,"key":"SMITH"},{"data":"Toxin Wave","floor":15.0,"key":"SMITH"},{"data":"infinitespire:DeathsTouch","floor":23,"key":"SMITH"}],"circlet_count":0,"master_deck":["AscendersBane","Strike_G","Strike_G","Strike_G","Strike_G","Defend_G","Defend_G","Defend_G","Defend_G","Survivor","Neutralize","hexamod:Defend","Strike_G","All Out Attack+1","Endless Agony+1","Infinite Blades","Dash","Crippling Poison","Draining Mist","Envenom","Toxin Wave+1","Tools of the Trade","Masterful Stab","Die Die Die","Distraction+1","ReplayTheSpireMod:Echoes of Time","infinitespire:DeathsTouch+1","Voices"],"relics":["Ring of the Snake","aspiration:Legacy_Headhunter","Dead Branch","Bronze Scales","Potion Belt","infinitespire:Beetle Shell","Lantern","conspire:DeflatedDodgeball","Replay:Kaleidoscope","conspire:SpecialSausage","HoveringKite","ReplayTheSpireMod:Ring of Challenge"],"acts_visited":["Exordium","TheCity"],"potions_floor_usage":[25,25,25],"damage_taken":[{"damage":2.0,"enemies":"Small Slimes","floor":1.0,"turns":5.0},{"damage":0.0,"enemies":"Jaw Worm","floor":3.0,"turns":3.0},{"damage":0.0,"enemies":"2 Louse","floor":4.0,"turns":3.0},{"damage":8.0,"enemies":"conspire:MimicChest","floor":5.0,"turns":7.0},{"damage":8.0,"enemies":"3 Sentries","floor":7.0,"turns":5.0},{"damage":0.0,"enemies":"Gremlin Nob","floor":11.0,"turns":4.0},{"damage":4.0,"enemies":"Gremlin Gang","floor":12.0,"turns":2.0},{"damage":4.0,"enemies":"3 Sentries","floor":13.0,"turns":4.0},{"damage":0.0,"enemies":"Red Slaver","floor":14.0,"turns":4.0},{"damage":16.0,"enemies":"The Guardian","floor":16.0,"turns":9.0},{"damage":20.0,"enemies":"2 Thieves","floor":18.0,"turns":3.0},{"damage":24.0,"enemies":"Shell Parasite","floor":19.0,"turns":5.0},{"damage":7.0,"enemies":"Sentry and Sphere","floor":20.0,"turns":4.0},{"damage":0.0,"enemies":"3 Cultists","floor":22.0,"turns":2.0},{"damage":7,"enemies":"conspire:Head Lice","floor":25,"turns":3}],"seed_played":"3249564159965660096","potions_obtained":[{"floor":1.0,"key":"LifebloodPotion"},{"floor":3.0,"key":"Fire Potion"},{"floor":5.0,"key":"hexamod:SoulburnPotion"},{"floor":12.0,"key":"Dexterity Potion"},{"floor":13.0,"key":"Elixir"},{"floor":19.0,"key":"Energy Potion"},{"floor":20.0,"key":"SpeedPotion"}],"is_trial":false,"path_per_floor":["M","?","M","M","?","?","E","R","T","?","E","M","E","M","R_BF","B",null,"M","M","M","AVR","M","R","?","E"],"character_chosen":"THE_SILENT","items_purchased":[],"campfire_rested":0,"item_purchase_floors":[],"current_hp_per_floor":[61,61,61,61,53,46,38,38,38,38,38,34,30,30,30,14,56,36,12,5,5,5,5,5,0,0],"gold":468,"neow_bonus":"ONE_RARE_RELIC","is_daily":false,"chose_seed":false,"campfire_upgraded":3,"win_rate":0.0,"timestamp":1612741105,"path_taken":["M","?","M","M","?","?","E","R","T","?","E","M","E","?","R","BOSS","M","M","M","AVR","M","R","?","E"],"items_purchased_type":[],"build_version":"2020-12-22","purchased_purges":1,"victory":false,"max_hp_per_floor":[70,70,70,70,70,70,70,70,70,70,70,70,70,70,70,70,70,70,70,70,70,70,70,70,70,70],"relic_stats":{"counters":[15,62],"Dead Branch":[83],"Bronze Scales":[104],"HoveringKite":[4],"obtain_stats":[{"Potion Belt":7,"Lantern":10,"Dead Branch":0,"Bronze Scales":5,"HoveringKite":21,"conspire:SpecialSausage":17,"infinitespire:Beetle Shell":9,"Replay:Kaleidoscope":13,"conspire:DeflatedDodgeball":11,"ReplayTheSpireMod:Ring of Challenge":24,"Ring of the Snake":0,"aspiration:Legacy_Headhunter":21},{"Potion Belt":5,"Lantern":5,"Dead Branch":0,"Bronze Scales":4,"HoveringKite":13,"conspire:SpecialSausage":10,"infinitespire:Beetle Shell":5,"Replay:Kaleidoscope":8,"conspire:DeflatedDodgeball":6,"ReplayTheSpireMod:Ring of Challenge":14,"Ring of the Snake":0,"aspiration:Legacy_Headhunter":13},{"Potion Belt":23,"Lantern":23,"Dead Branch":0,"Bronze Scales":18,"HoveringKite":58,"conspire:SpecialSausage":46,"infinitespire:Beetle Shell":23,"Replay:Kaleidoscope":33,"conspire:DeflatedDodgeball":27,"ReplayTheSpireMod:Ring of Challenge":60,"Ring of the Snake":0,"aspiration:Legacy_Headhunter":58}],"Ring of the Snake":[32]},"card_choices":[{"not_picked":["Slice","Well Laid Plans"],"picked":"All Out Attack","floor":1.0},{"not_picked":["Setup","Expertise"],"picked":"Infinite Blades","floor":3.0},{"not_picked":["Outmaneuver","Flying Knee"],"picked":"Dash","floor":4.0},{"not_picked":["Underhanded Strike","Slice"],"picked":"Crippling Poison","floor":5.0},{"not_picked":["Pace","conspire:PoisonWeapons"],"picked":"Draining Mist","floor":7.0},{"not_picked":["Dash","Prepared"],"picked":"Envenom","floor":11.0},{"not_picked":["Infinite Blades","Dagger Throw"],"picked":"Toxin Wave","floor":12.0},{"not_picked":["Poisoned Stab","Terror"],"picked":"Tools of the Trade","floor":13.0},{"not_picked":["conspire:PoisonWeapons","Hidden Blade"],"picked":"Masterful Stab","floor":14.0},{"not_picked":["Venomology","Tools of the Trade"],"picked":"Die Die Die","floor":16.0},{"not_picked":["Quick Slash","Skewer","Slice"],"picked":"SKIP","floor":18.0},{"not_picked":["Prepared+1","ReplayTheSpireMod:The Works"],"picked":"Distraction+1","floor":19.0},{"not_picked":["Hidden Blade","Crippling Poison","Noxious Fumes"],"picked":"SKIP","floor":20.0},{"not_picked":["Deflect","Dagger Throw","Expertise"],"picked":"SKIP","floor":22.0}],"player_experience":455124,"relics_obtained":[{"floor":5.0,"key":"Bronze Scales"},{"floor":7.0,"key":"Potion Belt"},{"floor":9.0,"key":"infinitespire:Beetle Shell"},{"floor":11.0,"key":"conspire:DeflatedDodgeball"},{"floor":13.0,"key":"Replay:Kaleidoscope"},{"floor":24,"key":"ReplayTheSpireMod:Ring of Challenge"}],"event_choices":[{"cards_removed":["Defend_G"],"damage_healed":0.0,"max_hp_gain":0.0,"max_hp_loss":0.0,"gold_gain":0.0,"event_name":"Golden Wing","player_choice":"Card Removal","floor":6.0,"gold_loss":0.0,"damage_taken":7.0},{"damage_healed":0.0,"max_hp_gain":0.0,"max_hp_loss":0.0,"gold_gain":0.0,"event_name":"WeMeetAgain","player_choice":"Gave Potion","floor":10.0,"gold_loss":0.0,"damage_taken":0.0,"relics_obtained":["Lantern"]}],"is_beta":false,"boss_relics":[{"not_picked":["Cursed Key","halation:PinkAlligatorPlush"],"picked":"conspire:SpecialSausage"}],"items_purged_floors":[21],"is_endless":false,"potions_floor_spawned":[1,3,5,12,13,19,20],"killed_by":"conspire:Head Lice","ascension_level":10}}