{"host":"2brg86hfzr3u5cix","time":1612707247,"event":{"mods":["AchievementEnabler","Ascension Unlocker","BaseMod","CapriCore","DeckTracker","Highlight Path","Keyboard Shortcuts","Minty Spire (QoL Compilation)","Permanent Neow","Relic Stats","StSLib","Twitch Utils","Uncapped","UnlockEverythingMod"],"gold_per_floor":[113,133,208,208,208,208,208,208],"floor_reached":7,"language":"KOR","playtime":170,"items_purged":[],"score":78,"play_id":"f5e0272b-7972-4489-a2cb-ef16ecb6f6b5","local_time":"20210207231407","is_ascension_mode":true,"campfire_choices":[{"data":"Terror","floor":6,"key":"SMITH"}],"circlet_count":0,"master_deck":["AscendersBane","Strike_G","Strike_G","Strike_G","Strike_G","Defend_G","Defend_G","Defend_G","Defend_G","Defend_G","Survivor","Neutralize","PiercingWail","Terror+1"],"relics":["Ring of the Snake","Mummified Hand","Golden Idol"],"acts_visited":["Exordium"],"potions_floor_usage":[],"damage_taken":[{"damage":0,"enemies":"Jaw Worm","floor":1,"turns":6},{"damage":6,"enemies":"Small Slimes","floor":2,"turns":5},{"damage":35,"enemies":"Lagavulin","floor":7,"turns":10}],"seed_played":"-5366583834044732729","potions_obtained":[],"is_trial":false,"path_per_floor":["M","M","?","T","?","R","E"],"character_chosen":"THE_SILENT","items_purchased":[],"campfire_rested":0,"item_purchase_floors":[],"current_hp_per_floor":[59,53,42,42,42,42,7,7],"gold":208,"neow_bonus":"REMOVE_CARD","is_daily":false,"chose_seed":false,"campfire_upgraded":1,"win_rate":0.0,"timestamp":1612707247,"path_taken":["M","M","?","?","?","R","E"],"items_purchased_type":[],"build_version":"2020-12-22","purchased_purges":0,"victory":false,"max_hp_per_floor":[66,66,66,66,60,60,60,60],"relic_stats":{"counters":[3,21],"Mummified Hand":[0],"Golden Idol":0,"obtain_stats":[{"Mummified Hand":4,"Golden Idol":5,"Ring of the Snake":0},{"Mummified Hand":2,"Golden Idol":2,"Ring of the Snake":0},{"Mummified Hand":11,"Golden Idol":11,"Ring of the Snake":0}],"Ring of the Snake":[6]},"card_choices":[{"not_picked":["Bane","Masterful Stab"],"picked":"PiercingWail","floor":1},{"not_picked":["Underhanded Strike","Acrobatics"],"picked":"Terror","floor":2}],"player_experience":359759,"relics_obtained":[{"floor":4,"key":"Mummified Hand"}],"event_choices":[{"damage_healed":0,"gold_gain":75,"player_choice":"Gather Gold","damage_taken":11,"max_hp_gain":0,"max_hp_loss":0,"event_name":"World of Goop","floor":3,"gold_loss":0},{"damage_healed":0,"gold_gain":0,"player_choice":"Lose Max HP","damage_taken":0,"relics_obtained":["Golden Idol"],"max_hp_gain":0,"max_hp_loss":6,"event_name":"Golden Idol","floor":5,"gold_loss":0}],"is_beta":false,"boss_relics":[],"items_purged_floors":[],"is_endless":false,"potions_floor_spawned":[],"killed_by":"Lagavulin","ascension_level":20}}