{"host":"w01zow3jg16g8jdh","time":1612698442,"event":{"mods":["AchievementEnabler","BaseMod","DeckTracker","Keyboard Shortcuts","Minty Spire (QoL Compilation)","Permanent Neow","StSLib","SuperFastMode"],"gold_per_floor":[166,91,105,125,125,125,152,169,169,203,217,217,217,247,247,323,323,341,341,359,183,195,222,235,235,235,235,260,278,307,357,357,430,430,450,477,184,184,204,204,239,294,346,365,118,144,144,158,158,158,158,158,158,14,47,47],"floor_reached":57,"language":"KOR","playtime":1231,"items_purged":["Defend_P","Defend_P","Strike_P","Strike_P"],"score":2876,"play_id":"6eb9bea3-1db6-4b00-a012-c76d77bf22fd","local_time":"20210207204722","is_ascension_mode":true,"campfire_choices":[{"data":"Eruption","floor":6.0,"key":"SMITH"},{"data":"WheelKick","floor":12.0,"key":"SMITH"},{"data":"FearNoEvil","floor":15.0,"key":"SMITH"},{"data":"Adaptation","floor":25.0,"key":"SMITH"},{"data":"Adaptation","floor":27.0,"key":"SMITH"},{"floor":32.0,"key":"REST"},{"data":"TalkToTheHand","floor":40.0,"key":"SMITH"},{"floor":47.0,"key":"RECALL"},{"floor":49,"key":"REST"},{"floor":53,"key":"REST"}],"circlet_count":0,"master_deck":["AscendersBane","Strike_P+1","Defend_P","Defend_P","Eruption+1","Vigilance","EmptyFist","FearNoEvil+1","WheelKick+1","Collect+1","Vault+1","Adaptation+1","Adaptation+1","TalkToTheHand+1","MentalFortress+1","Scrawl+1"],"relics":["Tiny House","Happy Flower","InkBottle","Omamori","Meat on the Bone","Toxic Egg 2","Calling Bell","Regal Pillow","Shuriken","Torii","Juzu Bracelet","Letter Opener","Oddly Smooth Stone","Prayer Wheel","VioletLotus","Medical Kit","FossilizedHelix","Lizard Tail","Dream Catcher","Membership Card","Singing Bowl","Kunai","Mercury Hourglass"],"acts_visited":["Exordium","TheCity","TheBeyond","TheEnding"],"potions_floor_usage":[],"damage_taken":[{"damage":6.0,"enemies":"2 Louse","floor":1.0,"turns":3.0},{"damage":0.0,"enemies":"Cultist","floor":3.0,"turns":2.0},{"damage":2.0,"enemies":"Jaw Worm","floor":4.0,"turns":3.0},{"damage":30.0,"enemies":"Lagavulin","floor":7.0,"turns":4.0},{"damage":14.0,"enemies":"Red Slaver","floor":8.0,"turns":2.0},{"damage":52.0,"enemies":"3 Sentries","floor":10.0,"turns":6.0},{"damage":0.0,"enemies":"2 Fungi Beasts","floor":11.0,"turns":2.0},{"damage":12.0,"enemies":"Lagavulin","floor":14.0,"turns":4.0},{"damage":3.0,"enemies":"Slime Boss","floor":16.0,"turns":7.0},{"damage":15.0,"enemies":"2 Thieves","floor":18.0,"turns":3.0},{"damage":0.0,"enemies":"Chosen","floor":20.0,"turns":3.0},{"damage":0.0,"enemies":"Snecko","floor":22.0,"turns":3.0},{"damage":38.0,"enemies":"Book of Stabbing","floor":23.0,"turns":5.0},{"damage":23.0,"enemies":"Snake Plant","floor":24.0,"turns":4.0},{"damage":1.0,"enemies":"Gremlin Leader","floor":28.0,"turns":4.0},{"damage":31.0,"enemies":"Shelled Parasite and Fungi","floor":29.0,"turns":3.0},{"damage":18.0,"enemies":"Book of Stabbing","floor":30.0,"turns":3.0},{"damage":28.0,"enemies":"Collector","floor":33.0,"turns":7.0},{"damage":27.0,"enemies":"3 Shapes","floor":35.0,"turns":3.0},{"damage":7.0,"enemies":"Orb Walker","floor":39.0,"turns":2.0},{"damage":31.0,"enemies":"Reptomancer","floor":41.0,"turns":4.0},{"damage":16.0,"enemies":"2 Orb Walkers","floor":42.0,"turns":3.0},{"damage":28.0,"enemies":"Spire Growth","floor":44.0,"turns":4.0},{"damage":0.0,"enemies":"Giant Head","floor":46.0,"turns":3.0},{"damage":0.0,"enemies":"4 Shapes","floor":48.0,"turns":4.0},{"damage":13,"enemies":"Awakened One","floor":50,"turns":4},{"damage":21,"enemies":"Donu and Deca","floor":51,"turns":4},{"damage":6,"enemies":"Shield and Spear","floor":55,"turns":3},{"damage":75,"enemies":"The Heart","floor":56,"turns":8}],"seed_played":"2692399017754401469","potions_obtained":[{"floor":0.0,"key":"Weak Potion"},{"floor":3.0,"key":"AttackPotion"},{"floor":10.0,"key":"Weak Potion"},{"floor":16.0,"key":"EssenceOfSteel"},{"floor":18.0,"key":"SkillPotion"},{"floor":23.0,"key":"Fire Potion"},{"floor":33.0,"key":"AttackPotion"},{"floor":41.0,"key":"DuplicationPotion"}],"is_trial":false,"path_per_floor":["M","$","M","M","?","R","E","M","T","E","M","R","?","E","R","B",null,"M","?","M","$","M","E","M","R","T","R","E","M","E","?","R","B",null,"M","T","$","?","M","R","E","?","T","M","$","E","R","M","R","B","B",null,"R","$","E","B",null],"character_chosen":"WATCHER","items_purchased":["Adaptation","Medical Kit","Membership Card","Kunai"],"campfire_rested":3,"item_purchase_floors":[21,37,45,54],"current_hp_per_floor":[60,60,60,58,58,58,28,14,14,12,24,24,24,24,24,33,63,48,27,39,39,51,25,14,14,14,14,25,44,38,31,69,41,69,42,42,42,38,43,43,24,20,20,51,51,51,51,55,84,71,50,76,84,84,80,17],"gold":47,"neow_bonus":"BOSS_RELIC","is_daily":false,"chose_seed":false,"campfire_upgraded":6,"win_rate":0.0,"timestamp":1612698442,"path_taken":["M","$","M","M","?","R","E","?","T","E","M","R","?","E","R","BOSS","M","?","M","$","M","E","M","R","T","R","E","M","E","?","R","BOSS","M","?","$","?","M","R","E","?","T","M","$","E","R","M","R","BOSS","BOSS","R","$","E","BOSS"],"items_purchased_type":["Card","Relic","Relic","Relic"],"build_version":"2020-12-22","purchased_purges":4,"victory":true,"max_hp_per_floor":[73,73,73,73,73,73,73,73,73,73,73,73,73,73,73,73,73,73,78,78,78,78,78,78,78,78,78,78,78,78,78,78,78,78,78,78,78,78,78,78,78,78,78,78,78,78,78,82,84,84,84,84,84,84,86,86],"card_choices":[{"not_picked":["BowlingBash","Wireheading"],"picked":"EmptyFist","floor":0.0},{"not_picked":["Consecrate","EmptyFist"],"picked":"FearNoEvil","floor":1.0},{"not_picked":["FlyingSleeves","ClearTheMind","Consecrate"],"picked":"SKIP","floor":3.0},{"not_picked":["SashWhip","ThirdEye","JustLucky"],"picked":"SKIP","floor":4.0},{"not_picked":["Fasting2","Study","Protect"],"picked":"SKIP","floor":7.0},{"not_picked":["Prostrate","Consecrate"],"picked":"WheelKick","floor":8.0},{"not_picked":["WindmillStrike","EmptyBody","ClearTheMind"],"picked":"SKIP","floor":10.0},{"not_picked":["WindmillStrike","DeceiveReality","Weave"],"picked":"SKIP","floor":11.0},{"not_picked":["WaveOfTheHand+1","FlyingSleeves"],"picked":"Collect+1","floor":14.0},{"not_picked":["DevaForm","Judgement+1"],"picked":"Vault+1","floor":16.0},{"not_picked":["Prostrate+1","Worship+1","SashWhip+1"],"picked":"SKIP","floor":18.0},{"not_picked":["Fasting2","BowlingBash"],"picked":"Adaptation","floor":20.0},{"not_picked":["JustLucky","Collect+1","Consecrate"],"picked":"SKIP","floor":22.0},{"not_picked":["Wireheading","Adaptation","Halt+1"],"picked":"SKIP","floor":23.0},{"not_picked":["Halt+1","EmptyBody+1","Wireheading+1"],"picked":"SKIP","floor":24.0},{"not_picked":["MasterReality","Crescendo+1","FlurryOfBlows"],"picked":"SKIP","floor":28.0},{"not_picked":["MasterReality","Crescendo+1","FlurryOfBlows"],"picked":"SKIP","floor":28.0},{"not_picked":["JustLucky","ThirdEye+1","FlurryOfBlows"],"picked":"SKIP","floor":29.0},{"not_picked":["Study","ClearTheMind+1","BattleHymn+1"],"picked":"SKIP","floor":30.0},{"not_picked":["ThirdEye+1","Sanctity+1","PathToVictory+1"],"picked":"SKIP","floor":35.0},{"not_picked":["FlurryOfBlows","Conclude+1","WindmillStrike"],"picked":"SKIP","floor":35.0},{"not_picked":["LessonLearned","Prostrate+1"],"picked":"TalkToTheHand","floor":39.0},{"not_picked":["EmptyFist+1","FlurryOfBlows","Sanctity+1"],"picked":"SKIP","floor":39.0},{"not_picked":["Adaptation","LikeWater+1","SashWhip+1"],"picked":"SKIP","floor":41.0},{"not_picked":["FlyingSleeves","PathToVictory+1","SignatureMove"],"picked":"SKIP","floor":44.0},{"not_picked":["FollowUp","LikeWater","PathToVictory+1"],"picked":"SKIP","floor":44.0},{"not_picked":["InnerPeace+1","Wireheading+1"],"picked":"MentalFortress+1","floor":46.0},{"not_picked":["Adaptation","Halt+1","SashWhip"],"picked":"Singing Bowl","floor":48},{"not_picked":["CrushJoints+1","Study","Tantrum+1"],"picked":"Singing Bowl","floor":48},{"not_picked":["Prostrate+1","EmptyFist","JustLucky+1"],"picked":"Singing Bowl","floor":49},{"not_picked":["EmptyBody+1","LikeWater"],"picked":"Scrawl+1","floor":53},{"not_picked":["ClearTheMind+1","CarveReality","Crescendo+1"],"picked":"Singing Bowl","floor":55}],"player_experience":364185,"relics_obtained":[{"floor":7.0,"key":"InkBottle"},{"floor":9.0,"key":"Omamori"},{"floor":10.0,"key":"Meat on the Bone"},{"floor":14.0,"key":"Toxic Egg 2"},{"floor":17.0,"key":"Regal Pillow"},{"floor":17.0,"key":"Shuriken"},{"floor":17.0,"key":"Torii"},{"floor":23.0,"key":"Juzu Bracelet"},{"floor":26.0,"key":"Letter Opener"},{"floor":28.0,"key":"Oddly Smooth Stone"},{"floor":30.0,"key":"Prayer Wheel"},{"floor":41.0,"key":"FossilizedHelix"},{"floor":42.0,"key":"Lizard Tail"},{"floor":43.0,"key":"Dream Catcher"},{"floor":46.0,"key":"Singing Bowl"},{"floor":55,"key":"Mercury Hourglass"}],"event_choices":[{"damage_healed":0.0,"max_hp_gain":0.0,"max_hp_loss":0.0,"gold_gain":0.0,"event_name":"WeMeetAgain","player_choice":"Gave Potion","floor":5.0,"gold_loss":0.0,"damage_taken":0.0,"relics_obtained":["Happy Flower"]},{"cards_removed":["Strike_P"],"damage_healed":0.0,"max_hp_gain":0.0,"max_hp_loss":0.0,"gold_gain":0.0,"event_name":"Living Wall","player_choice":"Forget","floor":13.0,"gold_loss":0.0,"damage_taken":0.0},{"damage_healed":0.0,"max_hp_gain":5.0,"max_hp_loss":0.0,"gold_gain":0.0,"event_name":"Forgotten Altar","player_choice":"Shed Blood","floor":19.0,"gold_loss":0.0,"damage_taken":26.0},{"damage_healed":0.0,"max_hp_gain":0.0,"max_hp_loss":0.0,"gold_gain":50.0,"event_name":"FaceTrader","player_choice":"Touch","floor":31.0,"gold_loss":0.0,"damage_taken":7.0},{"damage_healed":0.0,"max_hp_gain":0.0,"max_hp_loss":0.0,"gold_gain":0.0,"event_name":"The Woman in Blue","player_choice":"Bought 0 Potions","floor":38.0,"gold_loss":0.0,"damage_taken":0.0},{"damage_healed":0.0,"max_hp_gain":0.0,"max_hp_loss":0.0,"gold_gain":0.0,"event_name":"Mysterious Sphere","player_choice":"Fight","floor":42.0,"gold_loss":0.0,"damage_taken":0.0}],"is_beta":false,"boss_relics":[{"not_picked":["Empty Cage","SacredBark"],"picked":"Calling Bell"},{"not_picked":["Runic Dome","SlaversCollar"],"picked":"VioletLotus"}],"items_purged_floors":[2,21,37,45],"is_endless":false,"potions_floor_spawned":[3,4,10,16,18,23,33,41,42,44,46,48],"ascension_level":20}}