{"host":"bf5upntvbdompq33","time":1612666670,"event":{"mods":["BaseMod","Colored Map","Colored Powertips","Curses Come First","Minty Spire (QoL Compilation)","StSLib","The Dragon Tamer","The Hierophant","The Marked","The Mystic","The Servant 0.9.4"],"gold_per_floor":[115,131,131,143,158,187,65,65,90,90,90,120,133,165,165,165,165],"floor_reached":16,"language":"ENG","playtime":2091,"items_purged":["Strike_R"],"score":289,"play_id":"60c3fff2-c4b5-486f-8cf8-e6e6de49acbb","local_time":"20210206195750","is_ascension_mode":true,"campfire_choices":[{"floor":10.0,"key":"REST"},{"data":"Body Slam","floor":15.0,"key":"SMITH"}],"circlet_count":0,"master_deck":["AscendersBane","Strike_R","Defend_R","Defend_R","Defend_R","Defend_R","Bash","Corruption","Bloodletting","Dark Embrace","Feel No Pain","Shrug It Off","Anger","Battle Trance","Body Slam+1","Offering","Warcry","Entrench"],"relics":["Burning Blood","Ancient Tea Set","Centennial Puzzle","Strawberry","Eternal Feather"],"acts_visited":["Exordium"],"potions_floor_usage":[16],"damage_taken":[{"damage":15.0,"enemies":"Jaw Worm","floor":1.0,"turns":5.0},{"damage":4.0,"enemies":"Cultist","floor":2.0,"turns":4.0},{"damage":1.0,"enemies":"2 Louse","floor":4.0,"turns":5.0},{"damage":13.0,"enemies":"Blue Slaver","floor":5.0,"turns":4.0},{"damage":23.0,"enemies":"Lagavulin","floor":6.0,"turns":7.0},{"damage":3.0,"enemies":"Gremlin Nob","floor":12.0,"turns":2.0},{"damage":22.0,"enemies":"3 Louse","floor":13.0,"turns":4.0},{"damage":9.0,"enemies":"Lagavulin","floor":14.0,"turns":4.0},{"damage":59,"enemies":"The Guardian","floor":16,"turns":11}],"seed_played":"-7487897474895387546","potions_obtained":[{"floor":2.0,"key":"Ancient Potion"},{"floor":4.0,"key":"LiquidMemories"}],"is_trial":false,"path_per_floor":["M","M","?","M","M","E","$","?","T","R","$","E","M","E","R","B"],"character_chosen":"IRONCLAD","items_purchased":["Body Slam"],"campfire_rested":1,"item_purchase_floors":[7],"current_hp_per_floor":[59,61,61,66,59,42,42,35,35,57,57,67,51,48,57,0,0],"gold":165,"neow_bonus":"TRANSFORM_TWO_CARDS","is_daily":false,"chose_seed":false,"campfire_upgraded":1,"win_rate":0.0,"timestamp":1612666670,"path_taken":["M","M","?","M","?","E","$","?","T","R","$","E","M","E","R","BOSS"],"items_purchased_type":["Card"],"build_version":"2020-12-22","purchased_purges":1,"victory":false,"max_hp_per_floor":[75,75,75,75,75,75,75,75,75,75,75,82,82,82,82,82,82],"card_choices":[{"not_picked":["Rage","Combust"],"picked":"Dark Embrace","floor":1.0},{"not_picked":["Rage","Evolve"],"picked":"Feel No Pain","floor":2.0},{"not_picked":["Headbutt","Wild Strike"],"picked":"Shrug It Off","floor":4.0},{"not_picked":["Perfected Strike","Flex"],"picked":"Anger","floor":5.0},{"not_picked":["Heavy Blade","Wild Strike"],"picked":"Battle Trance","floor":6.0},{"not_picked":["Metallicize","Shrug It Off"],"picked":"Offering","floor":12.0},{"not_picked":["Clothesline","Sever Soul"],"picked":"Warcry","floor":13.0},{"not_picked":["Anger","Burning Pact"],"picked":"Entrench","floor":14.0}],"player_experience":1484906,"relics_obtained":[{"floor":6.0,"key":"Ancient Tea Set"},{"floor":9.0,"key":"Centennial Puzzle"},{"floor":12.0,"key":"Strawberry"},{"floor":14.0,"key":"Eternal Feather"}],"event_choices":[{"cards_removed":["Clumsy"],"damage_healed":0.0,"max_hp_gain":0.0,"max_hp_loss":0.0,"gold_gain":0.0,"event_name":"Fountain of Cleansing","player_choice":"Removed Curses","floor":3.0,"gold_loss":0.0,"damage_taken":0.0},{"cards_removed":["Strike_R"],"damage_healed":0.0,"max_hp_gain":0.0,"max_hp_loss":0.0,"gold_gain":0.0,"event_name":"Golden Wing","player_choice":"Card Removal","floor":8.0,"gold_loss":0.0,"damage_taken":7.0}],"is_beta":false,"boss_relics":[],"items_purged_floors":[7],"is_endless":false,"potions_floor_spawned":[2,4,14],"killed_by":"The Guardian","ascension_level":14}}