{"host":"w3q5ijqu8eoknil3","time":1612733040,"event":{"mods":["AchievementEnabler","BaseMod","Block Reminder","Colored Map","Colored Powertips","Curses Come First","Dark Map","Minty Spire (QoL Compilation)","Quick Restart","Relic Stats","StSLib","ojb\u0027s Better Paths Mod","ojb\u0027s Info Mod","slay the spire mod where everything is the same but ironclad has a cowboy hat"],"gold_per_floor":[115,132,195,270,290,290,290,290],"floor_reached":7,"language":"ENG","playtime":191,"items_purged":[],"score":129,"play_id":"bbeb685b-b5b4-4ad3-9ec9-d15e932197c2","local_time":"20210207212400","is_ascension_mode":true,"campfire_choices":[{"data":"Predator","floor":6,"key":"SMITH"}],"circlet_count":0,"master_deck":["AscendersBane","Survivor","Neutralize","Acrobatics","Blur","Slice","A Thousand Cuts","Accuracy","Concentrate","Phantasmal Killer","Dagger Spray","Predator+1","Grand Finale","Finisher","Noxious Fumes"],"relics":["Pandora\u0027s Box"],"acts_visited":["Exordium"],"potions_floor_usage":[5],"damage_taken":[{"damage":0,"enemies":"Cultist","floor":1,"turns":2},{"damage":4,"enemies":"Jaw Worm","floor":2,"turns":4},{"damage":13,"enemies":"2 Louse","floor":5,"turns":3},{"damage":32,"enemies":"3 Sentries","floor":7,"turns":4}],"seed_played":"8443025515081053435","potions_obtained":[{"floor":1,"key":"PowerPotion"}],"is_trial":false,"path_per_floor":["M","M","?","?","M","R","E"],"character_chosen":"THE_SILENT","items_purchased":[],"campfire_rested":0,"item_purchase_floors":[],"current_hp_per_floor":[59,55,55,44,31,31,0,0],"gold":290,"neow_bonus":"BOSS_RELIC","is_daily":false,"chose_seed":false,"campfire_upgraded":1,"win_rate":0.0,"timestamp":1612733040,"path_taken":["M","M","?","?","M","R","E"],"items_purchased_type":[],"build_version":"2020-12-22","purchased_purges":0,"victory":false,"max_hp_per_floor":[66,66,66,66,66,66,66,66],"relic_stats":{"counters":[4,13],"Pandora\u0027s Box":["Acrobatics","Blur","Slice","A Thousand Cuts","Accuracy","Concentrate","Phantasmal Killer","Dagger Spray","Predator","Grand Finale"],"obtain_stats":[{"Pandora\u0027s Box":0,"Ring of the Snake":0},{"Pandora\u0027s Box":0,"Ring of the Snake":0},{"Pandora\u0027s Box":0,"Ring of the Snake":0}]},"card_choices":[{"not_picked":["Noxious Fumes","Backflip"],"picked":"Finisher","floor":1},{"not_picked":["Terror","Outmaneuver"],"picked":"Noxious Fumes","floor":2},{"not_picked":["Setup","Backflip","Dodge and Roll"],"picked":"SKIP","floor":5}],"player_experience":1038394,"relics_obtained":[],"event_choices":[{"damage_healed":0,"gold_gain":63,"player_choice":"Gained Gold","damage_taken":0,"max_hp_gain":0,"max_hp_loss":0,"event_name":"Golden Wing","floor":3,"gold_loss":0},{"damage_healed":0,"gold_gain":75,"player_choice":"Gather Gold","damage_taken":11,"max_hp_gain":0,"max_hp_loss":0,"event_name":"World of Goop","floor":4,"gold_loss":0}],"is_beta":false,"boss_relics":[],"items_purged_floors":[],"is_endless":false,"potions_floor_spawned":[1],"killed_by":"3 Sentries","ascension_level":19}}