{"host":"1focbxb2e8qu7ccd","time":1612670446,"event":{"mods":["AchievementEnabler","BaseMod","Bestiary","Highlight Path","Minty Spire (QoL Compilation)","Relic Stats"],"gold_per_floor":[118,118,118,118,38,66,66,101,127,140,173,173,208,220,220,298,298,310,326,160,160,173,173,173],"floor_reached":23,"language":"ENG","playtime":1022,"items_purged":[],"score":584,"play_id":"e17181f0-5cb5-41c4-bf80-2cf27a6b0251","local_time":"20210206230046","is_ascension_mode":true,"campfire_choices":[{"data":"Combust","floor":7,"key":"SMITH"},{"data":"Bludgeon","floor":12,"key":"SMITH"},{"data":"Second Wind","floor":15,"key":"SMITH"}],"circlet_count":0,"master_deck":["AscendersBane","Strike_R","Strike_R","Strike_R","Strike_R","Defend_R+1","Defend_R","Defend_R","Defend_R","Bash+1","Combust+1","Second Wind+1","Feel No Pain","Limit Break","Bludgeon+1","Twin Strike","Battle Trance","Exhume","Flex","Flame Barrier","RitualDagger"],"relics":["Burning Blood","NeowsBlessing","MealTicket","Bag of Marbles","HornCleat","Pen Nib","Pear","Strawberry","Coffee Dripper","Orrery"],"acts_visited":["Exordium","TheCity"],"potions_floor_usage":[],"damage_taken":[{"damage":0,"enemies":"Jaw Worm","floor":1,"turns":1},{"damage":0,"enemies":"Lagavulin","floor":6,"turns":2},{"damage":0,"enemies":"3 Sentries","floor":8,"turns":2},{"damage":0,"enemies":"2 Louse","floor":10,"turns":2},{"damage":21,"enemies":"Lagavulin","floor":11,"turns":5},{"damage":1,"enemies":"Gremlin Nob","floor":13,"turns":3},{"damage":11,"enemies":"Small Slimes","floor":14,"turns":3},{"damage":44,"enemies":"Hexaghost","floor":16,"turns":8},{"damage":20,"enemies":"Spheric Guardian","floor":18,"turns":4},{"damage":11,"enemies":"3 Byrds","floor":19,"turns":4},{"damage":12,"enemies":"Snake Plant","floor":22,"turns":4},{"damage":61,"enemies":"Book of Stabbing","floor":23,"turns":4}],"seed_played":"5845647225548571406","potions_obtained":[{"floor":1,"key":"SteroidPotion"},{"floor":6,"key":"SpeedPotion"}],"is_trial":false,"path_per_floor":["M","?","?","?","$","E","R","E","T","M","E","R","E","M","R","B",null,"M","M","$","?","M","E"],"character_chosen":"IRONCLAD","items_purchased":["Feel No Pain","Orrery"],"campfire_rested":0,"item_purchase_floors":[5,20],"current_hp_per_floor":[74,74,51,25,40,46,46,52,52,58,53,53,65,60,60,22,75,61,56,71,65,59,0,0],"gold":173,"neow_bonus":"THREE_ENEMY_KILL","is_daily":false,"chose_seed":false,"campfire_upgraded":3,"win_rate":0.0,"timestamp":1612670446,"path_taken":["M","?","?","?","?","E","R","E","T","M","E","R","E","M","R","BOSS","M","M","$","?","M","E"],"items_purchased_type":["Card","Relic"],"build_version":"2020-12-22","purchased_purges":0,"victory":false,"max_hp_per_floor":[75,75,75,75,75,75,75,75,75,75,85,85,92,92,92,92,92,92,92,92,92,92,92,92],"relic_stats":{"counters":[12,42],"MealTicket":30,"Pen Nib":[5],"obtain_stats":[{"HornCleat":8,"Pear":11,"NeowsBlessing":0,"Strawberry":13,"Orrery":20,"MealTicket":4,"Pen Nib":9,"Bag of Marbles":6,"Coffee Dripper":17,"Burning Blood":0},{"HornCleat":3,"Pear":5,"NeowsBlessing":0,"Strawberry":6,"Orrery":10,"MealTicket":1,"Pen Nib":3,"Bag of Marbles":2,"Coffee Dripper":8,"Burning Blood":0},{"HornCleat":5,"Pear":12,"NeowsBlessing":0,"Strawberry":15,"Orrery":34,"MealTicket":1,"Pen Nib":5,"Bag of Marbles":3,"Coffee Dripper":26,"Burning Blood":0}],"Burning Blood":66},"card_choices":[{"not_picked":["Dual Wield","Inflame"],"picked":"Combust","floor":1},{"not_picked":["Warcry","Second Wind"],"picked":"Limit Break","floor":6},{"not_picked":["Sword Boomerang","Pummel"],"picked":"Bludgeon","floor":8},{"not_picked":["Intimidate","Armaments"],"picked":"Twin Strike","floor":10},{"not_picked":["Reckless Charge","Blood for Blood","Berserk"],"picked":"SKIP","floor":11},{"not_picked":["Armaments","Warcry"],"picked":"Battle Trance","floor":13},{"not_picked":["Clash","Body Slam","Searing Blow"],"picked":"SKIP","floor":14},{"not_picked":["Brutality","Berserk"],"picked":"Exhume","floor":16},{"not_picked":["Havoc","Carnage","Seeing Red"],"picked":"SKIP","floor":18},{"not_picked":["Clash","Warcry","Clothesline"],"picked":"SKIP","floor":19},{"not_picked":["Iron Wave","Dropkick"],"picked":"Flex","floor":20},{"not_picked":["Evolve","Metallicize"],"picked":"Flame Barrier","floor":20},{"not_picked":["Dropkick","Heavy Blade+1","True Grit"],"picked":"SKIP","floor":22},{"not_picked":["Dropkick","Heavy Blade+1","True Grit"],"picked":"SKIP","floor":22}],"player_experience":894004,"relics_obtained":[{"floor":6,"key":"Bag of Marbles"},{"floor":8,"key":"HornCleat"},{"floor":9,"key":"Pen Nib"},{"floor":11,"key":"Pear"},{"floor":13,"key":"Strawberry"}],"event_choices":[{"damage_healed":0,"gold_gain":0,"cards_transformed":["Strike_R"],"player_choice":"Change","damage_taken":0,"max_hp_gain":0,"max_hp_loss":0,"event_name":"Living Wall","floor":2,"gold_loss":0,"cards_obtained":["Second Wind"]},{"damage_healed":0,"gold_gain":0,"player_choice":"Entered Light","damage_taken":23,"max_hp_gain":0,"max_hp_loss":0,"event_name":"Shining Light","floor":3,"gold_loss":0,"cards_upgraded":["Bash","Defend_R"]},{"damage_healed":0,"gold_gain":0,"player_choice":"Success","damage_taken":26,"relics_obtained":["MealTicket"],"max_hp_gain":0,"max_hp_loss":0,"event_name":"Scrap Ooze","floor":4,"gold_loss":0},{"damage_healed":0,"gold_gain":0,"player_choice":"Joined the Cult","damage_taken":6,"max_hp_gain":0,"max_hp_loss":0,"event_name":"Nest","floor":21,"gold_loss":0,"cards_obtained":["RitualDagger"]}],"is_beta":false,"boss_relics":[{"not_picked":["Black Star","Astrolabe"],"picked":"Coffee Dripper"}],"items_purged_floors":[],"is_endless":false,"potions_floor_spawned":[1,6,10,14,18],"killed_by":"Book of Stabbing","ascension_level":20}}