{"host":"1c17lcvl7acx821p","time":1612708219,"event":{"mods":["AchievementEnabler","BaseMod","Bestiary","Colored Map","Minty Spire (QoL Compilation)","Quick Restart","Relic Sorter","StSLib","ojb\u0027s Better Paths Mod","ojb\u0027s Info Mod"],"gold_per_floor":[109,126,126,141,141,141,141,166,166,176,206,216,216,51,51,127,127,138,188,388,403,417,417,432,432,456,456,456],"floor_reached":27,"language":"ENG","playtime":1192,"items_purged":["Strike_B"],"score":571,"play_id":"440ca11d-b0e5-474a-ba57-44eba4776583","local_time":"20210207163019","is_ascension_mode":true,"campfire_choices":[{"data":"Coolheaded","floor":6.0,"key":"SMITH"},{"data":"Buffer","floor":13.0,"key":"SMITH"},{"data":"Defragment","floor":15.0,"key":"SMITH"},{"data":"Buffer","floor":23.0,"key":"SMITH"},{"data":"Creative AI","floor":25.0,"key":"SMITH"}],"circlet_count":0,"master_deck":["AscendersBane","Zap","Dualcast","FTL","Coolheaded+1","Blizzard","Buffer+1","Streamline","Defragment+1","Creative AI+1","Meteor Strike","Cold Snap","Force Field","Machine Learning","Buffer+1","All For One","Skim","Glacier","Heatsinks+1","Reinforced Body+1"],"relics":["Cracked Core","NeowsBlessing","Singing Bowl","Pear","Potion Belt","MealTicket","Pandora\u0027s Box","Strawberry"],"acts_visited":["Exordium","TheCity"],"potions_floor_usage":[],"damage_taken":[{"damage":0.0,"enemies":"2 Louse","floor":1.0,"turns":1.0},{"damage":0.0,"enemies":"Cultist","floor":2.0,"turns":1.0},{"damage":0.0,"enemies":"Jaw Worm","floor":4.0,"turns":1.0},{"damage":34.0,"enemies":"Gremlin Nob","floor":8.0,"turns":4.0},{"damage":4.0,"enemies":"Red Slaver","floor":10.0,"turns":4.0},{"damage":30.0,"enemies":"3 Sentries","floor":11.0,"turns":11.0},{"damage":0.0,"enemies":"Exordium Wildlife","floor":12.0,"turns":4.0},{"damage":0.0,"enemies":"Slime Boss","floor":16.0,"turns":14.0},{"damage":11.0,"enemies":"Spheric Guardian","floor":18.0,"turns":7.0},{"damage":0.0,"enemies":"Chosen","floor":21.0,"turns":9.0},{"damage":26.0,"enemies":"3 Cultists","floor":22.0,"turns":10.0},{"damage":0.0,"enemies":"Shelled Parasite and Fungi","floor":24.0,"turns":11.0},{"damage":45,"enemies":"Book of Stabbing","floor":27,"turns":7}],"seed_played":"7639990595289671836","potions_obtained":[{"floor":2.0,"key":"GamblersBrew"},{"floor":3.0,"key":"Energy Potion"},{"floor":11.0,"key":"Fire Potion"},{"floor":21.0,"key":"Weak Potion"},{"floor":22.0,"key":"Block Potion"}],"is_trial":false,"path_per_floor":["M","M","?","M","?","R","?","E","T","M","E","M","R","$","R","B",null,"M","?","?","M","M","R","M","R","T","E"],"character_chosen":"DEFECT","items_purchased":["Defragment","Block Potion"],"campfire_rested":0,"item_purchase_floors":[14,14],"current_hp_per_floor":[64,64,64,64,64,64,64,40,40,38,8,10,10,25,25,25,70,59,59,59,61,35,35,35,35,42,0,0],"gold":456,"neow_bonus":"THREE_ENEMY_KILL","is_daily":false,"chose_seed":false,"campfire_upgraded":5,"win_rate":0.0,"timestamp":1612708219,"path_taken":["M","M","?","?","?","R","?","E","T","M","E","?","R","$","R","BOSS","M","?","?","?","M","R","M","R","T","E"],"items_purchased_type":["Card","Potion"],"build_version":"2020-12-22","purchased_purges":1,"victory":false,"max_hp_per_floor":[71,71,71,71,71,71,71,81,81,83,83,85,85,85,85,85,85,85,85,85,87,87,87,87,87,94,94,94],"card_choices":[{"not_picked":["Rebound","Steam"],"picked":"FTL","floor":1.0},{"not_picked":["Chaos","Redo"],"picked":"Coolheaded","floor":2.0},{"not_picked":["Steam","Storm"],"picked":"Blizzard","floor":4.0},{"not_picked":["Stack","FTL"],"picked":"Buffer","floor":8.0},{"not_picked":["Stack","Steam","Blizzard"],"picked":"Singing Bowl","floor":10.0},{"not_picked":["Ball Lightning","Conserve Battery"],"picked":"Streamline","floor":11.0},{"not_picked":["Steam","Conserve Battery","Barrage"],"picked":"Singing Bowl","floor":12.0},{"not_picked":["Amplify","Reboot"],"picked":"Creative AI","floor":16.0},{"not_picked":["Fusion","Blizzard"],"picked":"Glacier","floor":18.0},{"not_picked":["Stack","Sweeping Beam","Barrage"],"picked":"Singing Bowl","floor":21.0},{"not_picked":["Hologram","Beam Cell"],"picked":"Heatsinks+1","floor":22.0},{"not_picked":["Storm","Gash"],"picked":"Reinforced Body+1","floor":24.0}],"player_experience":296764,"relics_obtained":[{"floor":8.0,"key":"Pear"},{"floor":9.0,"key":"Potion Belt"},{"floor":11.0,"key":"MealTicket"},{"floor":26.0,"key":"Strawberry"}],"event_choices":[{"damage_healed":0.0,"max_hp_gain":0.0,"max_hp_loss":0.0,"gold_gain":0.0,"event_name":"Lab","player_choice":"Got Potions","floor":3.0,"gold_loss":0.0,"damage_taken":0.0},{"damage_healed":0.0,"max_hp_gain":0.0,"max_hp_loss":0.0,"gold_gain":0.0,"event_name":"Big Fish","player_choice":"Box","floor":5.0,"gold_loss":0.0,"damage_taken":0.0,"relics_obtained":["Singing Bowl"],"cards_obtained":["Regret"]},{"cards_removed":["Regret"],"damage_healed":0.0,"max_hp_gain":0.0,"max_hp_loss":0.0,"gold_gain":0.0,"event_name":"Fountain of Cleansing","player_choice":"Removed Curses","floor":7.0,"gold_loss":0.0,"damage_taken":0.0},{"damage_healed":0.0,"max_hp_gain":0.0,"max_hp_loss":0.0,"gold_gain":50.0,"event_name":"Nest","player_choice":"Stole From Cult","floor":19.0,"gold_loss":0.0,"damage_taken":0.0},{"damage_healed":0.0,"max_hp_gain":0.0,"max_hp_loss":0.0,"gold_gain":250.0,"event_name":"The Joust","player_choice":"Bet on Owner","floor":20.0,"gold_loss":50.0,"damage_taken":0.0}],"is_beta":false,"boss_relics":[{"not_picked":["Black Star","Fusion Hammer"],"picked":"Pandora\u0027s Box"}],"items_purged_floors":[14],"is_endless":false,"potions_floor_spawned":[2,4,11,21,22],"killed_by":"Book of Stabbing","ascension_level":20}}