{"host":"75zx7uhsgygk98v8","time":1612728036,"event":{"mods":["BaseMod","Colored Map","Colored Powertips","Downfall","Googly Eyes","Highlight Path","Minty Spire (QoL Compilation)","StSLib"],"gold_per_floor":[0,18,3,22,122,154,179,79,108,127,157,175,75,75,87,186,186,86,100,100,100,100,111,158,19,29,57,57,72,85,116,132,228,228,228,239,239,256,256,52,75,101,101,112,112,112,145,370,381,381,381,381],"floor_reached":50,"language":"ENG","playtime":4644,"items_purged":["downfall:Haunted"],"score":664,"play_id":"ae70198a-41b6-4c9f-8d95-2f2a43669709","local_time":"20210207140036","is_ascension_mode":true,"campfire_choices":[{"floor":1.0,"key":"RECALL"},{"data":"hexamod:SuperheatedStrike","floor":8.0,"key":"SMITH"},{"data":"hexamod:ThermalTransfer","floor":13,"key":"SMITH"},{"data":"hexamod:GhostOfSpirePresent","floor":18,"key":"SMITH"},{"data":"hexamod:NecessarySacrifice","floor":35,"key":"SMITH"},{"data":"hexamod:RainOfEmbers","floor":43,"key":"SMITH"},{"floor":45,"key":"REST"}],"circlet_count":0,"master_deck":["hexamod:Strike+1","hexamod:Strike+1","hexamod:Strike+1","hexamod:Defend+1","hexamod:Defend+1","hexamod:Defend+1","hexamod:Defend+1","hexamod:Sear","hexamod:Float","hexamod:TimeOfNeed","hexamod:RadiantFlame","hexamod:FirstSeal","hexamod:FlamesFromBeyond","hexamod:SuperheatedStrike+1","hexamod:HeatShield","hexamod:ThermalTransfer+1","hexamod:FlamesFromBeyond","hexamod:TimeOfNeed","hexamod:EmpoweredFlame+1","hexamod:GhostOfSpirePresent+1","hexamod:SpectersWail","Clumsy","hexamod:NecessarySacrifice+1","hexamod:EmpoweredFlame+1","hexamod:SpectralSpark","hexamod:GhostShield","hexamod:RainOfEmbers+1","hexamod:GhostShield+1","hexamod:RetreatToShadows+1","hexamod:FlamesFromBeyond+1","hexamod:GhostShield+1","hexamod:Hexaguard+1","hexamod:PhantomFireball","hexamod:TimeOfNeed+1","hexamod:ChargedBarrage+1","hexamod:BurningTouch+1","expansioncontent:LastStand","expansioncontent:LastStand","hexamod:ExtraCrispy+1","hexamod:PowerFromBeyond+1","hexamod:FourthSeal","hexamod:GhostflameBarrier+1","hexamod:SoulSteal+1","hexamod:GhostOfSpireFuture","hexamod:SpectersWail","hexamod:EtherealExpedition+1"],"relics":["hexamod:UnbrokenSoul","Bronze Scales","downfall:HeartBlessingGreen","InkBottle","Bag of Marbles","downfall:HeartBlessingBlue","downfall:HeartBlessingRed","sneckomod:BabySnecko","Regal Pillow","Toxic Egg 2","downfall:KnowingSkull","Bag of Preparation","Cursed Key","Oddly Smooth Stone","hexamod:MatchstickCase","Blood Vial","Bird Faced Urn"],"acts_visited":["Exordium","TheCity","TheBeyond"],"potions_floor_usage":[29,31,31,47,50],"damage_taken":[{"damage":0.0,"enemies":"Cultist","floor":2.0,"turns":4.0},{"damage":0.0,"enemies":"downfall:FleeingMerchant","floor":3.0,"turns":4.0},{"damage":3.0,"enemies":"Small Slimes","floor":4.0,"turns":4.0},{"damage":28.0,"enemies":"3 Sentries","floor":6.0,"turns":10.0},{"damage":7.0,"enemies":"Lagavulin","floor":9.0,"turns":5.0},{"damage":1.0,"enemies":"2 Louse","floor":10.0,"turns":3.0},{"damage":11.0,"enemies":"Gremlin Nob","floor":11.0,"turns":4.0},{"damage":8,"enemies":"Red Slaver","floor":12,"turns":2},{"damage":10,"enemies":"2 Fungi Beasts","floor":15,"turns":3},{"damage":24,"enemies":"DF_ARCHETYPE_STREAMLINE","floor":16,"turns":8},{"damage":7,"enemies":"Spheric Guardian","floor":19,"turns":4},{"damage":3,"enemies":"Shell Parasite","floor":23,"turns":2},{"damage":0,"enemies":"downfall:FleeingMerchant","floor":25,"turns":4},{"damage":6,"enemies":"Chosen and Byrds","floor":26,"turns":3},{"damage":6,"enemies":"Book of Stabbing","floor":27,"turns":4},{"damage":7,"enemies":"Shelled Parasite and Fungi","floor":29,"turns":3},{"damage":16,"enemies":"3 Cultists","floor":30,"turns":4},{"damage":27,"enemies":"Gremlin Leader","floor":31,"turns":6},{"damage":11,"enemies":"Snake Plant","floor":32,"turns":3},{"damage":28,"enemies":"SI_MIRROR_ARCHETYPE","floor":33,"turns":8},{"damage":0,"enemies":"3 Shapes","floor":36,"turns":5},{"damage":4,"enemies":"3 Darklings","floor":38,"turns":4},{"damage":8,"enemies":"downfall:FleeingMerchant","floor":40,"turns":4},{"damage":18,"enemies":"Nemesis","floor":42,"turns":5},{"damage":39,"enemies":"Transient","floor":44,"turns":5},{"damage":12,"enemies":"Reptomancer","floor":47,"turns":4},{"damage":0,"enemies":"downfall:FleeingMerchant","floor":48,"turns":3},{"damage":15,"enemies":"4 Shapes","floor":49,"turns":4},{"damage":97,"enemies":"WA_ARCHETYPE_DIVINITY","floor":50,"turns":5}],"seed_played":"51846860055007463","potions_obtained":[{"floor":2.0,"key":"Swift Potion"},{"floor":4.0,"key":"SteroidPotion"},{"floor":6.0,"key":"hexamod:EctoCoolerPotion"},{"floor":23,"key":"Regen Potion"},{"floor":26,"key":"Fire Potion"},{"floor":29,"key":"EntropicBrew"},{"floor":31,"key":"SteroidPotion"},{"floor":44,"key":"DuplicationPotion"},{"floor":47,"key":"DuplicationPotion"},{"floor":49,"key":"PowerPotion"}],"is_trial":false,"path_per_floor":["R","M","$","M","?","E","T","R","E","M","E","M","R","?","M","B",null,"R","M","?","?","?","M","T","$","M","E","?","M","M","E","M","B",null,"R","M","?","M","?","$","T","E","R","M","R","?","E","$","M","B"],"character_chosen":"THE_SPIRIT","items_purchased":["hexamod:GhostShield","hexamod:RainOfEmbers","Oddly Smooth Stone","hexamod:PowerFromBeyond+1","hexamod:SpectersWail"],"campfire_rested":1,"item_purchase_floors":[25,25,40,40,48],"current_hp_per_floor":[70,70,70,67,67,46,46,46,46,52,48,47,57,57,54,37,80,80,80,80,80,80,77,77,77,78,79,72,65,49,44,33,5,80,80,80,80,80,75,74,74,56,56,19,58,50,40,61,60,0,0,0],"gold":381,"neow_bonus":"THREE_RARE_CARDS","is_daily":false,"chose_seed":false,"campfire_upgraded":5,"win_rate":0.0,"timestamp":1612728036,"path_taken":["R","M","?","M","?","E","T","R","E","M","E","M","R","?","M","BOSS","R","M","?","?","?","M","T","$","M","E","?","?","M","E","M","BOSS","R","M","?","M","?","$","T","E","R","M","R","?","E","$","M","BOSS"],"items_purchased_type":["Card","Card","Relic","Card","Card"],"build_version":"2020-12-22","purchased_purges":1,"victory":false,"max_hp_per_floor":[70,70,70,70,70,70,70,70,70,70,70,70,80,80,80,80,80,80,80,80,80,80,80,80,80,80,80,80,80,80,80,80,80,80,80,80,80,80,80,80,80,80,80,80,80,80,80,80,80,80,80,80],"card_choices":[{"not_picked":["hexamod:TimeWarp","hexamod:GhostOfSpirePresent"],"picked":"hexamod:TimeOfNeed","floor":0.0},{"not_picked":["hexamod:SkipABeat","hexamod:Haunt"],"picked":"hexamod:RadiantFlame","floor":2.0},{"not_picked":["hexamod:FastForward","hexamod:SecondSeal"],"picked":"hexamod:FirstSeal","floor":3.0},{"not_picked":["hexamod:GhostShield","hexamod:HeatMetal"],"picked":"hexamod:FlamesFromBeyond","floor":4.0},{"not_picked":["hexamod:HeatCrush","hexamod:PowerFromBeyond"],"picked":"hexamod:SuperheatedStrike","floor":6.0},{"not_picked":["hexamod:SuperheatedStrike","hexamod:GhostShield"],"picked":"hexamod:HeatShield","floor":9.0},{"not_picked":["hexamod:SwordOfDarkness","hexamod:Firestarter","hexamod:FlameSwitch"],"picked":"SKIP","floor":10.0},{"not_picked":["hexamod:Haunt","hexamod:InspiringFlames"],"picked":"hexamod:ThermalTransfer","floor":11.0},{"not_picked":["hexamod:BacktrackSmack","hexamod:SuperheatedStrike"],"picked":"hexamod:FlamesFromBeyond","floor":12},{"not_picked":["hexamod:Firestarter","hexamod:RetreatToShadows"],"picked":"hexamod:EmpoweredFlame","floor":15},{"not_picked":["hexamod:ApocalypticArmor","hexamod:GhostflameInferno"],"picked":"hexamod:GhostOfSpirePresent","floor":16},{"not_picked":["hexamod:HeatShield+1","hexamod:GhostShield"],"picked":"hexamod:SpectersWail","floor":19},{"not_picked":["hexamod:NightmareGuise","hexamod:HauntingEcho"],"picked":"hexamod:EmpoweredFlame","floor":23},{"not_picked":["hexamod:NightmareGuise","hexamod:RadiantFlame"],"picked":"hexamod:SpectralSpark","floor":25},{"not_picked":["hexamod:GhostLash","hexamod:Again"],"picked":"hexamod:GhostShield+1","floor":26},{"not_picked":["hexamod:StepThrough","hexamod:ChargedBarrage+1"],"picked":"hexamod:RetreatToShadows+1","floor":27},{"not_picked":["hexamod:HeatMetal","hexamod:GhostOfSpirePast"],"picked":"hexamod:FlamesFromBeyond+1","floor":29},{"not_picked":["hexamod:Rewind+1","hexamod:EmpoweredFlame"],"picked":"hexamod:GhostShield+1","floor":30},{"not_picked":["hexamod:BurningTouch+1","hexamod:NightmareStrike"],"picked":"hexamod:Hexaguard+1","floor":31},{"not_picked":["hexamod:SuperheatedStrike+1","hexamod:FlameSwitch+1"],"picked":"hexamod:PhantomFireball","floor":32},{"not_picked":["hexamod:TurnItUp+1","hexamod:FifthSeal"],"picked":"hexamod:TimeOfNeed+1","floor":33},{"not_picked":["hexamod:HeatShield+1","hexamod:ShieldOfDarkness+1"],"picked":"hexamod:ChargedBarrage+1","floor":36},{"not_picked":["hexamod:AdvancingGuard+1","hexamod:NightmareStrike+1"],"picked":"hexamod:BurningTouch+1","floor":38},{"not_picked":["expansioncontent:HyperBeam","expansioncontent:GuardianWhirl"],"picked":"expansioncontent:LastStand","floor":39},{"not_picked":["expansioncontent:PolyBeam","expansioncontent:HyperBeam"],"picked":"expansioncontent:LastStand","floor":39},{"not_picked":["hexamod:RetreatToShadows+1","hexamod:GhostflameInferno+1"],"picked":"hexamod:ExtraCrispy+1","floor":40},{"not_picked":["hexamod:BacktrackSmack+1","hexamod:Firestarter+1"],"picked":"hexamod:FourthSeal","floor":42},{"not_picked":["hexamod:FlamesFromBeyond+1","hexamod:SwordOfDarkness"],"picked":"hexamod:GhostflameBarrier+1","floor":44},{"not_picked":["hexamod:HauntingEcho+1","hexamod:NightmareGuise+1"],"picked":"hexamod:SoulSteal+1","floor":47},{"not_picked":["hexamod:InspiringFlames+1","hexamod:GhostLash"],"picked":"hexamod:GhostOfSpireFuture","floor":48},{"not_picked":["hexamod:PhantomFireball","hexamod:SoulSteal+1"],"picked":"hexamod:EtherealExpedition+1","floor":49}],"player_experience":1385007,"relics_obtained":[{"floor":6.0,"key":"Bronze Scales"},{"floor":9.0,"key":"InkBottle"},{"floor":11.0,"key":"Bag of Marbles"},{"floor":24,"key":"Regal Pillow"},{"floor":27,"key":"Toxic Egg 2"},{"floor":31,"key":"Bag of Preparation"},{"floor":41,"key":"hexamod:MatchstickCase"},{"floor":42,"key":"Blood Vial"},{"floor":47,"key":"Bird Faced Urn"}],"event_choices":[{"damage_healed":0,"gold_gain":0,"cards_transformed":["downfall:Bewildered","hexamod:Strike"],"player_choice":"Became Test Subject","damage_taken":0,"max_hp_gain":0,"max_hp_loss":0,"event_name":"Drug Dealer","floor":22,"gold_loss":0,"cards_obtained":["Clumsy","hexamod:NecessarySacrifice"]}],"is_beta":false,"boss_relics":[{"not_picked":["hexamod:IceCube","bronze:MakeshiftBattery"],"picked":"hexamod:UnbrokenSoul"},{"not_picked":["Empty Cage","Tiny House"],"picked":"Cursed Key"}],"items_purged_floors":[48],"is_endless":false,"potions_floor_spawned":[2,4,6,15,23,26,29,31,38,44,47,49],"killed_by":"WA_ARCHETYPE_DIVINITY","ascension_level":1}}