{"host":"jqkewjmybebgw3gd","time":1612688895,"event":{"mods":["AchievementEnabler","BaseMod","Colored Map","DeckTracker","Minty Spire (QoL Compilation)","StSLib","SuperFastMode"],"gold_per_floor":[212,232,38,50,2,33,33,68,118,118,138,170,187,205,205,303,303,319,319,347,347,357,385,385,397,470,497,517,529,559,572,572,668,668,681,681,700,373,333,353,353,366,417,451,501,501,100,132,132,132,132,132,60,87,87],"floor_reached":56,"language":"KOR","playtime":5844,"items_purged":["Strike_R","Strike_R"],"score":1606,"play_id":"af630555-0397-4f16-86fe-d992485e6b83","local_time":"20210207180815","is_ascension_mode":true,"campfire_choices":[{"data":"Seeing Red","floor":7.0,"key":"SMITH"},{"floor":10.0,"key":"RECALL"},{"data":"Sentinel","floor":15.0,"key":"SMITH"},{"data":"Infernal Blade","floor":24.0,"key":"SMITH"},{"data":"Seeing Red","floor":32.0,"key":"SMITH"},{"data":"Reaper","floor":41.0,"key":"SMITH"},{"data":"Shockwave","floor":46.0,"key":"SMITH"},{"data":"Madness","floor":49.0,"key":"SMITH"},{"data":"Second Wind","floor":52,"key":"SMITH"}],"circlet_count":0,"master_deck":["Defend_R+1","Defend_R","Defend_R+1","Defend_R","Bash+1","True Grit+1","Corruption+1","Power Through+1","Second Wind+1","Iron Wave","Limit Break","Fiend Fire","Second Wind+1","Seeing Red+1","Warcry","Sentinel+1","Flex","Infernal Blade+1","Reckless Charge","Armaments","Feed","Seeing Red+1","Disarm+1","Inflame+1","Shockwave+1","Normality","Pummel","Shrug It Off+1","Second Wind","Shockwave+1","Reaper+1","Havoc","Madness+1","Madness","Sentinel","Ghostly Armor+1","Sentinel"],"relics":["Burning Blood","Dead Branch","Bottled Lightning","Potion Belt","Toy Ornithopter","Bronze Scales","Cursed Key","Red Mask","GremlinMask","Eternal Feather","Gambling Chip","Omamori","Empty Cage","Shuriken","Bag of Preparation","Bottled Flame","Pocketwatch","OrangePellets","War Paint","Oddly Smooth Stone"],"acts_visited":["Exordium","TheCity","TheBeyond","TheEnding"],"potions_floor_usage":[54,55],"damage_taken":[{"damage":1.0,"enemies":"Small Slimes","floor":1.0,"turns":4.0},{"damage":0.0,"enemies":"2 Louse","floor":2.0,"turns":3.0},{"damage":0.0,"enemies":"Cultist","floor":4.0,"turns":4.0},{"damage":17.0,"enemies":"Gremlin Nob","floor":6.0,"turns":5.0},{"damage":16.0,"enemies":"3 Sentries","floor":8.0,"turns":8.0},{"damage":0.0,"enemies":"Blue Slaver","floor":11.0,"turns":3.0},{"damage":1.0,"enemies":"Lagavulin","floor":12.0,"turns":6.0},{"damage":1.0,"enemies":"2 Fungi Beasts","floor":13.0,"turns":3.0},{"damage":4.0,"enemies":"Exordium Thugs","floor":14.0,"turns":4.0},{"damage":5.0,"enemies":"Slime Boss","floor":16.0,"turns":5.0},{"damage":3.0,"enemies":"Spheric Guardian","floor":18.0,"turns":4.0},{"damage":7.0,"enemies":"Masked Bandits","floor":20.0,"turns":4.0},{"damage":7.0,"enemies":"2 Thieves","floor":22.0,"turns":4.0},{"damage":0.0,"enemies":"Slavers","floor":23.0,"turns":2.0},{"damage":1.0,"enemies":"Snake Plant","floor":25.0,"turns":2.0},{"damage":6.0,"enemies":"Gremlin Leader","floor":27.0,"turns":6.0},{"damage":20.0,"enemies":"Centurion and Healer","floor":28.0,"turns":6.0},{"damage":12.0,"enemies":"Snecko","floor":29.0,"turns":6.0},{"damage":31.0,"enemies":"Slavers","floor":30.0,"turns":6.0},{"damage":5.0,"enemies":"Snake Plant","floor":31.0,"turns":3.0},{"damage":0.0,"enemies":"Automaton","floor":33.0,"turns":5.0},{"damage":44.0,"enemies":"3 Shapes","floor":35.0,"turns":4.0},{"damage":42.0,"enemies":"3 Darklings","floor":37.0,"turns":4.0},{"damage":0.0,"enemies":"Writhing Mass","floor":40.0,"turns":3.0},{"damage":0.0,"enemies":"Maw","floor":42.0,"turns":5.0},{"damage":6.0,"enemies":"Reptomancer","floor":44.0,"turns":2.0},{"damage":6.0,"enemies":"Mind Bloom Boss Battle","floor":45.0,"turns":4.0},{"damage":19.0,"enemies":"Nemesis","floor":48.0,"turns":5.0},{"damage":15.0,"enemies":"Awakened One","floor":50.0,"turns":5.0},{"damage":1,"enemies":"Shield and Spear","floor":54,"turns":3},{"damage":4,"enemies":"The Heart","floor":55,"turns":5}],"seed_played":"6633390544451086448","potions_obtained":[{"floor":6.0,"key":"BloodPotion"},{"floor":8.0,"key":"Strength Potion"},{"floor":12.0,"key":"Energy Potion"},{"floor":13.0,"key":"PowerPotion"},{"floor":14.0,"key":"Swift Potion"},{"floor":20.0,"key":"Block Potion"},{"floor":25.0,"key":"ElixirPotion"},{"floor":28.0,"key":"BloodPotion"},{"floor":30.0,"key":"Dexterity Potion"},{"floor":31.0,"key":"BloodPotion"},{"floor":40.0,"key":"DistilledChaos"},{"floor":44.0,"key":"Strength Potion"}],"is_trial":false,"path_per_floor":["M","M","$","M","$","E","R","E","T","R","M","E","M","M","R","B",null,"M","?","?","?","M","E","R","M","T","E","M","M","E","M","R","B",null,"M","?","M","$","?","M","R","M","T","E","?","R","$","E","R","B",null,"R","$","E","B",null],"character_chosen":"IRONCLAD","items_purchased":["Fiend Fire","Second Wind","Warcry","Shuriken","OrangePellets","ElixirPotion","ElixirPotion","Sentinel"],"campfire_rested":0,"item_purchase_floors":[3,3,5,38,47,47,47,53],"current_hp_per_floor":[80,80,80,80,80,69,69,59,59,59,65,70,75,77,77,80,80,80,80,79,79,81,83,83,83,83,83,74,68,64,65,83,83,83,65,55,19,19,19,72,83,83,83,83,83,83,83,82,83,83,83,83,83,83,83],"gold":87,"neow_bonus":"HUNDRED_GOLD","is_daily":false,"chose_seed":false,"campfire_upgraded":8,"win_rate":0.0,"timestamp":1612688895,"path_taken":["M","M","$","M","$","E","R","E","T","R","M","E","M","M","R","BOSS","M","?","?","?","?","E","R","M","T","E","M","M","E","M","R","BOSS","M","?","M","$","?","?","R","M","T","E","?","R","?","E","R","BOSS","R","$","E","BOSS"],"items_purchased_type":["Card","Card","Card","Relic","Relic","Potion","Potion","Card"],"build_version":"2020-12-22","purchased_purges":2,"victory":true,"max_hp_per_floor":[80,80,80,80,80,80,80,80,80,80,80,80,80,80,80,80,80,80,80,80,80,83,83,83,83,83,83,83,83,83,83,83,83,83,83,83,83,83,83,83,83,83,83,83,83,83,83,83,83,83,83,83,83,83,83],"card_choices":[{"not_picked":["Sword Boomerang","Anger"],"picked":"Iron Wave","floor":1.0},{"not_picked":["Heavy Blade","Iron Wave"],"picked":"Limit Break","floor":2.0},{"not_picked":["True Grit","Shrug It Off"],"picked":"Seeing Red","floor":4.0},{"not_picked":["Double Tap","Havoc"],"picked":"Sentinel","floor":6.0},{"not_picked":["Fire Breathing","Thunderclap","Clash"],"picked":"SKIP","floor":8.0},{"not_picked":["Searing Blow","Wild Strike"],"picked":"Flex","floor":11.0},{"not_picked":["Cleave","Fire Breathing"],"picked":"Infernal Blade","floor":12.0},{"not_picked":["Heavy Blade","Entrench"],"picked":"Reckless Charge","floor":13.0},{"not_picked":["Searing Blow","Iron Wave"],"picked":"Armaments","floor":14.0},{"not_picked":["Berserk","Fiend Fire"],"picked":"Feed","floor":16.0},{"not_picked":["Pommel Strike","Thunderclap"],"picked":"Seeing Red","floor":18.0},{"not_picked":["Searing Blow","Havoc"],"picked":"Disarm","floor":20.0},{"not_picked":["Sword Boomerang+1","Rampage"],"picked":"Inflame+1","floor":22.0},{"not_picked":["Pommel Strike","Headbutt"],"picked":"Shockwave","floor":23.0},{"not_picked":["Clothesline","Armaments","Headbutt"],"picked":"SKIP","floor":25.0},{"not_picked":["Corruption","Armaments"],"picked":"Pummel","floor":27.0},{"not_picked":["Headbutt","Body Slam+1"],"picked":"Shrug It Off+1","floor":28.0},{"not_picked":["Clash","Bloodletting","Twin Strike"],"picked":"SKIP","floor":29.0},{"not_picked":["Perfected Strike+1","True Grit"],"picked":"Second Wind","floor":30.0},{"not_picked":["Second Wind","Thunderclap"],"picked":"Shockwave+1","floor":31.0},{"not_picked":["Juggernaut","Berserk"],"picked":"Reaper","floor":33.0},{"not_picked":["Twin Strike+1","Combust+1"],"picked":"Havoc","floor":35.0},{"not_picked":["Clothesline","Reckless Charge","Perfected Strike+1"],"picked":"SKIP","floor":37.0},{"not_picked":["Sword Boomerang","Second Wind+1"],"picked":"Sentinel","floor":40.0},{"not_picked":["Inflame","Blood for Blood"],"picked":"Ghostly Armor+1","floor":42.0},{"not_picked":["Anger+1","Clash+1","Cleave"],"picked":"SKIP","floor":44.0},{"not_picked":["Fire Breathing+1","Bloodletting","Evolve+1"],"picked":"SKIP","floor":48.0},{"not_picked":["Iron Wave","Spot Weakness","Demon Form"],"picked":"SKIP","floor":54}],"player_experience":491831,"relics_obtained":[{"floor":6.0,"key":"Bottled Lightning"},{"floor":8.0,"key":"Potion Belt"},{"floor":9.0,"key":"Toy Ornithopter"},{"floor":12.0,"key":"Bronze Scales"},{"floor":20.0,"key":"Red Mask"},{"floor":23.0,"key":"Eternal Feather"},{"floor":27.0,"key":"Gambling Chip"},{"floor":30.0,"key":"Omamori"},{"floor":43.0,"key":"Bag of Preparation"},{"floor":44.0,"key":"Bottled Flame"},{"floor":45.0,"key":"Pocketwatch"},{"floor":48.0,"key":"War Paint"},{"floor":54,"key":"Oddly Smooth Stone"}],"event_choices":[{"cards_removed":["Strike_R"],"damage_healed":0.0,"max_hp_gain":0.0,"max_hp_loss":0.0,"gold_gain":0.0,"event_name":"Back to Basics","player_choice":"Elegance","floor":19.0,"gold_loss":0.0,"damage_taken":0.0},{"damage_healed":0.0,"max_hp_gain":0.0,"max_hp_loss":0.0,"gold_gain":0.0,"event_name":"Masked Bandits","player_choice":"Fought Bandits","floor":20.0,"gold_loss":0.0,"damage_taken":0.0},{"damage_healed":0.0,"max_hp_gain":0.0,"max_hp_loss":0.0,"gold_gain":0.0,"event_name":"FaceTrader","player_choice":"Trade","floor":21.0,"gold_loss":0.0,"damage_taken":0.0,"relics_obtained":["GremlinMask"]},{"damage_healed":0.0,"max_hp_gain":0.0,"max_hp_loss":0.0,"gold_gain":0.0,"event_name":"Winding Halls","player_choice":"Embrace Madness","floor":36.0,"gold_loss":0.0,"damage_taken":10.0,"cards_obtained":["Madness","Madness"]},{"damage_healed":0.0,"max_hp_gain":0.0,"max_hp_loss":0.0,"gold_gain":0.0,"event_name":"Designer","player_choice":"Upgraded Two","floor":39.0,"gold_loss":40.0,"damage_taken":0.0,"cards_upgraded":["Bash","Defend_R"]},{"damage_healed":0.0,"max_hp_gain":0.0,"max_hp_loss":0.0,"gold_gain":0.0,"event_name":"MindBloom","player_choice":"Fight","floor":45.0,"gold_loss":0.0,"damage_taken":0.0}],"is_beta":false,"boss_relics":[{"not_picked":["Fusion Hammer","Mark of Pain"],"picked":"Cursed Key"},{"not_picked":["Velvet Choker","Sozu"],"picked":"Empty Cage"}],"items_purged_floors":[38,47],"is_endless":false,"potions_floor_spawned":[6,8,12,13,14,20,23,25,28,30,31,40,44,48],"ascension_level":2}}