{"host":"a5lz0e76zb3fcwkm","time":1612690625,"event":{"mods":["AchievementEnabler","BaseMod","Colored Map","Colored Powertips","Minty Spire (QoL Compilation)","StSLib","SuperFastMode"],"gold_per_floor":[114,114,114,39,55,55,55,55,55,70,84,84,84],"floor_reached":12,"language":"KOR","playtime":197,"items_purged":["Strike_R"],"score":136,"play_id":"73fbc201-293b-423a-ab94-28a96088dc8d","local_time":"20210207183705","is_ascension_mode":true,"campfire_choices":[{"data":"Bash","floor":6,"key":"SMITH"},{"data":"Pommel Strike","floor":8,"key":"SMITH"}],"circlet_count":0,"master_deck":["AscendersBane","Strike_R","Strike_R","Strike_R","Defend_R","Defend_R","Defend_R","Bash+1","Burning Pact","Dropkick","Pommel Strike+1","Fiend Fire","Dropkick"],"relics":["Burning Blood","Frozen Egg 2","Paper Frog"],"acts_visited":["Exordium"],"potions_floor_usage":[12],"damage_taken":[{"damage":10,"enemies":"Small Slimes","floor":1,"turns":4},{"damage":14,"enemies":"Jaw Worm","floor":5,"turns":4},{"damage":6,"enemies":"Cultist","floor":10,"turns":3},{"damage":19,"enemies":"3 Louse","floor":11,"turns":4},{"damage":40,"enemies":"3 Sentries","floor":12,"turns":5}],"seed_played":"4891340563481633400","potions_obtained":[{"floor":5,"key":"DuplicationPotion"},{"floor":11,"key":"ElixirPotion"}],"is_trial":false,"path_per_floor":["M","?","?","$","M","R","$","R","T","M","M","E"],"character_chosen":"IRONCLAD","items_purchased":[],"campfire_rested":0,"item_purchase_floors":[],"current_hp_per_floor":[64,64,59,59,51,51,51,51,51,51,38,0,0],"gold":84,"neow_bonus":"TRANSFORM_TWO_CARDS","is_daily":false,"chose_seed":false,"campfire_upgraded":2,"win_rate":0.0,"timestamp":1612690625,"path_taken":["M","?","?","?","M","R","$","R","T","M","?","E"],"items_purchased_type":[],"build_version":"2020-12-22","purchased_purges":1,"victory":false,"max_hp_per_floor":[75,75,75,75,75,75,75,75,75,75,75,75,75],"card_choices":[{"not_picked":["Havoc","Iron Wave"],"picked":"Pommel Strike","floor":1},{"not_picked":["Iron Wave","Seeing Red","Clash"],"picked":"SKIP","floor":5},{"not_picked":["Iron Wave","Flame Barrier"],"picked":"Fiend Fire","floor":10},{"not_picked":["Warcry","Seeing Red"],"picked":"Dropkick","floor":11}],"player_experience":1847369,"relics_obtained":[{"floor":9,"key":"Paper Frog"}],"event_choices":[{"cards_removed":["Shame"],"damage_healed":0,"gold_gain":0,"player_choice":"Forget","damage_taken":0,"max_hp_gain":0,"max_hp_loss":0,"event_name":"Living Wall","floor":2,"gold_loss":0},{"damage_healed":0,"gold_gain":0,"player_choice":"Success","damage_taken":5,"relics_obtained":["Frozen Egg 2"],"max_hp_gain":0,"max_hp_loss":0,"event_name":"Scrap Ooze","floor":3,"gold_loss":0}],"is_beta":false,"boss_relics":[],"items_purged_floors":[4],"is_endless":false,"potions_floor_spawned":[5,11],"killed_by":"3 Sentries","ascension_level":20}}