{"host":"ydg0vn0pu4pubmdt","time":1612741967,"event":{"mods":["AchievementEnabler","BaseMod","Colored Map","Gold Saver","Minty Spire (QoL Compilation)","Quick Restart","SuperFastMode"],"gold_per_floor":[142,142,67,67,67,67,98,98,98,124,140,174,194,207,207,308,308,358,32,32,106,153,181,201,234,234,293,346,117,117,136,136,270,270,283,338,54,54,54,54,80,94,94,138,217,217,217,296,296,296,296,296,296,0,30,30],"floor_reached":57,"language":"KOR","playtime":2201,"items_purged":["Strike_P","Doubt","Defend_P","Strike_P"],"score":3441,"play_id":"ebba0e6e-5557-414a-8969-972800c713b3","local_time":"20210208085247","is_ascension_mode":true,"campfire_choices":[{"data":"SandsOfTime","floor":6.0,"key":"SMITH"},{"data":"Vigilance","floor":8.0,"key":"SMITH"},{"data":"Wish","floor":15.0,"key":"SMITH"},{"floor":32.0,"key":"REST"},{"data":"Omniscience","floor":40.0,"key":"SMITH"},{"floor":49.0,"key":"RECALL"},{"data":"Omniscience","floor":53.0,"key":"SMITH"}],"circlet_count":0,"master_deck":["AscendersBane","Strike_P","Strike_P","Defend_P","Defend_P","Defend_P","Eruption+1","Vigilance+1","SandsOfTime+1","ReachHeaven+1","FlurryOfBlows+1","EmptyFist+1","Wish+1","WheelKick+1","Omniscience+1","Tantrum+1","MentalFortress+1","Study+1","Adaptation+1","Adaptation+1","Omniscience+1","Fasting2+1","Master of Strategy"],"relics":["PureWater","NeowsBlessing","Happy Flower","Thread and Needle","Molten Egg 2","CloakClasp","Orichalcum","Cursed Key","Membership Card","TungstenRod","Frozen Egg 2","Mercury Hourglass","InkBottle","Mummified Hand","VioletLotus","Incense Burner","Kunai","OrangePellets","Shuriken","Lee\u0027s Waffle","Damaru"],"acts_visited":["Exordium","TheCity","TheBeyond","TheEnding"],"potions_floor_usage":[56],"damage_taken":[{"damage":0.0,"enemies":"Cultist","floor":1.0,"turns":1.0},{"damage":0.0,"enemies":"3 Sentries","floor":7.0,"turns":2.0},{"damage":0.0,"enemies":"Lagavulin","floor":10.0,"turns":1.0},{"damage":0.0,"enemies":"Jaw Worm","floor":11.0,"turns":3.0},{"damage":3.0,"enemies":"3 Sentries","floor":12.0,"turns":6.0},{"damage":0.0,"enemies":"Small Slimes","floor":13.0,"turns":4.0},{"damage":0.0,"enemies":"2 Fungi Beasts","floor":14.0,"turns":2.0},{"damage":0.0,"enemies":"Slime Boss","floor":16.0,"turns":5.0},{"damage":0.0,"enemies":"Shell Parasite","floor":18.0,"turns":4.0},{"damage":0.0,"enemies":"Spheric Guardian","floor":21.0,"turns":3.0},{"damage":0.0,"enemies":"3 Cultists","floor":22.0,"turns":3.0},{"damage":26.0,"enemies":"Book of Stabbing","floor":23.0,"turns":4.0},{"damage":0.0,"enemies":"Cultist and Chosen","floor":24.0,"turns":2.0},{"damage":11.0,"enemies":"Slavers","floor":25.0,"turns":3.0},{"damage":0.0,"enemies":"Book of Stabbing","floor":27.0,"turns":4.0},{"damage":4.0,"enemies":"Centurion and Healer","floor":31.0,"turns":3.0},{"damage":1.0,"enemies":"Automaton","floor":33.0,"turns":6.0},{"damage":16.0,"enemies":"3 Darklings","floor":35.0,"turns":3.0},{"damage":0.0,"enemies":"Mind Bloom Boss Battle","floor":36.0,"turns":5.0},{"damage":0.0,"enemies":"Giant Head","floor":41.0,"turns":3.0},{"damage":1.0,"enemies":"3 Shapes","floor":42.0,"turns":3.0},{"damage":17.0,"enemies":"Sphere and 2 Shapes","floor":44.0,"turns":3.0},{"damage":0.0,"enemies":"Spire Growth","floor":45.0,"turns":3.0},{"damage":6.0,"enemies":"Transient","floor":48.0,"turns":6.0},{"damage":0.0,"enemies":"Time Eater","floor":50.0,"turns":4.0},{"damage":0.0,"enemies":"Donu and Deca","floor":51.0,"turns":4.0},{"damage":0.0,"enemies":"Shield and Spear","floor":55.0,"turns":3.0},{"damage":17,"enemies":"The Heart","floor":56,"turns":5}],"seed_played":"196695819499852977","potions_obtained":[{"floor":1.0,"key":"SpeedPotion"},{"floor":10.0,"key":"Energy Potion"},{"floor":13.0,"key":"StancePotion"},{"floor":14.0,"key":"Strength Potion"},{"floor":23.0,"key":"ColorlessPotion"},{"floor":24.0,"key":"PowerPotion"},{"floor":31.0,"key":"LiquidMemories"},{"floor":33.0,"key":"Weak Potion"},{"floor":55.0,"key":"DistilledChaos"}],"is_trial":false,"path_per_floor":["M","?","$","?","?","R","E","R","T","E","M","E","M","M","R","B",null,"M","$","?","M","M","E","M","E","T","E","T","$","?","M","R","B",null,"M","?","$","?","$","R","E","M","T","M","M","?","?","M","R","B","B",null,"R","$","E","B",null],"character_chosen":"WATCHER","items_purchased":["Membership Card","TungstenRod","Mummified Hand","Study+1","Kunai","OrangePellets","Fasting2+1","Master of Strategy","Lee\u0027s Waffle"],"campfire_rested":1,"item_purchase_floors":[19,19,29,29,37,37,54,54,54],"current_hp_per_floor":[61,43,43,48,48,48,48,48,48,48,48,45,45,45,45,45,66,66,66,66,66,66,40,40,29,29,29,29,29,29,25,46,45,66,50,50,50,50,50,50,50,49,49,32,32,32,60,54,54,54,54,59,59,67,67,50],"gold":30,"neow_bonus":"THREE_ENEMY_KILL","is_daily":false,"chose_seed":false,"campfire_upgraded":5,"win_rate":0.0,"timestamp":1612741967,"path_taken":["M","?","$","?","?","R","E","R","T","E","M","E","M","M","R","BOSS","M","$","?","M","M","E","?","E","T","E","?","?","?","M","R","BOSS","M","?","$","?","$","R","E","M","T","M","?","?","?","M","R","BOSS","BOSS","R","$","E","BOSS"],"items_purchased_type":["Relic","Relic","Relic","Card","Relic","Relic","Card","Card","Relic"],"build_version":"2020-12-22","purchased_purges":4,"victory":true,"max_hp_per_floor":[68,68,68,73,73,73,73,73,73,73,73,73,73,73,73,73,73,73,73,73,73,73,73,73,73,73,73,73,73,73,73,73,73,73,73,73,73,73,73,73,73,73,73,73,73,73,60,60,60,60,60,60,60,67,67,67],"card_choices":[{"not_picked":["PathToVictory","EmptyFist"],"picked":"SandsOfTime","floor":1.0},{"not_picked":["CutThroughFate","Swivel","BattleHymn"],"picked":"SKIP","floor":7.0},{"not_picked":["Meditate","Evaluate"],"picked":"ReachHeaven+1","floor":10.0},{"not_picked":["CarveReality+1","WreathOfFlame"],"picked":"FlurryOfBlows+1","floor":11.0},{"not_picked":["Evaluate","Sanctity","Consecrate+1"],"picked":"SKIP","floor":12.0},{"not_picked":["CutThroughFate+1","Weave+1"],"picked":"EmptyFist+1","floor":13.0},{"not_picked":["Conclude+1","Perseverance"],"picked":"Wish","floor":14.0},{"not_picked":["JustLucky+1","SignatureMove+1"],"picked":"WheelKick+1","floor":18.0},{"not_picked":["WaveOfTheHand","BowlingBash+1","CutThroughFate+1"],"picked":"SKIP","floor":21.0},{"not_picked":["WaveOfTheHand","BowlingBash+1","CutThroughFate+1"],"picked":"SKIP","floor":21.0},{"not_picked":["Tantrum+1","SashWhip+1","Crescendo"],"picked":"SKIP","floor":22.0},{"not_picked":["SashWhip+1","Crescendo"],"picked":"Tantrum+1","floor":22.0},{"not_picked":["SignatureMove+1","Establishment+1","EmptyBody"],"picked":"SKIP","floor":23.0},{"not_picked":["FlurryOfBlows+1","CarveReality+1","Halt"],"picked":"SKIP","floor":24.0},{"not_picked":["Alpha","ThirdEye","Halt+1"],"picked":"SKIP","floor":25.0},{"not_picked":["LikeWater+1","Indignation"],"picked":"MentalFortress+1","floor":27.0},{"not_picked":["EmptyFist+1","ClearTheMind"],"picked":"Adaptation+1","floor":31.0},{"not_picked":["CrushJoints+1","WheelKick+1","Fasting2+1"],"picked":"SKIP","floor":35.0},{"not_picked":["SashWhip+1","Nirvana+1","DeceiveReality"],"picked":"SKIP","floor":41.0},{"not_picked":["PathToVictory","Conclude+1","EmptyFist+1"],"picked":"SKIP","floor":42.0},{"not_picked":["Conclude+1","ForeignInfluence+1","Consecrate+1"],"picked":"SKIP","floor":44.0},{"not_picked":["Perseverance","EmptyMind","Pray"],"picked":"SKIP","floor":45.0},{"not_picked":["CrushJoints+1","EmptyFist+1","EmptyBody"],"picked":"SKIP","floor":48.0},{"not_picked":["Meditate","Adaptation+1","ClearTheMind+1"],"picked":"SKIP","floor":55.0}],"player_experience":660565,"relics_obtained":[{"floor":7.0,"key":"Thread and Needle"},{"floor":9.0,"key":"Molten Egg 2"},{"floor":10.0,"key":"CloakClasp"},{"floor":12.0,"key":"Orichalcum"},{"floor":23.0,"key":"Frozen Egg 2"},{"floor":25.0,"key":"Mercury Hourglass"},{"floor":27.0,"key":"InkBottle"},{"floor":36.0,"key":"Incense Burner"},{"floor":41.0,"key":"Shuriken"},{"floor":55.0,"key":"Damaru"}],"event_choices":[{"damage_healed":0.0,"max_hp_gain":0.0,"max_hp_loss":0.0,"gold_gain":0.0,"event_name":"Scrap Ooze","player_choice":"Success","floor":2.0,"gold_loss":0.0,"damage_taken":18.0,"relics_obtained":["Happy Flower"]},{"damage_healed":0.0,"max_hp_gain":5.0,"max_hp_loss":0.0,"gold_gain":0.0,"event_name":"Big Fish","player_choice":"Donut","floor":4.0,"gold_loss":0.0,"damage_taken":0.0},{"damage_healed":0.0,"max_hp_gain":0.0,"max_hp_loss":0.0,"gold_gain":0.0,"event_name":"Living Wall","player_choice":"Grow","floor":5.0,"gold_loss":0.0,"damage_taken":0.0,"cards_upgraded":["Eruption"]},{"damage_healed":0.0,"max_hp_gain":0.0,"max_hp_loss":0.0,"gold_gain":0.0,"event_name":"Match and Keep!","player_choice":"1 cards matched","floor":20.0,"gold_loss":0.0,"damage_taken":0.0,"cards_obtained":["Omniscience"]},{"damage_healed":0.0,"max_hp_gain":0.0,"max_hp_loss":0.0,"gold_gain":0.0,"event_name":"The Library","player_choice":"Read","floor":30.0,"gold_loss":0.0,"damage_taken":0.0,"cards_obtained":["Adaptation"]},{"damage_healed":0.0,"max_hp_gain":0.0,"max_hp_loss":0.0,"gold_gain":0.0,"event_name":"MindBloom","player_choice":"Fight","floor":36.0,"gold_loss":0.0,"damage_taken":0.0},{"damage_healed":0.0,"max_hp_gain":0.0,"max_hp_loss":0.0,"gold_gain":0.0,"event_name":"Duplicator","player_choice":"Copied","floor":38.0,"gold_loss":0.0,"damage_taken":0.0,"cards_obtained":["Omniscience"]},{"damage_healed":0.0,"max_hp_gain":0.0,"max_hp_loss":0.0,"gold_gain":0.0,"event_name":"Mysterious Sphere","player_choice":"Ignored","floor":46.0,"gold_loss":0.0,"damage_taken":0.0},{"damage_healed":60.0,"max_hp_gain":0.0,"max_hp_loss":13.0,"gold_gain":0.0,"event_name":"The Moai Head","player_choice":"Heal","floor":47.0,"gold_loss":0.0,"damage_taken":0.0}],"is_beta":false,"boss_relics":[{"not_picked":["SacredBark","Snecko Eye"],"picked":"Cursed Key"},{"not_picked":["Coffee Dripper","Runic Pyramid"],"picked":"VioletLotus"}],"items_purged_floors":[3,29,37,54],"is_endless":false,"potions_floor_spawned":[1,10,13,14,16,21,23,24,31,33,35,44,55],"ascension_level":20}}