{"host":"88hg6ocvqrqxrx5h","time":1612707678,"event":{"mods":["2.2 Compatiblity","BaseMod","Bestiary","Block Reminder","Colored Map","DeckTracker","Highlight Path","Minty Spire (QoL Compilation)","Relic Stats","Unceasing Turn Reminder","Weighted Paths","slay the spire mod where everything is the same but ironclad has a cowboy hat"],"gold_per_floor":[14,14,27,42,65,65,108,127,152,152,5,5,5],"floor_reached":12,"language":"ENG","playtime":529,"items_purged":[],"score":108,"play_id":"d76f0a2d-4b1b-42be-94d8-6518bb152491","local_time":"20210207062118","is_ascension_mode":true,"campfire_choices":[{"data":"Entrench","floor":6,"key":"SMITH"}],"circlet_count":0,"master_deck":["Strike_R","Strike_R","Strike_R","Strike_R","Strike_R","Defend_R","Defend_R","Defend_R","Defend_R","Bash","Entrench+1","Injury","Thunderclap","Sword Boomerang","Cleave","True Grit","Berserk"],"relics":["Burning Blood","Calipers","Golden Idol","Bag of Marbles","Dream Catcher","Blood Vial","Regal Pillow"],"acts_visited":["Exordium"],"potions_floor_usage":[7,12,12],"damage_taken":[{"damage":7,"enemies":"2 Louse","floor":1,"turns":3},{"damage":0,"enemies":"Small Slimes","floor":3,"turns":3},{"damage":1,"enemies":"Cultist","floor":4,"turns":4},{"damage":22,"enemies":"Blue Slaver","floor":5,"turns":5},{"damage":33,"enemies":"Gremlin Nob","floor":7,"turns":5},{"damage":0,"enemies":"Exordium Wildlife","floor":8,"turns":2},{"damage":46,"enemies":"Lagavulin","floor":12,"turns":8}],"seed_played":"7608868177574966957","potions_obtained":[{"floor":1,"key":"ElixirPotion"},{"floor":3,"key":"Dexterity Potion"},{"floor":4,"key":"SkillPotion"},{"floor":8,"key":"EssenceOfSteel"}],"is_trial":false,"path_per_floor":["M","?","M","M","M","R","E","M","T","?","$","E"],"character_chosen":"IRONCLAD","items_purchased":["Regal Pillow"],"campfire_rested":0,"item_purchase_floors":[11],"current_hp_per_floor":[71,71,77,80,64,64,37,43,43,25,25,0,0],"gold":5,"neow_bonus":"ONE_RARE_RELIC","is_daily":false,"chose_seed":false,"campfire_upgraded":1,"win_rate":0.0,"timestamp":1612707678,"path_taken":["M","?","M","M","M","R","E","M","T","?","$","E"],"items_purchased_type":["Relic"],"build_version":"2020-12-22","purchased_purges":0,"victory":false,"max_hp_per_floor":[80,80,80,80,80,80,80,80,80,80,80,80,80],"relic_stats":{"Blood Vial":2,"Dream Catcher":0,"Regal Pillow":0,"counters":[7,30],"Golden Idol":24,"obtain_stats":[{"Blood Vial":10,"Dream Catcher":9,"Regal Pillow":11,"Calipers":0,"Golden Idol":2,"Bag of Marbles":7,"Burning Blood":0},{"Blood Vial":6,"Dream Catcher":6,"Regal Pillow":6,"Calipers":0,"Golden Idol":1,"Bag of Marbles":5,"Burning Blood":0},{"Blood Vial":22,"Dream Catcher":22,"Regal Pillow":22,"Calipers":0,"Golden Idol":3,"Bag of Marbles":20,"Burning Blood":0}],"Burning Blood":34},"card_choices":[{"not_picked":["Inflame","Clash"],"picked":"Entrench","floor":1},{"not_picked":["Sentinel","Power Through"],"picked":"Thunderclap","floor":3},{"not_picked":["Havoc","Heavy Blade"],"picked":"Sword Boomerang","floor":4},{"not_picked":["Clash","Pommel Strike"],"picked":"Cleave","floor":5},{"not_picked":["Headbutt","Sword Boomerang"],"picked":"True Grit","floor":7},{"not_picked":["Flex","Pommel Strike"],"picked":"Berserk","floor":8}],"player_experience":165058,"relics_obtained":[{"floor":7,"key":"Bag of Marbles"},{"floor":9,"key":"Dream Catcher"}],"event_choices":[{"damage_healed":0,"gold_gain":0,"player_choice":"Take Wound","damage_taken":0,"relics_obtained":["Golden Idol"],"max_hp_gain":0,"max_hp_loss":0,"event_name":"Golden Idol","floor":2,"gold_loss":0,"cards_obtained":["Injury"]},{"damage_healed":0,"gold_gain":0,"player_choice":"Success","damage_taken":18,"relics_obtained":["Blood Vial"],"max_hp_gain":0,"max_hp_loss":0,"event_name":"Scrap Ooze","floor":10,"gold_loss":0}],"is_beta":false,"boss_relics":[],"items_purged_floors":[],"is_endless":false,"potions_floor_spawned":[1,3,4,8],"killed_by":"Lagavulin","ascension_level":7}}