{"host":"25fn74ijs2305xd4","time":1612716266,"event":{"mods":["AchievementEnabler","BaseMod","Colored Map","Colored Powertips","Dark Map","Minty Spire (QoL Compilation)","Relic Stats","StSLib"],"gold_per_floor":[117,134,209,226,158,183,183,200,200,231,251,269,284,302,302,403,403,421,421,56,56,56,56,90,90,116,151,164,164,193,211,211,310,310,321,370,390,401,401,401,426,426,426,426,442,460,460,480,480,480,480,480,91,118,118],"floor_reached":56,"language":"POL","playtime":3733,"items_purged":["Defend_G","Strike_G"],"score":1461,"play_id":"43648dcb-3bc5-42fe-8d07-c79d1c368194","local_time":"20210207174426","is_ascension_mode":true,"campfire_choices":[{"floor":7.0,"key":"REST"},{"data":"Noxious Fumes","floor":15.0,"key":"SMITH"},{"data":"Footwork","floor":23,"key":"SMITH"},{"data":"Adrenaline","floor":25,"key":"SMITH"},{"floor":29,"key":"REST"},{"floor":32,"key":"REST"},{"data":"1","floor":40,"key":"LIFT"},{"data":"2","floor":44,"key":"LIFT"},{"floor":49,"key":"RECALL"},{"data":"3","floor":52,"key":"LIFT"}],"circlet_count":0,"master_deck":["Strike_G","Defend_G","Defend_G","Defend_G","Survivor","Neutralize","Noxious Fumes+1","Sucker Punch","Calculated Gamble","Caltrops","PiercingWail","Catalyst","Poisoned Stab","Catalyst","Leg Sweep","Footwork+1","Adrenaline+1","Catalyst+1","Flying Knee+1","Dagger Throw+1","Concentrate","Leg Sweep","Acrobatics+1","Outmaneuver+1","Backflip","PiercingWail","Acrobatics+1","Noxious Fumes","PiercingWail","Concentrate+1","Noxious Fumes+1","Footwork","Footwork","Deflect+1","Poisoned Stab+1"],"relics":["Ring of the Snake","Omamori","Meat on the Bone","Oddly Smooth Stone","Bag of Preparation","Astrolabe","Mango","Girya","Smiling Mask","Incense Burner","Tingsha","Runic Pyramid","StoneCalendar","Gremlin Horn","Eternal Feather","Anchor","Orrery","Nunchaku"],"acts_visited":["Exordium","TheCity","TheBeyond","TheEnding"],"potions_floor_usage":[24,24,31,48,50,55,55],"damage_taken":[{"damage":4.0,"enemies":"Small Slimes","floor":1.0,"turns":4.0},{"damage":2.0,"enemies":"Jaw Worm","floor":2.0,"turns":5.0},{"damage":0.0,"enemies":"Cultist","floor":4.0,"turns":5.0},{"damage":41.0,"enemies":"3 Sentries","floor":6.0,"turns":13.0},{"damage":12.0,"enemies":"Exordium Wildlife","floor":8.0,"turns":6.0},{"damage":13.0,"enemies":"Lagavulin","floor":10.0,"turns":9.0},{"damage":7.0,"enemies":"Large Slime","floor":11.0,"turns":7.0},{"damage":8.0,"enemies":"Looter","floor":12.0,"turns":5.0},{"damage":4.0,"enemies":"Exordium Thugs","floor":13.0,"turns":5.0},{"damage":3.0,"enemies":"2 Fungi Beasts","floor":14.0,"turns":5.0},{"damage":16.0,"enemies":"The Guardian","floor":16.0,"turns":10.0},{"damage":0,"enemies":"3 Byrds","floor":18,"turns":3},{"damage":16,"enemies":"Slavers","floor":24,"turns":5},{"damage":38,"enemies":"Gremlin Leader","floor":27,"turns":7},{"damage":0,"enemies":"Shell Parasite","floor":28,"turns":4},{"damage":34,"enemies":"Slavers","floor":30,"turns":6},{"damage":13,"enemies":"Cultist and Chosen","floor":31,"turns":5},{"damage":41,"enemies":"Automaton","floor":33,"turns":11},{"damage":1,"enemies":"Orb Walker","floor":35,"turns":4},{"damage":36,"enemies":"2 Orb Walkers","floor":36,"turns":6},{"damage":5,"enemies":"3 Shapes","floor":37,"turns":6},{"damage":0,"enemies":"Jaw Worm Horde","floor":38,"turns":5},{"damage":27,"enemies":"Reptomancer","floor":41,"turns":5},{"damage":3,"enemies":"Maw","floor":45,"turns":6},{"damage":1,"enemies":"3 Darklings","floor":46,"turns":5},{"damage":30,"enemies":"Transient","floor":48,"turns":5},{"damage":24,"enemies":"Donu and Deca","floor":50,"turns":8},{"damage":4,"enemies":"Shield and Spear","floor":54,"turns":7},{"damage":59,"enemies":"The Heart","floor":55,"turns":8}],"seed_played":"-3434336072984824385","potions_obtained":[{"floor":1.0,"key":"EntropicBrew"},{"floor":6.0,"key":"Weak Potion"},{"floor":10.0,"key":"Explosive Potion"},{"floor":11.0,"key":"SkillPotion"},{"floor":28,"key":"SmokeBomb"},{"floor":30,"key":"AttackPotion"},{"floor":36,"key":"Swift Potion"},{"floor":48,"key":"LiquidMemories"},{"floor":54,"key":"EssenceOfSteel"}],"is_trial":false,"path_per_floor":["M","M","?","M","?","E","R","M","T","E","M","M","M","M","R","B",null,"M","?","$","?","?","R","E","R","T","E","M","R","E","M","R","B",null,"M","?","M","M","T","R","E","?","T","R","M","M","?","M","R","B",null,"R","$","E","B",null],"character_chosen":"THE_SILENT","items_purchased":["Mango","Footwork","Anchor","Orrery"],"campfire_rested":3,"item_purchase_floors":[20,53,53,53],"current_hp_per_floor":[66,64,53,53,53,12,33,33,33,32,37,41,37,46,46,42,63,63,63,77,77,77,77,61,61,61,35,47,72,50,49,74,45,74,73,49,44,44,44,44,29,29,29,47,44,43,48,30,48,36,72,84,84,80,33],"gold":118,"neow_bonus":"REMOVE_CARD","is_daily":false,"chose_seed":false,"campfire_upgraded":3,"win_rate":0.0,"timestamp":1612716266,"path_taken":["M","M","?","M","?","E","R","M","T","E","M","?","M","M","R","BOSS","BOSS","M","?","$","?","?","R","E","R","T","E","M","R","E","M","R","BOSS","M","?","M","M","?","R","E","?","T","R","M","?","?","M","R","BOSS","R","$","E","BOSS"],"items_purchased_type":["Relic","Card","Relic","Relic"],"build_version":"2020-12-22","purchased_purges":2,"victory":true,"max_hp_per_floor":[70,70,70,70,70,70,70,70,70,70,70,70,70,70,70,70,70,70,70,84,84,84,84,84,84,84,84,84,84,84,84,84,84,84,84,84,84,84,84,84,84,84,84,84,84,84,84,84,84,84,84,84,84,84,84],"relic_stats":{"Nunchaku":[0],"Gremlin Horn":[6,6],"counters":[29,180],"Astrolabe":["Catalyst","Flying Knee","Dagger Throw"],"Tingsha":[420],"StoneCalendar":[217],"Eternal Feather":48,"Bag of Preparation":[46],"Smiling Mask":50,"obtain_stats":[{"Girya":24,"Gremlin Horn":39,"Astrolabe":17,"Oddly Smooth Stone":9,"Mango":20,"Tingsha":30,"StoneCalendar":36,"Eternal Feather":41,"Omamori":5,"Bag of Preparation":10,"Incense Burner":27,"Smiling Mask":26,"Anchor":53,"Nunchaku":54,"Orrery":53,"Ring of the Snake":0,"Meat on the Bone":6,"Runic Pyramid":34},{"Girya":13,"Gremlin Horn":22,"Astrolabe":11,"Oddly Smooth Stone":5,"Mango":12,"Tingsha":16,"StoneCalendar":20,"Eternal Feather":23,"Omamori":3,"Bag of Preparation":6,"Incense Burner":14,"Smiling Mask":13,"Anchor":27,"Nunchaku":28,"Orrery":27,"Ring of the Snake":0,"Meat on the Bone":4,"Runic Pyramid":18},{"Girya":82,"Gremlin Horn":136,"Astrolabe":74,"Oddly Smooth Stone":33,"Mango":77,"Tingsha":99,"StoneCalendar":125,"Eternal Feather":141,"Omamori":14,"Bag of Preparation":42,"Incense Burner":89,"Smiling Mask":82,"Anchor":165,"Nunchaku":172,"Orrery":165,"Ring of the Snake":0,"Meat on the Bone":27,"Runic Pyramid":115}],"Ring of the Snake":[58],"Meat on the Bone":192},"card_choices":[{"not_picked":["Dash","Heel Hook"],"picked":"Noxious Fumes","floor":1.0},{"not_picked":["Acrobatics","Endless Agony"],"picked":"Sucker Punch","floor":2.0},{"not_picked":["Flechettes","Riddle With Holes"],"picked":"Calculated Gamble","floor":4.0},{"not_picked":["Bullet Time","Sucker Punch"],"picked":"Caltrops","floor":6.0},{"not_picked":["Quick Slash","Blade Dance"],"picked":"PiercingWail","floor":8.0},{"not_picked":["Dagger Throw","Endless Agony"],"picked":"Catalyst","floor":10.0},{"not_picked":["Choke","Cloak And Dagger"],"picked":"Poisoned Stab","floor":11.0},{"not_picked":["Riddle With Holes","Backflip"],"picked":"Catalyst","floor":12.0},{"not_picked":["Bane","Setup"],"picked":"Leg Sweep","floor":13.0},{"not_picked":["Poisoned Stab","Endless Agony"],"picked":"Footwork","floor":14.0},{"not_picked":["Grand Finale","After Image"],"picked":"Adrenaline","floor":16},{"not_picked":["Catalyst","Deflect","Cloak And Dagger"],"picked":"SKIP","floor":18},{"not_picked":["Deflect","Escape Plan"],"picked":"Leg Sweep","floor":24},{"not_picked":["Slice+1","Backflip"],"picked":"Acrobatics+1","floor":27},{"not_picked":["Noxious Fumes","Slice"],"picked":"Outmaneuver+1","floor":28},{"not_picked":["Calculated Gamble","Heel Hook","Doppelganger"],"picked":"SKIP","floor":30},{"not_picked":["Expertise","Flying Knee"],"picked":"Backflip","floor":31},{"not_picked":["Deflect","Deadly Poison"],"picked":"PiercingWail","floor":35},{"not_picked":["Blade Dance+1","Finisher"],"picked":"Acrobatics+1","floor":36},{"not_picked":["Accuracy+1","Infinite Blades","Dagger Spray+1"],"picked":"SKIP","floor":37},{"not_picked":["Backflip","Reflex"],"picked":"Noxious Fumes","floor":38},{"not_picked":["Blade Dance","Doppelganger"],"picked":"PiercingWail","floor":41},{"not_picked":["Cloak And Dagger","Acrobatics"],"picked":"Deadly Poison","floor":45},{"not_picked":["Blade Dance","Poisoned Stab+1"],"picked":"Concentrate+1","floor":46},{"not_picked":["Well Laid Plans+1","Setup+1"],"picked":"Noxious Fumes+1","floor":48},{"not_picked":["Skewer","Sucker Punch+1"],"picked":"Footwork","floor":53},{"not_picked":["Storm of Steel","Masterful Stab+1"],"picked":"Deflect+1","floor":53},{"not_picked":["Acrobatics+1","Outmaneuver+1"],"picked":"Poisoned Stab+1","floor":54}],"player_experience":93115,"relics_obtained":[{"floor":6.0,"key":"Meat on the Bone"},{"floor":9.0,"key":"Oddly Smooth Stone"},{"floor":10.0,"key":"Bag of Preparation"},{"floor":24,"key":"Girya"},{"floor":26,"key":"Smiling Mask"},{"floor":27,"key":"Incense Burner"},{"floor":30,"key":"Tingsha"},{"floor":36,"key":"StoneCalendar"},{"floor":39,"key":"Gremlin Horn"},{"floor":41,"key":"Eternal Feather"},{"floor":54,"key":"Nunchaku"}],"event_choices":[{"damage_healed":0.0,"max_hp_gain":0.0,"max_hp_loss":0.0,"gold_gain":75.0,"event_name":"World of Goop","player_choice":"Gather Gold","floor":3.0,"gold_loss":0.0,"damage_taken":11.0},{"damage_healed":0.0,"max_hp_gain":0.0,"max_hp_loss":0.0,"gold_gain":0.0,"event_name":"WeMeetAgain","player_choice":"Paid Gold","floor":5.0,"gold_loss":68.0,"damage_taken":0.0,"relics_obtained":["Omamori"]},{"damage_healed":0,"gold_gain":0,"player_choice":"Ignored","damage_taken":0,"max_hp_gain":0,"max_hp_loss":0,"event_name":"Vampires","floor":19,"gold_loss":0},{"damage_healed":0,"gold_gain":0,"player_choice":"Read","damage_taken":0,"max_hp_gain":0,"max_hp_loss":0,"event_name":"The Library","floor":21,"gold_loss":0,"cards_obtained":["Concentrate"]},{"damage_healed":0,"gold_gain":0,"player_choice":"Ignored","damage_taken":0,"max_hp_gain":0,"max_hp_loss":0,"event_name":"N\u0027loth","floor":22,"gold_loss":0},{"damage_healed":0,"gold_gain":0,"player_choice":"Fight","damage_taken":0,"max_hp_gain":0,"max_hp_loss":0,"event_name":"Mysterious Sphere","floor":36,"gold_loss":0},{"damage_healed":0,"gold_gain":0,"player_choice":"Ignored","damage_taken":0,"max_hp_gain":0,"max_hp_loss":0,"event_name":"SecretPortal","floor":42,"gold_loss":0},{"cards_removed":["Deadly Poison"],"damage_healed":5,"gold_gain":0,"player_choice":"Offered Common","damage_taken":0,"max_hp_gain":0,"max_hp_loss":0,"event_name":"Bonfire Elementals","floor":47,"gold_loss":0},{"cards_removed":["Deadly Poison"],"damage_healed":5,"gold_gain":0,"player_choice":"Offered Special","damage_taken":0,"max_hp_gain":0,"max_hp_loss":0,"event_name":"Bonfire Elementals","floor":47,"gold_loss":0}],"is_beta":false,"boss_relics":[{"not_picked":["Ring of the Serpent","Cursed Key"],"picked":"Astrolabe"},{"not_picked":["Tiny House","WristBlade"],"picked":"Runic Pyramid"}],"items_purged_floors":[20,53],"is_endless":false,"potions_floor_spawned":[1,6,10,11,14,16,18,28,30,36,45,46,48,54],"ascension_level":5}}