{"host":"n23juj4d9qam5hh1","time":1612669409,"event":{"mods":["BaseMod","Better Note","BetterRewards","Bossed Relics","Curses Come First","Displayed Cursed Tome","Infinite Spire","Minty Spire (QoL Compilation)","Relic Stats","StSLib","Thieving Mod"],"gold_per_floor":[112,62,78,91,103,103,135,135,135,154,154,154,165,138,138,239,239,258,66,80,96,116,116,116],"floor_reached":23,"language":"ENG","playtime":961,"items_purged":[],"score":234,"play_id":"0cba669a-df1e-4c1d-b9c2-4e16c7729392","local_time":"20210206224329","is_ascension_mode":true,"campfire_choices":[{"data":"Zap","floor":6,"key":"SMITH"},{"floor":8,"key":"REST"},{"data":"Redo","floor":12,"key":"SMITH"},{"floor":15,"key":"REST"}],"circlet_count":0,"master_deck":["Strike_B","Strike_B","Strike_B","Strike_B","Defend_B","Defend_B","Defend_B","Defend_B","Zap+1","Dualcast+1","Ball Lightning","Coolheaded","Redo+1","Cold Snap","Turbo","Steam Power","Self Repair","Coolheaded","BootSequence","Electrodynamics","FTL","Turbo","Capacitor+1"],"relics":["Cracked Core","infinitespire:PuzzleCube","Singing Bowl","Inserter"],"acts_visited":["Exordium","TheCity"],"potions_floor_usage":[7,16,23],"damage_taken":[{"damage":1,"enemies":"Cultist","floor":1,"turns":3},{"damage":1,"enemies":"Small Slimes","floor":3,"turns":3},{"damage":12,"enemies":"infinitespire:Voidling","floor":4,"turns":3},{"damage":1,"enemies":"3 Louse","floor":5,"turns":3},{"damage":25,"enemies":"Gremlin Nob","floor":7,"turns":4},{"damage":14,"enemies":"Lots of Slimes","floor":10,"turns":4},{"damage":6,"enemies":"2 Fungi Beasts","floor":13,"turns":2},{"damage":25,"enemies":"The Guardian","floor":16,"turns":11},{"damage":15,"enemies":"Spheric Guardian","floor":18,"turns":5},{"damage":3,"enemies":"Chosen","floor":20,"turns":4},{"damage":46,"enemies":"Snecko","floor":21,"turns":8},{"damage":28,"enemies":"Snake Plant","floor":22,"turns":4},{"damage":18,"enemies":"Book of Stabbing","floor":23,"turns":4}],"seed_played":"-6461068982020741769","potions_obtained":[{"floor":1,"key":"BlessingOfTheForge"},{"floor":3,"key":"LiquidMemories"},{"floor":7,"key":"Block Potion"},{"floor":18,"key":"ColorlessPotion"}],"is_trial":false,"path_per_floor":["M","$","M","M","M","R","E","R","T","M","?","R","M","$","R","B",null,"M","$","M","M","M","E"],"character_chosen":"DEFECT","items_purchased":["Coolheaded","Coolheaded","Electrodynamics","FTL"],"campfire_rested":2,"item_purchase_floors":[2,14,19,19],"current_hp_per_floor":[74,74,73,66,65,65,40,62,62,50,50,50,44,44,67,51,79,71,71,77,38,17,0,0],"gold":116,"neow_bonus":"UPGRADE_CARD","is_daily":false,"chose_seed":false,"campfire_upgraded":2,"win_rate":0.0,"timestamp":1612669409,"path_taken":["M","$","?","M","M","R","E","R","T","M","?","R","M","$","R","BOSS","M","$","M","M","M","E"],"items_purchased_type":["Card","Card","Card","Card"],"build_version":"2020-12-22","purchased_purges":0,"victory":false,"max_hp_per_floor":[75,75,75,75,75,75,75,75,75,77,77,77,77,77,77,79,79,79,79,81,81,81,81,81],"relic_stats":{"Inserter":[12],"Singing Bowl":6,"counters":[13,58],"obtain_stats":[{"Inserter":17,"Singing Bowl":9,"Cracked Core":0,"infinitespire:PuzzleCube":7},{"Inserter":8,"Singing Bowl":5,"Cracked Core":0,"infinitespire:PuzzleCube":5},{"Inserter":33,"Singing Bowl":16,"Cracked Core":0,"infinitespire:PuzzleCube":16}]},"card_choices":[{"not_picked":["Turbo","Stack"],"picked":"Ball Lightning","floor":1},{"not_picked":["Hologram","Ball Lightning"],"picked":"Redo","floor":3},{"not_picked":["Hologram","Steam Power"],"picked":"Cold Snap","floor":4},{"not_picked":["Scrape","Stack"],"picked":"Turbo","floor":5},{"not_picked":["Leap","Stack"],"picked":"Steam Power","floor":7},{"not_picked":["Redo","Sweeping Beam","Ball Lightning"],"picked":"Singing Bowl","floor":10},{"not_picked":["Hyperbeam","Rebound"],"picked":"Self Repair","floor":13},{"not_picked":["Multi-Cast","Hyperbeam","Thunder Strike"],"picked":"Singing Bowl","floor":16},{"not_picked":["Ball Lightning","Fusion"],"picked":"BootSequence","floor":18},{"not_picked":["Hologram","Beam Cell","Steam"],"picked":"Singing Bowl","floor":20},{"not_picked":["Skim","Genetic Algorithm+1"],"picked":"Turbo","floor":21},{"not_picked":["Ball Lightning","Cold Snap"],"picked":"Capacitor+1","floor":22}],"player_experience":288827,"relics_obtained":[{"floor":7,"key":"infinitespire:PuzzleCube"},{"floor":9,"key":"Singing Bowl"}],"event_choices":[{"damage_healed":0,"gold_gain":0,"player_choice":"0 cards matched","damage_taken":0,"max_hp_gain":0,"max_hp_loss":0,"event_name":"Match and Keep!","floor":11,"gold_loss":0,"cards_obtained":[]}],"is_beta":false,"boss_relics":[{"not_picked":["FrozenCore","SlaversCollar"],"picked":"Inserter"}],"items_purged_floors":[],"is_endless":false,"potions_floor_spawned":[1,3,7,18],"killed_by":"Book of Stabbing","ascension_level":4}}