{"host":"j019w4cyowrad0mf","time":1612664522,"event":{"mods":["2.2 Compatiblity","Act Like it!","BaseMod","CapriCore","Gensokyo","HololiveMod","Marisa????????","Minty Spire (QoL Compilation)","Reimu??????","StSLib","Waifu the Spire","WarShipGirlsR/????R mod"],"gold_per_floor":[218,140,158,158,158,158,184,199,199,225,242,242,255,95,95,95,95],"floor_reached":16,"language":"ENG","playtime":1670,"items_purged":[],"score":141,"play_id":"7f7f3782-56ed-4e38-879c-8c39a782f824","local_time":"20210206182202","is_ascension_mode":true,"campfire_choices":[{"data":"rmod:expedition","floor":6,"key":"SMITH"},{"data":"rmod:expedition+1","floor":15,"key":"SMITH"}],"circlet_count":0,"master_deck":["rmod:strick","rmod:strick+1","rmod:strick","rmod:strick+1","rmod:defend","rmod:defend","rmod:defend","rmod:defend","rmod:basicallowance","rmod:maingunfire","rmod:overbreakdown","rmod:expedition+2","rmod:fuelsupply","Injury","rmod:diamondstrike","rmod:supportaircraftcarrier","rmod:victimresponsibility","rmod:tearstotiara","rmod:highspeedmaneuver","rmod:ring"],"relics":["rmod:firstchargereward","Mango","Centennial Puzzle","Whetstone","Girya","Bottled Lightning","Nilry\u0027s Codex"],"acts_visited":["Exordium"],"potions_floor_usage":[8],"damage_taken":[{"damage":3,"enemies":"Gensokyo:2_Kodama","floor":1,"turns":4},{"damage":6,"enemies":"Gensokyo:Python","floor":3,"turns":5},{"damage":6,"enemies":"Gensokyo:Cirno","floor":7,"turns":11},{"damage":0,"enemies":"Gensokyo:Gryphon","floor":8,"turns":2},{"damage":0,"enemies":"Gensokyo:Mamizou","floor":10,"turns":9},{"damage":3,"enemies":"Gensokyo:2_Rabbits","floor":11,"turns":5},{"damage":2,"enemies":"Gensokyo:Kitsune","floor":13,"turns":4},{"damage":56,"enemies":"Gensokyo:Reimu","floor":16,"turns":10}],"seed_played":"6250533203305158785","potions_obtained":[{"floor":3,"key":"BlessingOfTheForge"},{"floor":8,"key":"FearPotion"},{"floor":13,"key":"SkillPotion"}],"is_trial":false,"path_per_floor":["M","$","M","?","?","R","E","M","T","E","M","?","M","?","R","B"],"character_chosen":"PRAEFECT","items_purchased":["rmod:expedition"],"campfire_rested":0,"item_purchase_floors":[2],"current_hp_per_floor":[72,72,66,59,59,59,53,53,53,53,50,50,48,48,48,0,0],"gold":95,"neow_bonus":"HUNDRED_GOLD","is_daily":false,"chose_seed":false,"campfire_upgraded":2,"win_rate":0.0,"timestamp":1612664522,"path_taken":["M","$","M","?","?","R","E","?","T","E","M","?","M","?","R","BOSS"],"items_purchased_type":["Card"],"build_version":"2020-12-22","purchased_purges":0,"victory":false,"max_hp_per_floor":[75,75,75,89,89,89,89,89,89,89,89,89,89,89,89,89,89],"card_choices":[{"not_picked":["rmod:circuitoustactics","rmod:luckystar"],"picked":"rmod:overbreakdown","floor":1},{"not_picked":["rmod:gendarmerie","rmod:fletcherpendant"],"picked":"rmod:fuelsupply","floor":3},{"not_picked":["rmod:auspiciousomen","rmod:fletcherpendant"],"picked":"rmod:diamondstrike","floor":7},{"not_picked":["rmod:aviationdawn","rmod:circuitoustactics"],"picked":"rmod:supportaircraftcarrier","floor":8},{"not_picked":["rmod:lonelyqueen","rmod:garrisonisland"],"picked":"rmod:victimresponsibility","floor":10},{"not_picked":["rmod:fuelsupply","rmod:unsinkable"],"picked":"rmod:tearstotiara","floor":11},{"not_picked":["rmod:supportescort","rmod:victimresponsibility"],"picked":"rmod:highspeedmaneuver","floor":12},{"not_picked":["rmod:victimresponsibility","rmod:diamondstrike"],"picked":"rmod:ring","floor":13}],"player_experience":364919,"relics_obtained":[{"floor":7,"key":"Whetstone"},{"floor":9,"key":"Girya"},{"floor":10,"key":"Bottled Lightning"}],"event_choices":[],"is_beta":false,"boss_relics":[],"items_purged_floors":[],"is_endless":false,"potions_floor_spawned":[3,8,13],"killed_by":"Gensokyo:Reimu","ascension_level":1}}