{"host":"q50ttuv713gicbhz","time":1612697490,"event":{"mods":["AchievementEnabler","BaseMod","Bestiary","Minty Spire (QoL Compilation)"],"gold_per_floor":[118,118,131,131,192,225,235,235,259,12,32,66,66,83,83,182,182,200,218,218,218,69,101,101,101,101,113,113,113],"floor_reached":28,"language":"ENG","playtime":1612,"items_purged":["Strike_B"],"score":271,"play_id":"899dfd00-36ba-4ffe-82f1-6273ea55a9ec","local_time":"20210207133130","is_ascension_mode":false,"campfire_choices":[{"data":"Dualcast","floor":8,"key":"SMITH"},{"data":"Chrysalis","floor":13,"key":"SMITH"},{"data":"Hologram","floor":15,"key":"SMITH"},{"floor":24,"key":"REST"}],"circlet_count":0,"master_deck":["Strike_B+1","Strike_B+1","Strike_B+1","Defend_B+1","Defend_B+1","Defend_B+1","Defend_B+1","Zap","Dualcast+1","Streamline+1","Rebound","Conserve Battery","Chrysalis+1","Coolheaded","Turbo","Hologram+1","Creative AI","Beam Cell+1","Go for the Eyes","Writhe","Reinforced Body","Rainbow","Ball Lightning"],"relics":["Cracked Core","NeowsBlessing","Bag of Marbles","Strawberry","Centennial Puzzle","Philosopher\u0027s Stone","StoneCalendar","Gambling Chip","MutagenicStrength","Gremlin Horn"],"acts_visited":["Exordium","TheCity"],"potions_floor_usage":[16,23,23],"damage_taken":[{"damage":0,"enemies":"Jaw Worm","floor":1,"turns":1},{"damage":0,"enemies":"2 Louse","floor":3,"turns":1},{"damage":0,"enemies":"3 Sentries","floor":6,"turns":1},{"damage":0,"enemies":"Small Slimes","floor":7,"turns":1},{"damage":0,"enemies":"3 Louse","floor":11,"turns":2},{"damage":5,"enemies":"Gremlin Nob","floor":12,"turns":4},{"damage":0,"enemies":"2 Fungi Beasts","floor":14,"turns":3},{"damage":39,"enemies":"Slime Boss","floor":16,"turns":10},{"damage":4,"enemies":"Shell Parasite","floor":18,"turns":3},{"damage":4,"enemies":"Spheric Guardian","floor":19,"turns":5},{"damage":75,"enemies":"Slavers","floor":23,"turns":7},{"damage":24,"enemies":"Centurion and Healer","floor":27,"turns":7},{"damage":8,"enemies":"3 Cultists","floor":28,"turns":3}],"seed_played":"-8735134233435746073","potions_obtained":[{"floor":7,"key":"SteroidPotion"},{"floor":11,"key":"DuplicationPotion"},{"floor":16,"key":"DuplicationPotion"},{"floor":23,"key":"Explosive Potion"},{"floor":27,"key":"PowerPotion"}],"is_trial":false,"path_per_floor":["M","?","M","?","?","E","M","R","T","$","M","E","R","M","R","B",null,"M","M","?","?","$","E","R","?","T","M","M"],"character_chosen":"DEFECT","items_purchased":["Chrysalis","Reinforced Body","LiquidMemories"],"campfire_rested":1,"item_purchase_floors":[10,22,22],"current_hp_per_floor":[75,80,80,80,80,80,80,80,87,87,87,82,82,82,82,43,87,83,79,79,79,79,4,30,30,30,6,0,0],"gold":113,"neow_bonus":"THREE_ENEMY_KILL","is_daily":false,"chose_seed":false,"campfire_upgraded":3,"win_rate":0.0,"timestamp":1612697490,"path_taken":["M","?","M","?","?","E","M","R","T","$","M","E","R","M","R","BOSS","M","M","?","?","$","E","R","?","T","?","M"],"items_purchased_type":["Card","Card","Potion"],"build_version":"2020-12-22","purchased_purges":1,"victory":false,"max_hp_per_floor":[75,80,80,80,80,80,80,80,87,87,87,87,87,87,87,87,87,87,87,87,87,87,87,87,87,87,87,87,87],"card_choices":[{"not_picked":["Ball Lightning","Loop"],"picked":"Streamline","floor":1},{"not_picked":["Stack","Reprogram"],"picked":"Rebound","floor":3},{"not_picked":["Heatsinks","Stack","Turbo"],"picked":"SKIP","floor":6},{"not_picked":["Reinforced Body","Chill"],"picked":"Conserve Battery","floor":7},{"not_picked":["Glacier","Stack"],"picked":"Coolheaded","floor":11},{"not_picked":["Steam","Redo"],"picked":"Turbo","floor":12},{"not_picked":["Scrape","Undo"],"picked":"Hologram","floor":14},{"not_picked":["Buffer","Multi-Cast"],"picked":"Creative AI","floor":16},{"not_picked":["Scrape","Hologram"],"picked":"Beam Cell+1","floor":18},{"not_picked":["Capacitor","Stack+1"],"picked":"Go for the Eyes","floor":19},{"not_picked":["Lockon","Streamline"],"picked":"Rainbow","floor":23},{"not_picked":["Leap","Rebound"],"picked":"Ball Lightning","floor":27}],"player_experience":111370,"relics_obtained":[{"floor":6,"key":"Bag of Marbles"},{"floor":9,"key":"Strawberry"},{"floor":12,"key":"Centennial Puzzle"},{"floor":23,"key":"Gambling Chip"},{"floor":26,"key":"Gremlin Horn"}],"event_choices":[{"damage_healed":0,"gold_gain":0,"player_choice":"Donut","damage_taken":0,"max_hp_gain":5,"max_hp_loss":0,"event_name":"Big Fish","floor":2,"gold_loss":0},{"damage_healed":0,"gold_gain":0,"player_choice":"Grow","damage_taken":0,"max_hp_gain":0,"max_hp_loss":0,"event_name":"Living Wall","floor":4,"gold_loss":0,"cards_upgraded":["Streamline"]},{"damage_healed":0,"gold_gain":61,"player_choice":"Gained Gold","damage_taken":0,"max_hp_gain":0,"max_hp_loss":0,"event_name":"Golden Wing","floor":5,"gold_loss":0},{"damage_healed":0,"gold_gain":0,"player_choice":"Simplicity","damage_taken":0,"max_hp_gain":0,"max_hp_loss":0,"event_name":"Back to Basics","floor":20,"gold_loss":0,"cards_upgraded":["Strike_B","Strike_B","Strike_B","Defend_B","Defend_B","Defend_B","Defend_B"]},{"damage_healed":0,"gold_gain":0,"player_choice":"Opened","damage_taken":0,"relics_obtained":["StoneCalendar"],"max_hp_gain":0,"max_hp_loss":0,"event_name":"The Mausoleum","floor":21,"gold_loss":0,"cards_obtained":["Writhe"]},{"damage_healed":0,"gold_gain":0,"player_choice":"Inject Mutagens","damage_taken":0,"relics_obtained":["MutagenicStrength"],"max_hp_gain":0,"max_hp_loss":0,"event_name":"Drug Dealer","floor":25,"gold_loss":0}],"is_beta":false,"boss_relics":[{"not_picked":["Coffee Dripper","Runic Dome"],"picked":"Philosopher\u0027s Stone"}],"items_purged_floors":[10],"is_endless":false,"potions_floor_spawned":[7,11,16,23,27],"killed_by":"3 Cultists","ascension_level":0}}