{"host":"4cz9gr89nglr7k8k","time":1612706619,"event":{"mods":["BaseMod","Minty Spire (QoL Compilation)","Relic Stats","Slay-I"],"gold_per_floor":[110,9,22,22,36,36,53,53,101,101,101,118,40,54,54,131,131,143,160,160,80,19,19,34,34,34,34,50,50,81,81,81],"floor_reached":31,"language":"DEU","playtime":851,"items_purged":[],"score":490,"play_id":"f2d5a10b-7ead-4ab8-a2d9-952765c8c6dd","local_time":"20210207150339","is_ascension_mode":true,"campfire_choices":[{"floor":6,"key":"REST"},{"floor":8,"key":"REST"},{"data":"Metallicize","floor":11,"key":"SMITH"},{"floor":15,"key":"REST"},{"floor":23,"key":"REST"},{"floor":25,"key":"REST"},{"floor":27,"key":"REST"},{"floor":29,"key":"REST"}],"circlet_count":0,"master_deck":["AscendersBane","Strike_R","Strike_R","Strike_R","Strike_R","Defend_R","Defend_R","Defend_R","Defend_R","Bash","Infernal Blade","Anger","Metallicize+1","Sword Boomerang","Sever Soul","Thunderclap","Clash","Inflame","Rampage","Cleave","Juggernaut","Entrench+1","Power Through","Writhe","Clothesline","Armaments","Sword Boomerang","Thunderclap","Feel No Pain"],"relics":["Burning Blood","Red Skull","Lantern","SacredBark","Anchor","Self Forming Clay","Mercury Hourglass","Oddly Smooth Stone"],"acts_visited":["Exordium","TheCity"],"potions_floor_usage":[19,24,31],"damage_taken":[{"damage":6,"enemies":"Cultist","floor":1,"turns":3},{"damage":20,"enemies":"Small Slimes","floor":3,"turns":3},{"damage":5,"enemies":"2 Louse","floor":5,"turns":3},{"damage":37,"enemies":"Exordium Thugs","floor":7,"turns":4},{"damage":53,"enemies":"Gremlin Gang","floor":12,"turns":4},{"damage":0,"enemies":"Exordium Wildlife","floor":14,"turns":2},{"damage":41,"enemies":"Slime Boss","floor":16,"turns":11},{"damage":22,"enemies":"Chosen","floor":18,"turns":4},{"damage":40,"enemies":"Shell Parasite","floor":19,"turns":4},{"damage":19,"enemies":"Centurion and Healer","floor":24,"turns":6},{"damage":49,"enemies":"Snecko","floor":28,"turns":6},{"damage":36,"enemies":"Slavers","floor":30,"turns":5},{"damage":11,"enemies":"Snake Plant","floor":31,"turns":3}],"seed_played":"-2793349536943461952","potions_obtained":[{"floor":1,"key":"LiquidMemories"},{"floor":3,"key":"EssenceOfSteel"},{"floor":16,"key":"HeartOfIron"},{"floor":28,"key":"BlessingOfTheForge"}],"is_trial":false,"path_per_floor":["M","$","M","$","M","R","M","R","T","?","R","M","$","M","R","B",null,"M","M","?","$","?","R","M","R","T","R","M","R","E","M"],"character_chosen":"IRONCLAD","items_purchased":["Anger","Metallicize","Rampage","Clothesline","Armaments"],"campfire_rested":7,"item_purchase_floors":[2,2,13,21,21],"current_hp_per_floor":[68,68,54,54,55,75,44,66,66,66,66,19,19,25,47,12,59,43,9,9,9,9,31,18,40,40,62,19,41,11,0,0],"gold":81,"neow_bonus":"RANDOM_COMMON_RELIC","is_daily":false,"chose_seed":false,"campfire_upgraded":1,"win_rate":0.0,"timestamp":1612706619,"path_taken":["M","$","?","$","M","R","M","R","T","?","R","M","$","M","R","BOSS","M","M","?","$","?","R","?","R","T","R","M","R","E","?"],"items_purchased_type":["Card","Card","Card","Card","Card"],"build_version":"2020-12-22","purchased_purges":0,"victory":false,"max_hp_per_floor":[75,75,75,75,75,75,75,75,75,75,75,75,75,75,75,75,75,75,75,75,75,75,75,75,75,75,75,75,75,75,75,75],"relic_stats":{"counters":[13,58],"Self Forming Clay":[36],"obtain_stats":[{"Lantern":9,"Anchor":20,"Self Forming Clay":22,"SacredBark":17,"Oddly Smooth Stone":30,"Burning Blood":0,"Red Skull":0,"Mercury Hourglass":26},{"Lantern":4,"Anchor":9,"Self Forming Clay":9,"SacredBark":7,"Oddly Smooth Stone":12,"Burning Blood":0,"Red Skull":0,"Mercury Hourglass":10},{"Lantern":13,"Anchor":38,"Self Forming Clay":38,"SacredBark":30,"Oddly Smooth Stone":55,"Burning Blood":0,"Red Skull":0,"Mercury Hourglass":44}],"Burning Blood":72,"Mercury Hourglass":[60]},"card_choices":[{"not_picked":["Rage","Pommel Strike"],"picked":"Infernal Blade","floor":1},{"not_picked":["Dropkick","Anger"],"picked":"Sword Boomerang","floor":3},{"not_picked":["Armaments","Shrug It Off"],"picked":"Sever Soul","floor":5},{"not_picked":["Disarm","Seeing Red"],"picked":"Thunderclap","floor":7},{"not_picked":["Dropkick","Bloodletting"],"picked":"Inflame","floor":12},{"not_picked":["Metallicize","Havoc"],"picked":"Cleave","floor":14},{"not_picked":["Fiend Fire","Offering"],"picked":"Juggernaut","floor":16},{"not_picked":["Burning Pact","Sever Soul"],"picked":"Entrench+1","floor":18},{"not_picked":["Cleave","Spot Weakness"],"picked":"Power Through","floor":19},{"not_picked":["Warcry","Dual Wield"],"picked":"Sword Boomerang","floor":24},{"not_picked":["Rupture","Searing Blow"],"picked":"Thunderclap","floor":28},{"not_picked":["Intimidate","Thunderclap"],"picked":"Feel No Pain","floor":30}],"player_experience":1540736,"relics_obtained":[{"floor":9,"key":"Lantern"},{"floor":26,"key":"Mercury Hourglass"},{"floor":30,"key":"Oddly Smooth Stone"}],"event_choices":[{"damage_healed":0,"gold_gain":0,"cards_transformed":["Strike_R"],"player_choice":"Change","damage_taken":0,"max_hp_gain":0,"max_hp_loss":0,"event_name":"Living Wall","floor":10,"gold_loss":0,"cards_obtained":["Clash"]},{"damage_healed":0,"gold_gain":0,"player_choice":"Opened","damage_taken":0,"relics_obtained":["Anchor"],"max_hp_gain":0,"max_hp_loss":0,"event_name":"The Mausoleum","floor":20,"gold_loss":0,"cards_obtained":["Writhe"]},{"damage_healed":0,"gold_gain":0,"player_choice":"Paid Gold","damage_taken":0,"relics_obtained":["Self Forming Clay"],"max_hp_gain":0,"max_hp_loss":0,"event_name":"WeMeetAgain","floor":22,"gold_loss":61}],"is_beta":false,"boss_relics":[{"not_picked":["Pandora\u0027s Box","Snecko Eye"],"picked":"SacredBark"}],"items_purged_floors":[],"is_endless":false,"potions_floor_spawned":[1,3,7,16,18,28],"killed_by":"Snake Plant","ascension_level":20}}