{"host":"c6xy0a74zz7y4nf6","time":1612665115,"event":{"mods":["BaseMod","Minty Spire (QoL Compilation)","Replay The Spire","StSLib","The Servant 0.9.4"],"gold_per_floor":[211,136,136,149,49,84,97,128,128,156,166,183,200,217,217,314,314,325,44,0,0,18,18,48,48,122,122,122],"floor_reached":27,"language":"ENG","playtime":1576,"items_purged":["Strike_G","Decay","Defend_G"],"score":266,"play_id":"58e1116b-b09b-4654-9e76-e93bae7a1ac9","local_time":"20210206203155","is_ascension_mode":true,"campfire_choices":[{"floor":15,"key":"REST"},{"floor":23,"key":"REST"}],"circlet_count":0,"master_deck":["Strike_G","Strike_G","Defend_G","Defend_G","Defend_G","Defend_G","Survivor","Neutralize","Noxious Fumes","Replay:Poison Smokescreen","Dagger Spray","Caltrops","Atom Bomb","Prepared","Poisoned Stab","Acrobatics","Blur","Sucker Punch","ReplayTheSpireMod:Necrosis","PiercingWail+1","ReplayTheSpireMod:Speed Training+1","Prepared+1","Heel Hook"],"relics":["Ring of the Snake","Bag of Marbles","Mirror","Omamori","White Beast Statue","Empty Cage","Replay:Rubber Ducky","Girya","Enchiridion","Mummified Hand"],"acts_visited":["Exordium","TheCity"],"potions_floor_usage":[6,6,8,12,16,16,16,22,27,27,27],"damage_taken":[{"damage":0,"enemies":"Small Slimes","floor":1,"turns":7},{"damage":0,"enemies":"Cultist","floor":4,"turns":4},{"damage":9,"enemies":"Gremlin Nob","floor":6,"turns":4},{"damage":0,"enemies":"2 Louse","floor":7,"turns":1},{"damage":10,"enemies":"3 Sentries","floor":8,"turns":5},{"damage":33,"enemies":"Gremlin Nob","floor":10,"turns":4},{"damage":0,"enemies":"Lots of Slimes","floor":11,"turns":1},{"damage":1,"enemies":"2 Fungi Beasts","floor":12,"turns":3},{"damage":8,"enemies":"Large Slime","floor":13,"turns":6},{"damage":0,"enemies":"Lots of Slimes","floor":14,"turns":1},{"damage":19,"enemies":"Fading Forest","floor":16,"turns":11},{"damage":24,"enemies":"3 Byrds","floor":18,"turns":4},{"damage":14,"enemies":"2 Thieves","floor":20,"turns":4},{"damage":15,"enemies":"Snake Plant","floor":22,"turns":5},{"damage":20,"enemies":"Book of Stabbing","floor":24,"turns":7},{"damage":7,"enemies":"Gremlin Leader","floor":27,"turns":5}],"seed_played":"-4100428704738029017","potions_obtained":[{"floor":1,"key":"DuplicationPotion"},{"floor":4,"key":"Block Potion"},{"floor":7,"key":"ColorlessPotion"},{"floor":8,"key":"Dexterity Potion"},{"floor":11,"key":"Explosive Potion"},{"floor":12,"key":"Elixir"},{"floor":13,"key":"DuplicationPotion"},{"floor":16,"key":"Languid Potion"},{"floor":18,"key":"Death Potion"},{"floor":20,"key":"SkillPotion"},{"floor":22,"key":"Languid Potion"},{"floor":24,"key":"Milkshake"}],"is_trial":false,"path_per_floor":["M","$","?","M","$","E","M","E","T","E","M","M","M","M","R","B",null,"M","$","M","$","M","R","E","?","T","E"],"character_chosen":"THE_SILENT","items_purchased":["Replay:Rubber Ducky"],"campfire_rested":2,"item_purchase_floors":[19],"current_hp_per_floor":[70,70,70,70,70,61,61,51,51,18,18,17,9,9,30,29,70,46,46,32,32,17,38,18,2,2,0,0],"gold":122,"neow_bonus":"HUNDRED_GOLD","is_daily":false,"chose_seed":false,"campfire_upgraded":0,"win_rate":0.0,"timestamp":1612665115,"path_taken":["M","$","?","M","?","E","M","E","T","E","?","M","M","M","R","BOSS","M","$","M","$","M","R","E","?","T","E"],"items_purchased_type":["Relic"],"build_version":"2020-12-22","purchased_purges":3,"victory":false,"max_hp_per_floor":[70,70,70,70,70,70,70,70,70,70,70,70,70,70,70,70,70,70,70,70,70,70,70,70,70,70,70,70],"card_choices":[{"not_picked":["Masterful Stab","Blade Dance"],"picked":"Noxious Fumes","floor":1},{"not_picked":["Cloak And Dagger","Deflect"],"picked":"Replay:Poison Smokescreen","floor":4},{"not_picked":["Hidden Blade","Poisoned Stab"],"picked":"Dagger Spray","floor":6},{"not_picked":["Dagger Spray","Quick Slash"],"picked":"Caltrops","floor":7},{"not_picked":["Quick Slash","Poisoned Stab"],"picked":"Atom Bomb","floor":8},{"not_picked":["Hidden Blade","Heel Hook"],"picked":"Prepared","floor":10},{"not_picked":["Blade Dance","Dagger Throw"],"picked":"Poisoned Stab","floor":11},{"not_picked":["ReplayTheSpireMod:Exploit Weakness","Predator"],"picked":"Acrobatics","floor":12},{"not_picked":["All Out Attack","Dagger Spray"],"picked":"Blur","floor":13},{"not_picked":["Expertise","Dagger Spray"],"picked":"Sucker Punch","floor":14},{"not_picked":["Storm of Steel","Doppelganger"],"picked":"ReplayTheSpireMod:Necrosis","floor":16},{"not_picked":["Sucker Punch","Choke"],"picked":"PiercingWail+1","floor":18},{"not_picked":["Sucker Punch","Escape Plan"],"picked":"ReplayTheSpireMod:Speed Training+1","floor":20},{"not_picked":["Blade Dance","Dagger Spray"],"picked":"Prepared+1","floor":22},{"not_picked":["Expertise","Riddle With Holes"],"picked":"Heel Hook","floor":24}],"player_experience":91888,"relics_obtained":[{"floor":6,"key":"Bag of Marbles"},{"floor":8,"key":"Mirror"},{"floor":9,"key":"Omamori"},{"floor":10,"key":"White Beast Statue"},{"floor":24,"key":"Girya"},{"floor":25,"key":"Enchiridion"},{"floor":26,"key":"Mummified Hand"}],"event_choices":[{"damage_healed":0,"gold_gain":0,"player_choice":"Cursed","damage_taken":0,"max_hp_gain":0,"max_hp_loss":0,"event_name":"Wheel of Change","floor":3,"gold_loss":0,"cards_obtained":["Decay"]},{"damage_healed":0,"gold_gain":0,"player_choice":"Obtained Book","damage_taken":16,"max_hp_gain":0,"max_hp_loss":0,"event_name":"Cursed Tome","floor":25,"gold_loss":0}],"is_beta":false,"boss_relics":[{"not_picked":["Honey Jar","SlaversCollar"],"picked":"Empty Cage"}],"items_purged_floors":[2,5,19],"is_endless":false,"potions_floor_spawned":[1,4,7,8,11,12,13,14,16,18,20,22,24],"killed_by":"Gremlin Leader","ascension_level":1}}