{"host":"pi8b3ffzwvxqztac","time":1612681859,"event":{"mods":["BaseMod","Colored Map","Custom Start","Downfall","Minty Spire (QoL Compilation)","StSLib"],"gold_per_floor":[117,67,67,142,142,142,162,33,33,33,54,54,54,78,78,207,207,225,68,68,143,161,161,196,196,223,249,249,349,349,377,377,480,480,497,497,510,528,540,540,568,568,568,583,599,599,50,68,68,68],"floor_reached":51,"language":"ENG","playtime":2564,"items_purged":["Pain"],"score":915,"play_id":"fc6409d2-5278-4e3c-a268-ce4c6de570f6","local_time":"20210207201059","is_ascension_mode":true,"campfire_choices":[{"data":"Distraction","floor":6,"key":"SMITH"},{"data":"Dagger Spray","floor":10,"key":"SMITH"},{"floor":15,"key":"REST"},{"data":"Noxious Fumes","floor":23,"key":"SMITH"},{"data":"Bullet Time","floor":25,"key":"SMITH"},{"data":"Survivor","floor":28,"key":"SMITH"},{"data":"Backflip","floor":30,"key":"SMITH"},{"data":"Backflip","floor":32,"key":"SMITH"},{"data":"Envenom","floor":40,"key":"SMITH"},{"data":"Phantasmal Killer","floor":42,"key":"SMITH"},{"data":"Backflip","floor":49,"key":"SMITH"}],"circlet_count":0,"master_deck":["Survivor+1","Neutralize+1","Distraction+1","Dagger Spray+1","Backflip+1","Tactician+1","Noxious Fumes+1","Bullet Time+1","Backflip+1","Bane+1","Dagger Throw+1","Poisoned Stab+1","Footwork+1","Envenom+1","Backflip+1","Phantasmal Killer+1","Escape Plan","Infinite Blades","Poisoned Stab+1","Reflex","Eviscerate+1","Choke+1","Masterful Stab+1","Acrobatics+1","Footwork+1","Prepared+1","After Image","Bullet Time+1"],"relics":["Ring of the Snake","Bloody Idol","WarpedTongs","Guardian:PocketSentry","Question Card","HoveringKite","hexamod:BolsterEngine","Molten Egg 2","Toy Ornithopter","Vajra","Regal Pillow","Tingsha","Shuriken","hexamod:CandleOfCauterizing","Pandora\u0027s Box","Whetstone","InkBottle","Mummified Hand","DollysMirror"],"acts_visited":["Exordium","TheCity","TheBeyond"],"potions_floor_usage":[22,27,29,35,39,39,41,50,50],"damage_taken":[{"damage":0,"enemies":"Cultist","floor":1,"turns":4},{"damage":2,"enemies":"2 Louse","floor":7,"turns":4},{"damage":0,"enemies":"Small Slimes","floor":11,"turns":2},{"damage":0,"enemies":"2 Fungi Beasts","floor":14,"turns":2},{"damage":2,"enemies":"Hexaghost","floor":16,"turns":12},{"damage":0,"enemies":"3 Byrds","floor":18,"turns":4},{"damage":0,"enemies":"Chosen","floor":22,"turns":4},{"damage":25,"enemies":"Book of Stabbing","floor":24,"turns":9},{"damage":15,"enemies":"Slavers","floor":27,"turns":5},{"damage":8,"enemies":"Colosseum Slavers","floor":29,"turns":4},{"damage":4,"enemies":"Colosseum Nobs","floor":29,"turns":4},{"damage":2,"enemies":"Book of Stabbing","floor":31,"turns":5},{"damage":25,"enemies":"Automaton","floor":33,"turns":8},{"damage":4,"enemies":"3 Shapes","floor":35,"turns":3},{"damage":0,"enemies":"Orb Walker","floor":37,"turns":2},{"damage":0,"enemies":"Sphere and 2 Shapes","floor":38,"turns":3},{"damage":0,"enemies":"3 Darklings","floor":39,"turns":3},{"damage":1,"enemies":"Giant Head","floor":41,"turns":5},{"damage":0,"enemies":"Jaw Worm Horde","floor":44,"turns":3},{"damage":0,"enemies":"Maw","floor":45,"turns":3},{"damage":0,"enemies":"Sphere and 2 Shapes","floor":48,"turns":4},{"damage":0,"enemies":"Donu and Deca","floor":50,"turns":4}],"seed_played":"4743538303713001016","potions_obtained":[{"floor":11,"key":"ColorlessPotion"},{"floor":16,"key":"DistilledChaos"},{"floor":18,"key":"sneckomod:MuddlingPotion"},{"floor":27,"key":"Regen Potion"},{"floor":33,"key":"CunningPotion"},{"floor":36,"key":"Block Potion"},{"floor":36,"key":"DistilledChaos"},{"floor":36,"key":"BlessingOfTheForge"},{"floor":37,"key":"Poison Potion"},{"floor":39,"key":"champ:CounterPotion"},{"floor":45,"key":"Explosive Potion"}],"is_trial":false,"path_per_floor":["M","?","?","?","?","R","M","$","T","R","M","?","?","M","R","B",null,"M","$","?","T","M","R","E","R","T","E","R","?","R","E","R","B",null,"M","?","M","M","M","R","E","R","T","M","M","?","$","M","R","B",null],"character_chosen":"THE_SILENT","items_purchased":["Backflip","hexamod:BolsterEngine","After Image","Mummified Hand","DollysMirror"],"campfire_rested":1,"item_purchase_floors":[8,19,47,47,47],"current_hp_per_floor":[70,70,53,42,42,42,40,40,40,40,40,26,8,8,29,27,70,70,70,70,70,70,70,50,50,55,50,50,60,60,63,63,43,70,70,70,70,70,70,70,70,70,70,70,70,70,70,70,70,70],"gold":68,"neow_bonus":"UPGRADE_CARD","is_daily":false,"chose_seed":false,"campfire_upgraded":10,"win_rate":0.0,"timestamp":1612681859,"path_taken":["M","?","?","?","?","R","M","$","T","R","?","?","?","M","R","BOSS","M","$","?","?","M","R","E","R","T","E","R","?","R","E","R","BOSS","M","?","M","?","M","R","E","R","T","M","M","?","$","?","R","BOSS"],"items_purchased_type":["Card","Relic","Card","Relic","Relic"],"build_version":"2020-12-22","purchased_purges":1,"victory":true,"max_hp_per_floor":[70,70,70,70,70,70,70,70,70,70,70,70,70,70,70,70,70,70,70,70,70,70,70,70,70,70,70,70,70,70,70,70,70,70,70,70,70,70,70,70,70,70,70,70,70,70,70,70,70,70],"card_choices":[{"not_picked":["Bane","PiercingWail"],"picked":"Distraction","floor":1},{"not_picked":["Dodge and Roll","Crippling Poison"],"picked":"Dagger Spray","floor":7},{"not_picked":["Outmaneuver","Dagger Throw"],"picked":"Tactician","floor":11},{"not_picked":["Poisoned Stab","Underhanded Strike","Outmaneuver"],"picked":"Noxious Fumes","floor":14},{"not_picked":["Doppelganger","Night Terror","Burst"],"picked":"Bullet Time","floor":16},{"not_picked":["Poisoned Stab","Cloak And Dagger","Outmaneuver","Choke"],"picked":"SKIP","floor":18},{"not_picked":["Cloak And Dagger","Deadly Poison","Dagger Spray+1"],"picked":"Backflip","floor":22},{"not_picked":["Choke+1","Underhanded Strike+1","Leg Sweep"],"picked":"Bane+1","floor":24},{"not_picked":["Bane+1","Prepared","Infinite Blades"],"picked":"Dagger Throw+1","floor":27},{"not_picked":["Distraction","Flying Knee+1","Dodge and Roll"],"picked":"Poisoned Stab+1","floor":29},{"not_picked":["Dodge and Roll","Outmaneuver","Phantasmal Killer"],"picked":"Footwork+1","floor":31},{"not_picked":["Doppelganger","Tools of the Trade","Malaise"],"picked":"Envenom","floor":33},{"not_picked":["PiercingWail","Backstab+1","Masterful Stab+1","Deadly Poison"],"picked":"SKIP","floor":35},{"not_picked":["Quick Slash+1","Setup+1","PiercingWail"],"picked":"Acrobatics+1","floor":37},{"not_picked":["Crippling Poison+1","Quick Slash+1","Endless Agony+1","Deadly Poison+1"],"picked":"SKIP","floor":38},{"not_picked":["Crippling Poison+1","Quick Slash+1","Endless Agony+1","Deadly Poison+1"],"picked":"SKIP","floor":38},{"not_picked":["Finisher+1","Predator+1","Backstab+1"],"picked":"Footwork+1","floor":39},{"not_picked":["Quick Slash+1","Deflect+1","PiercingWail","Infinite Blades"],"picked":"SKIP","floor":41},{"not_picked":["Poisoned Stab+1","Outmaneuver+1","Cloak And Dagger"],"picked":"Prepared+1","floor":44},{"not_picked":["Dodge and Roll","Blade Dance","Deflect+1","Dagger Spray+1"],"picked":"SKIP","floor":45},{"not_picked":["Deflect","Distraction+1","Crippling Poison","Dagger Spray+1"],"picked":"SKIP","floor":48}],"player_experience":712737,"relics_obtained":[{"floor":9,"key":"Guardian:PocketSentry"},{"floor":21,"key":"Molten Egg 2"},{"floor":24,"key":"Toy Ornithopter"},{"floor":26,"key":"Vajra"},{"floor":27,"key":"Regal Pillow"},{"floor":29,"key":"Tingsha"},{"floor":29,"key":"Shuriken"},{"floor":31,"key":"hexamod:CandleOfCauterizing"},{"floor":41,"key":"Whetstone"},{"floor":43,"key":"InkBottle"}],"event_choices":[{"cards_removed":["Strike_G"],"damage_healed":0,"gold_gain":0,"player_choice":"Card Removal","damage_taken":0,"max_hp_gain":0,"max_hp_loss":0,"event_name":"The Cleric","floor":2,"gold_loss":50},{"damage_healed":0,"gold_gain":0,"player_choice":"Take Damage","damage_taken":17,"relics_obtained":["Golden Idol"],"max_hp_gain":0,"max_hp_loss":0,"event_name":"Golden Idol","floor":3,"gold_loss":0},{"damage_healed":0,"gold_gain":75,"player_choice":"Gather Gold","damage_taken":11,"max_hp_gain":0,"max_hp_loss":0,"event_name":"World of Goop","floor":4,"gold_loss":0},{"damage_healed":0,"gold_gain":0,"player_choice":"Rummage","damage_taken":0,"relics_obtained":["WarpedTongs"],"max_hp_gain":0,"max_hp_loss":0,"event_name":"Accursed Blacksmith","floor":5,"gold_loss":0,"cards_obtained":["Pain"]},{"damage_healed":0,"gold_gain":0,"player_choice":"Entered Light","damage_taken":14,"max_hp_gain":0,"max_hp_loss":0,"event_name":"Shining Light","floor":12,"gold_loss":0,"cards_upgraded":["Tactician","Strike_G"]},{"damage_healed":0,"gold_gain":0,"player_choice":"Success","damage_taken":18,"relics_obtained":["Question Card"],"max_hp_gain":0,"max_hp_loss":0,"event_name":"Scrap Ooze","floor":13,"gold_loss":0},{"damage_healed":0,"gold_gain":0,"player_choice":"Gave Idol","damage_taken":0,"relics_obtained":["Bloody Idol"],"max_hp_gain":0,"max_hp_loss":0,"event_name":"Forgotten Altar","floor":20,"relics_lost":["Golden Idol"],"gold_loss":0},{"damage_healed":0,"gold_gain":0,"player_choice":"Fight","damage_taken":0,"max_hp_gain":0,"max_hp_loss":0,"event_name":"Colosseum","floor":29,"gold_loss":0},{"damage_healed":0,"gold_gain":0,"player_choice":"Fought Nobs","damage_taken":0,"max_hp_gain":0,"max_hp_loss":0,"event_name":"Colosseum","floor":29,"gold_loss":0},{"damage_healed":0,"gold_gain":0,"player_choice":"Got Potions","damage_taken":0,"max_hp_gain":0,"max_hp_loss":0,"event_name":"Lab","floor":36,"gold_loss":0},{"damage_healed":0,"gold_gain":0,"player_choice":"0 cards matched","damage_taken":0,"max_hp_gain":0,"max_hp_loss":0,"event_name":"Match and Keep!","floor":46,"gold_loss":0,"cards_obtained":[]}],"is_beta":false,"boss_relics":[{"not_picked":["Astrolabe","Ring of the Serpent"],"picked":"HoveringKite"},{"not_picked":["WristBlade","bronze:MakeshiftBattery"],"picked":"Pandora\u0027s Box"}],"items_purged_floors":[8],"is_endless":false,"potions_floor_spawned":[11,16,18,27,29,33,37,38,39,45],"ascension_level":4}}