{"host":"aukiz5jlacd3g5yc","time":1612663842,"event":{"mods":["2.2 Compatiblity","BaseMod","Bestiary","Colored Map","Colored Powertips","Downfall","GifTheSpireLib","Hubris","Minty Spire (QoL Compilation)","Permanent Neow","Quick Restart","Random Character Button","Rare Cards Sparkle","Relic Sorter","Relic Stats","Replay The Spire","StSLib","everything is the same but u backflip on backflip","slay the spire mod where everything is the same but ironclad has a cowboy hat"],"gold_per_floor":[99,116,116,167,180,10,35,20,20,34,64,74,74,100,118,118,118,118],"floor_reached":16,"language":"ENG","playtime":646,"items_purged":[],"score":142,"play_id":"de0666d7-d7dc-43b7-842d-1f14bcfed1a6","local_time":"20210206201042","is_ascension_mode":true,"campfire_choices":[{"data":"champ:Taunt","floor":1.0,"key":"SMITH"},{"data":"champ:BerserkerStyle","floor":9,"key":"SMITH"},{"data":"champ:Execute","floor":13,"key":"SMITH"}],"circlet_count":0,"master_deck":["champ:Strike","champ:Strike","champ:Strike","champ:Strike","champ:Defend","champ:Defend","champ:Defend","champ:Defend","champ:Execute+1","champ:Taunt+1","champ:FanOfKnives","champ:BerserkerStyle+1","champ:StanceDance","champ:FanOfKnives","champ:AdrenalArmor","champ:Shatter","champ:ViciousMockery","champ:AdrenalArmor","champ:BerserkersShout"],"relics":["champ:ChampionCrown","champ:LiftRelic","Orichalcum","Juzu Bracelet","Bag of Marbles","champ:SignatureFinisher","champ:DefensiveTrainingManual"],"acts_visited":["Exordium"],"potions_floor_usage":[8,11,16,16],"damage_taken":[{"damage":5.0,"enemies":"Small Slimes","floor":2.0,"turns":3.0},{"damage":13.0,"enemies":"Jaw Worm","floor":5.0,"turns":4.0},{"damage":31.0,"enemies":"downfall:FleeingMerchant","floor":6.0,"turns":4.0},{"damage":15,"enemies":"downfall:FleeingMerchant","floor":8,"turns":4},{"damage":21,"enemies":"Cultist","floor":10,"turns":2},{"damage":43,"enemies":"Gremlin Nob","floor":11,"turns":4},{"damage":35,"enemies":"Large Slime","floor":12,"turns":3},{"damage":31,"enemies":"Lagavulin","floor":14,"turns":4},{"damage":53,"enemies":"Exordium Wildlife","floor":15,"turns":3},{"damage":65,"enemies":"IC_STATUS_ARCHETYPE","floor":16,"turns":4}],"seed_played":"4122032615762064699","potions_obtained":[{"floor":4.0,"key":"Ancient Potion"},{"floor":4.0,"key":"DistilledChaos"},{"floor":5.0,"key":"AttackPotion"},{"floor":10,"key":"AttackPotion"},{"floor":15,"key":"Fire Potion"}],"is_trial":false,"path_per_floor":["R","M","?","?","M","$","T","$","R","M","E","M","R","E","M","B"],"character_chosen":"THE_CHAMP","items_purchased":["Juzu Bracelet"],"campfire_rested":0,"item_purchase_floors":[6],"current_hp_per_floor":[90,90,90,68,65,61,61,56,56,56,44,33,33,33,33,0,0,0],"gold":118,"neow_bonus":"THREE_CARDS","is_daily":false,"chose_seed":false,"campfire_upgraded":3,"win_rate":0.0,"timestamp":1612663842,"path_taken":["R","M","?","?","M","$","T","?","R","M","E","M","R","E","M","BOSS"],"items_purchased_type":["Relic"],"build_version":"2020-12-22","purchased_purges":0,"victory":false,"max_hp_per_floor":[90,90,90,90,90,90,90,90,90,90,90,90,90,90,90,90,90,90],"relic_stats":{"counters":[10,35],"Juzu Bracelet":0,"Orichalcum":[84],"obtain_stats":[{"champ:DefensiveTrainingManual":14,"champ:LiftRelic":3,"champ:ChampionCrown":0,"champ:SignatureFinisher":11,"Juzu Bracelet":6,"Bag of Marbles":7,"Orichalcum":4},{"champ:DefensiveTrainingManual":8,"champ:LiftRelic":1,"champ:ChampionCrown":0,"champ:SignatureFinisher":6,"Juzu Bracelet":3,"Bag of Marbles":3,"Orichalcum":1},{"champ:DefensiveTrainingManual":28,"champ:LiftRelic":3,"champ:ChampionCrown":0,"champ:SignatureFinisher":21,"Juzu Bracelet":11,"Bag of Marbles":11,"Orichalcum":3}]},"card_choices":[{"not_picked":["champ:Haymaker","champ:DefensiveShout"],"picked":"champ:FanOfKnives","floor":0.0},{"not_picked":["champ:PreciseThrust","champ:CalledShot"],"picked":"champ:BerserkerStyle","floor":2.0},{"not_picked":["champ:FalseCounter","champ:Haymaker"],"picked":"champ:StanceDance","floor":4.0},{"not_picked":["champ:FocusedDefense","champ:Backstep"],"picked":"champ:FanOfKnives","floor":5.0},{"not_picked":["champ:StanceDance","champ:TornadoPunch","champ:ShieldSlam"],"picked":"SKIP","floor":6},{"not_picked":["champ:BladeFlurry","champ:FalseCounter"],"picked":"champ:AdrenalArmor","floor":8},{"not_picked":["champ:Circumvent","champ:SkillfulDodge","champ:FalseCounter"],"picked":"SKIP","floor":10},{"not_picked":["champ:BringItOn","champ:BladeFlurry"],"picked":"champ:Shatter","floor":11},{"not_picked":["champ:RapidStrikes","champ:CrownThrow"],"picked":"champ:ViciousMockery","floor":12},{"not_picked":["champ:BringItOn","champ:Shatter"],"picked":"champ:AdrenalArmor","floor":14},{"not_picked":["champ:AdrenalArmor","champ:SkillfulDodge"],"picked":"champ:BerserkersShout","floor":15}],"player_experience":387095,"relics_obtained":[{"floor":4.0,"key":"Orichalcum"},{"floor":7,"key":"Bag of Marbles"},{"floor":11,"key":"champ:SignatureFinisher"},{"floor":14,"key":"champ:DefensiveTrainingManual"}],"event_choices":[],"is_beta":false,"boss_relics":[],"items_purged_floors":[],"is_endless":false,"potions_floor_spawned":[5,10,15],"killed_by":"IC_STATUS_ARCHETYPE","ascension_level":1}}