{"host":"4c7oxphrh4ok8x7u","time":1612711465,"event":{"mods":["100% Spire Juice","2.2 Compatiblity","Act Like it!","Arknights","Aspiration","BaseMod","Beaked The Cultist","Better Skull","Better Vampires","BetterRewards","Challenge The Spire","Conjunction","Conspire","Custom Start","Dota2Spire","Ekko","Evolution","Fiend Mod","Friendly Minions","FruityMod","GifTheSpireLib","Good Game Mod","Halation","Hermit","HololiveMod","Hubris","Hyrulean Relics","Jedi Mod","Jess\u0027s Bottle","Kratos Character Expansion","Minty Spire (QoL Compilation)","MostiFishMod","Permanent Neow","Poor People Problems","Prisma Mod","Quarter Circle Forward PUNCH!","RatMod","Reliquary","Replay The Spire","Robot Space Explorer","SCP261 Mod","Shade Mod","Slay the Relics Exporter","Small Relic Pack","Spicy Shops","Spikes Relics","Spires And Sneckos","StS++","StSLib","Stuff the Spire","The Animator","The Blue Laboratory","The Death Knight","The Edgeheg","The Exalted","The Fake Hero","The Necromancer","The Servant 0.9.4","The Trickster","The Wild Card","TheVacant","TheWitcher","Wandering Minibosses","WarShipGirlsR/????R mod","[GremlinLeader]The Maniac"],"gold_per_floor":[110,121,133,151,151,182,107,142,169,169,169,200,200,323,323,423,423,436,469,469,484,138,164,164,164,164,164,176,192,192,223,223,328,328,345,694,694,694,713,713,723,723,723,743,759,208,239,251,251,251,251,251,18,48,0,0],"floor_reached":55,"language":"RUS","playtime":2881,"items_purged":["Injury","Overencumbered"],"score":882,"play_id":"e3e0713c-7b9f-49a2-a126-7bebe69522ec","local_time":"20210207182425","is_ascension_mode":false,"campfire_choices":[{"data":"Summon_Undead_Army","floor":10,"key":"SMITH"},{"data":"Summon_Vampire_Lady","floor":13,"key":"SMITH"},{"data":"Strike_W","floor":15,"key":"PURGE"},{"data":"Cloudkill","floor":25,"key":"SMITH"},{"floor":27,"key":"RECALL"},{"data":"Grasp_Heart","floor":30,"key":"SMITH"},{"data":"Hellfire","floor":32,"key":"SMITH"},{"data":"Negative_Energy_Arrows","floor":40,"key":"SMITH"},{"data":"Defend_W","floor":49,"key":"SMITH"},{"data":"Defend_W","floor":52,"key":"SMITH"}],"circlet_count":0,"master_deck":["Bone_Spikes+1","Bone_Spikes+1","Strike_W+1","Defend_W+1","Defend_W+1","Defend_W","Defend_W","Negative_Energy_Arrows+1","Bone_Wall+1","theWildCard:Alice","Summon_Undead_Army+1","Summon_Vampire_Lady+1","Grasp_Heart+1","Bone_Armory+1","Hellfire+1","Skeleton_Dragon+1","Cloudkill+1","Summon_Lich+1","Summon_Undead_Army+1","Summon_Vampire_Lady+1","AbeCurse","Spectral_Armor+1","Bones_to_Steel+1","Bone_Prison+1","Summon_Undead_Army+1"],"relics":["Vampire_Amulet","EVO:Axolotl","DaveBox","REME:ComplimentaryCards","BionicSphere","SynthV:TestCard","Frozen Egg 2","Bromod:ArcaneTempo","Replay:Rubber Ducky","Lantern","Thread and Needle","Sandwich","Red Mask","KratosMod:minohorn","conspire:Dentures","Boot","BranchBurnRelic","ReplayTheSpireMod:TigerMarble","Abe\u0027s Treasure","wanderingMiniBosses:LockLocket","halation:PapillonHeart","relicPack:OneForAll","Dota2Spire:MonkeyKingBar","StSpp:XCola","hubris:ToyBattleship","halation:NonexistentMirror","Hololive_LightStick"],"acts_visited":["Exordium","TheCity","TheBeyond","TheEnding"],"potions_floor_usage":[6,16,16,16,36,55,55,55],"damage_taken":[{"damage":0,"enemies":"2 Louse","floor":1,"turns":2},{"damage":0,"enemies":"Small Slimes","floor":2,"turns":2},{"damage":0,"enemies":"Jaw Worm","floor":3,"turns":4},{"damage":8,"enemies":"Exordium Thugs","floor":4,"turns":5},{"damage":7,"enemies":"3 Sentries","floor":6,"turns":5},{"damage":28,"enemies":"Lagavulin","floor":8,"turns":6},{"damage":10,"enemies":"3 Sentries","floor":12,"turns":7},{"damage":10,"enemies":"Large Slime","floor":14,"turns":7},{"damage":25,"enemies":"Hexaghost","floor":16,"turns":7},{"damage":0,"enemies":"3 Byrds","floor":18,"turns":3},{"damage":3,"enemies":"Masked Bandits","floor":19,"turns":3},{"damage":2,"enemies":"Spheric Guardian","floor":21,"turns":4},{"damage":0,"enemies":"Slavers","floor":23,"turns":4},{"damage":0,"enemies":"Centurion and Healer","floor":28,"turns":3},{"damage":0,"enemies":"Snake Plant","floor":29,"turns":3},{"damage":9,"enemies":"Gremlin Leader","floor":31,"turns":3},{"damage":28,"enemies":"Collector","floor":33,"turns":6},{"damage":0,"enemies":"Orb Walker","floor":35,"turns":3},{"damage":0,"enemies":"3 Shapes","floor":36,"turns":4},{"damage":0,"enemies":"Maw","floor":39,"turns":5},{"damage":0,"enemies":"Writhing Mass","floor":41,"turns":4},{"damage":0,"enemies":"Jaw Worm Horde","floor":44,"turns":3},{"damage":15,"enemies":"Sphere and 2 Shapes","floor":45,"turns":4},{"damage":0,"enemies":"Giant Head","floor":47,"turns":6},{"damage":0,"enemies":"3 Darklings","floor":48,"turns":2},{"damage":8,"enemies":"hubris:GrandSnecko","floor":50,"turns":7},{"damage":0,"enemies":"Shield and Spear","floor":54,"turns":5},{"damage":113,"enemies":"The Heart","floor":55,"turns":8}],"seed_played":"-5314694267219517611","potions_obtained":[{"floor":3,"key":"PowerPotion"},{"floor":4,"key":"blueLaboratory:PyrophylliteBrew"},{"floor":14,"key":"StSpp:ScatteredPotion"},{"floor":16,"key":"blueLaboratory:EnragingPotion"},{"floor":19,"key":"blueLaboratory:HorrorPotion"},{"floor":35,"key":"Adrenaline Potion"},{"floor":36,"key":"blueLaboratory:TrueEctoplasm"}],"is_trial":false,"path_per_floor":["M","M","M","M","?","E","$","E","T","R","?","E","R","M","R","B",null,"M","?","?","M","$","E","?","R","T","R","M","M","R","E","R","B",null,"M","M","?","?","M","R","M","?","T","M","M","$","E","M","R","B",null,"R","$","E","B"],"character_chosen":"NECROMANCER","items_purchased":["conspire:Dentures","Dota2Spire:MonkeyKingBar","StSpp:XCola","Summon_Undead_Army+1","halation:NonexistentMirror"],"campfire_rested":0,"item_purchase_floors":[22,46,46,53,53],"current_hp_per_floor":[75,75,75,72,72,71,71,61,61,61,66,80,80,80,80,72,80,80,80,80,80,80,80,80,80,80,80,80,80,80,80,80,70,80,80,80,76,76,76,76,76,54,54,66,60,60,76,76,76,76,76,76,76,76,0,0],"gold":0,"neow_bonus":"UPGRADE_CARD","is_daily":false,"chose_seed":false,"campfire_upgraded":8,"win_rate":0.0,"timestamp":1612711465,"path_taken":["M","M","M","M","?","E","$","E","T","R","?","E","R","?","R","BOSS","M","?","?","?","$","E","?","R","T","R","M","M","R","E","R","BOSS","M","M","?","?","M","R","M","?","T","M","M","?","E","M","R","BOSS","R","$","E","BOSS"],"items_purchased_type":["Relic","Relic","Relic","Card","Relic"],"build_version":"2020-12-22","purchased_purges":2,"victory":false,"max_hp_per_floor":[75,75,75,75,75,75,75,75,75,75,80,80,80,80,80,80,80,80,80,80,80,80,80,80,80,80,80,80,80,80,80,80,80,80,80,80,76,76,76,76,76,76,76,76,76,76,76,76,76,76,76,76,76,76,76,76],"card_choices":[{"not_picked":["Life_Tap","Negative_Energy_Javelin","Blood_Whip"],"picked":"SKIP","floor":1},{"not_picked":["Corrupt","Bone_Bullets","Finger_Of_Death","Strike_from_Beyond"],"picked":"Summon_Undead_Army","floor":2},{"not_picked":["Blood_Whip","Finger_Of_Death","Negative_Energy_Javelin","Negative_Energy_Shield"],"picked":"Summon_Vampire_Lady","floor":3},{"not_picked":["Bones_to_Steel","Negative_Energy_Mist","Violent_Necrosis","Bone_Spikes"],"picked":"Grasp_Heart","floor":4},{"not_picked":["Deaths_Shadow","Bone_Bullets","Blood_Whip","Chill_Blood","Strike_from_Beyond"],"picked":"SKIP","floor":6},{"not_picked":["Acid_Javelin","Chill_Blood","Deaths_Shadow","Stop_Heart"],"picked":"Bone_Armory+1","floor":8},{"not_picked":["Stop_Heart","Negative_Energy_Shield","Bone_Armor","Death_March_Dance"],"picked":"Hellfire","floor":12},{"not_picked":["Scare","Negative_Energy_Sphere","Strike_from_Beyond","Negative_Energy_Javelin","Death_March_Dance"],"picked":"SKIP","floor":14},{"not_picked":["Summon_Death_Knight+1","Reap_The_Weak","Hellfire","Summon_Vampire_Lady+1"],"picked":"Skeleton_Dragon+1","floor":16},{"not_picked":["Life_Drain","Blood_Shield","Whirlwind_of_Bones","Negative_Energy_Mist","Finger_Of_Death"],"picked":"SKIP","floor":18},{"not_picked":["Negative_Energy_Mist","Chill_Blood","Whirlwind_of_Bones","Life_Tap+1"],"picked":"Cloudkill","floor":21},{"not_picked":["Bone_Shift","Shackles_Of_Pain","Consume_Illness","Bone_Prison+1","Blood_for_Blood+1"],"picked":"SKIP","floor":23},{"not_picked":["Bone_Shift+1","Spectral_Walk","Death_Coil+1","Necrotic_Claws","Negative_Energy_Shield"],"picked":"SKIP","floor":28},{"not_picked":["Blood_for_Blood+1","Bone_Prison+1","Necrotic_Claws","Vampiric_Strike+1"],"picked":"Summon_Lich+1","floor":29},{"not_picked":["Thousand_Bone_Knives+1","Slay_Living+1","Toxic_Smoke_Screen","Bone_Armor"],"picked":"Summon_Undead_Army+1","floor":31},{"not_picked":["Requiem","Cloudkill","Blood_Magic+1","Reap_The_Weak"],"picked":"Summon_Vampire_Lady+1","floor":33},{"not_picked":["Death_Coil","Negative_Energy_Sphere","Shackles_Of_Pain","Scare+1","Blood_Whip"],"picked":"SKIP","floor":35},{"not_picked":["Flesh_Made_Foul+1","Death_Coil","Deaths_Shadow+1","Bone_Armor+1"],"picked":"Spectral_Armor+1","floor":36},{"not_picked":["Bone_Armor+1","Acid_Javelin","Vampiric_Strike","Negative_Energy_Mist+1","Blood_Curse+1"],"picked":"SKIP","floor":39},{"not_picked":["Bones_to_Steel+1","Blood_Whip+1","Deaths_Shadow","Reap_The_Weak","Bone_Armor+1"],"picked":"SKIP","floor":41},{"not_picked":["Negative_Energy_Javelin+1","Deaths_Shadow+1","Shade_Step","Consume_Illness"],"picked":"Bones_to_Steel+1","floor":44},{"not_picked":["Life_Tap+1","Negative_Energy_Mist","Blood_Whip+1","Acid_Javelin","Chill_Blood"],"picked":"SKIP","floor":45},{"not_picked":["Blood_Whip+1","Bone_Armor","Toxic_Smoke_Screen+1","Blood_Curse+1"],"picked":"Bone_Prison+1","floor":47},{"not_picked":["Bone_Armor+1","Vampiric_Strike+1","Blood_Wake","Negative_Energy_Mist+1","Plague_Bolt+1"],"picked":"SKIP","floor":48},{"not_picked":["Negative_Energy_Javelin+1","Negative_Energy_Burst+1","Blood_Shield","Scare+1","Necrotic_Claws"],"picked":"SKIP","floor":54}],"player_experience":861423,"relics_obtained":[{"floor":1,"key":"SynthV:TestCard"},{"floor":6,"key":"Bromod:ArcaneTempo"},{"floor":8,"key":"Replay:Rubber Ducky"},{"floor":9,"key":"Lantern"},{"floor":12,"key":"Thread and Needle"},{"floor":19,"key":"Red Mask"},{"floor":23,"key":"Boot"},{"floor":26,"key":"Dead Branch"},{"floor":31,"key":"ReplayTheSpireMod:TigerMarble"},{"floor":36,"key":"wanderingMiniBosses:LockLocket"},{"floor":47,"key":"hubris:ToyBattleship"},{"floor":54,"key":"Hololive_LightStick"}],"event_choices":[{"damage_healed":0,"gold_gain":0,"player_choice":"Donut","damage_taken":0,"max_hp_gain":5,"max_hp_loss":0,"event_name":"Big Fish","floor":11,"gold_loss":0},{"damage_healed":0,"gold_gain":0,"player_choice":"Fought Bandits","damage_taken":0,"max_hp_gain":0,"max_hp_loss":0,"event_name":"Masked Bandits","floor":19,"gold_loss":0}],"is_beta":false,"boss_relics":[{"not_picked":["reliquary:KinkedSpring","halation:LoveArrow"],"picked":"Sandwich"},{"not_picked":["beaked:SacredDeck","StuffTheSpire:ModemDavis"],"picked":"Abe\u0027s Treasure"}],"items_purged_floors":[7,22],"is_endless":false,"potions_floor_spawned":[1,3,4,8,14,16,19,23,28,31,35,36,44],"killed_by":"The Heart","ascension_level":0}}