{"host":"mv9iawyrph7ym8en","time":1612716130,"event":{"mods":["Act Like it!","Aspiration","BaseMod","Conspire","Defuse TimeMaze Blight","Downfall","Minty Spire (QoL Compilation)","Replay The Spire","Ryuuou¡˙Õı","Shop Mod","Spicy Shops","StSLib","TestMod","[IsaacMod]“‘»ˆº‚À˛"],"gold_per_floor":[99,111,121,136,586,606,660,672,572,601,24,24,65,81,94,194,194,94,104,154,154,154,170,248,274,50,76,76,76,76,76,91,192,192,92,112,132,32,46,57,80,80,105,115,129,129,170,190,210,210,210,225,225,225],"floor_reached":52,"language":"ZHS","playtime":2751,"items_purged":["champ:Defend","downfall:Icky","downfall:Icky"],"score":843,"play_id":"c7d33ee1-04a5-4f6d-b745-f9ad25ed430a","local_time":"20210208004210","is_ascension_mode":false,"campfire_choices":[{"floor":1,"key":"DIG"},{"floor":9,"key":"RECALL"},{"data":"expansioncontent:DashGenerateEvil","floor":12,"key":"SMITH"},{"data":"champ:HoldFirm","floor":18,"key":"SMITH"},{"data":"champ:GladiatorForm","floor":28,"key":"SMITH"},{"data":"champ:PerfectedStrike","floor":30,"key":"SMITH"},{"data":"champ:FocusedBerserking","floor":35,"key":"SMITH"},{"data":"champ:RapidStrikes","floor":46,"key":"SMITH"}],"circlet_count":0,"master_deck":["champ:Strike","champ:Strike","champ:Strike","champ:Strike","champ:Defend","champ:Defend","champ:Defend","champ:Execute","champ:Taunt","BettingIsNotGood","champ:FocusedBerserking+1","champ:PerfectedStrike+1","champ:FlashCut","downfall:Icky","champ:TripleStrike","champ:HoldFirm+1","expansioncontent:DashGenerateEvil+1","champ:TripleStrike","champ:IronFortress+1","champ:GladiatorForm+1","Pot Of Greed","Pot Of Greed","champ:EndlessRage+1","champ:RapidStrikes+1","Pot Of Greed","champ:VampiricStrike","champ:PerfectedStrike+1","champ:GutPunch+1","Injury","champ:HoldFirm","champ:FocusedBerserking"],"relics":["champ:ChampionCrown","testmod-TestBox","HushsDoor","MoneyPower","testmod-ChristmasGift","testmod-ObsoleteBoomerang","downfall:HeartBlessingBlue","DeathBook","Anchor","Potion Belt","StoneCalendar","testmod-TimeTraveler","downfall:HeartBlessingRed","ReplayTheSpireMod:Shallot","Toy Ornithopter","Enchiridion","TuHaoJin","aspiration:HiddenCompartment","Grinning Jar","Chaos","Bottled Tornado","testmod-EnergyCheck","Blue Candle","GuppysHead","GuppysHairball","downfall:HeartBlessingGreen","ReplayTheSpireMod:CursedCoin","Garlic"],"acts_visited":["Exordium","TheCity","TheBeyond","TheEnding"],"potions_floor_usage":[4,6,6,6,6,6,6,10,11,16,16,16,16,26,26,26,26,26,26,32,33,33,33,47,47,47,50,50,52],"damage_taken":[{"damage":0,"enemies":"Cultist","floor":2,"turns":2},{"damage":5,"enemies":"Small Slimes","floor":3,"turns":2},{"damage":0,"enemies":"2 Louse","floor":4,"turns":1},{"damage":5,"enemies":"conspire:2 RoseBushes","floor":6,"turns":2},{"damage":7,"enemies":"Blue Slaver","floor":8,"turns":2},{"damage":0,"enemies":"Gremlin Nob","floor":10,"turns":3},{"damage":15,"enemies":"downfall:FleeingMerchant","floor":11,"turns":4},{"damage":10,"enemies":"3 Sentries","floor":13,"turns":6},{"damage":0,"enemies":"Red Slaver","floor":14,"turns":2},{"damage":10,"enemies":"3 Louse","floor":15,"turns":2},{"damage":33,"enemies":"SI_SHIV_ARCHETYPE","floor":16,"turns":4},{"damage":15,"enemies":"conspire:FuzzyDice","floor":19,"turns":1},{"damage":0,"enemies":"Hiden Room Battle","floor":20,"turns":1},{"damage":20,"enemies":"Spheric Guardian","floor":23,"turns":1},{"damage":9,"enemies":"Book of Stabbing","floor":25,"turns":3},{"damage":49,"enemies":"downfall:FleeingMerchant","floor":26,"turns":3},{"damage":13,"enemies":"Snake Plant","floor":27,"turns":3},{"damage":25,"enemies":"Chosen and Byrds","floor":32,"turns":3},{"damage":0,"enemies":"WA_ARCHETYPE_CALM","floor":33,"turns":4},{"damage":7,"enemies":"3 Shapes","floor":36,"turns":2},{"damage":0,"enemies":"Orb Walker","floor":37,"turns":2},{"damage":7,"enemies":"Sphere and 2 Shapes","floor":39,"turns":5},{"damage":5,"enemies":"Spire Growth","floor":40,"turns":3},{"damage":62,"enemies":"Writhing Mass","floor":44,"turns":4},{"damage":0,"enemies":"Jaw Worm Horde","floor":45,"turns":1},{"damage":21,"enemies":"Nemesis","floor":47,"turns":3},{"damage":16,"enemies":"4 Shapes","floor":48,"turns":3},{"damage":44,"enemies":"Sphere and 2 Shapes","floor":49,"turns":4},{"damage":60,"enemies":"DF_ARCHETYPE_ORBS","floor":50,"turns":5},{"damage":133,"enemies":"downfall:CharBossMerchant","floor":52,"turns":5}],"seed_played":"5935958989389463363","potions_obtained":[{"floor":3,"key":"EntropicBrew"},{"floor":13,"key":"Block Potion"},{"floor":14,"key":"DistilledChaos"},{"floor":15,"key":"DistilledChaos"},{"floor":16,"key":"Fire Potion"},{"floor":19,"key":"EssenceOfSteel"},{"floor":25,"key":"champ:OpenerPotion"},{"floor":32,"key":"Toxic Potion"},{"floor":37,"key":"Energy Potion"},{"floor":40,"key":"Dexterity Potion"},{"floor":47,"key":"Adrenaline Potion"}],"is_trial":false,"path_per_floor":["R","M","M","M","?","M","T","M","R","E","$","R","E","M","M","B",null,"R","M","?","?","?","M","T","E","$","M","R","T","R","$","M","B",null,"R","M","M","$","M","M","T","?","$","M","M","R","E","M","M","B",null,"E"],"character_chosen":"THE_CHAMP","items_purchased":["Anchor","Potion Belt","expansioncontent:DashGenerateEvil","Grinning Jar","Chaos","Bottled Tornado","GuppysHead","GuppysHairball","ReplayTheSpireMod:CursedCoin"],"campfire_rested":0,"item_purchase_floors":[11,11,11,26,26,26,34,34,43],"current_hp_per_floor":[99,99,99,99,99,95,95,90,100,109,99,99,109,109,109,102,109,109,109,109,109,93,95,95,98,109,104,104,104,104,104,109,109,89,89,83,84,84,85,86,86,86,86,41,42,42,60,62,49,13,89,0,0,0],"gold":225,"neow_bonus":"TEN_PERCENT_HP_BONUS","is_daily":false,"chose_seed":false,"campfire_upgraded":6,"win_rate":0.0,"timestamp":1612716130,"path_taken":["R","M","M","M","?","M","T","M","R","E","$","R","E","M","M","BOSS","R","M","?","?","?","M","T","E","$","?","R","?","R","?","M","BOSS","R","M","M","$","M","?","T","?","?","M","M","R","E","M","M","BOSS","E"],"items_purchased_type":["Relic","Relic","Card","Relic","Card","Relic","Relic","Relic","Relic"],"build_version":"2020-12-22","purchased_purges":3,"victory":false,"max_hp_per_floor":[99,99,99,99,99,99,99,99,109,109,109,109,109,109,109,109,109,109,109,109,109,109,109,109,109,109,109,109,109,109,109,109,109,89,89,89,89,89,89,89,89,89,89,89,89,89,89,89,89,89,89,89,89,89],"card_choices":[{"not_picked":[],"picked":"BettingIsNotGood","floor":0},{"not_picked":["champ:Shatter","champ:DefensiveShout"],"picked":"champ:FocusedBerserking","floor":2},{"not_picked":["champ:FancyFootwork","champ:Haymaker"],"picked":"champ:PerfectedStrike","floor":3},{"not_picked":["champ:PreemptiveStrike","champ:PreciseThrust"],"picked":"champ:FlashCut","floor":4},{"not_picked":["champ:BringItOn","champ:BladeFlurry","champ:DefensiveShout"],"picked":"SKIP","floor":6},{"not_picked":["champ:FlashCut","champ:Duel"],"picked":"champ:TripleStrike","floor":8},{"not_picked":["champ:Endure","champ:AdrenalArmor","champ:Shatter"],"picked":"SKIP","floor":10},{"not_picked":["champ:VampiricStrike","champ:PerfectedStrike"],"picked":"champ:HoldFirm","floor":11},{"not_picked":["champ:BringItOn","champ:Haymaker"],"picked":"Bomb","floor":13},{"not_picked":["champ:GutPunch","champ:FalseCounter","champ:BladeFlurry"],"picked":"SKIP","floor":14},{"not_picked":["champ:Circumvent","champ:FalseCounter"],"picked":"Bomb","floor":15},{"not_picked":["champ:Devastate","champ:SwordThrow"],"picked":"champ:TripleStrike","floor":16},{"not_picked":["champ:FlashCut","champ:Lariat","champ:TornadoPunch+1"],"picked":"SKIP","floor":19},{"not_picked":["champ:CrookedStrike","champ:Lariat"],"picked":"champ:IronFortress+1","floor":20},{"not_picked":["champ:FlashCut","champ:CrookedStrike","champ:GutPunch"],"picked":"SKIP","floor":23},{"not_picked":["champ:DefensiveShout","champ:FlashCut","champ:RisingSlash"],"picked":"SKIP","floor":25},{"not_picked":["champ:Lariat","champ:EnGarde"],"picked":"champ:GladiatorForm","floor":26},{"not_picked":["champ:BringItOn","champ:AdrenalArmor"],"picked":"champ:EndlessRage+1","floor":27},{"not_picked":["champ:PreemptiveStrike+1","champ:Circumvent"],"picked":"champ:RapidStrikes","floor":32},{"not_picked":["champ:Improvising","champ:Devastate"],"picked":"champ:VampiricStrike","floor":33},{"not_picked":["champ:PreciseThrust","champ:AdrenalArmor","champ:DeathBlow+1"],"picked":"SKIP","floor":36},{"not_picked":["champ:PreciseThrust+1","champ:Circumvent"],"picked":"champ:PerfectedStrike+1","floor":37},{"not_picked":["champ:StanceDance","champ:AdrenalArmor"],"picked":"champ:GutPunch+1","floor":39},{"not_picked":["champ:FanOfKnives+1","champ:PerfectedStrike","champ:StanceDance+1"],"picked":"SKIP","floor":40},{"not_picked":["champ:BerserkersShout","champ:GladiatorStyle+1","champ:EnGarde"],"picked":"SKIP","floor":44},{"not_picked":["champ:BringItOn","champ:Circumvent+1"],"picked":"champ:HoldFirm","floor":45},{"not_picked":["champ:EnGarde","champ:Backstep+1","champ:StanceDance"],"picked":"SKIP","floor":47},{"not_picked":["champ:CrownThrow+1","champ:PreemptiveStrike","champ:EnGarde+1"],"picked":"SKIP","floor":48},{"not_picked":["champ:PerfectedStrike","champ:Circumvent+1"],"picked":"champ:FocusedBerserking","floor":49}],"player_experience":637829,"relics_obtained":[{"floor":1,"key":"testmod-ObsoleteBoomerang"},{"floor":10,"key":"DeathBook"},{"floor":13,"key":"StoneCalendar"},{"floor":20,"key":"ReplayTheSpireMod:Shallot"},{"floor":20,"key":"Toy Ornithopter"},{"floor":22,"key":"Enchiridion"},{"floor":24,"key":"TuHaoJin"},{"floor":25,"key":"aspiration:HiddenCompartment"},{"floor":29,"key":"testmod-EnergyCheck"},{"floor":47,"key":"Garlic"}],"event_choices":[{"damage_healed":0,"gold_gain":0,"player_choice":"Fight","damage_taken":0,"max_hp_gain":0,"max_hp_loss":0,"event_name":"HidenRoomEvent","floor":20,"gold_loss":0},{"damage_healed":0,"gold_gain":0,"player_choice":"Leave","damage_taken":0,"max_hp_gain":0,"max_hp_loss":0,"event_name":"conspire:Investor","floor":42,"gold_loss":0}],"is_beta":false,"boss_relics":[{"not_picked":["testmod-HarvestTotem","aspiration:PoetsPen_weak"],"picked":"testmod-TimeTraveler"},{"not_picked":[]},{"not_picked":["TheBible","Old Coin"],"picked":"Blue Candle"},{"not_picked":[]}],"items_purged_floors":[11,38,43],"is_endless":false,"potions_floor_spawned":[3,13,14,15,16,19,25,32,37,40,47,48],"killed_by":"downfall:CharBossMerchant","ascension_level":0}}