{"host":"y76clbnovzmw9ubx","time":1612709936,"event":{"mods":["AchievementEnabler","BaseMod","Minty Spire (QoL Compilation)","Permanent Neow","Relic Stats"],"gold_per_floor":[10,25,44,44,59,94,94,121,121,134,134,154,186,186,186,263,263,279,308,308,327,342,372,372,406,478,25,25,25,25,37,37,116,416,430,441,454,79,89,123,123,150,174,174,186,186,215,225,225,225,225,225,225,8,8,8],"floor_reached":55,"language":"ENG","playtime":5518,"items_purged":["Prepared","Expertise"],"score":2084,"play_id":"4c2fbe27-4a6b-49b9-8a59-293c373729ba","local_time":"20210207095856","is_ascension_mode":true,"campfire_choices":[{"floor":7,"key":"REST"},{"data":"Apotheosis","floor":15,"key":"SMITH"},{"floor":24,"key":"REST"},{"data":"Well Laid Plans","floor":28,"key":"SMITH"},{"floor":30,"key":"REST"},{"floor":32,"key":"REST"},{"floor":41,"key":"RECALL"},{"floor":46,"key":"REST"},{"floor":49,"key":"REST"},{"floor":53,"key":"REST"}],"circlet_count":0,"master_deck":["AscendersBane","Survivor","Neutralize","Apotheosis+1","Slice","Terror","Backflip","Cloak And Dagger","Dagger Spray","Deflect","Infinite Blades","Neutralize","Corpse Explosion","Glass Knife","Glass Knife","Caltrops","Footwork","Heel Hook","Bouncing Flask","Poisoned Stab","Blade Dance","Dodge and Roll","Leg Sweep","Skewer","Noxious Fumes","Well Laid Plans+1","Cloak And Dagger","Finisher","Cloak And Dagger","CurseOfTheBell","Blade Dance+1","Blade Dance","Footwork+1","Blur","Blur","Finisher","Footwork+1","PiercingWail","Malaise"],"relics":["Ring of the Snake","Ornamental Fan","Bronze Scales","InkBottle","Boot","Matryoshka","Pandora\u0027s Box","Red Mask","Paper Crane","Toy Ornithopter","Kunai","Potion Belt","Oddly Smooth Stone","Calling Bell","Old Coin","White Beast Statue","Tiny Chest","HornCleat","Bag of Preparation","Ancient Tea Set","Bag of Marbles","Molten Egg 2"],"acts_visited":["Exordium","TheCity","TheBeyond","TheEnding"],"potions_floor_usage":[8,8,19,23,39,42,47,50,50,55,55,55],"damage_taken":[{"damage":3,"enemies":"Small Slimes","floor":1,"turns":6},{"damage":0,"enemies":"Cultist","floor":2,"turns":3},{"damage":0,"enemies":"Jaw Worm","floor":3,"turns":4},{"damage":2,"enemies":"Blue Slaver","floor":5,"turns":4},{"damage":22,"enemies":"3 Sentries","floor":6,"turns":10},{"damage":1,"enemies":"Gremlin Nob","floor":8,"turns":3},{"damage":0,"enemies":"3 Louse","floor":10,"turns":2},{"damage":0,"enemies":"Large Slime","floor":12,"turns":3},{"damage":9,"enemies":"3 Sentries","floor":13,"turns":5},{"damage":20,"enemies":"Slime Boss","floor":16,"turns":10},{"damage":16,"enemies":"Spheric Guardian","floor":18,"turns":4},{"damage":8,"enemies":"Masked Bandits","floor":19,"turns":3},{"damage":3,"enemies":"Shell Parasite","floor":21,"turns":2},{"damage":0,"enemies":"Sentry and Sphere","floor":22,"turns":4},{"damage":26,"enemies":"Slavers","floor":23,"turns":4},{"damage":1,"enemies":"Book of Stabbing","floor":25,"turns":4},{"damage":9,"enemies":"Shelled Parasite and Fungi","floor":31,"turns":4},{"damage":15,"enemies":"Automaton","floor":33,"turns":11},{"damage":0,"enemies":"3 Shapes","floor":35,"turns":6},{"damage":11,"enemies":"3 Darklings","floor":36,"turns":4},{"damage":10,"enemies":"Sphere and 2 Shapes","floor":37,"turns":4},{"damage":0,"enemies":"Writhing Mass","floor":39,"turns":6},{"damage":0,"enemies":"Nemesis","floor":40,"turns":5},{"damage":5,"enemies":"Giant Head","floor":42,"turns":10},{"damage":1,"enemies":"3 Darklings","floor":45,"turns":5},{"damage":20,"enemies":"Reptomancer","floor":47,"turns":6},{"damage":0,"enemies":"4 Shapes","floor":48,"turns":6},{"damage":29,"enemies":"Donu and Deca","floor":50,"turns":10},{"damage":32,"enemies":"Awakened One","floor":51,"turns":20},{"damage":84,"enemies":"Shield and Spear","floor":55,"turns":8}],"seed_played":"5697822109451870282","potions_obtained":[{"floor":2,"key":"LiquidBronze"},{"floor":3,"key":"SteroidPotion"},{"floor":5,"key":"FearPotion"},{"floor":8,"key":"CunningPotion"},{"floor":16,"key":"Fire Potion"},{"floor":23,"key":"Weak Potion"},{"floor":33,"key":"FearPotion"},{"floor":35,"key":"Energy Potion"},{"floor":36,"key":"SmokeBomb"},{"floor":37,"key":"LiquidMemories"},{"floor":39,"key":"Explosive Potion"},{"floor":40,"key":"Swift Potion"},{"floor":42,"key":"SmokeBomb"},{"floor":45,"key":"SkillPotion"},{"floor":47,"key":"BlessingOfTheForge"},{"floor":48,"key":"AttackPotion"}],"is_trial":false,"path_per_floor":["M","M","M","?","M","E","R","E","T","M","?","M","E","?","R","B",null,"M","?","?","M","M","E","R","E","T","$","R","?","R","M","R","B",null,"M","M","M","$","M","E","R","E","T","?","M","R","E","M","R","B","B",null,"R","$","E"],"character_chosen":"THE_SILENT","items_purchased":["Well Laid Plans","Cloak And Dagger","Finisher","Oddly Smooth Stone","HornCleat","Malaise","ColorlessPotion"],"campfire_rested":7,"item_purchase_floors":[27,27,27,27,38,54,54],"current_hp_per_floor":[56,56,56,51,49,27,46,45,45,45,45,45,36,36,36,16,54,38,30,30,27,27,1,20,19,19,19,19,19,38,29,48,33,58,58,47,37,37,42,42,42,42,42,42,41,59,43,43,61,39,7,49,63,63,0,0],"gold":8,"neow_bonus":"RANDOM_COLORLESS_2","is_daily":false,"chose_seed":false,"campfire_upgraded":2,"win_rate":0.0,"timestamp":1612709936,"path_taken":["M","M","M","?","M","E","R","E","T","M","?","?","E","?","R","BOSS","M","?","?","?","M","E","R","E","T","$","R","?","R","M","R","BOSS","M","M","M","$","M","E","R","E","T","?","M","R","E","M","R","BOSS","BOSS","R","$","E"],"items_purchased_type":["Card","Card","Card","Relic","Relic","Card","Potion"],"build_version":"2020-12-22","purchased_purges":2,"victory":false,"max_hp_per_floor":[66,66,66,66,66,66,66,66,66,66,66,66,66,66,66,66,66,66,66,66,66,66,66,66,66,66,66,66,66,66,66,66,66,66,66,66,66,66,66,66,66,66,66,63,63,63,63,63,63,63,63,63,63,63,63,63],"relic_stats":{"counters":[30,176],"Ornamental Fan":[516],"Bronze Scales":[462],"Pandora\u0027s Box":["Expertise","Glass Knife","Glass Knife","Caltrops","Footwork","Heel Hook","Bouncing Flask","Grand Finale","Poisoned Stab"],"Tiny Chest":0,"Bag of Preparation":[14],"Kunai":[99],"Boot":[327],"obtain_stats":[{"Potion Belt":26,"Oddly Smooth Stone":27,"Bag of Preparation":40,"Paper Crane":23,"Boot":9,"Ancient Tea Set":42,"White Beast Statue":34,"Old Coin":34,"Calling Bell":34,"Matryoshka":13,"HornCleat":38,"Ornamental Fan":4,"Bronze Scales":6,"Pandora\u0027s Box":17,"Tiny Chest":34,"Molten Egg 2":47,"Red Mask":19,"Bag of Marbles":43,"Kunai":26,"InkBottle":8,"Toy Ornithopter":25,"Ring of the Snake":0},{"Potion Belt":16,"Oddly Smooth Stone":16,"Bag of Preparation":23,"Paper Crane":15,"Boot":6,"Ancient Tea Set":24,"White Beast Statue":18,"Old Coin":18,"Calling Bell":18,"Matryoshka":9,"HornCleat":21,"Ornamental Fan":3,"Bronze Scales":5,"Pandora\u0027s Box":10,"Tiny Chest":18,"Molten Egg 2":26,"Red Mask":12,"Bag of Marbles":24,"Kunai":16,"InkBottle":6,"Toy Ornithopter":16,"Ring of the Snake":0},{"Potion Belt":71,"Oddly Smooth Stone":71,"Bag of Preparation":111,"Paper Crane":67,"Boot":30,"Ancient Tea Set":121,"White Beast Statue":86,"Old Coin":86,"Calling Bell":86,"Matryoshka":40,"HornCleat":100,"Ornamental Fan":13,"Bronze Scales":27,"Pandora\u0027s Box":50,"Tiny Chest":86,"Molten Egg 2":132,"Red Mask":57,"Bag of Marbles":121,"Kunai":71,"InkBottle":30,"Toy Ornithopter":71,"Ring of the Snake":0}],"InkBottle":[83],"Toy Ornithopter":33,"Ring of the Snake":[60]},"card_choices":[{"not_picked":["Metamorphosis","Transmutation"],"picked":"Apotheosis","floor":0},{"not_picked":["Sucker Punch","Underhanded Strike"],"picked":"Slice","floor":1},{"not_picked":["Reflex","Dagger Throw"],"picked":"Terror","floor":2},{"not_picked":["Concentrate","Distraction"],"picked":"Backflip","floor":3},{"not_picked":["Dagger Throw","Endless Agony"],"picked":"Cloak And Dagger","floor":5},{"not_picked":["Doppelganger","Choke"],"picked":"Dagger Spray","floor":6},{"not_picked":["Deadly Poison","Sucker Punch"],"picked":"Deflect","floor":8},{"not_picked":["Dagger Throw","Deadly Poison"],"picked":"Infinite Blades","floor":10},{"not_picked":["Bouncing Flask","Prepared","Catalyst"],"picked":"SKIP","floor":12},{"not_picked":["Sucker Punch","Outmaneuver","Bane"],"picked":"SKIP","floor":13},{"not_picked":["Adrenaline","Doppelganger"],"picked":"Corpse Explosion","floor":16},{"not_picked":["Underhanded Strike","Riddle With Holes"],"picked":"Blade Dance","floor":18},{"not_picked":["Underhanded Strike","Calculated Gamble"],"picked":"Dodge and Roll","floor":19},{"not_picked":["Underhanded Strike","Sucker Punch"],"picked":"Leg Sweep","floor":21},{"not_picked":["Masterful Stab","Unload"],"picked":"Skewer","floor":22},{"not_picked":["Crippling Poison+1","Masterful Stab"],"picked":"Noxious Fumes","floor":23},{"not_picked":["Bouncing Flask","Dagger Throw","Deadly Poison"],"picked":"SKIP","floor":25},{"not_picked":["Blade Dance","Accuracy"],"picked":"Cloak And Dagger","floor":31},{"not_picked":["Underhanded Strike","Dodge and Roll"],"picked":"Blade Dance+1","floor":35},{"not_picked":["Choke","Deflect","Prepared"],"picked":"SKIP","floor":36},{"not_picked":["Eviscerate+1","Poisoned Stab+1"],"picked":"Blade Dance","floor":37},{"not_picked":["Accuracy+1","Prepared"],"picked":"Footwork+1","floor":39},{"not_picked":["Finisher","Envenom"],"picked":"Blur","floor":40},{"not_picked":["Infinite Blades","Prepared"],"picked":"Blur","floor":42},{"not_picked":["Well Laid Plans","Flying Knee"],"picked":"Finisher","floor":45},{"not_picked":["Infinite Blades+1","Reflex"],"picked":"Footwork+1","floor":47},{"not_picked":["All Out Attack+1","Riddle With Holes+1"],"picked":"PiercingWail","floor":48}],"player_experience":3201048,"relics_obtained":[{"floor":6,"key":"Bronze Scales"},{"floor":8,"key":"InkBottle"},{"floor":9,"key":"Boot"},{"floor":13,"key":"Matryoshka"},{"floor":19,"key":"Red Mask"},{"floor":23,"key":"Paper Crane"},{"floor":25,"key":"Toy Ornithopter"},{"floor":26,"key":"Kunai"},{"floor":26,"key":"Potion Belt"},{"floor":34,"key":"Old Coin"},{"floor":34,"key":"White Beast Statue"},{"floor":34,"key":"Tiny Chest"},{"floor":40,"key":"Bag of Preparation"},{"floor":42,"key":"Ancient Tea Set"},{"floor":43,"key":"Bag of Marbles"},{"floor":47,"key":"Molten Egg 2"}],"event_choices":[{"damage_healed":0,"gold_gain":0,"player_choice":"Success","damage_taken":5,"relics_obtained":["Ornamental Fan"],"max_hp_gain":0,"max_hp_loss":0,"event_name":"Scrap Ooze","floor":4,"gold_loss":0},{"damage_healed":0,"gold_gain":0,"player_choice":"1 cards matched","damage_taken":0,"max_hp_gain":0,"max_hp_loss":0,"event_name":"Match and Keep!","floor":11,"gold_loss":0,"cards_obtained":["Neutralize"]},{"cards_removed":["Strike_G"],"damage_healed":0,"gold_gain":0,"player_choice":"Purged","damage_taken":0,"max_hp_gain":0,"max_hp_loss":0,"event_name":"Purifier","floor":14,"gold_loss":0},{"damage_healed":0,"gold_gain":0,"player_choice":"Fought Bandits","damage_taken":0,"max_hp_gain":0,"max_hp_loss":0,"event_name":"Masked Bandits","floor":19,"gold_loss":0},{"damage_healed":0,"gold_gain":0,"cards_transformed":["Grand Finale"],"player_choice":"Transformed","damage_taken":0,"max_hp_gain":0,"max_hp_loss":0,"event_name":"Transmorgrifier","floor":20,"gold_loss":0,"cards_obtained":["Prepared"]},{"damage_healed":0,"gold_gain":0,"player_choice":"Ignored","damage_taken":0,"max_hp_gain":0,"max_hp_loss":0,"event_name":"Vampires","floor":29,"gold_loss":0},{"damage_healed":0,"gold_gain":0,"player_choice":"Max HP","damage_taken":0,"max_hp_gain":0,"max_hp_loss":3,"event_name":"Winding Halls","floor":44,"gold_loss":0}],"is_beta":false,"boss_relics":[{"not_picked":["Philosopher\u0027s Stone","Cursed Key"],"picked":"Pandora\u0027s Box"},{"not_picked":["Snecko Eye","HoveringKite"],"picked":"Calling Bell"}],"items_purged_floors":[27,38],"is_endless":false,"potions_floor_spawned":[2,3,5,8,16,18,23,33,35,36,37,39,40,42,45,47,48],"killed_by":"Shield and Spear","ascension_level":20}}