{"host":"mani","time":1612697938,"event":{"mods":["BaseMod","Highlight Path","Minty Spire (QoL Compilation)","StSLib"],"gold_per_floor":[109,109,184,202,202,232,232,10,10,34,78,103,103,125,125,125,125],"floor_reached":16,"language":"ENG","playtime":476,"items_purged":[],"score":155,"play_id":"9efacfff-13a0-4e56-af7e-dc166e4b9c37","local_time":"20210207123858","is_ascension_mode":true,"campfire_choices":[{"floor":7,"key":"REST"},{"floor":13,"key":"REST"},{"data":"Chaos","floor":15,"key":"SMITH"}],"circlet_count":0,"master_deck":["Strike_B","Strike_B","Strike_B","Strike_B","Defend_B","Defend_B","Defend_B","Defend_B","Zap","Dualcast+1","Double Energy","Go for the Eyes","Aggregate","Force Field","Rebound","Sweeping Beam","Capacitor","Chaos+1"],"relics":["Cracked Core","NeowsBlessing","DataDisk","Art of War","CeramicFish","Bag of Marbles","MealTicket"],"acts_visited":["Exordium"],"potions_floor_usage":[11,11,14],"damage_taken":[{"damage":0,"enemies":"Small Slimes","floor":1,"turns":1},{"damage":0,"enemies":"Jaw Worm","floor":4,"turns":1},{"damage":0,"enemies":"3 Sentries","floor":6,"turns":1},{"damage":6,"enemies":"2 Louse","floor":10,"turns":2},{"damage":15,"enemies":"Lagavulin","floor":11,"turns":5},{"damage":1,"enemies":"Gremlin Gang","floor":12,"turns":2},{"damage":0,"enemies":"Looter","floor":14,"turns":2},{"damage":44,"enemies":"Slime Boss","floor":16,"turns":9}],"seed_played":"2397528954667584921","potions_obtained":[{"floor":1,"key":"DistilledChaos"},{"floor":6,"key":"DuplicationPotion"},{"floor":11,"key":"Swift Potion"}],"is_trial":false,"path_per_floor":["M","?","?","M","?","E","R","$","T","M","E","M","R","M","R","B"],"character_chosen":"DEFECT","items_purchased":["CeramicFish","Force Field"],"campfire_rested":2,"item_purchase_floors":[8,8],"current_hp_per_floor":[75,75,64,64,22,22,44,44,44,38,23,22,44,44,44,0,0],"gold":125,"neow_bonus":"THREE_ENEMY_KILL","is_daily":false,"chose_seed":false,"campfire_upgraded":1,"win_rate":0.0,"timestamp":1612697938,"path_taken":["M","?","?","M","?","E","R","$","T","M","E","M","R","M","R","BOSS"],"items_purchased_type":["Relic","Card"],"build_version":"2020-12-18","purchased_purges":0,"victory":false,"max_hp_per_floor":[75,75,75,75,75,75,75,75,75,75,75,75,75,75,75,75,75],"card_choices":[{"not_picked":["Rip and Tear","Go for the Eyes"],"picked":"Double Energy","floor":1},{"not_picked":["Stack","Leap"],"picked":"Go for the Eyes","floor":4},{"not_picked":["Stack","Cold Snap"],"picked":"Aggregate","floor":6},{"not_picked":["Barrage","Rip and Tear"],"picked":"Rebound","floor":10},{"not_picked":["Fusion","Beam Cell"],"picked":"Sweeping Beam","floor":11},{"not_picked":["Barrage","Leap"],"picked":"Capacitor","floor":12},{"not_picked":["Streamline","Loop"],"picked":"Chaos","floor":14}],"player_experience":480888,"relics_obtained":[{"floor":6,"key":"Art of War"},{"floor":9,"key":"Bag of Marbles"},{"floor":11,"key":"MealTicket"}],"event_choices":[{"damage_healed":0,"gold_gain":0,"player_choice":"Grow","damage_taken":0,"max_hp_gain":0,"max_hp_loss":0,"event_name":"Living Wall","floor":2,"gold_loss":0,"cards_upgraded":["Dualcast"]},{"damage_healed":0,"gold_gain":75,"player_choice":"Gather Gold","damage_taken":11,"max_hp_gain":0,"max_hp_loss":0,"event_name":"World of Goop","floor":3,"gold_loss":0},{"damage_healed":0,"gold_gain":0,"player_choice":"Success","damage_taken":42,"relics_obtained":["DataDisk"],"max_hp_gain":0,"max_hp_loss":0,"event_name":"Scrap Ooze","floor":5,"gold_loss":0}],"is_beta":true,"boss_relics":[],"items_purged_floors":[],"is_endless":false,"potions_floor_spawned":[1,6,11],"killed_by":"Slime Boss","ascension_level":3}}