{"host":"skr63qsdfgeey3it","time":1612682958,"event":{"mods":["BaseMod","Colored Map","Hubris","Minty Spire (QoL Compilation)","Monster B Gone","Reliquary","Replay The Spire","Spicy Shops","StSLib"],"gold_per_floor":[14,14,64,4,4,4,24,59,133,133,171,199,199,149,149,232,232,261,4,4,19,46,84,100,12,38,38,38,68,68,85,85,168,168,193,215,20,54,107,107,140,348,348,348,386,9,9,27,27,33],"floor_reached":51,"language":"ENG","playtime":3336,"items_purged":["Spreading Infection","Spreading Infection","Decay"],"score":1323,"play_id":"88027586-3fd7-40ee-982e-bd4b35ea18b4","local_time":"20210207012918","is_ascension_mode":true,"campfire_choices":[{"data":"Echo Form","floor":6.0,"key":"SMITH"},{"data":"Zap","floor":10.0,"key":"SMITH"},{"floor":13.0,"key":"REST"},{"data":"Hologram","floor":15.0,"key":"SMITH"},{"data":"Mirror Shield","floor":28.0,"key":"SMITH"},{"data":"Turbo","floor":30.0,"key":"SMITH"},{"data":"Aggregate","floor":40.0,"key":"SMITH"},{"data":"Creative AI","floor":47,"key":"SMITH"},{"floor":49,"key":"REST"}],"circlet_count":0,"master_deck":["AscendersBane","Strike_B+1","Strike_B","Strike_B","Defend_B","Defend_B","Defend_B","Zap+1","Dualcast","Echo Form+1","Reinforced Body","hubris:Ukulele","Self Repair","Leap","Capacitor","Glacier","Hologram+1","Electrodynamics","Scrape+1","Tempest","Tempest","Capacitor+1","FTL","ReplayTheSpireMod:Calculation Training","Aggregate+1","Writhe","Turbo+1","Mirror Shield+1","Auto Shields","hubris:Ukulele","Thunder Strike","Mayhem","Coolheaded+1","Mirror Shield","Overencumbered","ReplayTheSpireMod:Faulty Equipment","Barrage","Steam Power","Creative AI+1","Beam Cell+1"],"relics":["Cracked Core","hubris:Towel","ReplayTheSpireMod:Ring of Addiction","Ring of Greed","Chameleon Ring","White Beast Statue","Membership Card","Replay:Bandana","Happy Flower","Darkstone Periapt","hubris:SoftwareUpdate","Snecko Eye","Oddly Smooth Stone","Gambling Chip","ReplayTheSpireMod:Shallot","reliquary:Knoch","MealTicket","hubris:Reverence","Inserter","BargainBundle","Whetstone","Strawberry","hubris:CuriousFeather","reliquary:HotPoker","Replay:Antivirus Software"],"acts_visited":["Exordium","TheCity","TheBeyond"],"potions_floor_usage":[41,48,50,50],"damage_taken":[{"damage":9.0,"enemies":"Small Slimes","floor":1.0,"turns":4.0},{"damage":2.0,"enemies":"Jaw Worm","floor":7.0,"turns":4.0},{"damage":37.0,"enemies":"Gremlin Nob","floor":8.0,"turns":5.0},{"damage":15.0,"enemies":"Replay:BlueRogue","floor":11.0,"turns":6.0},{"damage":15.0,"enemies":"2 Louse","floor":12.0,"turns":2.0},{"damage":29.0,"enemies":"Slime Boss","floor":16.0,"turns":11.0},{"damage":9.0,"enemies":"3 Byrds","floor":18.0,"turns":4.0},{"damage":0.0,"enemies":"Chosen","floor":21.0,"turns":4.0},{"damage":3.0,"enemies":"Centurion and Healer","floor":22.0,"turns":3.0},{"damage":33.0,"enemies":"Gremlin Leader","floor":23.0,"turns":5.0},{"damage":11.0,"enemies":"Snake Plant","floor":24.0,"turns":5.0},{"damage":0.0,"enemies":"Book of Stabbing","floor":29.0,"turns":5.0},{"damage":0.0,"enemies":"Cultist and Chosen","floor":31.0,"turns":4.0},{"damage":7.0,"enemies":"Champ","floor":33.0,"turns":8.0},{"damage":22.0,"enemies":"3 Darklings","floor":35.0,"turns":5.0},{"damage":6.0,"enemies":"3 Shapes","floor":36.0,"turns":3.0},{"damage":0.0,"enemies":"Jaw Worm Horde","floor":38.0,"turns":3.0},{"damage":31,"enemies":"Reptomancer","floor":41,"turns":6},{"damage":0,"enemies":"Sphere and 2 Shapes","floor":45,"turns":3},{"damage":0,"enemies":"Maw","floor":48,"turns":1},{"damage":58,"enemies":"Awakened One","floor":50,"turns":7}],"seed_played":"7598941045207328593","potions_obtained":[{"floor":1.0,"key":"FearPotion"},{"floor":3.0,"key":"Regen Potion"},{"floor":7.0,"key":"SteroidPotion"},{"floor":8.0,"key":"Energy Potion"},{"floor":11.0,"key":"SpeedPotion"},{"floor":16.0,"key":"LifebloodPotion"},{"floor":18.0,"key":"Fire Potion"},{"floor":21.0,"key":"ColorlessPotion"},{"floor":22.0,"key":"Milkshake"},{"floor":23.0,"key":"Adrenaline Potion"},{"floor":24.0,"key":"ColorlessPotion"},{"floor":29.0,"key":"Fire Potion"},{"floor":31.0,"key":"Languid Potion"},{"floor":33.0,"key":"Strength Potion"},{"floor":35.0,"key":"Regen Potion"},{"floor":38.0,"key":"Swift Potion"},{"floor":41,"key":"SmokeBomb"},{"floor":45,"key":"Explosive Potion"},{"floor":48,"key":"BlessingOfTheForge"}],"is_trial":false,"path_per_floor":["M","?","?","$","?","R","M","E","T","R","E","M","R","?","R","B",null,"M","$","?","M","M","E","M","$","T","?","R","E","R","M","R_BF","B",null,"M","M","$","M","T","R","E","?","T","?","M","$","R","M","R","B",null],"character_chosen":"DEFECT","items_purchased":["hubris:Ukulele","Self Repair","Tempest","Oddly Smooth Stone","Gambling Chip","Mirror Shield","BargainBundle","Mayhem","Whetstone","Creative AI","Replay:Antivirus Software"],"campfire_rested":2,"item_purchase_floors":[4,4,19,19,19,25,37,37,37,46,46],"current_hp_per_floor":[59,59,59,59,59,59,71,41,41,41,48,33,54,54,54,38,67,65,65,65,65,62,43,52,52,52,52,52,59,59,59,81,78,83,61,55,70,83,90,90,65,38,38,38,45,60,60,60,91,33],"gold":33,"neow_bonus":"THREE_RARE_CARDS","is_daily":false,"chose_seed":false,"campfire_upgraded":7,"win_rate":0.0,"timestamp":1612682958,"path_taken":["M","?","?","$","?","R","M","E","T","R","E","?","R","?","R","BOSS","M","$","?","M","?","E","M","?","T","?","R","E","R","M","R_BF","BOSS","M","M","$","M","?","R","E","?","T","?","M","$","R","M","R","BOSS"],"items_purchased_type":["Card","Card","Card","Relic","Relic","Card","Relic","Card","Relic","Card","Relic"],"build_version":"2020-12-22","purchased_purges":3,"victory":true,"max_hp_per_floor":[75,75,75,75,75,75,73,73,73,73,73,73,73,73,71,77,77,77,77,77,77,77,77,83,83,83,83,81,81,81,81,81,85,85,85,85,85,85,92,92,98,110,110,110,108,108,108,106,106,106],"card_choices":[{"not_picked":["hubris:SpecializedCircuitry","Biased Cognition"],"picked":"Echo Form","floor":0.0},{"not_picked":["Blizzard","Coolheaded"],"picked":"Reinforced Body","floor":1.0},{"not_picked":["Sweeping Beam","Coolheaded"],"picked":"Leap","floor":7.0},{"not_picked":["Barrage","Auto Shields"],"picked":"Capacitor","floor":8.0},{"not_picked":["ReplayTheSpireMod:System Scan","Stack"],"picked":"Glacier","floor":11.0},{"not_picked":["ReplayTheSpireMod:Repulse","Rip and Tear"],"picked":"Hologram","floor":12.0},{"not_picked":["ReplayTheSpireMod:Omega Cannon","Thunder Strike"],"picked":"Electrodynamics","floor":16.0},{"not_picked":["Beam Cell","Compile Driver"],"picked":"Scrape","floor":18.0},{"not_picked":["Crystallizer","Heatsinks"],"picked":"FTL","floor":21.0},{"not_picked":["Sweeping Beam","Turbo"],"picked":"ReplayTheSpireMod:Calculation Training","floor":22.0},{"not_picked":["Compile Driver","Chaos"],"picked":"Aggregate","floor":23.0},{"not_picked":["Go for the Eyes","BasicCrystalCard"],"picked":"Turbo","floor":24.0},{"not_picked":["Hologram","Turbo"],"picked":"Auto Shields","floor":29.0},{"not_picked":["Conserve Battery","Hologram"],"picked":"hubris:Ukulele","floor":31.0},{"not_picked":["Rainbow","Machine Learning"],"picked":"Thunder Strike","floor":33.0},{"not_picked":["Hologram+1","Chaos","Redo"],"picked":"SKIP","floor":35.0},{"not_picked":["Chaos+1","Sweeping Beam","Heatsinks+1"],"picked":"SKIP","floor":36.0},{"not_picked":["Streamline+1","Steam"],"picked":"Coolheaded+1","floor":38.0},{"not_picked":["Skim","Panic Button"],"picked":"Mirror Shield","floor":41},{"not_picked":["Sunder","Redo"],"picked":"Barrage","floor":42},{"not_picked":["Sweeping Beam","Reinforced Body"],"picked":"Steam Power","floor":45},{"not_picked":["Sweeping Beam","Compile Driver"],"picked":"Beam Cell+1","floor":48}],"player_experience":900844,"relics_obtained":[{"floor":3.0,"key":"ReplayTheSpireMod:Ring of Addiction"},{"floor":3.0,"key":"Ring of Greed"},{"floor":3.0,"key":"Chameleon Ring"},{"floor":3.0,"key":"White Beast Statue"},{"floor":3.0,"key":"Membership Card"},{"floor":3.0,"key":"Replay:Bandana"},{"floor":8.0,"key":"Happy Flower"},{"floor":9.0,"key":"Darkstone Periapt"},{"floor":11.0,"key":"hubris:SoftwareUpdate"},{"floor":23.0,"key":"ReplayTheSpireMod:Shallot"},{"floor":26.0,"key":"reliquary:Knoch"},{"floor":29.0,"key":"hubris:Reverence"},{"floor":39.0,"key":"Strawberry"},{"floor":41,"key":"hubris:CuriousFeather"},{"floor":43,"key":"reliquary:HotPoker"}],"event_choices":[{"cards_removed":["Defend_B"],"damage_healed":0.0,"max_hp_gain":0.0,"max_hp_loss":0.0,"gold_gain":0.0,"event_name":"Bonfire Elementals","player_choice":"Offered Basic","floor":5.0,"gold_loss":0.0,"damage_taken":0.0},{"cards_removed":["Spreading Infection"],"damage_healed":0.0,"max_hp_gain":0.0,"max_hp_loss":0.0,"gold_gain":0.0,"event_name":"The Cleric","player_choice":"Card Removal","floor":14.0,"gold_loss":50.0,"damage_taken":0.0},{"damage_healed":0.0,"max_hp_gain":0.0,"max_hp_loss":0.0,"gold_gain":0.0,"cards_transformed":["Strike_B"],"event_name":"Transmorgrifier","player_choice":"Transformed","floor":20.0,"gold_loss":0.0,"damage_taken":0.0,"cards_obtained":["Capacitor"]},{"damage_healed":0.0,"max_hp_gain":0.0,"max_hp_loss":0.0,"gold_gain":0.0,"event_name":"WeMeetAgain","player_choice":"Gave Potion","floor":27.0,"gold_loss":0.0,"damage_taken":0.0,"relics_obtained":["MealTicket"]},{"damage_healed":0,"gold_gain":0,"player_choice":"Ignored","damage_taken":0,"max_hp_gain":0,"max_hp_loss":0,"event_name":"Tomb of Lord Red Mask","floor":44,"gold_loss":0}],"is_beta":false,"boss_relics":[{"not_picked":["Replay:Bronze Core","hubris:GrandSneckoEye"],"picked":"Snecko Eye"},{"not_picked":["Philosopher\u0027s Stone","hubris:HollowSoul"],"picked":"Inserter"}],"items_purged_floors":[25,46,46],"is_endless":false,"potions_floor_spawned":[1,7,8,11,12,16,18,21,22,23,24,29,31,33,35,36,38,41,45,48],"ascension_level":13}}