{"host":"w8xisjf5mgmfjvmt","time":1612671355,"event":{"mods":["BaseMod","BetterRewards","Challenge The Spire","Conspire","Energized Spire","Filter the Spire","Minty Spire (QoL Compilation)","Quarter Circle Forward PUNCH!","Quick Restart","Relic Filter Mod","Relic Stats","Reliquary","Replay The Spire","Shop Mod","Spicy Shops","StSLib","Thieving Mod","¡¾ÒÅÎï¿¨ÅÆ¡¿REMEMod","óô»ðÖ¸ÄÏ"],"gold_per_floor":[17,28,47,47,63,96,96,127,206,235,12,12,22,34,34,134,134,134,134,7,7,7,7,7,7,7,7,7,7,7,7,7,7,7,7,7,7,7,7,7,7,7,7,7,7,7,7,7,7,7,7,7,7,7,7,7],"floor_reached":55,"language":"ZHS","playtime":5337,"items_purged":["Strike_P","Defend_P"],"score":1316,"play_id":"5bec3732-0c38-4c43-86c3-82e25f09aaa4","local_time":"20210207121555","is_ascension_mode":true,"campfire_choices":[{"data":"Scrawl","floor":7.0,"key":"SMITH"},{"data":"CrushJoints","floor":12.0,"key":"SMITH"},{"floor":15.0,"key":"DIG"},{"data":"Vault","floor":41.0,"key":"SMITH"},{"floor":49.0,"key":"RECALL"},{"data":"Omniscience","floor":52.0,"key":"SMITH"}],"circlet_count":0,"master_deck":["Strike_P+1","Strike_P+2","Defend_P+2","Defend_P+2","Defend_P+1","Eruption+1","Vigilance+1","Scrawl+2","LessonLearned+1","CrushJoints+1","Consecrate+2","WheelKick+2","Perseverance+2","Evaluate+1","ClearTheMind+2","Halt+2","LessonLearned+1","WindmillStrike+2","Meditate+1","Replay:LoomingThreat+1","Vault+2","DeceiveReality+1","MentalFortress+2","Adaptation","Adaptation+2","Swivel+2","EmptyMind+2","Omniscience+1","Tantrum","Fasting2+1","Indignation+1","WaveOfTheHand"],"relics":["PureWater","REME_ComplimentaryCards","Du-Vu Doll","WingedGreaves","Snack Pack","Potion Belt","Membership Card","DollysMirror","Gremlin Horn","Ectoplasm","reliquary:PartyBalloon","Red Mask","reliquary:RosewoodLute","REME_ArchaeologicalTools","Smiling Mask","Replay:Bandana","reliquary:Solitaire","Ring of Chaos","Turnip","HornCleat","Pantograph","qcfpunch:Red_Headband","reliquary:Stiletto","qcfpunch:Red_Beret"],"acts_visited":["Exordium","TheCity","TheBeyond","TheEnding"],"potions_floor_usage":[55],"damage_taken":[{"damage":8.0,"enemies":"2 Louse","floor":1.0,"turns":5.0},{"damage":2.0,"enemies":"Cultist","floor":2.0,"turns":3.0},{"damage":0.0,"enemies":"Jaw Worm","floor":3.0,"turns":2.0},{"damage":2.0,"enemies":"Lots of Slimes","floor":5.0,"turns":3.0},{"damage":7.0,"enemies":"Lagavulin","floor":6.0,"turns":5.0},{"damage":0.0,"enemies":"3 Sentries","floor":8.0,"turns":3.0},{"damage":0.0,"enemies":"Gremlin Nob","floor":10.0,"turns":2.0},{"damage":0.0,"enemies":"Exordium Thugs","floor":13.0,"turns":3.0},{"damage":2.0,"enemies":"3 Louse","floor":14.0,"turns":3.0},{"damage":8.0,"enemies":"Fading Forest","floor":16.0,"turns":11.0},{"damage":7.0,"enemies":"3 Byrds","floor":18.0,"turns":5.0},{"damage":0.0,"enemies":"Masked Bandits","floor":21.0,"turns":3.0},{"damage":1.0,"enemies":"Book of Stabbing","floor":23.0,"turns":4.0},{"damage":0.0,"enemies":"Slavers","floor":24.0,"turns":7.0},{"damage":0.0,"enemies":"conspire:Head Lice","floor":25.0,"turns":3.0},{"damage":0.0,"enemies":"Gremlin Leader","floor":27.0,"turns":3.0},{"damage":0.0,"enemies":"Chosen","floor":28.0,"turns":5.0},{"damage":0.0,"enemies":"Centurion and Healer","floor":30.0,"turns":4.0},{"damage":0.0,"enemies":"3 Cultists","floor":31.0,"turns":4.0},{"damage":6.0,"enemies":"conspire:MysteriousRune","floor":33.0,"turns":7.0},{"damage":0.0,"enemies":"3 Darklings","floor":35.0,"turns":5.0},{"damage":6.0,"enemies":"Orb Walker","floor":36.0,"turns":4.0},{"damage":3.0,"enemies":"3 Darklings","floor":37.0,"turns":4.0},{"damage":11.0,"enemies":"Transient","floor":38.0,"turns":5.0},{"damage":0.0,"enemies":"Mind Bloom Boss Battle","floor":39.0,"turns":4.0},{"damage":18.0,"enemies":"Nemesis","floor":40.0,"turns":5.0},{"damage":2.0,"enemies":"Giant Head","floor":42.0,"turns":7.0},{"damage":11.0,"enemies":"Nemesis","floor":44.0,"turns":6.0},{"damage":0.0,"enemies":"Sphere and 2 Shapes","floor":46.0,"turns":4.0},{"damage":0.0,"enemies":"R_Hoarder","floor":47.0,"turns":6.0},{"damage":0.0,"enemies":"4 Shapes","floor":48.0,"turns":5.0},{"damage":23.0,"enemies":"Time Eater","floor":50.0,"turns":5.0},{"damage":11.0,"enemies":"Shield and Spear","floor":54.0,"turns":5.0},{"damage":46,"enemies":"The Heart","floor":55,"turns":10}],"seed_played":"8808869102270871167","potions_obtained":[{"floor":4.0,"key":"LifebloodPotion"},{"floor":4.0,"key":"SkillPotion"},{"floor":4.0,"key":"SkillPotion"},{"floor":6.0,"key":"Weak Potion"},{"floor":8.0,"key":"Energy Potion"},{"floor":14.0,"key":"ColorlessPotion"},{"floor":16.0,"key":"Explosive Potion"},{"floor":21.0,"key":"AttackPotion"},{"floor":23.0,"key":"Strength Potion"},{"floor":25.0,"key":"Strength Potion"},{"floor":31.0,"key":"Block Potion"},{"floor":33.0,"key":"SkillPotion"},{"floor":36.0,"key":"LiquidMemories"},{"floor":39.0,"key":"LiquidMemories"},{"floor":42.0,"key":"Block Potion"},{"floor":44.0,"key":"SmokeBomb"},{"floor":46.0,"key":"PowerPotion"}],"is_trial":false,"path_per_floor":["M","M","M","?","M","E","R","E","T","E","$","R","M","M","R","B",null,"M","?","$","?","$","E","E","E","T","E","M","$","M","M","R","B",null,"M","M","M","M","?","E","R","E","T","E","$","M","E","M","R","B",null,"R","$","E","B"],"character_chosen":"WATCHER","items_purchased":["Membership Card","DollysMirror","WindmillStrike","reliquary:PartyBalloon","MentalFortress"],"campfire_rested":0,"item_purchase_floors":[11,11,11,20,20],"current_hp_per_floor":[57,55,55,55,53,46,46,46,46,48,48,48,50,50,50,64,70,67,54,54,58,58,57,61,63,63,67,67,67,69,71,71,71,76,77,71,72,67,69,55,55,55,55,48,48,52,56,56,56,58,72,72,72,63,35,35],"gold":7,"neow_bonus":"THREE_RARE_CARDS","is_daily":false,"chose_seed":false,"campfire_upgraded":4,"win_rate":0.0,"timestamp":1612671355,"path_taken":["M","M","M","?","M","E","R","E","T","E","$","R","?","M","R","BOSS","M","?","$","?","$","E","E","E","T","E","M","?","M","M","R","BOSS","M","?","M","M","?","E","R","E","T","E","$","M","E","M","R","BOSS","R","$","E","BOSS"],"items_purchased_type":["Relic","Relic","Card","Relic","Card"],"build_version":"2020-12-22","purchased_purges":2,"victory":false,"max_hp_per_floor":[72,72,72,72,72,72,72,72,72,72,72,72,72,72,72,72,72,72,77,77,77,77,77,77,77,77,77,77,77,77,77,77,77,77,77,77,77,77,77,77,77,77,77,77,77,77,77,77,77,77,77,77,77,77,77,77],"relic_stats":{"Gremlin Horn":[34,35],"counters":[34,160],"Pantograph":35,"Ectoplasm":2126,"Turnip":[7],"Smiling Mask":0,"obtain_stats":[{"Potion Belt":10,"reliquary:Solitaire":27,"Gremlin Horn":15,"reliquary:PartyBalloon":20,"Ring of Chaos":34,"qcfpunch:Red_Beret":54,"reliquary:RosewoodLute":23,"Smiling Mask":25,"Du-Vu Doll":6,"Replay:Bandana":26,"HornCleat":40,"DollysMirror":11,"Pantograph":42,"WingedGreaves":8,"Ectoplasm":17,"Turnip":39,"reliquary:Stiletto":47,"Snack Pack":9,"Red Mask":21,"REME_ArchaeologicalTools":24,"qcfpunch:Red_Headband":44,"Membership Card":11,"PureWater":0,"REME_ComplimentaryCards":0},{"Potion Belt":7,"reliquary:Solitaire":16,"Gremlin Horn":9,"reliquary:PartyBalloon":11,"Ring of Chaos":20,"qcfpunch:Red_Beret":33,"reliquary:RosewoodLute":13,"Smiling Mask":15,"Du-Vu Doll":5,"Replay:Bandana":15,"HornCleat":26,"DollysMirror":7,"Pantograph":27,"WingedGreaves":6,"Ectoplasm":10,"Turnip":25,"reliquary:Stiletto":30,"Snack Pack":6,"Red Mask":12,"REME_ArchaeologicalTools":14,"qcfpunch:Red_Headband":28,"Membership Card":7,"PureWater":0,"REME_ComplimentaryCards":0},{"Potion Belt":23,"reliquary:Solitaire":65,"Gremlin Horn":29,"reliquary:PartyBalloon":45,"Ring of Chaos":85,"qcfpunch:Red_Beret":150,"reliquary:RosewoodLute":52,"Smiling Mask":62,"Du-Vu Doll":18,"Replay:Bandana":62,"HornCleat":112,"DollysMirror":23,"Pantograph":119,"WingedGreaves":21,"Ectoplasm":40,"Turnip":107,"reliquary:Stiletto":135,"Snack Pack":21,"Red Mask":48,"REME_ArchaeologicalTools":59,"qcfpunch:Red_Headband":125,"Membership Card":23,"PureWater":0,"REME_ComplimentaryCards":0}]},"card_choices":[{"not_picked":["Vault","Replay:LoomingThreat"],"picked":"Scrawl","floor":0.0},{"not_picked":["Consecrate","Prostrate"],"picked":"CrushJoints","floor":1.0},{"not_picked":["Evaluate","Replay:BluntJabs"],"picked":"Consecrate","floor":2.0},{"not_picked":["Consecrate","Vengeance"],"picked":"WheelKick","floor":3.0},{"not_picked":["FlurryOfBlows","BowlingBash"],"picked":"Perseverance","floor":5.0},{"not_picked":["JustLucky","Establishment"],"picked":"Evaluate","floor":6.0},{"not_picked":["Crescendo","Vengeance"],"picked":"ClearTheMind","floor":8.0},{"not_picked":["Perseverance","ClearTheMind"],"picked":"Halt","floor":10.0},{"not_picked":["SandsOfTime","REME_Repentance"],"picked":"Meditate","floor":13.0},{"not_picked":["SashWhip","CrushJoints"],"picked":"Replay:LoomingThreat","floor":14.0},{"not_picked":["Ragnarok","Alpha"],"picked":"Vault","floor":16.0},{"not_picked":["Replay:BluntJabs","SandsOfTime"],"picked":"DeceiveReality","floor":18.0},{"not_picked":["Worship+1","REME_Repentance+1","FlyingSleeves+1"],"picked":"SKIP","floor":23.0},{"not_picked":["Crescendo","DeceiveReality","ThirdEye"],"picked":"SKIP","floor":24.0},{"not_picked":["Consecrate+1","Replay:AtTheReady"],"picked":"Adaptation","floor":25.0},{"not_picked":["Perseverance","Scrawl","Replay:ManipulateFuture"],"picked":"SKIP","floor":27.0},{"not_picked":["WreathOfFlame+1","Study+1"],"picked":"Adaptation+1","floor":28.0},{"not_picked":["Evaluate","CutThroughFate"],"picked":"Swivel+1","floor":30.0},{"not_picked":["Prostrate","Study","PathToVictory"],"picked":"SKIP","floor":31.0},{"not_picked":["Replay:AllIn","ConjureBlade"],"picked":"Omniscience","floor":33.0},{"not_picked":["EmptyBody","ReachHeaven","Worship"],"picked":"SKIP","floor":35.0},{"not_picked":["JustLucky+1","FlurryOfBlows","ClearTheMind"],"picked":"SKIP","floor":36.0},{"not_picked":["Halt+1","Replay:ManipulateFuture","JustLucky"],"picked":"SKIP","floor":37.0},{"not_picked":["LessonLearned","ThirdEye+1","FlyingSleeves"],"picked":"SKIP","floor":38.0},{"not_picked":["ThirdEye+1","CrushJoints","Omniscience"],"picked":"SKIP","floor":40.0},{"not_picked":["PathToVictory","Replay:AtTheReady","REME_Repentance+1"],"picked":"SKIP","floor":42.0},{"not_picked":["CrushJoints","ClearTheMind"],"picked":"Tantrum","floor":44.0},{"not_picked":["PathToVictory+1","Perseverance+1"],"picked":"Fasting2+1","floor":46.0},{"not_picked":["Worship","FlyingSleeves+1"],"picked":"Indignation+1","floor":47.0},{"not_picked":["REME_Repentance+1","SashWhip+1","FlyingSleeves"],"picked":"SKIP","floor":48.0},{"not_picked":["Study+1","FlurryOfBlows+1"],"picked":"WaveOfTheHand","floor":54.0}],"player_experience":1289686,"relics_obtained":[{"floor":6.0,"key":"Du-Vu Doll"},{"floor":8.0,"key":"WingedGreaves"},{"floor":9.0,"key":"Snack Pack"},{"floor":10.0,"key":"Potion Belt"},{"floor":15.0,"key":"Gremlin Horn"},{"floor":21.0,"key":"Red Mask"},{"floor":23.0,"key":"reliquary:RosewoodLute"},{"floor":24.0,"key":"REME_ArchaeologicalTools"},{"floor":25.0,"key":"Smiling Mask"},{"floor":26.0,"key":"Replay:Bandana"},{"floor":27.0,"key":"reliquary:Solitaire"},{"floor":39.0,"key":"Turnip"},{"floor":40.0,"key":"HornCleat"},{"floor":42.0,"key":"Pantograph"},{"floor":44.0,"key":"qcfpunch:Red_Headband"},{"floor":47.0,"key":"reliquary:Stiletto"},{"floor":54.0,"key":"qcfpunch:Red_Beret"}],"event_choices":[{"damage_healed":0.0,"max_hp_gain":0.0,"max_hp_loss":0.0,"gold_gain":0.0,"event_name":"Lab","player_choice":"Got Potions","floor":4.0,"gold_loss":0.0,"damage_taken":0.0},{"damage_healed":0.0,"max_hp_gain":5.0,"max_hp_loss":0.0,"gold_gain":0.0,"event_name":"Forgotten Altar","player_choice":"Shed Blood","floor":19.0,"gold_loss":0.0,"damage_taken":18.0},{"damage_healed":0.0,"max_hp_gain":0.0,"max_hp_loss":0.0,"gold_gain":0.0,"event_name":"Masked Bandits","player_choice":"Fought Bandits","floor":21.0,"gold_loss":0.0,"damage_taken":0.0},{"damage_healed":0.0,"max_hp_gain":0.0,"max_hp_loss":0.0,"gold_gain":0.0,"event_name":"MindBloom","player_choice":"Fight","floor":39.0,"gold_loss":0.0,"damage_taken":0.0}],"is_beta":false,"boss_relics":[{"not_picked":["REME_DemonsWealth","reliquary:KinkedSpring"],"picked":"Ectoplasm"},{"not_picked":["REME_ChargedStone","Runic Pyramid"],"picked":"Ring of Chaos"}],"items_purged_floors":[11,20],"is_endless":false,"potions_floor_spawned":[6,8,14,16,21,23,25,31,33,36,39,42,44,46],"killed_by":"The Heart","ascension_level":6}}