{"host":"2kfsro7skzomnm41","time":1612661613,"event":{"mods":["AchievementEnabler","BaseMod","Googly Eyes","Highlight Path","Minty Spire (QoL Compilation)","StSLib"],"gold_per_floor":[112,123,142,156,156,186,197,231,285,345,39,62,62,82,82],"floor_reached":14,"language":"ENG","playtime":718,"items_purged":["Strike_G"],"score":155,"play_id":"8cf1c336-1681-406c-9819-6701017306d2","local_time":"20210206203333","is_ascension_mode":true,"campfire_choices":[{"data":"Neutralize","floor":13.0,"key":"SMITH"}],"circlet_count":0,"master_deck":["AscendersBane","Strike_G","Strike_G","Strike_G","Defend_G","Defend_G","Defend_G","Defend_G","Survivor","Neutralize+1","Backstab","Terror","Cloak And Dagger","Infinite Blades","Adrenaline","Catalyst","Backflip","HandOfGreed"],"relics":["Ring of the Snake","Omamori","Centennial Puzzle","Potion Belt","Anchor"],"acts_visited":["Exordium"],"potions_floor_usage":[14],"damage_taken":[{"damage":0.0,"enemies":"2 Louse","floor":1.0,"turns":3.0},{"damage":0.0,"enemies":"Small Slimes","floor":2.0,"turns":3.0},{"damage":1.0,"enemies":"Jaw Worm","floor":3.0,"turns":2.0},{"damage":10.0,"enemies":"Exordium Thugs","floor":4.0,"turns":6.0},{"damage":19.0,"enemies":"3 Sentries","floor":6.0,"turns":10.0},{"damage":7.0,"enemies":"2 Fungi Beasts","floor":7.0,"turns":4.0},{"damage":16.0,"enemies":"Gremlin Nob","floor":8.0,"turns":3.0},{"damage":15,"enemies":"3 Sentries","floor":14,"turns":4}],"seed_played":"-7575954969949900856","potions_obtained":[{"floor":1.0,"key":"GhostInAJar"},{"floor":2.0,"key":"Poison Potion"},{"floor":8.0,"key":"FearPotion"}],"is_trial":false,"path_per_floor":["M","M","M","M","?","E","M","E","T","?","$","T","R","E"],"character_chosen":"THE_SILENT","items_purchased":["Backflip","HandOfGreed"],"campfire_rested":0,"item_purchase_floors":[11,11],"current_hp_per_floor":[63,63,62,52,57,38,31,15,15,15,15,15,15,0,0],"gold":82,"neow_bonus":"REMOVE_TWO","is_daily":false,"chose_seed":false,"campfire_upgraded":1,"win_rate":0.0,"timestamp":1612661613,"path_taken":["M","M","M","M","?","E","M","E","T","?","$","?","R","E"],"items_purchased_type":["Card","Card"],"build_version":"2020-12-22","purchased_purges":1,"victory":false,"max_hp_per_floor":[63,63,63,63,68,68,68,68,68,68,68,68,68,68,68],"card_choices":[{"not_picked":["Backflip","Poisoned Stab"],"picked":"Backstab","floor":1.0},{"not_picked":["Dagger Throw","Distraction"],"picked":"Terror","floor":2.0},{"not_picked":["Distraction","Acrobatics"],"picked":"Cloak And Dagger","floor":3.0},{"not_picked":["Quick Slash","Leg Sweep"],"picked":"Infinite Blades","floor":4.0},{"not_picked":["Masterful Stab","Doppelganger"],"picked":"Adrenaline","floor":6.0},{"not_picked":["Outmaneuver","Heel Hook","Deadly Poison"],"picked":"SKIP","floor":7.0},{"not_picked":["Outmaneuver","Heel Hook","Deadly Poison"],"picked":"SKIP","floor":7.0},{"not_picked":["Infinite Blades","Dagger Throw"],"picked":"Catalyst","floor":8.0}],"player_experience":296682,"relics_obtained":[{"floor":6.0,"key":"Omamori"},{"floor":8.0,"key":"Centennial Puzzle"},{"floor":9.0,"key":"Potion Belt"},{"floor":12.0,"key":"Anchor"}],"event_choices":[{"damage_healed":0.0,"max_hp_gain":5.0,"max_hp_loss":0.0,"gold_gain":0.0,"event_name":"Big Fish","player_choice":"Donut","floor":5.0,"gold_loss":0.0,"damage_taken":0.0},{"damage_healed":0.0,"max_hp_gain":0.0,"max_hp_loss":0.0,"gold_gain":60.0,"event_name":"Golden Wing","player_choice":"Gained Gold","floor":10.0,"gold_loss":0.0,"damage_taken":0.0}],"is_beta":false,"boss_relics":[],"items_purged_floors":[11],"is_endless":false,"potions_floor_spawned":[1,2,8],"killed_by":"3 Sentries","ascension_level":11}}