{"host":"hjajo0rafoe1e6c4","time":1612734716,"event":{"mods":["AchievementEnabler","BaseMod","Bestiary","Colored Map","Colored Powertips","Highlight Path","Minty Spire (QoL Compilation)","Relic Stats","StSLib"],"gold_per_floor":[118,69,89,89,164,196,371,2,80,109,122,72,72,84,84,181,181,200,212,212,228,153,178,178,197,245,195,195,213,213,246,246,348,348,364,364,381,128,403,403,420,295,320,333,343,343,354,374,374,374,374,374,3,31,31,31],"floor_reached":55,"language":"ENG","playtime":3540,"items_purged":["Doubt","Pain","Regret"],"score":1034,"play_id":"78c14e44-df79-49bb-a578-d563573e848b","local_time":"20210207165156","is_ascension_mode":true,"campfire_choices":[{"floor":15,"key":"REST"},{"floor":24,"key":"REST"},{"floor":28,"key":"RECALL"},{"data":"Noxious Fumes","floor":32,"key":"SMITH"},{"data":"Malaise","floor":40,"key":"SMITH"},{"data":"Doppelganger","floor":46,"key":"SMITH"},{"data":"Crippling Poison","floor":49,"key":"SMITH"},{"data":"Catalyst","floor":52,"key":"SMITH"}],"circlet_count":0,"master_deck":["Survivor","Neutralize","Skewer+1","Slice","Slice","Cloak And Dagger","Footwork","Blur+1","Dagger Spray","Dash","Malaise+1","PiercingWail","Infinite Blades","Doppelganger+1","Reflex","Heel Hook","Catalyst+1","Blur","Crippling Poison+1","Leg Sweep+1","Deadly Poison+1","Noxious Fumes+1","Flying Knee","Backflip+1","Dagger Throw","Backflip+1","Ghostly","Ghostly","Ghostly","Ghostly","Ghostly","Bullet Time","Cloak And Dagger+1","Quick Slash+1","Backflip","Slice+1","Tools of the Trade"],"relics":["Ring of the Snake","NeowsBlessing","Unceasing Top","Happy Flower","HornCleat","Vajra","Turnip","Pandora\u0027s Box","White Beast Statue","Toy Ornithopter","Mercury Hourglass","SacredBark","WarpedTongs","Chemical X","War Paint","Nunchaku","Incense Burner"],"acts_visited":["Exordium","TheCity","TheBeyond","TheEnding"],"potions_floor_usage":[15,23,23,23,33,33,35,44,47,50,50,50,55,55],"damage_taken":[{"damage":0,"enemies":"Jaw Worm","floor":1,"turns":1},{"damage":0,"enemies":"Small Slimes","floor":3,"turns":1},{"damage":0,"enemies":"Gremlin Nob","floor":6,"turns":1},{"damage":20,"enemies":"Lagavulin","floor":10,"turns":6},{"damage":0,"enemies":"2 Louse","floor":11,"turns":3},{"damage":5,"enemies":"Lots of Slimes","floor":14,"turns":3},{"damage":37,"enemies":"Hexaghost","floor":16,"turns":15},{"damage":2,"enemies":"Shell Parasite","floor":18,"turns":6},{"damage":6,"enemies":"Chosen","floor":19,"turns":5},{"damage":2,"enemies":"Sentry and Sphere","floor":21,"turns":6},{"damage":31,"enemies":"Slavers","floor":23,"turns":8},{"damage":10,"enemies":"Snake Plant","floor":25,"turns":6},{"damage":4,"enemies":"Shelled Parasite and Fungi","floor":29,"turns":8},{"damage":3,"enemies":"Book of Stabbing","floor":31,"turns":8},{"damage":27,"enemies":"Collector","floor":33,"turns":9},{"damage":6,"enemies":"3 Darklings","floor":35,"turns":5},{"damage":1,"enemies":"Orb Walker","floor":37,"turns":3},{"damage":12,"enemies":"Writhing Mass","floor":41,"turns":8},{"damage":2,"enemies":"4 Shapes","floor":44,"turns":2},{"damage":0,"enemies":"Spire Growth","floor":45,"turns":6},{"damage":1,"enemies":"Jaw Worm Horde","floor":47,"turns":4},{"damage":0,"enemies":"Writhing Mass","floor":48,"turns":8},{"damage":14,"enemies":"Awakened One","floor":50,"turns":17},{"damage":32,"enemies":"Shield and Spear","floor":54,"turns":9},{"damage":61,"enemies":"The Heart","floor":55,"turns":11}],"seed_played":"-1804863387956046178","potions_obtained":[{"floor":10,"key":"Fruit Juice"},{"floor":16,"key":"FearPotion"},{"floor":18,"key":"CunningPotion"},{"floor":21,"key":"CultistPotion"},{"floor":25,"key":"Fruit Juice"},{"floor":29,"key":"PowerPotion"},{"floor":31,"key":"Explosive Potion"},{"floor":33,"key":"SkillPotion"},{"floor":35,"key":"BlessingOfTheForge"},{"floor":37,"key":"Poison Potion"},{"floor":41,"key":"Strength Potion"},{"floor":44,"key":"Swift Potion"},{"floor":47,"key":"FearPotion"},{"floor":54,"key":"Block Potion"}],"is_trial":false,"path_per_floor":["M","$","M","?","?","E","?","$","T","E","M","?","T","M","R","B",null,"M","M","?","M","?","E","R","M","T","$","R","M","?","E","R","B",null,"M","?","M","$","?","R","M","$","T","M","M","R","M","M","R","B",null,"R","$","E","B"],"character_chosen":"THE_SILENT","items_purchased":["Slice","Happy Flower","Footwork","Blur","Dagger Throw","Chemical X","War Paint","Nunchaku","Regen Potion"],"campfire_rested":2,"item_purchase_floors":[2,8,8,8,27,38,53,53,53],"current_hp_per_floor":[63,63,63,63,52,52,52,52,52,32,32,32,32,27,53,16,60,58,52,52,50,50,19,41,31,31,31,31,27,27,24,24,12,35,34,34,33,33,33,33,21,21,21,24,24,24,28,28,28,29,39,39,39,7,0,0],"gold":31,"neow_bonus":"THREE_ENEMY_KILL","is_daily":false,"chose_seed":false,"campfire_upgraded":5,"win_rate":0.0,"timestamp":1612734716,"path_taken":["M","$","M","?","?","E","?","?","T","E","M","?","?","M","R","BOSS","M","?","?","M","?","E","R","M","T","?","R","?","?","E","R","BOSS","M","?","?","?","?","R","M","$","T","M","M","R","?","M","R","BOSS","R","$","E","BOSS"],"items_purchased_type":["Card","Relic","Card","Card","Card","Relic","Relic","Relic","Potion"],"build_version":"2020-12-22","purchased_purges":3,"victory":false,"max_hp_per_floor":[70,70,70,70,70,70,70,70,70,70,70,70,70,70,75,75,75,75,75,75,75,75,75,75,75,75,75,75,75,37,37,37,42,42,42,42,42,42,42,42,42,42,42,42,42,42,42,42,42,42,42,42,42,42,42,42],"relic_stats":{"Happy Flower":[52],"counters":[25,159],"War Paint":["Leg Sweep","Blur"],"Mercury Hourglass":[305],"WarpedTongs":[67],"Nunchaku":[4],"Pandora\u0027s Box":["PiercingWail","Infinite Blades","Doppelganger","Reflex","Storm of Steel","Heel Hook","Catalyst","Blur","Crippling Poison"],"Turnip":[18],"Chemical X":[25],"obtain_stats":[{"NeowsBlessing":0,"Happy Flower":8,"SacredBark":34,"Vajra":10,"Incense Burner":54,"War Paint":53,"White Beast Statue":23,"Mercury Hourglass":31,"WarpedTongs":36,"Nunchaku":53,"HornCleat":9,"Pandora\u0027s Box":17,"Turnip":13,"Chemical X":38,"Unceasing Top":6,"Toy Ornithopter":26,"Ring of the Snake":0},{"NeowsBlessing":0,"Happy Flower":3,"SacredBark":15,"Vajra":4,"Incense Burner":24,"War Paint":23,"White Beast Statue":11,"Mercury Hourglass":14,"WarpedTongs":16,"Nunchaku":23,"HornCleat":3,"Pandora\u0027s Box":7,"Turnip":5,"Chemical X":17,"Unceasing Top":3,"Toy Ornithopter":12,"Ring of the Snake":0},{"NeowsBlessing":0,"Happy Flower":3,"SacredBark":86,"Vajra":9,"Incense Burner":148,"War Paint":139,"White Beast Statue":55,"Mercury Hourglass":77,"WarpedTongs":91,"Nunchaku":139,"HornCleat":3,"Pandora\u0027s Box":30,"Turnip":12,"Chemical X":94,"Unceasing Top":3,"Toy Ornithopter":61,"Ring of the Snake":0}],"Unceasing Top":[6],"Toy Ornithopter":50,"Ring of the Snake":[50]},"card_choices":[{"not_picked":["Poisoned Stab","Dodge and Roll"],"picked":"Skewer","floor":1},{"not_picked":["Deflect","Skewer"],"picked":"Slice","floor":3},{"not_picked":["Deadly Poison","Glass Knife"],"picked":"Cloak And Dagger","floor":6},{"not_picked":["Predator","Finisher"],"picked":"Dagger Spray","floor":10},{"not_picked":["Caltrops","Dagger Spray"],"picked":"Dash","floor":11},{"not_picked":["Dagger Spray","Accuracy","Sucker Punch"],"picked":"SKIP","floor":14},{"not_picked":["Phantasmal Killer","Envenom"],"picked":"Malaise","floor":16},{"not_picked":["Underhanded Strike+1","Bane"],"picked":"Leg Sweep","floor":18},{"not_picked":["Blade Dance","Tactician"],"picked":"Deadly Poison+1","floor":19},{"not_picked":["Sucker Punch","Acrobatics"],"picked":"Flying Knee","floor":21},{"not_picked":["Unload","Dodge and Roll","PiercingWail"],"picked":"SKIP","floor":23},{"not_picked":["Footwork","Skewer"],"picked":"Backflip+1","floor":25},{"not_picked":["Sucker Punch","Bane+1"],"picked":"Backflip+1","floor":29},{"not_picked":["Backstab","Dagger Spray","Quick Slash"],"picked":"SKIP","floor":31},{"not_picked":["Envenom","Storm of Steel"],"picked":"Bullet Time","floor":33},{"not_picked":["Quick Slash+1","Dodge and Roll"],"picked":"Cloak And Dagger+1","floor":35},{"not_picked":["Distraction","PiercingWail+1"],"picked":"Quick Slash+1","floor":37},{"not_picked":["Setup","Deadly Poison","Concentrate"],"picked":"SKIP","floor":41},{"not_picked":["Deflect","Blade Dance+1","Underhanded Strike"],"picked":"SKIP","floor":44},{"not_picked":["Endless Agony","Deflect+1"],"picked":"Backflip","floor":45},{"not_picked":["Choke+1","Riddle With Holes","All Out Attack+1"],"picked":"SKIP","floor":47},{"not_picked":["Underhanded Strike+1","Quick Slash+1"],"picked":"Slice+1","floor":48},{"not_picked":["Leg Sweep+1","Cloak And Dagger+1"],"picked":"Tools of the Trade","floor":54}],"player_experience":216631,"relics_obtained":[{"floor":6,"key":"Unceasing Top"},{"floor":9,"key":"HornCleat"},{"floor":10,"key":"Vajra"},{"floor":13,"key":"Turnip"},{"floor":23,"key":"White Beast Statue"},{"floor":26,"key":"Toy Ornithopter"},{"floor":31,"key":"Mercury Hourglass"},{"floor":54,"key":"Incense Burner"}],"event_choices":[{"damage_healed":0,"gold_gain":0,"player_choice":"Grow","damage_taken":0,"max_hp_gain":0,"max_hp_loss":0,"event_name":"Living Wall","floor":4,"gold_loss":0,"cards_upgraded":["Skewer"]},{"damage_healed":0,"gold_gain":75,"player_choice":"Gather Gold","damage_taken":11,"max_hp_gain":0,"max_hp_loss":0,"event_name":"World of Goop","floor":5,"gold_loss":0},{"damage_healed":0,"gold_gain":175,"player_choice":"AGREE","damage_taken":0,"max_hp_gain":0,"max_hp_loss":0,"event_name":"Liars Game","floor":7,"gold_loss":0,"cards_obtained":["Doubt"]},{"cards_removed":["Strike_G"],"damage_healed":0,"gold_gain":0,"player_choice":"Card Removal","damage_taken":0,"max_hp_gain":0,"max_hp_loss":0,"event_name":"The Cleric","floor":12,"gold_loss":50},{"damage_healed":0,"gold_gain":0,"player_choice":"Read","damage_taken":0,"max_hp_gain":0,"max_hp_loss":0,"event_name":"The Library","floor":20,"gold_loss":0,"cards_obtained":["Noxious Fumes"]},{"cards_removed":["Storm of Steel"],"damage_healed":0,"gold_gain":0,"player_choice":"Gave Gold","damage_taken":0,"max_hp_gain":0,"max_hp_loss":0,"event_name":"Beggar","floor":22,"gold_loss":75},{"damage_healed":0,"gold_gain":0,"player_choice":"Became a Ghost","damage_taken":0,"max_hp_gain":0,"max_hp_loss":38,"event_name":"Ghosts","floor":30,"gold_loss":0,"cards_obtained":["Ghostly","Ghostly","Ghostly","Ghostly","Ghostly"]},{"damage_healed":0,"gold_gain":0,"player_choice":"Rummage","damage_taken":0,"relics_obtained":["WarpedTongs"],"max_hp_gain":0,"max_hp_loss":0,"event_name":"Accursed Blacksmith","floor":36,"gold_loss":0,"cards_obtained":["Pain"]},{"damage_healed":0,"gold_gain":275,"player_choice":"Desecrate","damage_taken":0,"max_hp_gain":0,"max_hp_loss":0,"event_name":"Golden Shrine","floor":39,"gold_loss":0,"cards_obtained":["Regret"]}],"is_beta":false,"boss_relics":[{"not_picked":["Ring of the Serpent","Astrolabe"],"picked":"Pandora\u0027s Box"},{"not_picked":["Runic Pyramid","Runic Dome"],"picked":"SacredBark"}],"items_purged_floors":[8,38,42],"is_endless":false,"potions_floor_spawned":[10,16,18,21,25,29,31,33,35,37,41,44,45,47,48,54],"killed_by":"The Heart","ascension_level":7}}