{"host":"nwtxriuk34b069je","time":1612678544,"event":{"mods":["AchievementEnabler","BaseMod","Better Skull","Colored Map","Colored Powertips","Hermit","Minty Spire (QoL Compilation)","Relic Stats","StSLib"],"gold_per_floor":[119,119,119,119,73,100,114,124,149,180,192,204,233,261,273,389,401,431,443,502,514,537,549,303,338,408,423,435,448,448,202,202,304,304,321,321,333,344,392,392,412,412,412,431,441,457,35,51,51,51],"floor_reached":51,"language":"ENG","playtime":1530,"items_purged":["Strike_R","Defend_R","Defend_R"],"score":748,"play_id":"930bb01a-4571-44cb-b17c-39285fcab241","local_time":"20210207001544","is_ascension_mode":false,"campfire_choices":[{"data":"Thunderclap","floor":11,"key":"SMITH"},{"data":"Flex","floor":15,"key":"SMITH"},{"floor":23,"key":"REST"},{"floor":30,"key":"REST"},{"floor":32,"key":"REST"},{"floor":40,"key":"REST"},{"data":"1","floor":49,"key":"LIFT"}],"circlet_count":0,"master_deck":["Strike_R","Strike_R","Strike_R","Defend_R","Bash","Flex+1","Cleave","Thunderclap+1","Double Tap","Inflame","Limit Break+1","Clash","Iron Wave","Clash+1","Immolate","Pummel","Clash","Flex","Clash"],"relics":["Black Blood","NeowsBlessing","Tiny Chest","Magic Flower","Bronze Scales","MawBank","Empty Cage","Strawberry","Dream Catcher","Ice Cream","Eternal Feather","ClockworkSouvenir","Bottled Lightning","Mango","Girya","Self Forming Clay"],"acts_visited":["Exordium","TheCity","TheBeyond"],"potions_floor_usage":[16,16,16,29,37,50],"damage_taken":[{"damage":0,"enemies":"Jaw Worm","floor":1,"turns":1},{"damage":0,"enemies":"Lagavulin","floor":6,"turns":1},{"damage":0,"enemies":"Cultist","floor":7,"turns":1},{"damage":0,"enemies":"Small Slimes","floor":8,"turns":3},{"damage":14,"enemies":"Blue Slaver","floor":10,"turns":3},{"damage":8,"enemies":"Exordium Wildlife","floor":13,"turns":2},{"damage":6,"enemies":"3 Louse","floor":14,"turns":2},{"damage":50,"enemies":"Hexaghost","floor":16,"turns":8},{"damage":17,"enemies":"Chosen","floor":18,"turns":4},{"damage":30,"enemies":"2 Thieves","floor":22,"turns":2},{"damage":39,"enemies":"Gremlin Leader","floor":25,"turns":4},{"damage":28,"enemies":"Snecko","floor":27,"turns":5},{"damage":12,"enemies":"3 Cultists","floor":28,"turns":4},{"damage":22,"enemies":"Centurion and Healer","floor":29,"turns":6},{"damage":46,"enemies":"Collector","floor":33,"turns":6},{"damage":41,"enemies":"3 Shapes","floor":35,"turns":3},{"damage":5,"enemies":"3 Darklings","floor":37,"turns":2},{"damage":36,"enemies":"Transient","floor":38,"turns":5},{"damage":33,"enemies":"2 Orb Walkers","floor":39,"turns":3},{"damage":27,"enemies":"Spire Growth","floor":41,"turns":3},{"damage":26,"enemies":"4 Shapes","floor":44,"turns":2},{"damage":9,"enemies":"Jaw Worm Horde","floor":45,"turns":2},{"damage":25,"enemies":"Sphere and 2 Shapes","floor":46,"turns":2},{"damage":7,"enemies":"3 Darklings","floor":48,"turns":4},{"damage":119,"enemies":"Donu and Deca","floor":50,"turns":7}],"seed_played":"-5300031035075950685","potions_obtained":[{"floor":6,"key":"Swift Potion"},{"floor":13,"key":"LiquidBronze"},{"floor":14,"key":"LiquidBronze"},{"floor":18,"key":"DuplicationPotion"},{"floor":22,"key":"DistilledChaos"},{"floor":29,"key":"BloodPotion"},{"floor":33,"key":"Regen Potion"},{"floor":38,"key":"Fire Potion"},{"floor":45,"key":"Block Potion"}],"is_trial":false,"path_per_floor":["M","?","$","?","$","E","M","M","T","M","R","$","M","M","R","B",null,"M","?","T","?","M","R","$","E","T","M","M","M","R","$","R","B",null,"M","T","M","M","?","R","M","?","T","M","M","M","$","M","R","B",null],"character_chosen":"IRONCLAD","items_purchased":["Flex","Limit Break","Clash","ClockworkSouvenir","Clash","Self Forming Clay"],"campfire_rested":4,"item_purchase_floors":[5,24,24,31,47,47],"current_hp_per_floor":[80,68,68,68,68,77,80,80,80,75,75,75,76,79,79,38,80,72,72,79,79,58,84,84,54,54,35,32,19,54,54,86,49,87,64,64,77,59,58,97,88,88,88,80,89,82,82,93,101,24],"gold":51,"neow_bonus":"THREE_ENEMY_KILL","is_daily":false,"chose_seed":false,"campfire_upgraded":2,"win_rate":0.0,"timestamp":1612678544,"path_taken":["M","?","$","?","$","E","M","?","T","M","R","$","M","M","R","BOSS","M","?","?","?","M","R","?","E","T","M","?","M","R","$","R","BOSS","M","?","M","M","?","R","M","?","T","M","M","M","$","M","R","BOSS"],"items_purchased_type":["Card","Card","Card","Relic","Card","Relic"],"build_version":"2020-12-22","purchased_purges":3,"victory":true,"max_hp_per_floor":[80,80,80,80,80,80,80,80,80,80,80,80,80,80,80,80,80,80,80,87,87,87,87,87,87,87,87,87,87,87,87,87,87,87,87,87,87,87,101,101,101,101,101,101,101,101,101,101,101,101],"relic_stats":{"Dream Catcher":4,"counters":[25,85],"Self Forming Clay":[33],"Bronze Scales":[220],"Black Blood":291,"Magic Flower":[105],"Tiny Chest":2,"Eternal Feather":32,"MawBank":180,"obtain_stats":[{"Ice Cream":25,"Girya":43,"NeowsBlessing":0,"Self Forming Clay":47,"Magic Flower":4,"Black Blood":34,"Eternal Feather":26,"Mango":39,"MawBank":9,"Empty Cage":17,"Burning Blood":0,"ClockworkSouvenir":31,"Dream Catcher":21,"Bronze Scales":6,"Strawberry":20,"Tiny Chest":2,"Bottled Lightning":36},{"Ice Cream":11,"Girya":20,"NeowsBlessing":0,"Self Forming Clay":23,"Magic Flower":1,"Black Blood":15,"Eternal Feather":11,"Mango":19,"MawBank":4,"Empty Cage":8,"Burning Blood":0,"ClockworkSouvenir":14,"Dream Catcher":9,"Bronze Scales":2,"Strawberry":9,"Tiny Chest":1,"Bottled Lightning":16},{"Ice Cream":31,"Girya":68,"NeowsBlessing":0,"Self Forming Clay":74,"Magic Flower":1,"Black Blood":52,"Eternal Feather":31,"Mango":65,"MawBank":6,"Empty Cage":21,"Burning Blood":0,"ClockworkSouvenir":46,"Dream Catcher":25,"Bronze Scales":2,"Strawberry":25,"Tiny Chest":1,"Bottled Lightning":55}]},"card_choices":[{"not_picked":["Fire Breathing","Perfected Strike"],"picked":"Armaments","floor":1},{"not_picked":["Entrench","Clothesline"],"picked":"Cleave","floor":6},{"not_picked":["Sword Boomerang","Wild Strike"],"picked":"Thunderclap","floor":7},{"not_picked":["Shrug It Off","Headbutt","Blood for Blood"],"picked":"SKIP","floor":8},{"not_picked":["Searing Blow","Headbutt","Hemokinesis"],"picked":"SKIP","floor":10},{"not_picked":["Power Through","Metallicize","Cleave"],"picked":"SKIP","floor":13},{"not_picked":["Headbutt","Shrug It Off","Rage"],"picked":"SKIP","floor":14},{"not_picked":["Brutality","Fiend Fire"],"picked":"Double Tap","floor":16},{"not_picked":["Armaments","Seeing Red","Battle Trance+1"],"picked":"SKIP","floor":18},{"not_picked":["Seeing Red+1","Heavy Blade"],"picked":"Inflame","floor":22},{"not_picked":["Shrug It Off","Body Slam","Armaments"],"picked":"SKIP","floor":25},{"not_picked":["Double Tap","Armaments","True Grit"],"picked":"SKIP","floor":27},{"not_picked":["Wild Strike","Armaments"],"picked":"Iron Wave","floor":28},{"not_picked":["Seeing Red","Thunderclap","Armaments"],"picked":"SKIP","floor":29},{"not_picked":["Body Slam","Headbutt"],"picked":"Clash+1","floor":32},{"not_picked":["Bludgeon","Brutality"],"picked":"Immolate","floor":33},{"not_picked":["Intimidate+1","Twin Strike","Shrug It Off+1"],"picked":"SKIP","floor":35},{"not_picked":["Intimidate","Clothesline","Battle Trance+1"],"picked":"SKIP","floor":37},{"not_picked":["Armaments","Shrug It Off+1"],"picked":"Pummel","floor":38},{"not_picked":["Havoc","Seeing Red","Twin Strike+1"],"picked":"SKIP","floor":41},{"not_picked":["Sword Boomerang+1","Ghostly Armor"],"picked":"Clash","floor":44},{"not_picked":["Evolve+1","Armaments","Uppercut+1"],"picked":"SKIP","floor":45},{"not_picked":["Headbutt","Iron Wave"],"picked":"Flex","floor":46},{"not_picked":["Rupture","Sever Soul+1","Body Slam"],"picked":"SKIP","floor":48}],"player_experience":521142,"relics_obtained":[{"floor":6,"key":"Bronze Scales"},{"floor":9,"key":"MawBank"},{"floor":20,"key":"Strawberry"},{"floor":25,"key":"Ice Cream"},{"floor":26,"key":"Eternal Feather"},{"floor":36,"key":"Bottled Lightning"},{"floor":39,"key":"Mango"},{"floor":43,"key":"Girya"}],"event_choices":[{"damage_healed":0,"gold_gain":0,"player_choice":"Success","damage_taken":12,"relics_obtained":["Tiny Chest"],"max_hp_gain":0,"max_hp_loss":0,"event_name":"Scrap Ooze","floor":2,"gold_loss":0},{"cards_removed":["Armaments"],"damage_healed":0,"gold_gain":0,"player_choice":"Gave Card","damage_taken":0,"relics_obtained":["Magic Flower"],"max_hp_gain":0,"max_hp_loss":0,"event_name":"WeMeetAgain","floor":4,"gold_loss":0},{"damage_healed":0,"gold_gain":0,"player_choice":"Ignored","damage_taken":0,"max_hp_gain":0,"max_hp_loss":0,"event_name":"Ghosts","floor":19,"gold_loss":0},{"damage_healed":0,"gold_gain":0,"player_choice":"Opened","damage_taken":0,"relics_obtained":["Dream Catcher"],"max_hp_gain":0,"max_hp_loss":0,"event_name":"The Mausoleum","floor":21,"gold_loss":0},{"damage_healed":0,"gold_gain":0,"player_choice":"Fight","damage_taken":0,"max_hp_gain":0,"max_hp_loss":0,"event_name":"Mysterious Sphere","floor":39,"gold_loss":0},{"damage_healed":0,"gold_gain":0,"player_choice":"Forge","damage_taken":0,"max_hp_gain":0,"max_hp_loss":0,"event_name":"Accursed Blacksmith","floor":42,"gold_loss":0,"cards_upgraded":["Limit Break"]}],"is_beta":false,"boss_relics":[{"not_picked":["SlaversCollar","Cursed Key"],"picked":"Empty Cage"},{"not_picked":["Mark of Pain","Calling Bell"],"picked":"Black Blood"}],"items_purged_floors":[24,31,47],"is_endless":false,"potions_floor_spawned":[6,13,14,18,22,29,33,38,39,45,46],"ascension_level":0}}