{"host":"vyiqbz5w606ur92t","time":1612739610,"event":{"mods":["BaseMod","Downfall","Minty Spire (QoL Compilation)","StSLib"],"gold_per_floor":[99,117,132,144,164,195,195,226,26,11,35,185,3,28,48,149,149,149,159,170,6,6,6,33,67,67,80,96,96,114,144,157,255,255,155,155,155,155,165,191,245,271,271,302,300,129,129,129,147,147,147,181,131,131,131,131,131,131],"floor_reached":56,"language":"ENG","playtime":4912,"items_purged":["Writhe","downfall:Icky","downfall:Icky"],"score":4300,"play_id":"1f01a27a-74fa-42b8-bd4c-31fa758d0e89","local_time":"20210207231330","is_ascension_mode":true,"campfire_choices":[{"floor":1,"key":"RECALL"},{"floor":9,"key":"REST"},{"floor":18,"key":"REST"},{"floor":29,"key":"REST"},{"floor":35,"key":"REST"},{"floor":47,"key":"REST"},{"floor":54,"key":"REST"}],"circlet_count":0,"master_deck":["hexamod:Strike+1","hexamod:Strike+1","hexamod:Strike+1","hexamod:Strike+1","hexamod:Defend+1","hexamod:Defend+1","hexamod:Defend+1","hexamod:Defend+1","hexamod:Sear+1","hexamod:Float+1","hexamod:RainOfEmbers+1","hexamod:HauntingEcho+1","hexamod:InspiringFlames+1","hexamod:BacktrackSmack+1","hexamod:Hexaguard+1","hexamod:HexaLevel+1","hexamod:RetreatToShadows+1","hexamod:GhostOfSpirePast+1","hexamod:AdvancingGuard+1","Sadistic Nature+1","hexamod:FastForward+1","hexamod:ChargedBarrage+1","hexamod:FastForward+1","hexamod:TimeWarp+1","hexamod:ThermalTransfer+1","hexamod:HeatShield+1","hexamod:PhantomFireball+1","RitualDagger+1","hexamod:StepThrough+1","hexamod:Firestarter+1","hexamod:SpectersWail+1","hexamod:FlamesFromBeyond+1","hexamod:ShieldOfDarkness+1","hexamod:InspiringFlames+1","hexamod:ApocalypticArmor+1","hexamod:GhostflameBarrier+1","hexamod:Hexaguard+1","Shame","expansioncontent:AwakenDeath","expansioncontent:HyperBeam","hexamod:BurningTouch+1","hexamod:Haunt+1","hexamod:HeatCrush","hexamod:HeatCrush+1","hexamod:RecurringNightmare+1"],"relics":["Fusion Hammer","StrikeDummy","Sundial","Shuriken","hexamod:TheBrokenSeal","Black Star","Chemical X","Slimebound:PreparedRelic","hexamod:MatchstickCase","PreservedInsect","FossilizedHelix","Bottled Lightning","Sozu","downfall:ExtraCursedKey","Blue Candle","Juzu Bracelet","Toy Ornithopter","Akabeko","Smiling Mask","Ice Cream","Oddly Smooth Stone","hexamod:BolsterEngine","Bronze Scales","Happy Flower","Bottled Tornado"],"acts_visited":["Exordium","TheCity","TheBeyond","TheEnding"],"potions_floor_usage":[14,28,31,44,56,56],"damage_taken":[{"damage":0,"enemies":"Cultist","floor":2,"turns":3},{"damage":0,"enemies":"2 Louse","floor":3,"turns":2},{"damage":12,"enemies":"Jaw Worm","floor":4,"turns":2},{"damage":12,"enemies":"Exordium Thugs","floor":5,"turns":4},{"damage":17,"enemies":"Gremlin Nob","floor":6,"turns":4},{"damage":12,"enemies":"3 Sentries","floor":8,"turns":5},{"damage":0,"enemies":"downfall:FleeingMerchant","floor":10,"turns":4},{"damage":1,"enemies":"3 Louse","floor":11,"turns":4},{"damage":9,"enemies":"downfall:FleeingMerchant","floor":13,"turns":4},{"damage":31,"enemies":"Large Slime","floor":14,"turns":6},{"damage":10,"enemies":"Exordium Wildlife","floor":15,"turns":5},{"damage":6,"enemies":"SI_SHIV_ARCHETYPE","floor":16,"turns":4},{"damage":3,"enemies":"Spheric Guardian","floor":19,"turns":3},{"damage":0,"enemies":"3 Byrds","floor":20,"turns":2},{"damage":11,"enemies":"downfall:FleeingMerchant","floor":21,"turns":4},{"damage":15,"enemies":"Gremlin Leader","floor":25,"turns":5},{"damage":2,"enemies":"Cultist and Chosen","floor":27,"turns":3},{"damage":7,"enemies":"Centurion and Healer","floor":28,"turns":5},{"damage":0,"enemies":"Shelled Parasite and Fungi","floor":30,"turns":3},{"damage":17,"enemies":"Slavers","floor":31,"turns":4},{"damage":0,"enemies":"Snake Plant","floor":32,"turns":3},{"damage":35,"enemies":"IC_MUSHROOM_ARCHETYPE","floor":33,"turns":8},{"damage":0,"enemies":"3 Shapes","floor":39,"turns":2},{"damage":3,"enemies":"Giant Head","floor":40,"turns":6},{"damage":28,"enemies":"Nemesis","floor":42,"turns":5},{"damage":0,"enemies":"Reptomancer","floor":44,"turns":3},{"damage":6,"enemies":"downfall:FleeingMerchant","floor":45,"turns":3},{"damage":0,"enemies":"3 Darklings","floor":49,"turns":2},{"damage":17,"enemies":"DF_ARCHETYPE_ORBS","floor":50,"turns":4},{"damage":0,"enemies":"downfall:CharBossMerchant","floor":52,"turns":3},{"damage":15,"enemies":"downfall:NeowBoss","floor":55,"turns":10},{"damage":81,"enemies":"downfall:NeowBossFinal","floor":56,"turns":5}],"seed_played":"1781362294664033499","potions_obtained":[{"floor":2,"key":"Ancient Potion"},{"floor":11,"key":"Swift Potion"},{"floor":14,"key":"CultistPotion"},{"floor":14,"key":"hexamod:SoulburnPotion"},{"floor":27,"key":"sneckomod:MuddlingPotion"},{"floor":28,"key":"Block Potion"},{"floor":31,"key":"sneckomod:MuddlingPotion"}],"is_trial":false,"path_per_floor":["R","M","M","M","M","E","T","E","R","$","M","?","$","M","M","B",null,"R","M","M","$","?","?","T","E","?","M","M","R","M","E","M","B",null,"R","?","?","?","M","E","T","E","?","E","$","$","R","?","M","B",null,"E","$","R","B","B"],"character_chosen":"THE_SPIRIT","items_purchased":["Sadistic Nature","Chemical X","hexamod:BolsterEngine","Bronze Scales","hexamod:Haunt","hexamod:HeatCrush"],"campfire_rested":6,"item_purchase_floors":[13,21,45,45,46,46],"current_hp_per_floor":[70,70,70,58,46,29,29,24,45,52,58,58,56,32,80,74,79,80,77,77,66,66,60,60,45,45,43,36,60,60,43,43,8,62,90,90,90,80,80,77,77,49,44,49,43,43,67,67,67,50,73,73,73,80,65,0,0,0],"gold":131,"neow_bonus":"BOSS_RELIC","is_daily":false,"chose_seed":false,"campfire_upgraded":0,"win_rate":0.0,"timestamp":1612739610,"path_taken":["R","M","M","M","M","E","T","E","R","?","M","?","?","M","M","BOSS","R","M","M","$","?","?","T","E","?","M","M","R","M","E","M","BOSS","R","?","?","?","M","E","T","E","?","E","?","$","R","?","M","BOSS","E","$","R","BOSS","BOSS"],"items_purchased_type":["Card","Relic","Relic","Relic","Card","Card"],"build_version":"2020-12-22","purchased_purges":3,"victory":false,"max_hp_per_floor":[70,70,70,70,70,70,70,70,70,70,70,70,70,70,80,80,80,80,80,80,80,80,80,80,80,80,80,80,80,80,80,80,80,80,90,90,90,80,80,80,80,80,80,80,80,80,80,80,80,80,80,80,80,80,80,80,80,80],"card_choices":[{"not_picked":["hexamod:PhantomFireball","hexamod:SwordOfDarkness"],"picked":"hexamod:RainOfEmbers","floor":2},{"not_picked":["hexamod:SwordOfDarkness","hexamod:SpectralAdrenaline"],"picked":"hexamod:HauntingEcho","floor":3},{"not_picked":["hexamod:HauntingEcho","hexamod:FastForward"],"picked":"hexamod:FifthSeal","floor":4},{"not_picked":["hexamod:NightmareStrike","hexamod:NecessarySacrifice"],"picked":"hexamod:InspiringFlames","floor":5},{"not_picked":["hexamod:SecondSeal","hexamod:ThirdSeal"],"picked":"hexamod:FirstSeal","floor":6},{"not_picked":["hexamod:NightmareGuise","hexamod:NightmareStrike"],"picked":"hexamod:BacktrackSmack","floor":6},{"not_picked":["hexamod:EtherealExpedition","hexamod:SpectersWail"],"picked":"hexamod:Hexaguard","floor":8},{"not_picked":["hexamod:FourthSeal","hexamod:FirstSeal"],"picked":"hexamod:SecondSeal","floor":10},{"not_picked":["hexamod:GiftsFromTheDead","hexamod:TurnItUp"],"picked":"hexamod:HexaLevel","floor":10},{"not_picked":["hexamod:SecondSeal","hexamod:FourthSeal"],"picked":"hexamod:ThirdSeal","floor":11},{"not_picked":["hexamod:NightmareGuise","hexamod:RadiantFlame"],"picked":"hexamod:RetreatToShadows","floor":11},{"not_picked":["hexamod:FirstSeal","hexamod:SecondSeal"],"picked":"hexamod:FourthSeal","floor":13},{"not_picked":["hexamod:Toasty","hexamod:NecessarySacrifice"],"picked":"hexamod:GhostOfSpirePast","floor":13},{"not_picked":["hexamod:Incineration","hexamod:ShieldOfDarkness"],"picked":"hexamod:AdvancingGuard","floor":13},{"not_picked":["hexamod:FourthSeal","hexamod:FirstSeal"],"picked":"hexamod:SixthSeal","floor":14},{"not_picked":["hexamod:FlamesFromBeyond","hexamod:HeatMetal"],"picked":"hexamod:FastForward","floor":14},{"not_picked":["hexamod:GhostLash","hexamod:HauntingEcho"],"picked":"hexamod:ChargedBarrage","floor":14},{"not_picked":["hexamod:BacktrackSmack","hexamod:ShieldOfDarkness"],"picked":"hexamod:FastForward","floor":15},{"not_picked":["hexamod:ParanormalForm","hexamod:TurnItUp"],"picked":"hexamod:TimeWarp","floor":16},{"not_picked":["hexamod:RainOfEmbers","hexamod:GhostOfSpireFuture"],"picked":"hexamod:ThermalTransfer+1","floor":19},{"not_picked":["hexamod:ThirdSeal","hexamod:SwordOfDarkness"],"picked":"hexamod:HeatShield+1","floor":20},{"not_picked":["hexamod:HexaLevel","hexamod:FastForward"],"picked":"hexamod:PhantomFireball","floor":21},{"not_picked":["hexamod:RainOfEmbers","hexamod:FlamesFromBeyond+1"],"picked":"hexamod:StepThrough+1","floor":25},{"not_picked":["hexamod:GhostLash","hexamod:SwordOfDarkness"],"picked":"hexamod:Firestarter+1","floor":27},{"not_picked":["hexamod:Incineration","hexamod:HeatMetal+1"],"picked":"hexamod:SpectersWail","floor":28},{"not_picked":["hexamod:UnleashSpirits","hexamod:DynamicBlow"],"picked":"hexamod:FlamesFromBeyond","floor":30},{"not_picked":["hexamod:Firestarter+1","hexamod:HeatShield"],"picked":"hexamod:ShieldOfDarkness+1","floor":31},{"not_picked":["hexamod:GhostLash+1","hexamod:ThermalTransfer+1"],"picked":"hexamod:InspiringFlames+1","floor":32},{"not_picked":["hexamod:GiftsFromTheDead","hexamod:GhostOfSpirePresent"],"picked":"hexamod:ApocalypticArmor","floor":33},{"not_picked":["hexamod:NightmareStrike+1","hexamod:NightmareGuise+1"],"picked":"hexamod:GhostflameBarrier+1","floor":39},{"not_picked":["hexamod:AdvancingGuard+1","hexamod:ShieldOfDarkness"],"picked":"hexamod:Hexaguard+1","floor":40},{"not_picked":["hexamod:AdvancingGuard","hexamod:Hexaguard","hexamod:InspiringFlames+1"],"picked":"SKIP","floor":42},{"not_picked":["expansioncontent:InvincibleStrength","expansioncontent:GuardianWhirl"],"picked":"expansioncontent:AwakenDeath","floor":43},{"not_picked":["expansioncontent:PrepareCrush","expansioncontent:AwakenDeath"],"picked":"expansioncontent:HyperBeam","floor":43},{"not_picked":["hexamod:Firestarter","hexamod:GhostOfSpirePast+1"],"picked":"hexamod:BurningTouch+1","floor":44},{"not_picked":["hexamod:SuperheatedStrike+1","hexamod:RainOfEmbers","hexamod:GhostLash"],"picked":"SKIP","floor":45},{"not_picked":["hexamod:HauntingEcho+1","hexamod:GhostShield"],"picked":"hexamod:HeatCrush+1","floor":49},{"not_picked":["hexamod:GhostLash","hexamod:Rewind+1"],"picked":"hexamod:RecurringNightmare+1","floor":52}],"player_experience":1609070,"relics_obtained":[{"floor":6,"key":"StrikeDummy"},{"floor":7,"key":"Sundial"},{"floor":8,"key":"Shuriken"},{"floor":25,"key":"Slimebound:PreparedRelic"},{"floor":25,"key":"hexamod:MatchstickCase"},{"floor":31,"key":"FossilizedHelix"},{"floor":31,"key":"Bottled Lightning"},{"floor":40,"key":"Blue Candle"},{"floor":40,"key":"Juzu Bracelet"},{"floor":41,"key":"Toy Ornithopter"},{"floor":42,"key":"Akabeko"},{"floor":42,"key":"Smiling Mask"},{"floor":44,"key":"Ice Cream"},{"floor":44,"key":"Oddly Smooth Stone"},{"floor":52,"key":"Happy Flower"},{"floor":52,"key":"Bottled Tornado"}],"event_choices":[],"is_beta":false,"boss_relics":[{"not_picked":["Snecko Eye","Coffee Dripper"],"picked":"Black Star"},{"not_picked":["sneckomod:SneckoTalon","Empty Cage"],"picked":"Sozu"}],"items_purged_floors":[45,46,53],"is_endless":false,"potions_floor_spawned":[2,11,14,16,19,27,28,31,33,40,42,44],"killed_by":"downfall:NeowBossFinal","ascension_level":5}}