{"host":"5x6ldcjifzq4e6lc","time":1612727130,"event":{"mods":["BaseMod","Bestiary","Block Reminder","Colored Map","Colored Powertips","DeckTracker","Minty Spire (QoL Compilation)","Relic Stats","StSLib","Weighted Paths"],"gold_per_floor":[119,119,131,56,83,115,133,133,133,147,78,78,94,122,122,225,225,236,61,61,61,7,7,38,51,98,13,42,42,58,75,75,170,170,185,205,33,33,48,375,375,409,409,86,136,146,180,198,198,198],"floor_reached":51,"language":"ENG","playtime":8349,"items_purged":["Corruption"],"score":808,"play_id":"b0c63f7c-7d94-4067-ba34-d04df5982d9c","local_time":"20210207134530","is_ascension_mode":false,"campfire_choices":[{"data":"Anger","floor":8,"key":"SMITH"},{"data":"Anger","floor":12,"key":"SMITH"},{"data":"Bash","floor":15,"key":"SMITH"},{"data":"Magnetism","floor":23,"key":"SMITH"},{"floor":32,"key":"REST"},{"data":"Demon Form","floor":41,"key":"SMITH"},{"data":"Perfected Strike","floor":49,"key":"SMITH"}],"circlet_count":0,"master_deck":["Strike_R","Strike_R","Strike_R","Strike_R","Strike_R","Defend_R","Defend_R","Defend_R","Bash+1","Perfected Strike+1","Anger+1","Anger+1","Rage+1","Flame Barrier+1","Demon Form+1","Juggernaut","Pommel Strike","Magnetism+1","Infernal Blade+1","Warcry+1","Seeing Red+1","Offering+1","Double Tap+1","Intimidate+1","Battle Trance+1","Double Tap+1","Perfected Strike+1","Reckless Charge+1","Infernal Blade+1","Apotheosis+1","Thunderclap+1","Twin Strike+1","Fire Breathing+1"],"relics":["Black Blood","Bag of Marbles","Toxic Egg 2","Nunchaku","Matryoshka","Black Star","MutagenicStrength","Toy Ornithopter","Paper Frog","Pantograph","Bag of Preparation","Calipers","Centennial Puzzle","Pen Nib","Bottled Tornado","Old Coin","Meat on the Bone","Oddly Smooth Stone","Red Skull","Anchor","Lantern","Champion Belt","Ancient Tea Set","Boot"],"acts_visited":["Exordium","TheCity","TheBeyond"],"potions_floor_usage":[28,28,28,50,50],"damage_taken":[{"damage":5,"enemies":"Jaw Worm","floor":1,"turns":4},{"damage":0,"enemies":"Cultist","floor":3,"turns":2},{"damage":31,"enemies":"3 Sentries","floor":6,"turns":7},{"damage":0,"enemies":"Small Slimes","floor":7,"turns":1},{"damage":5,"enemies":"Looter","floor":10,"turns":2},{"damage":0,"enemies":"2 Fungi Beasts","floor":13,"turns":2},{"damage":15,"enemies":"Lagavulin","floor":14,"turns":5},{"damage":50,"enemies":"The Guardian","floor":16,"turns":8},{"damage":25,"enemies":"2 Thieves","floor":18,"turns":4},{"damage":21,"enemies":"Gremlin Leader","floor":24,"turns":5},{"damage":24,"enemies":"Shell Parasite","floor":25,"turns":3},{"damage":23,"enemies":"Slavers","floor":28,"turns":4},{"damage":15,"enemies":"Snecko","floor":30,"turns":4},{"damage":18,"enemies":"Shelled Parasite and Fungi","floor":31,"turns":4},{"damage":22,"enemies":"Champ","floor":33,"turns":7},{"damage":6,"enemies":"3 Darklings","floor":35,"turns":4},{"damage":6,"enemies":"Orb Walker","floor":36,"turns":1},{"damage":16,"enemies":"Sphere and 2 Shapes","floor":39,"turns":4},{"damage":17,"enemies":"Giant Head","floor":40,"turns":4},{"damage":6,"enemies":"Nemesis","floor":42,"turns":1},{"damage":6,"enemies":"Mind Bloom Boss Battle","floor":45,"turns":1},{"damage":1,"enemies":"Jaw Worm Horde","floor":46,"turns":3},{"damage":6,"enemies":"Giant Head","floor":47,"turns":4},{"damage":14,"enemies":"4 Shapes","floor":48,"turns":1},{"damage":56,"enemies":"Awakened One","floor":50,"turns":6}],"seed_played":"2266978056426067637","potions_obtained":[{"floor":7,"key":"SpeedPotion"},{"floor":16,"key":"Strength Potion"},{"floor":18,"key":"Dexterity Potion"},{"floor":25,"key":"Ancient Potion"},{"floor":39,"key":"Swift Potion"},{"floor":40,"key":"Weak Potion"},{"floor":42,"key":"BloodPotion"}],"is_trial":false,"path_per_floor":["M","?","M","$","T","E","M","R","T","M","$","R","M","E","R","B",null,"M","$","?","?","$","R","E","M","T","?","E","?","M","M","R","B",null,"M","M","$","?","M","E","R","E","T","$","?","M","E","M","R","B",null],"character_chosen":"IRONCLAD","items_purchased":["Flame Barrier+1","Magnetism","Warcry+1","EntropicBrew","Double Tap+1","Lantern","Apotheosis+1"],"campfire_rested":1,"item_purchase_floors":[11,19,22,37,37,44,44],"current_hp_per_floor":[88,88,88,88,88,63,69,69,69,70,70,70,76,67,67,23,88,69,69,69,69,69,69,54,36,36,36,34,34,25,13,39,48,88,88,88,88,88,84,79,79,85,85,85,88,88,88,86,86,64],"gold":198,"neow_bonus":"TEN_PERCENT_HP_BONUS","is_daily":false,"chose_seed":false,"campfire_upgraded":6,"win_rate":0.0,"timestamp":1612727130,"path_taken":["M","?","M","?","?","E","M","R","T","M","$","R","?","E","R","BOSS","M","$","?","?","$","R","E","M","T","?","E","?","?","M","R","BOSS","M","M","$","?","M","E","R","E","T","$","?","M","E","M","R","BOSS"],"items_purchased_type":["Card","Card","Card","Potion","Card","Relic","Card"],"build_version":"2020-12-22","purchased_purges":1,"victory":true,"max_hp_per_floor":[88,88,88,88,88,88,88,88,88,88,88,88,88,88,88,88,88,88,88,88,88,88,88,88,88,88,88,88,88,88,88,88,88,88,88,88,88,88,88,88,88,88,88,88,88,88,88,88,88,88],"relic_stats":{"counters":[25,91],"Black Blood":168,"Pen Nib":[14],"Bag of Preparation":[28],"Boot":[0],"Nunchaku":[20],"Centennial Puzzle":[39],"Pantograph":30,"Black Star":5,"Champion Belt":[26],"obtain_stats":[{"Lantern":44,"Calipers":27,"Black Blood":34,"Bag of Preparation":26,"Bottled Tornado":40,"Ancient Tea Set":47,"Boot":47,"Burning Blood":0,"Old Coin":40,"Nunchaku":9,"Centennial Puzzle":28,"Matryoshka":14,"Pantograph":26,"Toxic Egg 2":6,"Red Skull":43,"Paper Frog":24,"Oddly Smooth Stone":42,"Pen Nib":28,"Anchor":43,"MutagenicStrength":21,"Bag of Marbles":5,"Black Star":17,"Champion Belt":45,"Toy Ornithopter":24,"Meat on the Bone":42},{"Lantern":20,"Calipers":11,"Black Blood":15,"Bag of Preparation":11,"Bottled Tornado":19,"Ancient Tea Set":23,"Boot":23,"Burning Blood":0,"Old Coin":19,"Nunchaku":4,"Centennial Puzzle":12,"Matryoshka":7,"Pantograph":11,"Toxic Egg 2":3,"Red Skull":20,"Paper Frog":10,"Oddly Smooth Stone":20,"Pen Nib":12,"Anchor":20,"MutagenicStrength":9,"Bag of Marbles":2,"Black Star":8,"Champion Belt":21,"Toy Ornithopter":10,"Meat on the Bone":20},{"Lantern":76,"Calipers":43,"Black Blood":62,"Bag of Preparation":43,"Bottled Tornado":75,"Ancient Tea Set":84,"Boot":84,"Burning Blood":0,"Old Coin":75,"Nunchaku":14,"Centennial Puzzle":47,"Matryoshka":23,"Pantograph":43,"Toxic Egg 2":13,"Red Skull":76,"Paper Frog":40,"Oddly Smooth Stone":76,"Pen Nib":47,"Anchor":76,"MutagenicStrength":35,"Bag of Marbles":6,"Black Star":31,"Champion Belt":77,"Toy Ornithopter":40,"Meat on the Bone":76}],"Toy Ornithopter":18,"Meat on the Bone":0},"card_choices":[{"not_picked":["Battle Trance","Headbutt"],"picked":"Perfected Strike","floor":1},{"not_picked":["Thunderclap","Shockwave"],"picked":"Anger","floor":3},{"not_picked":["Flex+1","Flame Barrier+1"],"picked":"Anger","floor":6},{"not_picked":["Thunderclap","Disarm+1"],"picked":"Rage+1","floor":7},{"not_picked":["True Grit+1","Blood for Blood","Clothesline"],"picked":"SKIP","floor":10},{"not_picked":["Sword Boomerang","Body Slam","Iron Wave"],"picked":"SKIP","floor":13},{"not_picked":["Cleave","Burning Pact+1"],"picked":"Demon Form","floor":14},{"not_picked":["Corruption","Impervious+1"],"picked":"Juggernaut","floor":16},{"not_picked":["Sword Boomerang","Body Slam"],"picked":"Pommel Strike","floor":18},{"not_picked":["Power Through+1","Iron Wave","Cleave"],"picked":"SKIP","floor":24},{"not_picked":["True Grit+1","Dark Embrace"],"picked":"Seeing Red+1","floor":25},{"not_picked":["Disarm+1","Thunderclap","Second Wind+1"],"picked":"SKIP","floor":28},{"not_picked":["Feel No Pain","Cleave","Sever Soul"],"picked":"SKIP","floor":30},{"not_picked":["True Grit+1","Twin Strike"],"picked":"Offering+1","floor":31},{"not_picked":["Reaper","Brutality"],"picked":"Double Tap+1","floor":33},{"not_picked":["Sever Soul+1","Shrug It Off+1"],"picked":"Intimidate+1","floor":35},{"not_picked":["Disarm+1","Feel No Pain"],"picked":"Battle Trance+1","floor":36},{"not_picked":["Pommel Strike+1","Sever Soul+1"],"picked":"Perfected Strike+1","floor":39},{"not_picked":["Uppercut","True Grit+1"],"picked":"Reckless Charge+1","floor":40},{"not_picked":["Body Slam+1","Iron Wave+1"],"picked":"Infernal Blade+1","floor":42},{"not_picked":["Iron Wave","Shrug It Off+1"],"picked":"Thunderclap+1","floor":45},{"not_picked":["Power Through+1","Armaments+1"],"picked":"Twin Strike+1","floor":46},{"not_picked":["Feed","True Grit+1","Armaments+1"],"picked":"SKIP","floor":47},{"not_picked":["Pummel+1","Headbutt+1"],"picked":"Fire Breathing+1","floor":48}],"player_experience":0,"relics_obtained":[{"floor":5,"key":"Bag of Marbles"},{"floor":6,"key":"Toxic Egg 2"},{"floor":9,"key":"Nunchaku"},{"floor":14,"key":"Matryoshka"},{"floor":24,"key":"Toy Ornithopter"},{"floor":24,"key":"Paper Frog"},{"floor":26,"key":"Pantograph"},{"floor":26,"key":"Bag of Preparation"},{"floor":28,"key":"Centennial Puzzle"},{"floor":28,"key":"Pen Nib"},{"floor":40,"key":"Bottled Tornado"},{"floor":40,"key":"Old Coin"},{"floor":42,"key":"Meat on the Bone"},{"floor":42,"key":"Oddly Smooth Stone"},{"floor":43,"key":"Red Skull"},{"floor":43,"key":"Anchor"},{"floor":45,"key":"Champion Belt"},{"floor":47,"key":"Ancient Tea Set"},{"floor":47,"key":"Boot"}],"event_choices":[{"damage_healed":0,"gold_gain":0,"cards_transformed":["Defend_R"],"player_choice":"Transformed","damage_taken":0,"max_hp_gain":0,"max_hp_loss":0,"event_name":"Transmorgrifier","floor":2,"gold_loss":0,"cards_obtained":["Corruption"]},{"damage_healed":0,"gold_gain":0,"player_choice":"Read","damage_taken":0,"max_hp_gain":0,"max_hp_loss":0,"event_name":"The Library","floor":20,"gold_loss":0,"cards_obtained":["Infernal Blade"]},{"damage_healed":0,"gold_gain":0,"player_choice":"Inject Mutagens","damage_taken":0,"relics_obtained":["MutagenicStrength"],"max_hp_gain":0,"max_hp_loss":0,"event_name":"Drug Dealer","floor":21,"gold_loss":0},{"damage_healed":0,"gold_gain":0,"player_choice":"Obtained Relic","damage_taken":0,"relics_obtained":["Calipers"],"max_hp_gain":0,"max_hp_loss":0,"event_name":"Addict","floor":27,"gold_loss":85},{"damage_healed":0,"gold_gain":0,"player_choice":"Ignored","damage_taken":0,"max_hp_gain":0,"max_hp_loss":0,"event_name":"Ghosts","floor":29,"gold_loss":0},{"damage_healed":0,"gold_gain":0,"player_choice":"Ignored","damage_taken":0,"max_hp_gain":0,"max_hp_loss":0,"event_name":"Mysterious Sphere","floor":38,"gold_loss":0},{"damage_healed":0,"gold_gain":0,"player_choice":"Fight","damage_taken":0,"max_hp_gain":0,"max_hp_loss":0,"event_name":"MindBloom","floor":45,"gold_loss":0}],"is_beta":false,"boss_relics":[{"not_picked":["Busted Crown","Sozu"],"picked":"Black Star"},{"not_picked":["Astrolabe","Runic Dome"],"picked":"Black Blood"}],"items_purged_floors":[4],"is_endless":false,"potions_floor_spawned":[7,16,18,25,39,40,42,48],"ascension_level":0}}