{"host":"utqe55yv0jihe4d6","time":1612673180,"event":{"mods":["2.2 Compatiblity","AchievementEnabler","BaseMod","Block Reminder","Colored Map","Colored Powertips","Minty Spire (QoL Compilation)","Quick Restart","Rare Cards Sparkle","Relic Stats","SuperFastMode"],"gold_per_floor":[114,131,11,11,22,22,33,59,106,106,135,67,67,99,99,176,176,194,210,226,226,226,226,226,226],"floor_reached":24,"language":"ENG","playtime":527,"items_purged":["Strike_R"],"score":428,"play_id":"e7380925-45cc-410a-a54f-5d004ba0777c","local_time":"20210206234620","is_ascension_mode":true,"campfire_choices":[{"data":"Inflame","floor":6,"key":"SMITH"},{"floor":10,"key":"REST"},{"floor":13,"key":"REST"},{"floor":15,"key":"REST"},{"floor":23,"key":"REST"}],"circlet_count":0,"master_deck":["AscendersBane","Strike_R","Strike_R","Defend_R","Defend_R","Defend_R","Bash","Cleave+1","Armaments+1","Blood for Blood+1","Inflame","Uppercut+1","Inflame+1","Twin Strike","Dual Wield","Impervious","True Grit","Limit Break","Shockwave","Clothesline","Shrug It Off","Decay","Inflame"],"relics":["Astrolabe","Bottled Flame","Bag of Marbles","Dream Catcher","Blue Candle","Velvet Choker"],"acts_visited":["Exordium","TheCity"],"potions_floor_usage":[14,19],"damage_taken":[{"damage":2,"enemies":"Jaw Worm","floor":1,"turns":4},{"damage":0,"enemies":"Small Slimes","floor":2,"turns":2},{"damage":7,"enemies":"2 Louse","floor":5,"turns":3},{"damage":13,"enemies":"Red Slaver","floor":7,"turns":4},{"damage":30,"enemies":"Gremlin Nob","floor":8,"turns":4},{"damage":22,"enemies":"Lagavulin","floor":11,"turns":6},{"damage":17,"enemies":"Gremlin Nob","floor":14,"turns":4},{"damage":40,"enemies":"Slime Boss","floor":16,"turns":10},{"damage":16,"enemies":"Shell Parasite","floor":18,"turns":5},{"damage":23,"enemies":"2 Thieves","floor":19,"turns":4},{"damage":9,"enemies":"Centurion and Healer","floor":20,"turns":5},{"damage":43,"enemies":"Slavers","floor":24,"turns":4}],"seed_played":"-4873772550775283245","potions_obtained":[{"floor":1,"key":"ElixirPotion"},{"floor":11,"key":"Weak Potion"},{"floor":18,"key":"Regen Potion"}],"is_trial":false,"path_per_floor":["M","M","$","?","M","R","M","E","T","R","E","?","R","E","R","B",null,"M","M","M","?","?","R","E"],"character_chosen":"IRONCLAD","items_purchased":["Uppercut"],"campfire_rested":4,"item_purchase_floors":[3],"current_hp_per_floor":[66,66,66,66,59,59,46,16,16,38,16,16,38,21,43,3,57,41,30,21,21,21,43,0,0],"gold":226,"neow_bonus":"BOSS_RELIC","is_daily":false,"chose_seed":false,"campfire_upgraded":1,"win_rate":0.0,"timestamp":1612673180,"path_taken":["M","M","$","?","M","R","M","E","T","R","E","?","R","E","R","BOSS","M","M","M","?","?","R","E"],"items_purchased_type":["Card"],"build_version":"2020-12-22","purchased_purges":1,"victory":false,"max_hp_per_floor":[75,75,75,75,75,75,75,75,75,75,75,75,75,75,75,75,75,75,75,75,75,75,75,75,75],"relic_stats":{"Dream Catcher":3,"counters":[12,55],"Astrolabe":["Cleave","Armaments","Blood for Blood"],"Blue Candle":[0],"obtain_stats":[{"Bottled Flame":8,"Dream Catcher":11,"Astrolabe":0,"Blue Candle":14,"Velvet Choker":17,"Bag of Marbles":9,"Burning Blood":0},{"Bottled Flame":5,"Dream Catcher":6,"Astrolabe":0,"Blue Candle":7,"Velvet Choker":8,"Bag of Marbles":5,"Burning Blood":0},{"Bottled Flame":17,"Dream Catcher":23,"Astrolabe":0,"Blue Candle":27,"Velvet Choker":37,"Bag of Marbles":17,"Burning Blood":0}]},"card_choices":[{"not_picked":["Headbutt","Pommel Strike"],"picked":"Inflame","floor":1},{"not_picked":["Armaments","Infernal Blade","Cleave"],"picked":"SKIP","floor":2},{"not_picked":["Anger","Combust"],"picked":"Inflame","floor":5},{"not_picked":["Shrug It Off","Rage"],"picked":"Twin Strike","floor":7},{"not_picked":["Shockwave","Ghostly Armor"],"picked":"Dual Wield","floor":8},{"not_picked":["True Grit","Iron Wave"],"picked":"Impervious","floor":11},{"not_picked":["Sever Soul","Flex","Wild Strike"],"picked":"SKIP","floor":14},{"not_picked":["Twin Strike","Body Slam"],"picked":"True Grit","floor":15},{"not_picked":["Offering","Demon Form"],"picked":"Limit Break","floor":16},{"not_picked":["Evolve","Perfected Strike"],"picked":"Shockwave","floor":18},{"not_picked":["Havoc","Searing Blow"],"picked":"Clothesline","floor":19},{"not_picked":["Uppercut","Sentinel"],"picked":"Shrug It Off","floor":20},{"not_picked":["Thunderclap","Sentinel"],"picked":"Inflame","floor":23}],"player_experience":3042655,"relics_obtained":[{"floor":8,"key":"Bottled Flame"},{"floor":9,"key":"Bag of Marbles"},{"floor":11,"key":"Dream Catcher"},{"floor":14,"key":"Blue Candle"}],"event_choices":[{"damage_healed":0,"gold_gain":0,"player_choice":"Grow","damage_taken":0,"max_hp_gain":0,"max_hp_loss":0,"event_name":"Living Wall","floor":4,"gold_loss":0,"cards_upgraded":["Uppercut"]},{"damage_healed":0,"gold_gain":0,"player_choice":"Left Gold","damage_taken":0,"max_hp_gain":0,"max_hp_loss":0,"event_name":"World of Goop","floor":12,"gold_loss":68},{"damage_healed":0,"gold_gain":0,"player_choice":"Ignored","damage_taken":0,"max_hp_gain":0,"max_hp_loss":0,"event_name":"The Mausoleum","floor":21,"gold_loss":0},{"damage_healed":0,"gold_gain":0,"player_choice":"Smashed Altar","damage_taken":0,"max_hp_gain":0,"max_hp_loss":0,"event_name":"Forgotten Altar","floor":22,"gold_loss":0,"cards_obtained":["Decay"]}],"is_beta":false,"boss_relics":[{"not_picked":["Coffee Dripper","SlaversCollar"],"picked":"Velvet Choker"}],"items_purged_floors":[3],"is_endless":false,"potions_floor_spawned":[1,11,18],"killed_by":"Slavers","ascension_level":20}}