{"host":"qj91dvco5uhu9oti","time":1612691863,"event":{"mods":["BaseMod","Colored Map","Keyboard Shortcuts","Minty Spire (QoL Compilation)","Permanent Neow","Relic Stats","StSLib","SuperFastMode","everything is the same but u backflip on backflip"],"gold_per_floor":[115,134,146,2,15,15,50,62,141,160,219,234,234,264,264,364,364,379,392,125,136,11,11,46,46,95,95,106,121,121,148,148,251,251,266,116,216,227,237,237,247,276,302,302,302,320,320,349,349,349,349,349,7,42,42],"floor_reached":56,"language":"KOR","playtime":1816,"items_purged":["Strike_G","Strike_G","Strike_G","Strike_G","Strike_G"],"score":1389,"play_id":"78394639-cb9a-4415-b06f-37ebef298f44","local_time":"20210207185743","is_ascension_mode":false,"campfire_choices":[{"data":"Deadly Poison","floor":6.0,"key":"SMITH"},{"data":"Noxious Fumes","floor":13.0,"key":"SMITH"},{"data":"Catalyst","floor":15.0,"key":"SMITH"},{"data":"Burst","floor":23.0,"key":"SMITH"},{"data":"Footwork","floor":25.0,"key":"SMITH"},{"data":"Acrobatics","floor":30.0,"key":"SMITH"},{"data":"Catalyst","floor":32.0,"key":"SMITH"},{"data":"PiercingWail","floor":40.0,"key":"SMITH"},{"floor":44.0,"key":"RECALL"},{"data":"PiercingWail","floor":47.0,"key":"SMITH"},{"data":"Bouncing Flask","floor":49.0,"key":"SMITH"},{"data":"Bouncing Flask","floor":52.0,"key":"SMITH"}],"circlet_count":0,"master_deck":["Defend_G","Defend_G","Defend_G","Defend_G","Survivor","Neutralize","PiercingWail+1","Deadly Poison+1","Dagger Throw","Footwork+1","Catalyst+1","Noxious Fumes+1","Dodge and Roll","Acrobatics+1","Bouncing Flask+1","Burst+1","CurseOfTheBell","PiercingWail+1","Catalyst+1","Bouncing Flask+1","Blind","Caltrops+1","Caltrops+1","Backflip","Footwork+1","Noxious Fumes+1","Backflip+1","Footwork+1","Backflip","Caltrops+1","Parasite","Prepared+1","Blur","Blur+1","Deflect+1","Well Laid Plans+1","Catalyst"],"relics":["Ring of the Snake","Oddly Smooth Stone","The Specimen","Regal Pillow","Calling Bell","Bag of Preparation","Frozen Egg 2","Prayer Wheel","Meat on the Bone","PreservedInsect","Red Mask","Coffee Dripper","TungstenRod","Omamori","StoneCalendar","Du-Vu Doll","Mango"],"acts_visited":["Exordium","TheCity","TheBeyond","TheEnding"],"potions_floor_usage":[55,55],"damage_taken":[{"damage":0.0,"enemies":"Small Slimes","floor":1.0,"turns":3.0},{"damage":0.0,"enemies":"2 Louse","floor":2.0,"turns":3.0},{"damage":1.0,"enemies":"Cultist","floor":3.0,"turns":4.0},{"damage":0.0,"enemies":"3 Louse","floor":5.0,"turns":3.0},{"damage":4.0,"enemies":"Lagavulin","floor":7.0,"turns":6.0},{"damage":3.0,"enemies":"Gremlin Gang","floor":8.0,"turns":6.0},{"damage":6.0,"enemies":"2 Fungi Beasts","floor":10.0,"turns":4.0},{"damage":10.0,"enemies":"3 Sentries","floor":11.0,"turns":7.0},{"damage":0.0,"enemies":"Large Slime","floor":12.0,"turns":6.0},{"damage":16.0,"enemies":"Gremlin Nob","floor":14.0,"turns":5.0},{"damage":0.0,"enemies":"Hexaghost","floor":16.0,"turns":7.0},{"damage":0.0,"enemies":"Chosen","floor":18.0,"turns":3.0},{"damage":1.0,"enemies":"3 Byrds","floor":19.0,"turns":6.0},{"damage":1.0,"enemies":"Cultist and Chosen","floor":21.0,"turns":6.0},{"damage":12.0,"enemies":"Book of Stabbing","floor":24.0,"turns":6.0},{"damage":11.0,"enemies":"Centurion and Healer","floor":28.0,"turns":7.0},{"damage":0.0,"enemies":"Snake Plant","floor":29.0,"turns":4.0},{"damage":23.0,"enemies":"Masked Bandits","floor":31.0,"turns":5.0},{"damage":21.0,"enemies":"Collector","floor":33.0,"turns":7.0},{"damage":8.0,"enemies":"3 Darklings","floor":35.0,"turns":6.0},{"damage":18.0,"enemies":"3 Shapes","floor":38.0,"turns":5.0},{"damage":8.0,"enemies":"3 Darklings","floor":39.0,"turns":5.0},{"damage":11.0,"enemies":"Writhing Mass","floor":41.0,"turns":5.0},{"damage":0.0,"enemies":"Giant Head","floor":42.0,"turns":7.0},{"damage":0.0,"enemies":"Transient","floor":46.0,"turns":5.0},{"damage":0.0,"enemies":"Nemesis","floor":48.0,"turns":7.0},{"damage":4.0,"enemies":"Donu and Deca","floor":50.0,"turns":8.0},{"damage":30,"enemies":"Shield and Spear","floor":54,"turns":7},{"damage":46,"enemies":"The Heart","floor":55,"turns":7}],"seed_played":"3377157859234126693","potions_obtained":[{"floor":2.0,"key":"Weak Potion"},{"floor":3.0,"key":"GamblersBrew"},{"floor":10.0,"key":"LiquidMemories"},{"floor":11.0,"key":"PowerPotion"},{"floor":16.0,"key":"Energy Potion"},{"floor":28.0,"key":"DuplicationPotion"},{"floor":35.0,"key":"Strength Potion"},{"floor":39.0,"key":"Energy Potion"},{"floor":48.0,"key":"GamblersBrew"}],"is_trial":false,"path_per_floor":["M","M","M","$","M","R","E","M","T","M","?","M","R","E","R","B",null,"M","M","$","M","$","R","E","R","T","?","M","M","R","?","R","B",null,"M","$","?","M","M","R","M","E","T","R","?","M","R","E","R","B",null,"R","$","E","B",null],"character_chosen":"THE_SILENT","items_purchased":["Footwork","Blind","Caltrops+1","Well Laid Plans+1","Catalyst","Swift Potion"],"campfire_rested":0,"item_purchase_floors":[4,20,20,53,53,53],"current_hp_per_floor":[70,70,69,69,69,69,65,62,62,56,46,46,46,30,30,30,70,70,69,69,68,68,68,56,56,56,43,44,44,44,33,33,24,75,67,67,67,49,41,41,42,42,42,42,42,42,42,42,42,38,75,75,75,59,25],"gold":42,"neow_bonus":"REMOVE_CARD","is_daily":false,"chose_seed":false,"campfire_upgraded":11,"win_rate":0.0,"timestamp":1612691863,"path_taken":["M","M","M","$","M","R","E","M","T","M","?","M","R","E","R","BOSS","M","M","$","M","$","R","E","R","T","?","M","M","R","?","R","BOSS","M","$","?","?","M","R","M","E","T","R","?","?","R","E","R","BOSS","R","$","E","BOSS"],"items_purchased_type":["Card","Card","Card","Card","Card","Potion"],"build_version":"2020-12-22","purchased_purges":5,"victory":true,"max_hp_per_floor":[70,70,70,70,70,70,70,70,70,70,70,70,70,70,70,70,70,70,70,70,70,70,70,70,70,70,75,75,75,75,75,75,75,75,75,75,75,75,75,75,75,75,75,75,75,75,75,75,75,75,75,75,75,89,89],"relic_stats":{"Regal Pillow":0,"counters":[29,160],"Prayer Wheel":11,"StoneCalendar":[199],"PreservedInsect":240,"Bag of Preparation":[36],"obtain_stats":[{"Regal Pillow":14,"The Specimen":11,"Oddly Smooth Stone":7,"StoneCalendar":45,"Mango":54,"PreservedInsect":26,"Bag of Preparation":17,"Omamori":43,"Frozen Egg 2":17,"Calling Bell":17,"Du-Vu Doll":48,"Prayer Wheel":17,"Red Mask":31,"Coffee Dripper":34,"TungstenRod":42,"Ring of the Snake":0,"Meat on the Bone":24},{"Regal Pillow":10,"The Specimen":8,"Oddly Smooth Stone":5,"StoneCalendar":24,"Mango":28,"PreservedInsect":15,"Bag of Preparation":11,"Omamori":24,"Frozen Egg 2":11,"Calling Bell":11,"Du-Vu Doll":26,"Prayer Wheel":11,"Red Mask":18,"Coffee Dripper":19,"TungstenRod":24,"Ring of the Snake":0,"Meat on the Bone":15},{"Regal Pillow":47,"The Specimen":36,"Oddly Smooth Stone":19,"StoneCalendar":126,"Mango":153,"PreservedInsect":75,"Bag of Preparation":54,"Omamori":126,"Frozen Egg 2":54,"Calling Bell":54,"Du-Vu Doll":138,"Prayer Wheel":54,"Red Mask":91,"Coffee Dripper":98,"TungstenRod":126,"Ring of the Snake":0,"Meat on the Bone":75}],"TungstenRod":24,"Ring of the Snake":[58],"Meat on the Bone":60},"card_choices":[{"not_picked":["Deflect","Concentrate"],"picked":"PiercingWail","floor":1.0},{"not_picked":["Outmaneuver","Underhanded Strike"],"picked":"Deadly Poison","floor":2.0},{"not_picked":["Flying Knee","Sucker Punch"],"picked":"Dagger Throw","floor":3.0},{"not_picked":["Masterful Stab","Acrobatics"],"picked":"Catalyst","floor":5.0},{"not_picked":["Riddle With Holes","Outmaneuver","Bane"],"picked":"SKIP","floor":7.0},{"not_picked":["Eviscerate","Accuracy"],"picked":"Noxious Fumes","floor":8.0},{"not_picked":["Storm of Steel","Bane"],"picked":"Dodge and Roll","floor":10.0},{"not_picked":["Outmaneuver","Slice"],"picked":"Acrobatics","floor":12.0},{"not_picked":["Calculated Gamble","Bane"],"picked":"Bouncing Flask","floor":14.0},{"not_picked":["Malaise","Adrenaline"],"picked":"Burst","floor":16.0},{"not_picked":["Reflex","Dagger Throw"],"picked":"PiercingWail","floor":18.0},{"not_picked":["Underhanded Strike","Blade Dance","Backstab"],"picked":"SKIP","floor":18.0},{"not_picked":["Quick Slash","Sucker Punch"],"picked":"Catalyst","floor":19.0},{"not_picked":["Slice+1","Dagger Throw"],"picked":"Bouncing Flask","floor":19.0},{"not_picked":["Deflect","PiercingWail"],"picked":"Caltrops+1","floor":21.0},{"not_picked":["Tactician","Outmaneuver"],"picked":"Backflip","floor":21.0},{"not_picked":["Riddle With Holes","Sucker Punch","Quick Slash"],"picked":"SKIP","floor":24.0},{"not_picked":["Burst","Blade Dance"],"picked":"Footwork+1","floor":28.0},{"not_picked":["Poisoned Stab+1","Quick Slash","Backstab"],"picked":"SKIP","floor":28.0},{"not_picked":["All Out Attack","Choke","Deadly Poison"],"picked":"SKIP","floor":29.0},{"not_picked":["Slice","Reflex+1","Dagger Throw+1"],"picked":"SKIP","floor":29.0},{"not_picked":["Acrobatics","Flying Knee+1"],"picked":"Noxious Fumes+1","floor":35.0},{"not_picked":["Quick Slash+1","Escape Plan+1"],"picked":"Backflip+1","floor":35.0},{"not_picked":["Leg Sweep+1","Blade Dance+1"],"picked":"Footwork+1","floor":38.0},{"not_picked":["Terror+1","Bane+1"],"picked":"Backflip","floor":38.0},{"not_picked":["Glass Knife","Dagger Throw+1","Slice"],"picked":"SKIP","floor":39.0},{"not_picked":["Endless Agony+1","Infinite Blades+1","Caltrops+1"],"picked":"SKIP","floor":39.0},{"not_picked":["Endless Agony+1","Infinite Blades+1"],"picked":"Caltrops+1","floor":39.0},{"not_picked":["Glass Knife","Dagger Throw+1","Slice"],"picked":"SKIP","floor":39.0},{"not_picked":["Deadly Poison","Bane"],"picked":"Prepared+1","floor":41.0},{"not_picked":["Blade Dance","Infinite Blades+1"],"picked":"Blur","floor":41.0},{"not_picked":["Sucker Punch","Bane","Deadly Poison+1"],"picked":"SKIP","floor":42.0},{"not_picked":["Leg Sweep+1","Dagger Spray"],"picked":"Blur+1","floor":46.0},{"not_picked":["Blade Dance","Dagger Spray"],"picked":"Deflect+1","floor":46.0},{"not_picked":["Eviscerate","Poisoned Stab","Doppelganger"],"picked":"SKIP","floor":48.0},{"not_picked":["Outmaneuver","Quick Slash","Endless Agony+1"],"picked":"SKIP","floor":54}],"player_experience":361837,"relics_obtained":[{"floor":7.0,"key":"Oddly Smooth Stone"},{"floor":11.0,"key":"The Specimen"},{"floor":14.0,"key":"Regal Pillow"},{"floor":17.0,"key":"Bag of Preparation"},{"floor":17.0,"key":"Frozen Egg 2"},{"floor":17.0,"key":"Prayer Wheel"},{"floor":24.0,"key":"Meat on the Bone"},{"floor":26.0,"key":"PreservedInsect"},{"floor":31.0,"key":"Red Mask"},{"floor":42.0,"key":"TungstenRod"},{"floor":43.0,"key":"Omamori"},{"floor":48.0,"key":"Du-Vu Doll"},{"floor":54,"key":"Mango"}],"event_choices":[{"damage_healed":0.0,"max_hp_gain":0.0,"max_hp_loss":0.0,"gold_gain":0.0,"event_name":"Dead Adventurer","player_choice":"Searched \u00272\u0027 times","floor":11.0,"gold_loss":0.0,"damage_taken":0.0},{"damage_healed":0.0,"max_hp_gain":5.0,"max_hp_loss":0.0,"gold_gain":0.0,"event_name":"Forgotten Altar","player_choice":"Shed Blood","floor":27.0,"gold_loss":0.0,"damage_taken":18.0},{"damage_healed":0.0,"max_hp_gain":0.0,"max_hp_loss":0.0,"gold_gain":0.0,"event_name":"Masked Bandits","player_choice":"Fought Bandits","floor":31.0,"gold_loss":0.0,"damage_taken":0.0},{"damage_healed":0.0,"max_hp_gain":0.0,"max_hp_loss":0.0,"gold_gain":100.0,"event_name":"Golden Shrine","player_choice":"Pray","floor":37.0,"gold_loss":0.0,"damage_taken":0.0},{"damage_healed":0.0,"max_hp_gain":0.0,"max_hp_loss":0.0,"gold_gain":0.0,"event_name":"WeMeetAgain","player_choice":"Gave Potion","floor":45.0,"gold_loss":0.0,"damage_taken":0.0,"relics_obtained":["StoneCalendar"]}],"is_beta":false,"boss_relics":[{"not_picked":["Fusion Hammer","Ectoplasm"],"picked":"Calling Bell"},{"not_picked":["Pandora\u0027s Box","Astrolabe"],"picked":"Coffee Dripper"}],"items_purged_floors":[4,20,22,36,53],"is_endless":false,"potions_floor_spawned":[2,3,10,11,16,18,24,28,33,35,39,41,48],"ascension_level":0}}