{"host":"aapp7ew3jk5k1bvd","time":1612709034,"event":{"mods":["AchievementEnabler","BaseMod","Colored Map","Minty Spire (QoL Compilation)","Permanent Neow","StSLib","SuperFastMode"],"gold_per_floor":[115,65,65,83,158,158,192,125,201,126,145,45,62,62,62,167,167,180,191,66,85,85,85,101,128,128,128,138,138,138,153,153,250,250,269,288,288,300,312,340,358,391,391,411,411,428,428,439,439,439,439,439,95,130,130],"floor_reached":56,"language":"KOR","playtime":2301,"items_purged":["Defend_P","Strike_P","Strike_P","Defend_P"],"score":1506,"play_id":"8b7347db-4fd3-4056-8e49-2436497cf274","local_time":"20210207234354","is_ascension_mode":false,"campfire_choices":[{"data":"Vigilance","floor":6.0,"key":"SMITH"},{"data":"Adaptation","floor":15.0,"key":"SMITH"},{"data":"FearNoEvil","floor":23.0,"key":"SMITH"},{"floor":27.0,"key":"REST"},{"floor":29.0,"key":"RECALL"},{"data":"MentalFortress","floor":32.0,"key":"SMITH"},{"floor":45.0,"key":"REST"},{"floor":47.0,"key":"REST"},{"floor":49.0,"key":"REST"},{"data":"Defend_P","floor":52.0,"key":"SMITH"}],"circlet_count":0,"master_deck":["Strike_P+1","Defend_P+1","Eruption+1","Vigilance+1","EmptyFist+1","FearNoEvil+1","Adaptation+1","MentalFortress+1"],"relics":["PureWater","Potion Belt","Matryoshka","Runic Pyramid","Bag of Marbles","Nloth\u0027s Gift","SacredBark","InkBottle","Smiling Mask","Whetstone","Akabeko","ClockworkSouvenir","Gremlin Horn"],"acts_visited":["Exordium","TheCity","TheBeyond","TheEnding"],"potions_floor_usage":[55,55,55,55],"damage_taken":[{"damage":0.0,"enemies":"Small Slimes","floor":1.0,"turns":2.0},{"damage":0.0,"enemies":"2 Louse","floor":4.0,"turns":3.0},{"damage":0.0,"enemies":"Gremlin Nob","floor":7.0,"turns":3.0},{"damage":6.0,"enemies":"Jaw Worm","floor":11.0,"turns":3.0},{"damage":8.0,"enemies":"Exordium Wildlife","floor":13.0,"turns":5.0},{"damage":43.0,"enemies":"The Guardian","floor":16.0,"turns":13.0},{"damage":5.0,"enemies":"Spheric Guardian","floor":18.0,"turns":3.0},{"damage":15.0,"enemies":"2 Thieves","floor":19.0,"turns":4.0},{"damage":9.0,"enemies":"Snake Plant","floor":21.0,"turns":2.0},{"damage":8.0,"enemies":"Shelled Parasite and Fungi","floor":24.0,"turns":3.0},{"damage":6.0,"enemies":"Gremlin Leader","floor":25.0,"turns":3.0},{"damage":0.0,"enemies":"Centurion and Healer","floor":28.0,"turns":3.0},{"damage":0.0,"enemies":"Snecko","floor":31.0,"turns":4.0},{"damage":0.0,"enemies":"Automaton","floor":33.0,"turns":4.0},{"damage":1.0,"enemies":"3 Darklings","floor":35.0,"turns":4.0},{"damage":5.0,"enemies":"3 Shapes","floor":36.0,"turns":3.0},{"damage":0.0,"enemies":"Sphere and 2 Shapes","floor":38.0,"turns":4.0},{"damage":0.0,"enemies":"Spire Growth","floor":39.0,"turns":2.0},{"damage":30.0,"enemies":"Reptomancer","floor":40.0,"turns":4.0},{"damage":2.0,"enemies":"Jaw Worm Horde","floor":41.0,"turns":4.0},{"damage":0.0,"enemies":"Giant Head","floor":42.0,"turns":2.0},{"damage":0.0,"enemies":"Maw","floor":44.0,"turns":4.0},{"damage":4.0,"enemies":"Writhing Mass","floor":46.0,"turns":3.0},{"damage":17.0,"enemies":"4 Shapes","floor":48.0,"turns":3.0},{"damage":48.0,"enemies":"Time Eater","floor":50.0,"turns":8.0},{"damage":0.0,"enemies":"Shield and Spear","floor":54.0,"turns":3.0},{"damage":27,"enemies":"The Heart","floor":55,"turns":6}],"seed_played":"-8261106854769975103","potions_obtained":[{"floor":7.0,"key":"Swift Potion"},{"floor":13.0,"key":"SkillPotion"},{"floor":16.0,"key":"BlessingOfTheForge"},{"floor":25.0,"key":"Dexterity Potion"},{"floor":31.0,"key":"ColorlessPotion"},{"floor":33.0,"key":"Dexterity Potion"},{"floor":35.0,"key":"Block Potion"},{"floor":40.0,"key":"PowerPotion"},{"floor":48.0,"key":"Fire Potion"},{"floor":54.0,"key":"LiquidMemories"}],"is_trial":false,"path_per_floor":["M","?","$","M","?","R","E","$","T","$","M","$","M","$","R","B",null,"M","M","$","M","?","R","M","E","T","R","M","R","?","M","R","B",null,"M","M","?","M","M","E","M","E","T","M","R","M","R","M","R","B",null,"R","$","E","B",null],"character_chosen":"WATCHER","items_purchased":["FearNoEvil","Akabeko","ClockworkSouvenir"],"campfire_rested":4,"item_purchase_floors":[8,53,53],"current_hp_per_floor":[72,72,72,72,61,61,61,61,61,61,55,55,47,47,47,4,72,67,52,52,43,43,43,35,29,29,50,50,50,50,50,50,50,72,71,66,66,66,66,36,34,34,34,34,55,51,72,55,72,24,72,72,72,72,45],"gold":130,"neow_bonus":"UPGRADE_CARD","is_daily":false,"chose_seed":false,"campfire_upgraded":5,"win_rate":0.0,"timestamp":1612709034,"path_taken":["M","?","$","M","?","R","E","?","T","$","M","$","?","?","R","BOSS","M","M","$","M","?","R","M","E","T","R","M","R","?","?","R","BOSS","M","M","?","M","M","E","M","E","T","M","R","M","R","?","R","BOSS","R","$","E","BOSS"],"items_purchased_type":["Card","Relic","Relic"],"build_version":"2020-12-22","purchased_purges":4,"victory":true,"max_hp_per_floor":[72,72,72,72,72,72,72,72,72,72,72,72,72,72,72,72,72,72,72,72,72,72,72,72,72,72,72,72,72,72,72,72,72,72,72,72,72,72,72,72,72,72,72,72,72,72,72,72,72,72,72,72,72,72,72],"card_choices":[{"not_picked":["Halt","CrushJoints","FlurryOfBlows"],"picked":"SKIP","floor":1.0},{"not_picked":["JustLucky","FlyingSleeves","CrushJoints"],"picked":"SKIP","floor":4.0},{"not_picked":["FollowUp","DevaForm"],"picked":"EmptyFist","floor":7.0},{"not_picked":["Meditate","FlyingSleeves","CrushJoints"],"picked":"SKIP","floor":11.0},{"not_picked":["PathToVictory","FlurryOfBlows"],"picked":"Adaptation","floor":13.0},{"not_picked":["PathToVictory+1","Protect","Halt"],"picked":"SKIP","floor":18.0},{"not_picked":["Consecrate","Tantrum","JustLucky"],"picked":"SKIP","floor":19.0},{"not_picked":["Halt+1","Prostrate","JustLucky"],"picked":"SKIP","floor":21.0},{"not_picked":["Devotion","Evaluate","PathToVictory+1"],"picked":"SKIP","floor":24.0},{"not_picked":["BowlingBash","CutThroughFate+1","SashWhip"],"picked":"SKIP","floor":25.0},{"not_picked":["ForeignInfluence","JustLucky","CrushJoints+1"],"picked":"SKIP","floor":28.0},{"not_picked":["EmptyBody","TalkToTheHand"],"picked":"MentalFortress","floor":31.0},{"not_picked":["InnerPeace","DeceiveReality","LessonLearned"],"picked":"SKIP","floor":35.0},{"not_picked":["CutThroughFate+1","FlurryOfBlows+1","LikeWater+1"],"picked":"SKIP","floor":36.0},{"not_picked":["MentalFortress+1","WheelKick+1","ClearTheMind+1"],"picked":"SKIP","floor":38.0},{"not_picked":["Crescendo","Prostrate+1","BowlingBash+1"],"picked":"SKIP","floor":39.0},{"not_picked":["Pray+1","Omniscience","EmptyFist+1"],"picked":"SKIP","floor":40.0},{"not_picked":["ClearTheMind","SpiritShield","SignatureMove"],"picked":"SKIP","floor":41.0},{"not_picked":["Halt+1","EmptyFist","Brilliance"],"picked":"SKIP","floor":42.0},{"not_picked":["JustLucky+1","CutThroughFate","EmptyBody+1"],"picked":"SKIP","floor":44.0},{"not_picked":["Weave+1","Halt+1","Collect+1"],"picked":"SKIP","floor":46.0},{"not_picked":["Nirvana+1","Protect+1","Vengeance+1"],"picked":"SKIP","floor":48.0},{"not_picked":["EmptyMind+1","FollowUp","Halt+1"],"picked":"SKIP","floor":54.0}],"player_experience":1340419,"relics_obtained":[{"floor":7.0,"key":"Potion Belt"},{"floor":9.0,"key":"Matryoshka"},{"floor":25.0,"key":"Damaru"},{"floor":26.0,"key":"Bag of Marbles"},{"floor":40.0,"key":"InkBottle"},{"floor":42.0,"key":"Smiling Mask"},{"floor":43.0,"key":"Whetstone"},{"floor":54.0,"key":"Gremlin Horn"}],"event_choices":[{"cards_removed":["Defend_P"],"damage_healed":0.0,"max_hp_gain":0.0,"max_hp_loss":0.0,"gold_gain":0.0,"event_name":"The Cleric","player_choice":"Card Removal","floor":2.0,"gold_loss":50.0,"damage_taken":0.0},{"damage_healed":0.0,"max_hp_gain":0.0,"max_hp_loss":0.0,"gold_gain":75.0,"event_name":"World of Goop","player_choice":"Gather Gold","floor":5.0,"gold_loss":0.0,"damage_taken":11.0},{"cards_removed":["Strike_P"],"damage_healed":0.0,"max_hp_gain":0.0,"max_hp_loss":0.0,"gold_gain":0.0,"event_name":"Back to Basics","player_choice":"Elegance","floor":22.0,"gold_loss":0.0,"damage_taken":0.0},{"damage_healed":0.0,"max_hp_gain":0.0,"max_hp_loss":0.0,"gold_gain":0.0,"event_name":"N\u0027loth","player_choice":"Traded Relic","floor":30.0,"relics_lost":["Damaru"],"gold_loss":0.0,"damage_taken":0.0,"relics_obtained":["Nloth\u0027s Gift"]},{"damage_healed":0.0,"max_hp_gain":0.0,"max_hp_loss":0.0,"gold_gain":0.0,"event_name":"Duplicator","player_choice":"Ignored","floor":37.0,"gold_loss":0.0,"damage_taken":0.0}],"is_beta":false,"boss_relics":[{"not_picked":["Fusion Hammer","Snecko Eye"],"picked":"Runic Pyramid"},{"not_picked":["Sozu","Pandora\u0027s Box"],"picked":"SacredBark"}],"items_purged_floors":[10,12,20,53],"is_endless":false,"potions_floor_spawned":[7,13,16,25,31,33,35,38,39,40,48,54],"ascension_level":0}}