{"host":"dn6kke80v5f7isus","time":1612666489,"event":{"mods":["AchievementEnabler","Act Like it!","BaseMod","Colored Powertips","Custom Start","Defuse TimeMaze Blight","Gremlin Skip","Highlight Path","Hubris","Infinite Spire","Marisa????????","Minty Spire (QoL Compilation)","Rare Cards Sparkle","Reliquary","Replay The Spire","StSLib","The Servant 0.9.4","Uncapped","Unceasing Turn Reminder"],"gold_per_floor":[117,117,87336,87352,87248,87274,87274,87299,87299,87299,87329,87329,87329,87329,87329,87329,87329],"floor_reached":16,"language":"ENG","playtime":548,"items_purged":["Strike_R"],"score":120,"play_id":"73431e75-add7-4084-a3ee-0e6faa51ed3e","local_time":"20210206215449","is_ascension_mode":true,"campfire_choices":[{"data":"Bash","floor":7,"key":"SMITH"},{"floor":10,"key":"REST"},{"data":"Replay:Undeath\u0027s Touch","floor":13,"key":"SMITH"},{"data":"Body Slam","floor":15,"key":"SMITH"}],"circlet_count":0,"master_deck":["Strike_R","Strike_R","Strike_R","Defend_R+1","Defend_R","Defend_R","Defend_R","Bash+1","Replay:Undeath\u0027s Touch+1","Body Slam+1","Shrug It Off"],"relics":["Burning Blood","reliquary:SharkskinSheath","infinitespire:Broken Mirror","ReplayTheSpireMod:Ninjato","reliquary:Bookmark","Juzu Bracelet","hubris:SlimyHat","Meat on the Bone","Boot","hubris:MobiusCoin"],"acts_visited":["Exordium"],"potions_floor_usage":[6,6,11],"damage_taken":[{"damage":3.0,"enemies":"Small Slimes","floor":1.0,"turns":4.0},{"damage":0,"enemies":"Jaw Worm","floor":4,"turns":3},{"damage":36,"enemies":"3 Sentries","floor":6,"turns":12},{"damage":46,"enemies":"Gremlin Nob","floor":8,"turns":5},{"damage":23,"enemies":"3 Sentries","floor":11,"turns":13},{"damage":47,"enemies":"Slime Boss","floor":16,"turns":8}],"seed_played":"6197065193300534263","potions_obtained":[{"floor":1.0,"key":"BloodPotion"},{"floor":4,"key":"EssenceOfSteel"},{"floor":6,"key":"Elixir"}],"is_trial":false,"path_per_floor":["M","?","$","M","?","E","R","E","T","R","E","?","R","?","R","B"],"character_chosen":"IRONCLAD","items_purchased":["infinitespire:Broken Mirror","ReplayTheSpireMod:Ninjato","reliquary:Bookmark","Body Slam"],"campfire_rested":1,"item_purchase_floors":[3,3,3,3],"current_hp_per_floor":[80,80,80,80,80,66,66,26,26,50,45,45,45,45,45,0,0],"gold":87329,"neow_bonus":"RANDOM_COMMON_RELIC","is_daily":false,"chose_seed":false,"campfire_upgraded":3,"win_rate":0.0,"timestamp":1612666489,"path_taken":["M","?","$","M","?","E","R","E","T","R","E","?","R","?","R","BOSS"],"items_purchased_type":["Relic","Relic","Relic","Card"],"build_version":"2020-12-22","purchased_purges":1,"victory":false,"max_hp_per_floor":[80,80,80,80,80,80,80,80,80,80,80,80,80,80,80,80,80],"card_choices":[{"not_picked":["hubris:ReadiedAction","Thunderclap"],"picked":"Replay:Undeath\u0027s Touch","floor":1.0},{"not_picked":["Heavy Blade","Rage","Perfected Strike"],"picked":"SKIP","floor":4},{"not_picked":["Thunderclap","Warcry"],"picked":"Shrug It Off","floor":6},{"not_picked":["Body Slam","Immolate","Warcry"],"picked":"SKIP","floor":8},{"not_picked":["Body Slam","Armaments","Clothesline"],"picked":"SKIP","floor":11}],"player_experience":427504,"relics_obtained":[{"floor":6,"key":"hubris:SlimyHat"},{"floor":8,"key":"Meat on the Bone"},{"floor":9,"key":"Boot"},{"floor":11,"key":"hubris:MobiusCoin"}],"event_choices":[{"cards_removed":["Strike_R"],"damage_healed":0.0,"max_hp_gain":0.0,"max_hp_loss":0.0,"gold_gain":0.0,"event_name":"Living Wall","player_choice":"Forget","floor":2.0,"gold_loss":0.0,"damage_taken":0.0},{"damage_healed":0,"gold_gain":0,"player_choice":"Paid Gold","damage_taken":0,"relics_obtained":["Juzu Bracelet"],"max_hp_gain":0,"max_hp_loss":0,"event_name":"WeMeetAgain","floor":5,"gold_loss":104},{"damage_healed":0,"gold_gain":0,"player_choice":"0 cards matched","damage_taken":0,"max_hp_gain":0,"max_hp_loss":0,"event_name":"Match and Keep!","floor":12,"gold_loss":0,"cards_obtained":[]}],"is_beta":false,"boss_relics":[],"items_purged_floors":[3],"is_endless":false,"potions_floor_spawned":[1,4,6],"killed_by":"Slime Boss","ascension_level":1}}