{"host":"ewe4oe702q4ujr6i","time":1612723800,"event":{"mods":["BaseMod","Colored Map","Colored Powertips","DeckTracker","Minty Spire (QoL Compilation)","SuperFastMode"],"gold_per_floor":[113,113,63,63,83,83,111,111,111,125,125,153,164,181,181,283,283,294,209,209,224,0,35,35,52,52,65,85,115,165,65,65,161,161,173,173,183,232,242,274,274,54,77,77,77,91,125,125,125,125,125,125,30,56,56,56],"floor_reached":55,"language":"KOR","playtime":2012,"items_purged":["Defend_P","Strike_P","SashWhip"],"score":998,"play_id":"f50aeaa1-052f-40df-959a-481870a41459","local_time":"20210208035000","is_ascension_mode":false,"campfire_choices":[{"data":"ForeignInfluence","floor":6.0,"key":"SMITH"},{"data":"Ragnarok","floor":8.0,"key":"SMITH"},{"data":"Eruption","floor":11.0,"key":"SMITH"},{"data":"WreathOfFlame","floor":15.0,"key":"SMITH"},{"data":"Scrawl","floor":24.0,"key":"SMITH"},{"data":"Crescendo","floor":32.0,"key":"SMITH"},{"floor":41.0,"key":"RECALL"},{"data":"Deep Breath","floor":44,"key":"SMITH"},{"data":"Purity","floor":49,"key":"SMITH"},{"data":"Halt","floor":52,"key":"SMITH"}],"circlet_count":0,"master_deck":["Defend_P","Eruption+1","Vigilance","ThirdEye","Halt+1","ForeignInfluence+1","Ragnarok+1","Crescendo+1","WreathOfFlame+1","Scrawl+1","InnerPeace","Deep Breath+1","Purity+1","Finesse"],"relics":["PureWater","Bag of Preparation","TungstenRod","StoneCalendar","Dream Catcher","Busted Crown","Ornamental Fan","MutagenicStrength","Toy Ornithopter","MealTicket","Bag of Marbles","Blood Vial","Empty Cage","Unceasing Top","Boot","Torii","Turnip"],"acts_visited":["Exordium","TheCity","TheBeyond","TheEnding"],"potions_floor_usage":[50,54,55],"damage_taken":[{"damage":0.0,"enemies":"Cultist","floor":1.0,"turns":3.0},{"damage":0.0,"enemies":"2 Louse","floor":5.0,"turns":2.0},{"damage":21.0,"enemies":"Gremlin Nob","floor":7.0,"turns":5.0},{"damage":0.0,"enemies":"Small Slimes","floor":10.0,"turns":1.0},{"damage":0.0,"enemies":"Lagavulin","floor":12.0,"turns":1.0},{"damage":0.0,"enemies":"Blue Slaver","floor":13.0,"turns":1.0},{"damage":1.0,"enemies":"Exordium Wildlife","floor":14.0,"turns":4.0},{"damage":39.0,"enemies":"Slime Boss","floor":16.0,"turns":6.0},{"damage":4.0,"enemies":"2 Thieves","floor":18.0,"turns":2.0},{"damage":0.0,"enemies":"Chosen","floor":21.0,"turns":1.0},{"damage":0.0,"enemies":"Book of Stabbing","floor":23.0,"turns":1.0},{"damage":0.0,"enemies":"Centurion and Healer","floor":25.0,"turns":2.0},{"damage":0.0,"enemies":"3 Cultists","floor":27.0,"turns":2.0},{"damage":0.0,"enemies":"Snake Plant","floor":28.0,"turns":1.0},{"damage":0.0,"enemies":"Gremlin Leader","floor":29.0,"turns":2.0},{"damage":0.0,"enemies":"Automaton","floor":33.0,"turns":4.0},{"damage":0.0,"enemies":"Orb Walker","floor":35.0,"turns":1.0},{"damage":0.0,"enemies":"3 Darklings","floor":37.0,"turns":2.0},{"damage":0.0,"enemies":"2 Orb Walkers","floor":38.0,"turns":1.0},{"damage":0.0,"enemies":"Transient","floor":39.0,"turns":5.0},{"damage":0.0,"enemies":"Giant Head","floor":40.0,"turns":1.0},{"damage":0,"enemies":"Maw","floor":46,"turns":1},{"damage":0,"enemies":"Reptomancer","floor":47,"turns":1},{"damage":0,"enemies":"Time Eater","floor":50,"turns":1},{"damage":0,"enemies":"Shield and Spear","floor":54,"turns":2},{"damage":149,"enemies":"The Heart","floor":55,"turns":3}],"seed_played":"8372753007630627614","potions_obtained":[{"floor":1.0,"key":"Block Potion"},{"floor":12.0,"key":"LiquidBronze"},{"floor":14.0,"key":"DuplicationPotion"},{"floor":16.0,"key":"LiquidMemories"},{"floor":23.0,"key":"StancePotion"},{"floor":39.0,"key":"DuplicationPotion"}],"is_trial":false,"path_per_floor":["M","?","?","?","M","R","E","R","T","M","R","E","M","M","R","B",null,"M","?","?","M","$","E","R","M","T","M","M","E","?","$","R","B",null,"M","?","M","?","M","E","R","$","T","R","$","M","E","?","R","B",null,"R","$","E","B"],"character_chosen":"WATCHER","items_purchased":["Toy Ornithopter","Deep Breath","Finesse"],"campfire_rested":0,"item_purchase_floors":[22,42,53],"current_hp_per_floor":[72,65,65,65,65,65,44,44,44,44,44,44,44,43,43,4,72,68,68,68,68,68,68,68,68,68,68,68,68,68,72,72,72,72,72,68,68,68,68,68,68,68,68,68,68,68,68,68,68,68,68,68,68,68,0,0],"gold":56,"neow_bonus":"RANDOM_COMMON_RELIC","is_daily":false,"chose_seed":false,"campfire_upgraded":9,"win_rate":0.0,"timestamp":1612723800,"path_taken":["M","?","?","?","M","R","E","R","T","M","R","E","M","M","R","BOSS","M","?","?","M","?","E","R","M","T","?","M","E","?","$","R","BOSS","M","?","M","?","M","E","R","$","T","R","$","M","E","?","R","BOSS","R","$","E","BOSS"],"items_purchased_type":["Relic","Card","Card"],"build_version":"2020-12-22","purchased_purges":3,"victory":false,"max_hp_per_floor":[72,72,72,72,72,72,72,72,72,72,72,72,72,72,72,72,72,72,72,72,72,72,72,72,72,72,72,72,72,72,72,72,72,72,72,68,68,68,68,68,68,68,68,68,68,68,68,68,68,68,68,68,68,68,68,68],"card_choices":[{"not_picked":["EmptyMind","EmptyBody"],"picked":"ThirdEye","floor":1.0},{"not_picked":["Consecrate","Prostrate"],"picked":"ForeignInfluence","floor":5.0},{"not_picked":["WaveOfTheHand","WindmillStrike"],"picked":"Ragnarok","floor":7.0},{"not_picked":["Prostrate","SashWhip","SignatureMove"],"picked":"SKIP","floor":10.0},{"not_picked":["Sanctity","InnerPeace"],"picked":"Crescendo","floor":12.0},{"not_picked":["Halt","Swivel","EmptyBody"],"picked":"SKIP","floor":13.0},{"not_picked":["FlyingSleeves","BattleHymn"],"picked":"WreathOfFlame","floor":14.0},{"not_picked":["Omniscience","MasterReality"],"picked":"Scrawl","floor":16.0},{"not_picked":["Pray+1"],"picked":"SKIP","floor":18.0},{"not_picked":[],"picked":"SashWhip","floor":21.0},{"not_picked":[],"picked":"InnerPeace","floor":23.0},{"not_picked":["BowlingBash"],"picked":"SKIP","floor":25.0},{"not_picked":["ThirdEye"],"picked":"SKIP","floor":27.0},{"not_picked":["ThirdEye+1"],"picked":"SKIP","floor":28.0},{"not_picked":["Evaluate"],"picked":"SKIP","floor":29.0},{"not_picked":["BowlingBash"],"picked":"SKIP","floor":35.0},{"not_picked":["CutThroughFate"],"picked":"SKIP","floor":37.0},{"not_picked":["FlurryOfBlows"],"picked":"SKIP","floor":39.0},{"not_picked":["SandsOfTime+1"],"picked":"SKIP","floor":40.0},{"not_picked":["CarveReality"],"picked":"SKIP","floor":46},{"not_picked":["ThirdEye"],"picked":"SKIP","floor":47},{"not_picked":[],"picked":"Purity","floor":48},{"not_picked":["Vault"],"picked":"SKIP","floor":54}],"player_experience":213512,"relics_obtained":[{"floor":7.0,"key":"TungstenRod"},{"floor":9.0,"key":"StoneCalendar"},{"floor":12.0,"key":"Dream Catcher"},{"floor":23.0,"key":"MealTicket"},{"floor":26.0,"key":"Bag of Marbles"},{"floor":29.0,"key":"Blood Vial"},{"floor":38.0,"key":"Unceasing Top"},{"floor":40.0,"key":"Boot"},{"floor":47,"key":"Torii"},{"floor":54,"key":"Turnip"}],"event_choices":[{"cards_removed":["Strike_P"],"damage_healed":0.0,"max_hp_gain":0.0,"max_hp_loss":0.0,"gold_gain":0.0,"event_name":"Golden Wing","player_choice":"Card Removal","floor":2.0,"gold_loss":0.0,"damage_taken":7.0},{"cards_removed":["Strike_P"],"damage_healed":0.0,"max_hp_gain":0.0,"max_hp_loss":0.0,"gold_gain":0.0,"event_name":"The Cleric","player_choice":"Card Removal","floor":3.0,"gold_loss":50.0,"damage_taken":0.0},{"damage_healed":0.0,"max_hp_gain":0.0,"max_hp_loss":0.0,"gold_gain":0.0,"cards_transformed":["Defend_P"],"event_name":"Living Wall","player_choice":"Change","floor":4.0,"gold_loss":0.0,"damage_taken":0.0,"cards_obtained":["Halt"]},{"damage_healed":0.0,"max_hp_gain":0.0,"max_hp_loss":0.0,"gold_gain":0.0,"event_name":"Addict","player_choice":"Obtained Relic","floor":19.0,"gold_loss":85.0,"damage_taken":0.0,"relics_obtained":["Ornamental Fan"]},{"damage_healed":0.0,"max_hp_gain":0.0,"max_hp_loss":0.0,"gold_gain":0.0,"event_name":"Drug Dealer","player_choice":"Inject Mutagens","floor":20.0,"gold_loss":0.0,"damage_taken":0.0,"relics_obtained":["MutagenicStrength"]},{"damage_healed":0.0,"max_hp_gain":0.0,"max_hp_loss":0.0,"gold_gain":100.0,"event_name":"The Joust","player_choice":"Bet on Murderer","floor":30.0,"gold_loss":50.0,"damage_taken":0.0},{"damage_healed":0.0,"max_hp_gain":0.0,"max_hp_loss":4.0,"gold_gain":0.0,"event_name":"Winding Halls","player_choice":"Max HP","floor":36.0,"gold_loss":0.0,"damage_taken":0.0},{"damage_healed":0.0,"max_hp_gain":0.0,"max_hp_loss":0.0,"gold_gain":0.0,"event_name":"Mysterious Sphere","player_choice":"Fight","floor":38.0,"gold_loss":0.0,"damage_taken":0.0},{"damage_healed":0,"gold_gain":0,"player_choice":"Memory 1","damage_taken":0,"max_hp_gain":0,"max_hp_loss":0,"event_name":"SensoryStone","floor":48,"gold_loss":0}],"is_beta":false,"boss_relics":[{"not_picked":["Astrolabe","Runic Dome"],"picked":"Busted Crown"},{"not_picked":["HolyWater","Fusion Hammer"],"picked":"Empty Cage"}],"items_purged_floors":[22,31,42],"is_endless":false,"potions_floor_spawned":[1,12,14,16,23,25,27,39,40,47],"killed_by":"The Heart","ascension_level":0}}