{"host":"8is2j71l4wmybkoi","time":1612708155,"event":{"mods":["AchievementEnabler","BaseMod","Colored Map","Minty Spire (QoL Compilation)","Rare Cards Sparkle","StSLib","SuperFastMode"],"gold_per_floor":[363,363,17,41,66,107,107,127,127,151,151,151,151],"floor_reached":12,"language":"KOR","playtime":417,"items_purged":["Strike_G"],"score":140,"play_id":"ba18cc17-2c50-4e7f-9691-b0ba5548f442","local_time":"20210207232915","is_ascension_mode":true,"campfire_choices":[{"floor":7,"key":"REST"}],"circlet_count":0,"master_deck":["AscendersBane","Strike_G","Strike_G","Strike_G","Strike_G","Defend_G","Defend_G","Defend_G","Defend_G","Defend_G","Survivor","Neutralize","Escape Plan","Riddle With Holes","Poisoned Stab","Dash","Storm of Steel","Catalyst","Blur"],"relics":["Ring of the Snake","Golden Idol","Boot","Frozen Egg 2","Bottled Flame","Smiling Mask"],"acts_visited":["Exordium"],"potions_floor_usage":[12,12],"damage_taken":[{"damage":6,"enemies":"Cultist","floor":1,"turns":5},{"damage":3,"enemies":"2 Louse","floor":4,"turns":3},{"damage":2,"enemies":"Jaw Worm","floor":5,"turns":4},{"damage":27,"enemies":"Gremlin Nob","floor":6,"turns":4},{"damage":2,"enemies":"2 Fungi Beasts","floor":8,"turns":3},{"damage":5,"enemies":"Gremlin Gang","floor":10,"turns":4},{"damage":4,"enemies":"3 Sentries","floor":12,"turns":4}],"seed_played":"-2260481792097353855","potions_obtained":[{"floor":4,"key":"BlessingOfTheForge"},{"floor":6,"key":"AttackPotion"}],"is_trial":false,"path_per_floor":["M","?","$","M","M","E","R","M","T","M","?","E"],"character_chosen":"THE_SILENT","items_purchased":["Boot","Riddle With Holes","Poisoned Stab"],"campfire_rested":1,"item_purchase_floors":[3,3,3],"current_hp_per_floor":[53,53,53,50,48,21,37,35,35,30,4,0,0],"gold":151,"neow_bonus":"TWO_FIFTY_GOLD","is_daily":false,"chose_seed":false,"campfire_upgraded":0,"win_rate":0.0,"timestamp":1612708155,"path_taken":["M","?","$","M","M","E","R","M","T","M","?","E"],"items_purchased_type":["Relic","Card","Card"],"build_version":"2020-12-22","purchased_purges":1,"victory":false,"max_hp_per_floor":[60,54,54,54,54,54,54,54,54,54,54,54,54],"card_choices":[{"not_picked":["Sucker Punch","Bane"],"picked":"Escape Plan","floor":1},{"not_picked":["Sucker Punch","Flying Knee"],"picked":"Dash","floor":4},{"not_picked":["Prepared","Sucker Punch"],"picked":"Storm of Steel","floor":5},{"not_picked":["Terror","Deflect","Underhanded Strike"],"picked":"SKIP","floor":6},{"not_picked":["Predator","Catalyst","Distraction"],"picked":"SKIP","floor":8},{"not_picked":["Predator","Distraction"],"picked":"Catalyst","floor":8},{"not_picked":["Terror","Deflect"],"picked":"Blur","floor":10}],"player_experience":1042760,"relics_obtained":[{"floor":6,"key":"Frozen Egg 2"},{"floor":9,"key":"Bottled Flame"}],"event_choices":[{"damage_healed":0,"gold_gain":0,"player_choice":"Lose Max HP","damage_taken":0,"relics_obtained":["Golden Idol"],"max_hp_gain":0,"max_hp_loss":6,"event_name":"Golden Idol","floor":2,"gold_loss":0},{"damage_healed":0,"gold_gain":0,"player_choice":"Success","damage_taken":26,"relics_obtained":["Smiling Mask"],"max_hp_gain":0,"max_hp_loss":0,"event_name":"Scrap Ooze","floor":11,"gold_loss":0}],"is_beta":false,"boss_relics":[],"items_purged_floors":[3],"is_endless":false,"potions_floor_spawned":[4,6],"killed_by":"3 Sentries","ascension_level":15}}