{"host":"5h6e4l6hpn0p5lap","time":1612734487,"event":{"mods":["AchievementEnabler","BaseMod","Better Altar","Better Match","Better Sensory Stone","Better Skull","Better Third Choice","Colored Map","Filter the Spire","Minty Spire (QoL Compilation)","StSLib"],"gold_per_floor":[117,67,87,167,182,182,209,209,209,266,297,297,310,328,328,432,432,432],"floor_reached":17,"language":"ENG","playtime":832,"items_purged":[],"score":239,"play_id":"3af7ecd9-13b5-463d-9a7f-8e88316f205a","local_time":"20210207164807","is_ascension_mode":true,"campfire_choices":[{"data":"Predator","floor":6,"key":"SMITH"},{"data":"Skewer","floor":8,"key":"SMITH"},{"floor":15,"key":"REST"}],"circlet_count":0,"master_deck":["Strike_G","Strike_G","Strike_G","Strike_G","Strike_G","Defend_G","Defend_G","Defend_G","Defend_G","Defend_G","Survivor","Neutralize","After Image","Predator+1","Sucker Punch","Leg Sweep","Skewer+1","PiercingWail","Glass Knife","Parasite","Slice","Deadly Poison","Envenom"],"relics":["Ring of the Snake","Calipers","Pear","Peace Pipe","Sundial","SlaversCollar"],"acts_visited":["Exordium","TheCity"],"potions_floor_usage":[7,10,11,16],"damage_taken":[{"damage":0,"enemies":"Small Slimes","floor":1,"turns":6},{"damage":0,"enemies":"2 Louse","floor":3,"turns":3},{"damage":0,"enemies":"Cultist","floor":5,"turns":4},{"damage":12,"enemies":"3 Sentries","floor":7,"turns":10},{"damage":10,"enemies":"3 Sentries","floor":10,"turns":13},{"damage":14,"enemies":"Gremlin Nob","floor":11,"turns":4},{"damage":10,"enemies":"Exordium Thugs","floor":13,"turns":5},{"damage":5,"enemies":"Lots of Slimes","floor":14,"turns":4},{"damage":48,"enemies":"The Guardian","floor":16,"turns":15}],"seed_played":"2747755737920260465","potions_obtained":[{"floor":1,"key":"Energy Potion"},{"floor":7,"key":"Energy Potion"},{"floor":10,"key":"AttackPotion"},{"floor":14,"key":"Swift Potion"}],"is_trial":false,"path_per_floor":["M","$","M","?","M","R","E","R","T","?","E","?","M","M","R","B",null],"character_chosen":"THE_SILENT","items_purchased":["Sucker Punch"],"campfire_rested":1,"item_purchase_floors":[2],"current_hp_per_floor":[63,63,63,63,63,63,51,51,61,51,37,57,47,42,66,18,65,65],"gold":432,"neow_bonus":"ONE_RANDOM_RARE_CARD","is_daily":false,"chose_seed":false,"campfire_upgraded":2,"win_rate":0.0,"timestamp":1612734487,"path_taken":["M","$","M","?","M","R","E","R","T","?","E","?","M","M","R","BOSS"],"items_purchased_type":["Card"],"build_version":"2020-12-22","purchased_purges":0,"victory":false,"max_hp_per_floor":[70,70,70,70,70,70,70,70,80,80,80,80,80,80,80,80,80,80],"card_choices":[{"not_picked":["Backflip","Setup"],"picked":"Predator","floor":1},{"not_picked":["Dodge and Roll","Prepared","Infinite Blades"],"picked":"SKIP","floor":3},{"not_picked":["Outmaneuver","Prepared"],"picked":"Leg Sweep","floor":5},{"not_picked":["Leg Sweep","Crippling Poison"],"picked":"Skewer","floor":7},{"not_picked":["Choke","Outmaneuver"],"picked":"PiercingWail","floor":10},{"not_picked":["PiercingWail","Underhanded Strike"],"picked":"Glass Knife","floor":11},{"not_picked":["Riddle With Holes","Sucker Punch"],"picked":"Slice","floor":13},{"not_picked":["All Out Attack","Quick Slash"],"picked":"Deadly Poison","floor":14},{"not_picked":["Corpse Explosion","Tools of the Trade"],"picked":"Envenom","floor":16}],"player_experience":1079854,"relics_obtained":[{"floor":7,"key":"Calipers"},{"floor":9,"key":"Pear"},{"floor":10,"key":"Peace Pipe"},{"floor":11,"key":"Sundial"}],"event_choices":[{"damage_healed":0,"gold_gain":80,"player_choice":"Gained Gold","damage_taken":0,"max_hp_gain":0,"max_hp_loss":0,"event_name":"Golden Wing","floor":4,"gold_loss":0},{"damage_healed":0,"gold_gain":0,"player_choice":"Searched \u00271\u0027 times","damage_taken":0,"max_hp_gain":0,"max_hp_loss":0,"event_name":"Dead Adventurer","floor":10,"gold_loss":0},{"damage_healed":20,"gold_gain":0,"player_choice":"Healed and dodged fight","damage_taken":0,"max_hp_gain":0,"max_hp_loss":0,"event_name":"Mushrooms","floor":12,"gold_loss":0,"cards_obtained":["Parasite"]}],"is_beta":false,"boss_relics":[{"not_picked":["Velvet Choker","Fusion Hammer"],"picked":"SlaversCollar"}],"items_purged_floors":[],"is_endless":false,"potions_floor_spawned":[1,7,10,14],"ascension_level":9}}