{"host":"tj6tjcyqgbd0xj5u","time":1612727805,"event":{"mods":["Aspiration","BaseMod","Better Match","BetterRewards","Challenge The Spire","Conspire","Defuse TimeMaze Blight","Dota2Spire","Downfall","Energized Spire","Evolution","GifTheSpireLib","Good Game Mod","Halation","Hubris","Hyrulean Relics","Infinite Spire","Minty Spire (QoL Compilation)","Reliquary","Replay The Spire","Reworked Bosses","Spikes Relics","StS++","StSLib","Stuff the Spire"],"gold_per_floor":[118,219,236,255,272,272,292,311,336,370,370,370,370],"floor_reached":12,"language":"ENG","playtime":483,"items_purged":[],"score":107,"play_id":"76c427d9-7082-4ec7-8641-27ab928ca554","local_time":"20210207155645","is_ascension_mode":true,"campfire_choices":[{"data":"expansioncontent:QuickStudy","floor":6,"key":"SMITH"},{"floor":11,"key":"REST"}],"circlet_count":0,"master_deck":["StuffTheSpire:RockThrow","Strike_R","Strike_R","Strike_R","Strike_R","Defend_R","Defend_R","Defend_R","Defend_R","Bash","expansioncontent:QuickStudy+1","hubris:Lust","StuffTheSpire:Resist","Cleave","True Grit","Infernal Blade","Double Tap","StuffTheSpire:Slingshot","Spot Weakness","ReplayTheSpireMod:Muscle Training","Sword Boomerang"],"relics":["Burning Blood","EVO:Axolotl","REME:ComplimentaryCards","halation:OrihimeAndHikoboshiSamaAndTears","aspiration:TomeofQuesting","hubris:OldNail"],"acts_visited":["Exordium"],"potions_floor_usage":[5],"damage_taken":[{"damage":4,"enemies":"2 Louse","floor":1,"turns":2},{"damage":10,"enemies":"Small Slimes","floor":3,"turns":4},{"damage":3,"enemies":"Cultist","floor":4,"turns":3},{"damage":5,"enemies":"3 Louse","floor":5,"turns":3},{"damage":4,"enemies":"2 Fungi Beasts","floor":7,"turns":3},{"damage":10,"enemies":"Looter","floor":8,"turns":2},{"damage":61,"enemies":"Lagavulin","floor":10,"turns":8},{"damage":49,"enemies":"3 Sentries","floor":12,"turns":4}],"seed_played":"-1978245345788930183","potions_obtained":[{"floor":3,"key":"ElixirPotion"},{"floor":4,"key":"AttackPotion"},{"floor":5,"key":"Milkshake"}],"is_trial":false,"path_per_floor":["M","?","M","M","M","R","M","M","T","E","R","E"],"character_chosen":"IRONCLAD","items_purchased":[],"campfire_rested":1,"item_purchase_floors":[],"current_hp_per_floor":[74,74,70,73,74,74,76,72,72,17,41,0,0],"gold":370,"neow_bonus":"ONE_RARE_RELIC","is_daily":false,"chose_seed":false,"campfire_upgraded":1,"win_rate":0.0,"timestamp":1612727805,"path_taken":["M","?","?","M","M","R","M","M","T","E","R","E"],"items_purchased_type":[],"build_version":"2020-12-22","purchased_purges":0,"victory":false,"max_hp_per_floor":[80,80,80,80,80,80,80,80,80,80,80,80,80],"card_choices":[{"not_picked":["Abandon","Clothesline"],"picked":"StuffTheSpire:Resist","floor":1},{"not_picked":["Heavy Blade","Pommel Strike"],"picked":"Cleave","floor":2},{"not_picked":["StSpp:Succumb","Replay:Undeath\u0027s Touch"],"picked":"True Grit","floor":2},{"not_picked":["Replay:Undeath\u0027s Touch","Rupture"],"picked":"Infernal Blade","floor":2},{"not_picked":["Perfected Strike","Cleave"],"picked":"Double Tap","floor":3},{"not_picked":["StSpp:CounterStrike","StSpp:TheBiggerTheyAre"],"picked":"StuffTheSpire:Slingshot","floor":4},{"not_picked":["Absolvement","Headbutt"],"picked":"Spot Weakness","floor":5},{"not_picked":["Clothesline","StuffTheSpire:RagingBull","Armaments"],"picked":"SKIP","floor":7},{"not_picked":["Thunderclap","StSpp:Betrayal"],"picked":"ReplayTheSpireMod:Muscle Training","floor":8},{"not_picked":["StuffTheSpire:BloodClot","Reaper"],"picked":"Sword Boomerang","floor":10}],"player_experience":125458,"relics_obtained":[{"floor":9,"key":"aspiration:TomeofQuesting"},{"floor":10,"key":"hubris:OldNail"}],"event_choices":[],"is_beta":false,"boss_relics":[],"items_purged_floors":[],"is_endless":false,"potions_floor_spawned":[3,4,5],"killed_by":"3 Sentries","ascension_level":6}}