{"host":"etcb6tchevl37gae","time":1612671180,"event":{"mods":["BaseMod","Duelist Mod","GifTheSpireLib","Hubris","Minty Spire (QoL Compilation)","Permanent Neow","Remove Card Discount Mod","StSLib"],"gold_per_floor":[142,142,142,142,4482,4482,4498,4498,4498,4498,4532,4543,4575,4594,4594,4694,4694,4712,4725,4737,4737,4737,4737],"floor_reached":22,"language":"ENG","playtime":1618,"items_purged":["theDuelist:ArmoredZombie","theDuelist:PsiCurse"],"score":213,"play_id":"b14f9a7d-c20f-43bc-b179-301e9efb0b01","local_time":"20210207121300","is_ascension_mode":true,"campfire_choices":[{"data":"theDuelist:PyramidWonders","floor":6,"key":"SMITH"},{"data":"theDuelist:Tsukahagi","floor":10,"key":"SMITH"},{"floor":15,"key":"REST"}],"circlet_count":0,"master_deck":["theDuelist:ZombieCorpse","theDuelist:ZombieCorpse","theDuelist:ZombieCorpse","theDuelist:ZombieCorpse","theDuelist:ArchfiendZombieSkull","theDuelist:ArmoredZombie","theDuelist:ClownZombie","theDuelist:ShallowGrave","theDuelist:TutanMask","theDuelist:GhostOgre","theDuelist:GhostrickMummy","theDuelist:OverpoweringEye+1","theDuelist:PyramidWonders+1","theDuelist:Tsukahagi+1","theDuelist:RelinquishedFusion+1","theDuelist:RebornZombie+1","theDuelist:TributeDoomed","theDuelist:ZombieMaster+1","theDuelist:VendreadChimera+1","theDuelist:Miscellaneousaurus+1","theDuelist:WightLady+1"],"relics":["theDuelist:MillenniumPuzzle","theDuelist:CardPoolRelic","theDuelist:CardPoolBasicRelic","theDuelist:BoosterPackPoolRelic","theDuelist:CardPoolAddRelic","theDuelist:CardPoolMinusRelic","theDuelist:CardPoolSaveRelic","theDuelist:CardPoolOptionsRelic","hubris:Icosahedron","theDuelist:MillenniumRing","Oddly Smooth Stone","Runic Capacitor","hubris:BallOfYels","hubris:EvacipatedBox","hubris:FruitBowl","White Beast Statue","Molten Egg 2","hubris:Backtick","theDuelist:BoosterBetterBoostersRelic"],"acts_visited":["Exordium","TheCity"],"potions_floor_usage":[13,13,13,19,20,20],"damage_taken":[{"damage":1,"enemies":"Jaw Worm","floor":1,"turns":5},{"damage":0,"enemies":"Small Slimes","floor":7,"turns":2},{"damage":7,"enemies":"Lagavulin","floor":11,"turns":5},{"damage":0,"enemies":"Cultist","floor":12,"turns":2},{"damage":18,"enemies":"3 Sentries","floor":13,"turns":7},{"damage":5,"enemies":"Exordium Wildlife","floor":14,"turns":2},{"damage":3,"enemies":"Hexaghost","floor":16,"turns":5},{"damage":15,"enemies":"2 Thieves","floor":18,"turns":2},{"damage":2,"enemies":"3 Byrds","floor":19,"turns":4},{"damage":40,"enemies":"Shelled Parasite and Fungi","floor":20,"turns":5},{"damage":32,"enemies":"3 Cultists","floor":22,"turns":4}],"seed_played":"-928547983316982111","potions_obtained":[{"floor":7,"key":"Block Potion"},{"floor":11,"key":"Dexterity Potion"},{"floor":12,"key":"SkillPotion"},{"floor":13,"key":"theDuelist:BigTributeBottle"},{"floor":14,"key":"theDuelist:BonePotion"},{"floor":16,"key":"FearPotion"},{"floor":19,"key":"theDuelist:VoidBottle"},{"floor":20,"key":"theDuelist:SoulPotion"}],"is_trial":false,"path_per_floor":["M","?","?","?","$","R","M","$","T","R","E","M","E","M","R","B",null,"M","M","M","?","M"],"character_chosen":"THE_DUELIST","items_purchased":["Oddly Smooth Stone","Runic Capacitor","hubris:BallOfYels","theDuelist:PyramidWonders","hubris:EvacipatedBox","hubris:FruitBowl"],"campfire_rested":1,"item_purchase_floors":[5,5,5,5,8,8],"current_hp_per_floor":[79,71,71,71,71,71,71,33,33,33,26,26,8,3,27,24,80,65,63,23,23,0,0],"gold":4737,"neow_bonus":"THREE_CARDS","is_daily":false,"chose_seed":false,"campfire_upgraded":2,"win_rate":0.0,"timestamp":1612671180,"path_taken":["M","?","?","?","$","R","M","?","T","R","E","?","E","M","R","BOSS","M","M","M","?","M"],"items_purchased_type":["Relic","Relic","Relic","Card","Relic","Relic"],"build_version":"2020-12-22","purchased_purges":2,"victory":false,"max_hp_per_floor":[80,80,80,80,80,80,80,80,80,80,80,80,80,80,80,80,80,80,80,80,80,80,80],"card_choices":[{"not_picked":["theDuelist:PyramidTurtle","theDuelist:GhostrickJiangshi"],"picked":"theDuelist:GhostOgre","floor":0},{"not_picked":["theDuelist:PhantomGhost","theDuelist:GhostrickAlucard","theDuelist:Chewbone","theDuelist:AshBlossom"],"picked":"theDuelist:GhostrickMummy","floor":1},{"not_picked":["theDuelist:VampireRetainer","theDuelist:ShiranuiSolitaire","theDuelist:GhostrickJackfrost","theDuelist:AvendreadSavior"],"picked":"theDuelist:Tsukahagi","floor":7},{"not_picked":["theDuelist:VendreadCore","theDuelist:WightLady","theDuelist:ParallelWorldFusion","theDuelist:Tengu"],"picked":"theDuelist:DesLacooda","floor":11},{"not_picked":["theDuelist:Pumpking","theDuelist:GiantAxeMummy","theDuelist:VampireScarletScourge","theDuelist:CrimsonKnightVampire"],"picked":"theDuelist:RelinquishedFusion","floor":12},{"not_picked":["theDuelist:FuryFire+1","theDuelist:FlameGhost+1","theDuelist:ShiranuiSpectralsword+1","theDuelist:ShiranuiSpectralswordShade+1"],"picked":"theDuelist:RebornZombie+1","floor":13},{"not_picked":["theDuelist:UnderworldCannon+1","theDuelist:FusionWeapon+1","theDuelist:ZombieWorld","theDuelist:VendreadNightmare"],"picked":"theDuelist:TributeDoomed","floor":14},{"not_picked":["theDuelist:YukiOnnaAbsolute","theDuelist:SoulRelease","theDuelist:Scapeghost","theDuelist:FusionGuard"],"picked":"theDuelist:ZombieMaster+1","floor":16},{"not_picked":["theDuelist:WightLady+1","theDuelist:NecroworldBanshee+1","theDuelist:RevendreadExecutor+1","theDuelist:CrimsonKnightVampire+1"],"picked":"theDuelist:VendreadChimera+1","floor":18},{"not_picked":["theDuelist:OvertexQoatlus+1","theDuelist:MammothGraveyard+1","theDuelist:FossilSkullknight+1","theDuelist:FossilSkullbuggy"],"picked":"theDuelist:Miscellaneousaurus+1","floor":19},{"not_picked":["theDuelist:GhostrickYeti+1","theDuelist:DarkDustSpirit","theDuelist:DesLacooda","theDuelist:AntiFusionDevice"],"picked":"theDuelist:WightLady+1","floor":20}],"player_experience":124308,"relics_obtained":[{"floor":9,"key":"White Beast Statue"},{"floor":13,"key":"Molten Egg 2"}],"event_choices":[{"power_reward":1,"total_magic_score":16,"gold_gain":0,"duelist":true,"damage_taken":8,"relics_obtained":[],"points":2,"max_hp_gain":0,"max_hp_loss":0,"spent_points":{"magic":0,"greed":0,"war":0,"power":1,"hunger":1},"event_name":"Nameless Tomb","floor":2,"gold_loss":0,"cards_obtained":["theDuelist:OverpoweringEye"]},{"damage_healed":0,"gold_gain":0,"player_choice":"Took item - Received: Millennium Ring","duelist":true,"damage_taken":0,"max_hp_gain":0,"max_hp_loss":0,"event_name":"Millennium Items","floor":4,"gold_loss":0}],"is_beta":false,"boss_relics":[{"not_picked":["hubris:ScarierMask","theDuelist:ElectricKey","Velvet Choker"],"picked":"hubris:Backtick"}],"items_purged_floors":[5,5],"is_endless":false,"potions_floor_spawned":[7,11,12,13,14,16,18,19,20],"killed_by":"3 Cultists","ascension_level":2}}