{"host":"630px4nyj50z5id8","time":1612708473,"event":{"mods":["BaseMod","Better Note","Colored Powertips","Good Game Mod","Minty Spire (QoL Compilation)","Quick Restart","Rare Cards Sparkle","Relic Filter Mod","Replay The Spire","StSLib","Waifu the Spire"],"gold_per_floor":[165,165,165,209,272,380,423,482,482,547,591,591,654,727,727,816,816,857,925,925,113,177,177,177,237,311,421,503,552,600,600,4,68,68,183,183,227,227,227,323,198,257,273,316,341,376,226,54,54,154,154,204],"floor_reached":53,"language":"ZHS","playtime":3570,"items_purged":["Strike_G+1","Strike_G+1","Neutralize+1","Well Laid Plans+1"],"score":1805,"play_id":"297a548a-e2de-4a49-8fe8-242d303670d6","local_time":"20210207223433","is_ascension_mode":true,"campfire_choices":[{"floor":12.0,"key":"REST"},{"floor":15.0,"key":"REST"},{"floor":31.0,"key":"REST"},{"floor":34.0,"key":"DIG"},{"floor":51,"key":"REST"}],"circlet_count":0,"master_deck":["Apotheosis+1","HandOfGreed+1","Well Laid Plans+1","Defend_G+1","Defend_G+1","Defend_G+1","Defend_G+1","Survivor+1","Establishment+1","Underhanded Strike+1","All Out Attack+1","Noxious Fumes+1","Underhanded Strike+1","Acrobatics","Blur","Night Terror","Well Laid Plans+1","Sadistic Nature+1","Acrobatics","Replay:Bag of Tricks","Bouncing Flask","Burst","Footwork+1","Toxin Wave+1","Prepared","Footwork+1","ReplayTheSpireMod:Private Reserves","Noxious Fumes+1"],"relics":["Ring of the Snake","REME:ComplimentaryCards","Mummified Hand","Golden Idol","Frozen Egg 2","TungstenRod","Replay:Bottled Eggs","Bottled Lightning","Garlic","Sozu","Nloth\u0027s Gift","BargainBundle","MealTicket","WingedGreaves","Whetstone","Bronze Scales","Onion Ring","Mirror","ClockworkSouvenir","Replay:PocketPolymizer","Darkstone Periapt","Black Star","Toy Ornithopter","Replay:Accelerometer","Happy Flower","Bag of Marbles","Replay:Bottled Steam"],"acts_visited":["Exordium","TheCity","TheBeyond"],"potions_floor_usage":[44,52],"damage_taken":[{"damage":0.0,"enemies":"2 Louse","floor":1.0,"turns":3.0},{"damage":0.0,"enemies":"Cultist","floor":4.0,"turns":1.0},{"damage":0.0,"enemies":"Small Slimes","floor":5.0,"turns":3.0},{"damage":4.0,"enemies":"3 Sentries","floor":6.0,"turns":8.0},{"damage":0.0,"enemies":"Looter","floor":7.0,"turns":3.0},{"damage":7.0,"enemies":"Lagavulin","floor":8.0,"turns":4.0},{"damage":0.0,"enemies":"3 Louse","floor":10.0,"turns":6.0},{"damage":6.0,"enemies":"Gremlin Nob","floor":11.0,"turns":4.0},{"damage":0.0,"enemies":"Lagavulin","floor":13.0,"turns":4.0},{"damage":0.0,"enemies":"Large Slime","floor":14.0,"turns":6.0},{"damage":0.0,"enemies":"Fading Forest","floor":16.0,"turns":11.0},{"damage":0.0,"enemies":"Spheric Guardian","floor":18.0,"turns":4.0},{"damage":0.0,"enemies":"2 Thieves","floor":19.0,"turns":3.0},{"damage":0.0,"enemies":"Centurion and Healer","floor":22.0,"turns":6.0},{"damage":4.0,"enemies":"Book of Stabbing","floor":25.0,"turns":5.0},{"damage":3.0,"enemies":"3 Cultists","floor":26.0,"turns":5.0},{"damage":13.0,"enemies":"Slavers","floor":27.0,"turns":4.0},{"damage":9.0,"enemies":"Cultist and Chosen","floor":29.0,"turns":5.0},{"damage":0.0,"enemies":"Snecko","floor":30.0,"turns":3.0},{"damage":4.0,"enemies":"Book of Stabbing","floor":33.0,"turns":4.0},{"damage":0.0,"enemies":"Champ","floor":35.0,"turns":5.0},{"damage":2.0,"enemies":"3 Darklings","floor":37.0,"turns":5.0},{"damage":0.0,"enemies":"3 Shapes","floor":40.0,"turns":5.0},{"damage":19.0,"enemies":"Nemesis","floor":42.0,"turns":7.0},{"damage":5.0,"enemies":"Transient","floor":43.0,"turns":6.0},{"damage":24,"enemies":"Jaw Worm Horde","floor":44,"turns":4},{"damage":2,"enemies":"R_Hoarder","floor":46,"turns":7},{"damage":25,"enemies":"4 Shapes","floor":50,"turns":4},{"damage":32,"enemies":"Donu and Deca","floor":52,"turns":10}],"seed_played":"3682961664959181312","potions_obtained":[{"floor":1.0,"key":"Block Potion"},{"floor":4.0,"key":"Fire Potion"},{"floor":11.0,"key":"LifebloodPotion"},{"floor":16.0,"key":"Dexterity Potion"}],"is_trial":false,"path_per_floor":["M","?","?","M","M","E","M","E","T","M","E","R","E","M","R","B",null,"M","M","?","$","M","PTL","PTL","E","M","E","T","M","M","R","$","E","R","B",null,"M","?","?","M","$","E","M","M","T","E","$","$","?","M","R","B",null],"character_chosen":"THE_SILENT","items_purchased":["BargainBundle","Well Laid Plans+1","Sadistic Nature+1","MealTicket","WingedGreaves","Acrobatics","Footwork+1","Mirror","ClockworkSouvenir","Footwork+1","ReplayTheSpireMod:Private Reserves"],"campfire_rested":4,"item_purchase_floors":[21,21,21,21,21,21,32,32,32,48,48],"current_hp_per_floor":[59,36,36,36,36,32,32,25,25,25,19,38,38,38,57,57,64,64,64,64,64,64,64,64,60,57,44,44,35,35,54,66,62,62,62,65,63,63,63,63,66,47,42,23,23,21,36,51,51,26,45,18],"gold":204,"neow_bonus":"THREE_ENEMY_KILL","is_daily":false,"chose_seed":false,"campfire_upgraded":0,"win_rate":0.0,"timestamp":1612708473,"path_taken":["M","?","?","M","?","E","M","E","T","M","E","R","E","?","R","BOSS","M","M","?","$","?","PTL","PTL","E","M","E","T","M","M","R","$","E","R","BOSS","M","?","?","M","$","E","M","M","T","E","$","$","?","M","R","BOSS"],"items_purchased_type":["Relic","Card","Card","Relic","Relic","Card","Card","Relic","Relic","Card","Card"],"build_version":"2020-12-22","purchased_purges":4,"victory":true,"max_hp_per_floor":[66,66,66,66,66,66,66,66,66,66,66,66,66,66,66,66,66,66,66,66,66,66,66,66,66,66,66,66,66,66,66,66,66,66,66,66,66,66,66,66,66,66,66,66,66,66,66,66,66,66,66,66],"card_choices":[{"not_picked":["Outmaneuver","Quick Slash"],"picked":"Underhanded Strike","floor":1.0},{"not_picked":["Slice","PiercingWail"],"picked":"All Out Attack","floor":4.0},{"not_picked":["Deflect","ReplayTheSpireMod:Shiv Toss","Finisher"],"picked":"SKIP","floor":5.0},{"not_picked":["Escape Plan","Sucker Punch"],"picked":"Noxious Fumes+1","floor":6.0},{"not_picked":["Predator","Endless Agony"],"picked":"Underhanded Strike","floor":7.0},{"not_picked":["Deadly Poison","Flying Knee"],"picked":"Acrobatics","floor":8.0},{"not_picked":["Acrobatics","Adrenaline"],"picked":"Well Laid Plans+1","floor":10.0},{"not_picked":["Distraction","Expertise","Dash"],"picked":"SKIP","floor":11.0},{"not_picked":["Slice","Prepared"],"picked":"Blur","floor":13.0},{"not_picked":["Dodge and Roll","Flying Knee","Outmaneuver"],"picked":"SKIP","floor":14.0},{"not_picked":["Malaise","Atom Bomb"],"picked":"Night Terror","floor":16.0},{"not_picked":["Distraction","Blade Dance","Hidden Blade"],"picked":"SKIP","floor":18.0},{"not_picked":["Skewer","Slice","Poisoned Stab"],"picked":"SKIP","floor":19.0},{"not_picked":["Dagger Spray","Backstab","ReplayTheSpireMod:Exploit Weakness"],"picked":"SKIP","floor":22.0},{"not_picked":["Expertise","Storm of Steel"],"picked":"Replay:Bag of Tricks","floor":25.0},{"not_picked":["Poisoned Stab","Backflip","Endless Agony"],"picked":"SKIP","floor":26.0},{"not_picked":["Tactician","Underhanded Strike"],"picked":"Bouncing Flask","floor":27.0},{"not_picked":["Poisoned Stab","Underhanded Strike","Hidden Blade"],"picked":"SKIP","floor":29.0},{"not_picked":["Backflip","Flying Knee"],"picked":"Burst","floor":30.0},{"not_picked":["Hidden Blade+1","ReplayTheSpireMod:Tripwire","Burst"],"picked":"SKIP","floor":33.0},{"not_picked":["Skewer","Leg Sweep+1"],"picked":"Toxin Wave+1","floor":37.0},{"not_picked":["Slice+1","ReplayTheSpireMod:Scrap Shanks+1","Toxin Wave"],"picked":"SKIP","floor":40.0},{"not_picked":["Poisoned Stab","Tactician","ReplayTheSpireMod:From All Sides"],"picked":"SKIP","floor":42.0},{"not_picked":["Dagger Throw+1","Infinite Blades+1"],"picked":"Prepared","floor":43.0},{"not_picked":["ReplayTheSpireMod:Shiv Toss+1","Accuracy+1","Deadly Poison"],"picked":"SKIP","floor":44},{"not_picked":["Crippling Poison+1","Grand Finale","Glass Knife"],"picked":"SKIP","floor":46},{"not_picked":["Underhanded Strike+1","Slice","Toxin Wave"],"picked":"SKIP","floor":50}],"player_experience":423884,"relics_obtained":[{"floor":6.0,"key":"Frozen Egg 2"},{"floor":8.0,"key":"TungstenRod"},{"floor":9.0,"key":"Replay:Bottled Eggs"},{"floor":11.0,"key":"Bottled Lightning"},{"floor":13.0,"key":"Garlic"},{"floor":25.0,"key":"Whetstone"},{"floor":27.0,"key":"Bronze Scales"},{"floor":28.0,"key":"Onion Ring"},{"floor":33.0,"key":"Replay:PocketPolymizer"},{"floor":34.0,"key":"Darkstone Periapt"},{"floor":42.0,"key":"Toy Ornithopter"},{"floor":42.0,"key":"Replay:Accelerometer"},{"floor":45,"key":"Happy Flower"},{"floor":46,"key":"Bag of Marbles"},{"floor":46,"key":"Replay:Bottled Steam"}],"event_choices":[{"damage_healed":0.0,"max_hp_gain":0.0,"max_hp_loss":0.0,"gold_gain":0.0,"event_name":"Golden Idol","player_choice":"Take Damage","floor":2.0,"gold_loss":0.0,"damage_taken":23.0,"relics_obtained":["Golden Idol"]},{"cards_removed":["Strike_G"],"damage_healed":0.0,"max_hp_gain":0.0,"max_hp_loss":0.0,"gold_gain":0.0,"event_name":"Purifier","player_choice":"Purged","floor":3.0,"gold_loss":0.0,"damage_taken":0.0},{"damage_healed":0.0,"max_hp_gain":0.0,"max_hp_loss":0.0,"gold_gain":0.0,"event_name":"N\u0027loth","player_choice":"Traded Relic","floor":20.0,"relics_lost":["NeowsBlessing"],"gold_loss":0.0,"damage_taken":0.0,"relics_obtained":["Nloth\u0027s Gift"]},{"damage_healed":0.0,"max_hp_gain":0.0,"max_hp_loss":0.0,"gold_gain":0.0,"event_name":"Tomb of Lord Red Mask","player_choice":"Ignored","floor":38.0,"gold_loss":0.0,"damage_taken":0.0},{"cards_removed":["Defend_G"],"damage_healed":0.0,"max_hp_gain":0.0,"max_hp_loss":0.0,"gold_gain":0.0,"event_name":"Falling","player_choice":"Removed Skill","floor":39.0,"gold_loss":0.0,"damage_taken":0.0},{"damage_healed":0,"gold_gain":0,"player_choice":"Copied","damage_taken":0,"max_hp_gain":0,"max_hp_loss":0,"event_name":"Duplicator","floor":49,"gold_loss":0,"cards_obtained":["Noxious Fumes"]}],"is_beta":false,"boss_relics":[{"not_picked":["Busted Crown","Ring of the Serpent"],"picked":"Sozu"},{"not_picked":["WristBlade","SacredBark"],"picked":"Black Star"}],"items_purged_floors":[21,32,41,47],"is_endless":false,"potions_floor_spawned":[1,4,8,11,16,18,22,29,30,35,40,42],"ascension_level":18}}