{"host":"l6vifo5ajdb3p20b","time":1612691696,"event":{"mods":["2.2 Compatiblity","BaseMod","Better Altar","Better Sensory Stone","Better Skull","Better Third Choice","BetterRewards","Block Reminder","Booster Modes","Card Forge","Clockwork Mod","Colored Map","Defuse TimeMaze Blight","Energized Spire","Evolution","Hubris","Minty Spire (QoL Compilation)","Relic Stats","Reliquary","StSLib","The Blackbeard","The Necromancer"],"gold_per_floor":[119,139,139,24,37,37,47,76,76,107,107,107,77,94,94,190,190,205,216,235,235,235,235],"floor_reached":22,"language":"ENG","playtime":2783,"items_purged":[],"score":206,"play_id":"8780f1a3-de5a-4414-a780-4c9c282e5d96","local_time":"20210207165456","is_ascension_mode":true,"campfire_choices":[{"data":"Clockwork:LiteraryArmor","floor":6.0,"key":"SMITH"},{"data":"Clockwork:Tinker","floor":11.0,"key":"SMITH"},{"data":"Clockwork:RampUp","floor":15.0,"key":"SMITH"}],"circlet_count":0,"master_deck":["Clockwork:Roundhouse+1","Clockwork:CogToss","Clockwork:Friction","Clockwork:Pluck","Clockwork:Shield","Clockwork:Shield","Clockwork:Shield","Clockwork:Tinker+1","Clockwork:WarmUp","Clockwork:Handicap","Clockwork:CogBarrier","Clockwork:RampUp+1","Clockwork:LiteraryArmor+1","Clockwork:SpringShield","Clockwork:HeadStart","Clockwork:LiteraryArmor","Clockwork:DefectiveParts","Clockwork:SnapKeep","Clockwork:InertialShield+1","Clockwork:TimeWalk+1","Clockwork:Redundancy+1","Clockwork:QuantumStrike+1","Clockwork:SmithsMallet"],"relics":["Clockwork:MomentumEngine","Hammer of Thor","Seething Fire","Anvil of the Gods","EVO:Axolotl","Gambling Chip","reliquary:BoilingFlask","Toxic Egg 2","Clockwork:CopperScales","energizedSpire:CursedPentagram","Nilry\u0027s Codex"],"acts_visited":["Exordium","TheCity"],"potions_floor_usage":[],"damage_taken":[{"damage":2.0,"enemies":"Jaw Worm","floor":1.0,"turns":6.0},{"damage":0.0,"enemies":"2 Louse","floor":2.0,"turns":3.0},{"damage":8.0,"enemies":"Cultist","floor":5.0,"turns":6.0},{"damage":3.0,"enemies":"Large Slime","floor":7.0,"turns":9.0},{"damage":13.0,"enemies":"Gremlin Nob","floor":8.0,"turns":5.0},{"damage":10.0,"enemies":"3 Sentries","floor":10.0,"turns":11.0},{"damage":0.0,"enemies":"Looter","floor":13.0,"turns":4.0},{"damage":9.0,"enemies":"2 Fungi Beasts","floor":14.0,"turns":4.0},{"damage":25.0,"enemies":"Slime Boss","floor":16.0,"turns":9.0},{"damage":12.0,"enemies":"3 Byrds","floor":18.0,"turns":4.0},{"damage":0.0,"enemies":"2 Thieves","floor":19.0,"turns":4.0},{"damage":0.0,"enemies":"Snecko","floor":20.0,"turns":3.0},{"damage":0,"enemies":"Chosen and Byrds","floor":22,"turns":1}],"seed_played":"-4874359527769095258","potions_obtained":[{"floor":1.0,"key":"Weak Potion"},{"floor":5.0,"key":"Swift Potion"},{"floor":14.0,"key":"Weak Potion"},{"floor":16.0,"key":"FearPotion"},{"floor":20.0,"key":"FearPotion"}],"is_trial":false,"path_per_floor":["M","M","?","$","M","R","M","E","T","E","R","?","M","M","R","B",null,"M","M","M","?","M"],"character_chosen":"CLOCKWORK","items_purchased":["Clockwork:LiteraryArmor","Clockwork:SpringShield"],"campfire_rested":0,"item_purchase_floors":[4,4],"current_hp_per_floor":[91,91,84,84,76,76,73,60,60,50,50,50,50,41,41,16,93,81,81,81,65,65,65],"gold":235,"neow_bonus":"TEN_PERCENT_HP_BONUS","is_daily":false,"chose_seed":false,"campfire_upgraded":3,"win_rate":0.0,"timestamp":1612691696,"path_taken":["M","M","?","$","M","R","M","E","T","E","R","?","?","M","R","BOSS","M","M","M","?","M"],"items_purchased_type":["Card","Card"],"build_version":"2020-12-22","purchased_purges":0,"victory":false,"max_hp_per_floor":[93,93,93,93,93,93,93,93,93,93,93,93,93,93,93,93,93,93,93,93,93,93,93],"relic_stats":{"counters":[13,68],"Gambling Chip":[16],"obtain_stats":[{"Clockwork:MomentumEngine":0,"energizedSpire:CursedPentagram":17,"Anvil of the Gods":0,"Clockwork:CopperScales":16,"Nilry\u0027s Codex":21,"Gambling Chip":8,"reliquary:BoilingFlask":9,"Hammer of Thor":0,"EVO:Axolotl":0,"Seething Fire":0,"Toxic Egg 2":10},{"Clockwork:MomentumEngine":0,"energizedSpire:CursedPentagram":9,"Anvil of the Gods":0,"Clockwork:CopperScales":9,"Nilry\u0027s Codex":12,"Gambling Chip":5,"reliquary:BoilingFlask":5,"Hammer of Thor":0,"EVO:Axolotl":0,"Seething Fire":0,"Toxic Egg 2":6},{"Clockwork:MomentumEngine":0,"energizedSpire:CursedPentagram":57,"Anvil of the Gods":0,"Clockwork:CopperScales":52,"Nilry\u0027s Codex":68,"Gambling Chip":29,"reliquary:BoilingFlask":29,"Hammer of Thor":0,"EVO:Axolotl":0,"Seething Fire":0,"Toxic Egg 2":40}]},"card_choices":[{"not_picked":["Clockwork:LogisticRegression","Clockwork:InertialShield"],"picked":"Clockwork:CogBarrier","floor":1.0},{"not_picked":["Clockwork:CogBarrier","Clockwork:CogShield"],"picked":"Clockwork:RampUp","floor":2.0},{"not_picked":["Clockwork:Enhance","Clockwork:FalseStart"],"picked":"Clockwork:HeadStart","floor":5.0},{"not_picked":["Clockwork:FalseStart","Clockwork:CogBarrier"],"picked":"Clockwork:LiteraryArmor","floor":7.0},{"not_picked":["Clockwork:RampUp","Clockwork:Pluck"],"picked":"Clockwork:DefectiveParts","floor":8.0},{"not_picked":["Clockwork:Minimalism+1","Clockwork:CogToss"],"picked":"Clockwork:SnapKeep","floor":10.0},{"not_picked":["Clockwork:InertialShield+1","Clockwork:Friction"],"picked":"Clockwork:CraftCopperScales+1","floor":13.0},{"not_picked":["Clockwork:SnapKeep","Clockwork:Minimalism+1"],"picked":"Clockwork:InertialShield+1","floor":14.0},{"not_picked":["Clockwork:Strangle","Clockwork:KaliMa"],"picked":"Clockwork:TimeWalk+1","floor":16.0},{"not_picked":["Clockwork:ChargingShield+1","Clockwork:CogToss"],"picked":"Clockwork:Redundancy+1","floor":18.0},{"not_picked":["Clockwork:ChargingBlade+1","Clockwork:AdaptiveShield+1"],"picked":"Clockwork:QuantumStrike+1","floor":19.0},{"not_picked":["Clockwork:Roundhouse+1","Clockwork:CogBarrier+1"],"picked":"Clockwork:SmithsMallet","floor":20.0}],"player_experience":1174611,"relics_obtained":[{"floor":8.0,"key":"Gambling Chip"},{"floor":9.0,"key":"reliquary:BoilingFlask"},{"floor":10.0,"key":"Toxic Egg 2"},{"floor":21.0,"key":"Nilry\u0027s Codex"}],"event_choices":[{"cards_removed":["Clockwork:Shield"],"damage_healed":0.0,"max_hp_gain":0.0,"max_hp_loss":0.0,"gold_gain":0.0,"event_name":"Golden Wing","player_choice":"Card Removal","floor":3.0,"gold_loss":0.0,"damage_taken":7.0},{"damage_healed":0.0,"max_hp_gain":0.0,"max_hp_loss":0.0,"gold_gain":0.0,"event_name":"Accursed Blacksmith","player_choice":"Forge","floor":12.0,"gold_loss":0.0,"damage_taken":0.0,"cards_upgraded":["Clockwork:Roundhouse"]},{"damage_healed":0.0,"max_hp_gain":0.0,"max_hp_loss":0.0,"gold_gain":0.0,"event_name":"Cursed Tome","player_choice":"Obtained Book","floor":21.0,"gold_loss":0.0,"damage_taken":16.0}],"is_beta":false,"boss_relics":[{"not_picked":["Pandora\u0027s Box","Black Star"],"picked":"energizedSpire:CursedPentagram"}],"items_purged_floors":[],"is_endless":false,"potions_floor_spawned":[1,5,14,16,20],"killed_by":"Chosen and Byrds","ascension_level":1}}