{"host":"i2ntsfwoh5q5m216","time":1612718866,"event":{"mods":["BaseMod","Colored Map","Downfall","Minty Spire (QoL Compilation)","StSLib"],"gold_per_floor":[109,109,123,142,142,177,196,227,227,240,265,265,265,279,279,379,379,390,390,246,246,246,280,294,313,313,346,346,346,373,373,373,373,373],"floor_reached":33,"language":"ENG","playtime":1024,"items_purged":[],"score":364,"play_id":"8f11aaf0-526d-446f-9004-521f9188a2a1","local_time":"20210207112745","is_ascension_mode":true,"campfire_choices":[{"floor":12.0,"key":"REST"},{"data":"Immolate","floor":15.0,"key":"SMITH"},{"data":"Rampage","floor":29,"key":"SMITH"},{"floor":32,"key":"REST"}],"circlet_count":0,"master_deck":["Strike_R+1","Strike_R+1","Strike_R+1","Strike_R+1","Strike_R+1","Defend_R+1","Defend_R+1","Defend_R+1","Defend_R+1","Bash","Immolate+1","Armaments+1","Clothesline","Thunderclap","Flex","Armaments+1","Flex","Rampage+1","True Grit+1","Evolve+1","Ghostly+1","Ghostly+1","Ghostly+1","Ghostly+1","Ghostly+1","Clothesline+1"],"relics":["Burning Blood","Charon\u0027s Ashes","Bottled Flame","Bag of Preparation","Question Card","Bag of Marbles","SacredBark","Kunai","Red Skull","Pear","Darkstone Periapt","Toxic Egg 2","WingedGreaves"],"acts_visited":["Exordium","TheCity"],"potions_floor_usage":[25,27],"damage_taken":[{"damage":6.0,"enemies":"Cultist","floor":1.0,"turns":3.0},{"damage":0.0,"enemies":"2 Louse","floor":3.0,"turns":1.0},{"damage":0.0,"enemies":"Small Slimes","floor":4.0,"turns":3.0},{"damage":23.0,"enemies":"Gremlin Nob","floor":6.0,"turns":4.0},{"damage":0.0,"enemies":"Gremlin Gang","floor":7.0,"turns":1.0},{"damage":25.0,"enemies":"3 Sentries","floor":8.0,"turns":4.0},{"damage":9.0,"enemies":"Red Slaver","floor":10.0,"turns":3.0},{"damage":31.0,"enemies":"Lagavulin","floor":11.0,"turns":5.0},{"damage":0.0,"enemies":"Looter","floor":14.0,"turns":2.0},{"damage":40.0,"enemies":"The Guardian","floor":16.0,"turns":15.0},{"damage":1.0,"enemies":"3 Byrds","floor":18.0,"turns":2.0},{"damage":7,"enemies":"Slavers","floor":23,"turns":2},{"damage":15,"enemies":"Chosen","floor":24,"turns":4},{"damage":7,"enemies":"Centurion and Healer","floor":25,"turns":2},{"damage":51,"enemies":"Gremlin Leader","floor":27,"turns":6},{"damage":18,"enemies":"Slavers","floor":30,"turns":3},{"damage":27,"enemies":"Automaton","floor":33,"turns":8}],"seed_played":"-2731436924121837772","potions_obtained":[{"floor":1.0,"key":"LiquidBronze"},{"floor":8.0,"key":"BlessingOfTheForge"},{"floor":10.0,"key":"EssenceOfSteel"},{"floor":11.0,"key":"Block Potion"},{"floor":18.0,"key":"hexamod:SoulburnPotion"},{"floor":24,"key":"Explosive Potion"}],"is_trial":false,"path_per_floor":["M","$","M","M","?","E","M","E","T","M","E","R","?","M","R","B",null,"M","T","$","?","?","E","M","M","T","E","?","R","E","?","R","B"],"character_chosen":"IRONCLAD","items_purchased":["Red Skull"],"campfire_rested":2,"item_purchase_floors":[20],"current_hp_per_floor":[72,72,72,72,72,55,61,42,42,39,14,35,35,41,41,7,72,72,72,72,72,72,81,72,71,71,26,26,26,14,14,26,0,0],"gold":373,"neow_bonus":"THREE_RARE_CARDS","is_daily":false,"chose_seed":false,"campfire_upgraded":2,"win_rate":0.0,"timestamp":1612718865,"path_taken":["M","?","M","M","?","E","M","E","T","M","E","R","?","?","R","BOSS","M","?","$","?","?","E","?","M","T","E","?","R","E","?","R","BOSS"],"items_purchased_type":["Relic"],"build_version":"2020-12-22","purchased_purges":0,"victory":false,"max_hp_per_floor":[72,72,72,72,72,72,72,72,72,72,72,72,72,72,72,72,72,72,72,72,72,72,82,82,82,82,82,41,41,41,41,41,41,41],"card_choices":[{"not_picked":["Demon Form","Impervious"],"picked":"Immolate","floor":0.0},{"not_picked":["Havoc","True Grit"],"picked":"Armaments","floor":1.0},{"not_picked":["True Grit","Headbutt","Perfected Strike"],"picked":"SKIP","floor":3.0},{"not_picked":["Sword Boomerang","Rupture","Feel No Pain"],"picked":"SKIP","floor":4.0},{"not_picked":["Havoc","Power Through"],"picked":"Clothesline","floor":6.0},{"not_picked":["Wild Strike","Havoc"],"picked":"Thunderclap","floor":7.0},{"not_picked":["Headbutt","Twin Strike","Berserk"],"picked":"SKIP","floor":8.0},{"not_picked":["Cleave","Second Wind","Inflame","Headbutt"],"picked":"SKIP","floor":10.0},{"not_picked":["Body Slam","Wild Strike","Berserk","Clothesline"],"picked":"SKIP","floor":11.0},{"not_picked":["Burning Pact","Cleave","Warcry"],"picked":"Flex","floor":14.0},{"not_picked":["Headbutt","Flex","Combust"],"picked":"Armaments+1","floor":18.0},{"not_picked":["Dual Wield","Flex","Disarm+1"],"picked":"Rampage","floor":23},{"not_picked":["Clash","Seeing Red","Hemokinesis"],"picked":"True Grit+1","floor":24},{"not_picked":["Metallicize","Blood for Blood","Flex"],"picked":"Evolve+1","floor":25},{"not_picked":["Metallicize","Carnage","Entrench+1","Cleave"],"picked":"SKIP","floor":27},{"not_picked":["Sever Soul","Sword Boomerang","Headbutt"],"picked":"Clothesline+1","floor":30}],"player_experience":44246,"relics_obtained":[{"floor":6.0,"key":"Bottled Flame"},{"floor":8.0,"key":"Bag of Preparation"},{"floor":9.0,"key":"Question Card"},{"floor":11.0,"key":"Bag of Marbles"},{"floor":19,"key":"Kunai"},{"floor":23,"key":"Pear"},{"floor":26,"key":"Darkstone Periapt"},{"floor":27,"key":"Toxic Egg 2"},{"floor":30,"key":"WingedGreaves"}],"event_choices":[{"damage_healed":0.0,"max_hp_gain":0.0,"max_hp_loss":0.0,"gold_gain":0.0,"event_name":"Big Fish","player_choice":"Box","floor":5.0,"gold_loss":0.0,"damage_taken":0.0,"relics_obtained":["Charon\u0027s Ashes"],"cards_obtained":["Regret"]},{"cards_removed":["Regret"],"damage_healed":0.0,"max_hp_gain":0.0,"max_hp_loss":0.0,"gold_gain":0.0,"event_name":"Purifier","player_choice":"Purged","floor":13.0,"gold_loss":0.0,"damage_taken":0.0},{"damage_healed":0,"gold_gain":0,"player_choice":"Read","damage_taken":0,"max_hp_gain":0,"max_hp_loss":0,"event_name":"The Library","floor":21,"gold_loss":0,"cards_obtained":["Flex"]},{"damage_healed":0,"gold_gain":0,"player_choice":"Forge","damage_taken":0,"max_hp_gain":0,"max_hp_loss":0,"event_name":"Accursed Blacksmith","floor":22,"gold_loss":0,"cards_upgraded":["Armaments"]},{"damage_healed":0,"gold_gain":0,"player_choice":"Became a Ghost","damage_taken":0,"max_hp_gain":0,"max_hp_loss":41,"event_name":"Ghosts","floor":28,"gold_loss":0,"cards_obtained":["Ghostly","Ghostly","Ghostly","Ghostly","Ghostly"]},{"damage_healed":0,"gold_gain":0,"player_choice":"Simplicity","damage_taken":0,"max_hp_gain":0,"max_hp_loss":0,"event_name":"Back to Basics","floor":31,"gold_loss":0,"cards_upgraded":["Strike_R","Strike_R","Strike_R","Strike_R","Strike_R","Defend_R","Defend_R","Defend_R","Defend_R"]}],"is_beta":false,"boss_relics":[{"not_picked":["Calling Bell","Philosopher\u0027s Stone"],"picked":"SacredBark"}],"items_purged_floors":[],"is_endless":false,"potions_floor_spawned":[1,8,10,11,18,24],"killed_by":"Automaton","ascension_level":1}}