{"host":"1q02rw1wpi0nrsss","time":1612662888,"event":{"mods":["AchievementEnabler","BaseMod","Better Note","Better Third Choice","Bossed Relics","Custom Start","Dark Map","DeckTracker","Disable Question Mark Monsters","Minty Spire (QoL Compilation)","Permanent Neow","Quick Restart","Rare Cards Sparkle","Relic Stats","StSLib","??????REMEMod"],"gold_per_floor":[112,131,131,147,162,191,191,191,191,191,42,42,75,90,90,187,187,207,51,66,79,79,79,94,94,94,94,112,172,97,112,112,217,217,232,232,232,248,2,2,2,2,57,75,93,120,120,170,170,170,170,170,45,72,72],"floor_reached":56,"language":"ENG","playtime":1801,"items_purged":["Strike_G","Strike_G","Strike_G"],"score":1619,"play_id":"c03198c7-d0cf-40c8-ad4a-ea84fe9c8148","local_time":"20210206175448","is_ascension_mode":true,"campfire_choices":[{"data":"REME_Flogging","floor":8,"key":"SMITH"},{"data":"Blade Dance","floor":10,"key":"SMITH"},{"floor":12,"key":"REST"},{"data":"Accuracy","floor":15,"key":"SMITH"},{"data":"Footwork","floor":23,"key":"SMITH"},{"data":"Trip","floor":25,"key":"SMITH"},{"data":"Cloak And Dagger","floor":27,"key":"SMITH"},{"data":"Leg Sweep","floor":32,"key":"SMITH"},{"data":"Blur","floor":40,"key":"SMITH"},{"data":"Blade Dance","floor":42,"key":"SMITH"},{"data":"Backflip","floor":47,"key":"SMITH"},{"floor":49,"key":"RECALL"},{"data":"Neutralize","floor":52,"key":"SMITH"}],"circlet_count":0,"master_deck":["Defend_G","Defend_G","Defend_G","Defend_G","Defend_G","Survivor","Neutralize+1","REME_Flogging+1","Trip+1","Backflip+1","Blade Dance+1","Blade Dance+1","Cloak And Dagger+1","Accuracy+1","Leg Sweep+1","Footwork+1","REME_Flogging+1","PiercingWail","Finisher+1","Blur+1","Infinite Blades+1","Blur+1"],"relics":["Ring of the Snake","REME_ComplimentaryCards","REME_IWantAll","Prayer Wheel","Lantern","FossilizedHelix","WristBlade","Vajra","Kunai","Mummified Hand","Sozu","Nunchaku","Pen Nib","CaptainsWheel","Strawberry"],"acts_visited":["Exordium","TheCity","TheBeyond","TheEnding"],"potions_floor_usage":[6,16,29,29,54],"damage_taken":[{"damage":0,"enemies":"Jaw Worm","floor":1,"turns":1},{"damage":0,"enemies":"Cultist","floor":2,"turns":2},{"damage":0,"enemies":"Small Slimes","floor":4,"turns":2},{"damage":2,"enemies":"Exordium Wildlife","floor":5,"turns":2},{"damage":5,"enemies":"3 Sentries","floor":6,"turns":5},{"damage":0,"enemies":"Lagavulin","floor":13,"turns":3},{"damage":0,"enemies":"Large Slime","floor":14,"turns":3},{"damage":1,"enemies":"The Guardian","floor":16,"turns":8},{"damage":0,"enemies":"Chosen","floor":18,"turns":2},{"damage":0,"enemies":"Spheric Guardian","floor":20,"turns":2},{"damage":0,"enemies":"Cultist and Chosen","floor":21,"turns":4},{"damage":0,"enemies":"Sentry and Sphere","floor":24,"turns":4},{"damage":0,"enemies":"3 Cultists","floor":28,"turns":2},{"damage":7,"enemies":"Slavers","floor":29,"turns":2},{"damage":0,"enemies":"Snecko","floor":31,"turns":1},{"damage":0,"enemies":"Collector","floor":33,"turns":4},{"damage":0,"enemies":"3 Shapes","floor":35,"turns":1},{"damage":0,"enemies":"3 Darklings","floor":38,"turns":2},{"damage":0,"enemies":"4 Shapes","floor":44,"turns":3},{"damage":0,"enemies":"Maw","floor":45,"turns":3},{"damage":0,"enemies":"Reptomancer","floor":46,"turns":3},{"damage":0,"enemies":"2 Orb Walkers","floor":48,"turns":1},{"damage":0,"enemies":"Donu and Deca","floor":50,"turns":5},{"damage":0,"enemies":"Shield and Spear","floor":54,"turns":4},{"damage":77,"enemies":"The Heart","floor":55,"turns":8}],"seed_played":"-2646756899024530449","potions_obtained":[{"floor":2,"key":"PowerPotion"},{"floor":13,"key":"CultistPotion"},{"floor":14,"key":"FairyPotion"},{"floor":20,"key":"Weak Potion"},{"floor":24,"key":"REME_GoldPotion"},{"floor":31,"key":"AttackPotion"}],"is_trial":false,"path_per_floor":["M","M","?","M","M","E","?","R","T","R","$","R","E","M","R","B",null,"M","$","M","M","?","R","M","R","T","R","M","E","$","M","R","B",null,"M","?","?","M","$","R","$","R","T","M","M","E","R","?","R","B",null,"R","$","E","B",null],"character_chosen":"THE_SILENT","items_purchased":["Lantern","Vajra","Nunchaku"],"campfire_rested":1,"item_purchase_floors":[11,19,39],"current_hp_per_floor":[70,70,63,63,61,56,56,56,56,56,56,70,70,70,70,69,70,70,70,70,70,70,70,70,70,70,70,70,63,63,63,63,63,68,68,68,68,68,68,68,68,68,68,68,68,68,68,68,68,68,70,70,70,77,23],"gold":72,"neow_bonus":"RANDOM_COLORLESS","is_daily":false,"chose_seed":false,"campfire_upgraded":11,"win_rate":0.0,"timestamp":1612662888,"path_taken":["M","M","?","M","M","E","?","R","T","R","$","R","E","?","R","BOSS","M","$","?","M","?","R","M","R","T","R","M","E","$","?","R","BOSS","M","?","?","M","$","R","$","R","T","?","M","E","R","?","R","BOSS","R","$","E","BOSS"],"items_purchased_type":["Relic","Relic","Relic"],"build_version":"2020-12-22","purchased_purges":3,"victory":true,"max_hp_per_floor":[70,70,70,70,70,70,70,70,70,70,70,70,70,70,70,70,70,70,70,70,70,70,70,70,70,70,70,70,70,70,70,70,70,70,70,70,70,70,70,70,70,70,70,70,70,70,70,70,70,70,70,70,70,77,77],"relic_stats":{"Sozu":1,"Nunchaku":[9],"counters":[25,77],"Mummified Hand":[39],"Prayer Wheel":11,"Pen Nib":[6],"Kunai":[37],"obtain_stats":[{"Lantern":11,"Vajra":19,"Pen Nib":46,"REME_IWantAll":6,"Sozu":34,"Nunchaku":39,"CaptainsWheel":48,"WristBlade":17,"Mummified Hand":29,"Strawberry":54,"Prayer Wheel":9,"Kunai":26,"FossilizedHelix":13,"Ring of the Snake":0,"REME_ComplimentaryCards":0},{"Lantern":5,"Vajra":9,"Pen Nib":21,"REME_IWantAll":5,"Sozu":16,"Nunchaku":18,"CaptainsWheel":22,"WristBlade":8,"Mummified Hand":14,"Strawberry":24,"Prayer Wheel":5,"Kunai":12,"FossilizedHelix":6,"Ring of the Snake":0,"REME_ComplimentaryCards":0},{"Lantern":12,"Vajra":28,"Pen Nib":59,"REME_IWantAll":12,"Sozu":47,"Nunchaku":50,"CaptainsWheel":60,"WristBlade":26,"Mummified Hand":42,"Strawberry":69,"Prayer Wheel":12,"Kunai":38,"FossilizedHelix":15,"Ring of the Snake":0,"REME_ComplimentaryCards":0}],"Ring of the Snake":[50]},"card_choices":[{"not_picked":["Discovery","REME_MagicPocketWatch"],"picked":"Trip","floor":0.0},{"not_picked":["Slice","PiercingWail"],"picked":"Backflip","floor":1},{"not_picked":["Cloak And Dagger","Bane"],"picked":"Blade Dance","floor":2},{"not_picked":["Tactician","Slice"],"picked":"Blade Dance","floor":4},{"not_picked":["REME_GreenPollution","Poisoned Stab"],"picked":"Cloak And Dagger","floor":5},{"not_picked":["Flying Knee","Skewer","Tactician"],"picked":"SKIP","floor":6},{"not_picked":["Blade Dance","Crippling Poison"],"picked":"Accuracy","floor":13},{"not_picked":["Setup","Heel Hook"],"picked":"Leg Sweep","floor":14},{"not_picked":["Quick Slash","Slice","Concentrate"],"picked":"SKIP","floor":14},{"not_picked":["Prepared","Skewer","Tactician"],"picked":"SKIP","floor":18},{"not_picked":["Quick Slash","Dagger Spray+1","Flying Knee"],"picked":"SKIP","floor":18},{"not_picked":["Flechettes","Caltrops","REME_GreenPollution"],"picked":"SKIP","floor":20},{"not_picked":["Backflip","Underhanded Strike","REME_GreenPollution"],"picked":"SKIP","floor":20},{"not_picked":["Accuracy","Deadly Poison+1"],"picked":"Footwork","floor":21},{"not_picked":["Deadly Poison","Dagger Spray","Concentrate"],"picked":"SKIP","floor":21},{"not_picked":["Riddle With Holes+1","Underhanded Strike"],"picked":"PiercingWail","floor":24},{"not_picked":["REME_GreenPollution+1","Acrobatics","Masterful Stab+1"],"picked":"SKIP","floor":24},{"not_picked":["Dash","Endless Agony"],"picked":"Finisher","floor":28},{"not_picked":["Dagger Spray","Bullet Time","Distraction"],"picked":"SKIP","floor":28},{"not_picked":["Underhanded Strike+1","All Out Attack","Caltrops"],"picked":"SKIP","floor":29},{"not_picked":["Riddle With Holes","Bouncing Flask","Well Laid Plans"],"picked":"SKIP","floor":31},{"not_picked":["Dagger Spray+1","Flying Knee","Dodge and Roll+1"],"picked":"SKIP","floor":31},{"not_picked":["Blade Dance","Prepared","Dagger Throw"],"picked":"SKIP","floor":35},{"not_picked":["Blade Dance","Prepared+1","Slice+1"],"picked":"SKIP","floor":35},{"not_picked":["Deflect+1","Leg Sweep+1"],"picked":"Blur","floor":38},{"not_picked":["Backflip+1","Sucker Punch+1","Dodge and Roll"],"picked":"SKIP","floor":38},{"not_picked":["Underhanded Strike+1","Quick Slash+1"],"picked":"Infinite Blades+1","floor":44},{"not_picked":["Caltrops","Glass Knife","Underhanded Strike"],"picked":"SKIP","floor":44},{"not_picked":["Acrobatics","Footwork"],"picked":"Blur+1","floor":45},{"not_picked":["PiercingWail+1","Backflip","Underhanded Strike+1"],"picked":"SKIP","floor":45},{"not_picked":["Expertise","Well Laid Plans","Skewer+1"],"picked":"SKIP","floor":46},{"not_picked":["Riddle With Holes+1","Catalyst+1","Unload"],"picked":"SKIP","floor":54}],"player_experience":83641,"relics_obtained":[{"floor":6,"key":"REME_IWantAll"},{"floor":9,"key":"Prayer Wheel"},{"floor":13,"key":"FossilizedHelix"},{"floor":26,"key":"Kunai"},{"floor":29,"key":"Mummified Hand"},{"floor":46,"key":"Pen Nib"},{"floor":48,"key":"CaptainsWheel"},{"floor":54,"key":"Strawberry"}],"event_choices":[{"cards_removed":["Strike_G"],"damage_healed":0,"gold_gain":0,"player_choice":"Card Removal","damage_taken":7,"max_hp_gain":0,"max_hp_loss":0,"event_name":"Golden Wing","floor":3,"gold_loss":0},{"cards_removed":["Strike_G"],"damage_healed":0,"gold_gain":0,"player_choice":"Offered Basic","damage_taken":0,"max_hp_gain":0,"max_hp_loss":0,"event_name":"Bonfire Elementals","floor":7,"gold_loss":0},{"damage_healed":0,"gold_gain":0,"player_choice":"Copied","damage_taken":0,"max_hp_gain":0,"max_hp_loss":0,"event_name":"Duplicator","floor":22,"gold_loss":0,"cards_obtained":["REME_Flogging"]},{"damage_healed":0,"gold_gain":0,"player_choice":"Ignored","damage_taken":0,"max_hp_gain":0,"max_hp_loss":0,"event_name":"Tomb of Lord Red Mask","floor":36,"gold_loss":0},{"damage_healed":0,"gold_gain":0,"player_choice":"Forge","damage_taken":0,"max_hp_gain":0,"max_hp_loss":0,"event_name":"Accursed Blacksmith","floor":37,"gold_loss":0,"cards_upgraded":["Finisher"]},{"damage_healed":0,"gold_gain":0,"player_choice":"Fight","damage_taken":0,"max_hp_gain":0,"max_hp_loss":0,"event_name":"Mysterious Sphere","floor":48,"gold_loss":0}],"is_beta":false,"boss_relics":[{"not_picked":["HoveringKite","REME_DemonsWealth"],"picked":"WristBlade"},{"not_picked":["Fusion Hammer","Runic Dome"],"picked":"Sozu"}],"items_purged_floors":[30,39,53],"is_endless":false,"potions_floor_spawned":[2,13,14,20,24,31,46],"ascension_level":5}}