{"host":"yiwf5cuj7e45awf3","time":1612701371,"event":{"mods":["BaseMod","Downfall","Hermit","Highlight Path","Hubris","Infinite Spire","Lobotomy","Marisa£®ÏF”Í°°ƒß¿Ì…≥£©","Minty Spire (QoL Compilation)","READ ME - Guardian Mod","Remilia£®¿Ÿ√◊¿Ú—«£©","Replay The Spire","StSLib","The Animator","The Construct","The Cursed","The Disciple","The Hierophant","The Jungle","The Necromancer","The Runesmith","The Servant 0.9.4"],"gold_per_floor":[118,132,132,132,307,307,307,307,307,53,72,82,97,108,108,108,108],"floor_reached":16,"language":"ZHS","playtime":747,"items_purged":[],"score":92,"play_id":"8b7012ba-4f8c-4205-a0ef-33d47f95a9d1","local_time":"20210207203611","is_ascension_mode":false,"campfire_choices":[{"data":"construct:FierceBash","floor":6,"key":"SMITH"},{"data":"construct:AttackMode","floor":8,"key":"SMITH"},{"floor":15,"key":"REST"}],"circlet_count":0,"master_deck":["construct:Strike_Gold","construct:Strike_Gold","construct:Strike_Gold","construct:Strike_Gold","construct:Strike_Gold","construct:Defend_Gold","construct:Defend_Gold","construct:Defend_Gold","construct:Defend_Gold","construct:Defend_Gold","construct:AttackMode+1","construct:DefenseMode","construct:FierceBash+1","construct:ReactiveShield","construct:Synchronize+1","Doubt","Enlightenment","construct:Overcharge","construct:Analyze","construct:Autoturret","construct:SyphonStrike"],"relics":["construct:Cogwheel","Boot","Oddly Smooth Stone","Pen Nib"],"acts_visited":["Exordium"],"potions_floor_usage":[16,16,16],"damage_taken":[{"damage":0,"enemies":"Small Slimes","floor":1,"turns":2},{"damage":3,"enemies":"2 Louse","floor":2,"turns":3},{"damage":5,"enemies":"Jaw Worm","floor":11,"turns":2},{"damage":11,"enemies":"Looter","floor":12,"turns":3},{"damage":23,"enemies":"Large Slime","floor":13,"turns":5},{"damage":7,"enemies":"Blue Slaver","floor":14,"turns":4},{"damage":63,"enemies":"The Guardian","floor":16,"turns":10}],"seed_played":"7351917146400516443","potions_obtained":[{"floor":1,"key":"BlessingOfTheForge"},{"floor":2,"key":"Dexterity Potion"},{"floor":12,"key":"DuplicationPotion"}],"is_trial":false,"path_per_floor":["M","M","?","?","?","R","?","R","T","$","M","M","M","M","R","B"],"character_chosen":"THE_CONSTRUCT_MOD","items_purchased":["Enlightenment","Pen Nib"],"campfire_rested":1,"item_purchase_floors":[10,10],"current_hp_per_floor":[85,82,82,82,82,82,82,82,82,82,77,66,43,36,61,0,0],"gold":108,"neow_bonus":"THREE_CARDS","is_daily":false,"chose_seed":false,"campfire_upgraded":2,"win_rate":0.0,"timestamp":1612701371,"path_taken":["M","M","?","?","?","R","?","R","T","$","?","M","M","M","R","BOSS"],"items_purchased_type":["Card","Relic"],"build_version":"2020-12-22","purchased_purges":0,"victory":false,"max_hp_per_floor":[85,85,85,85,85,85,85,85,85,85,85,85,85,85,85,85,85],"card_choices":[{"not_picked":["construct:Reinforce","construct:Zapper"],"picked":"construct:FierceBash","floor":0},{"not_picked":["construct:SweepLaser","construct:ClusterMines"],"picked":"construct:ReactiveShield","floor":1},{"not_picked":["construct:OneWayMirror","construct:Reinforce"],"picked":"construct:Synchronize","floor":2},{"not_picked":["construct:Versatility","construct:Anticipate"],"picked":"construct:Overcharge","floor":11},{"not_picked":["construct:ClusterMines","construct:ShiftGuard"],"picked":"construct:Analyze","floor":12},{"not_picked":["construct:HeavyBolt","construct:Impenetrable"],"picked":"construct:Autoturret","floor":13},{"not_picked":["construct:ElectricArmor","construct:SweepLaser"],"picked":"construct:SyphonStrike","floor":14}],"player_experience":89197,"relics_obtained":[{"floor":7,"key":"Boot"},{"floor":9,"key":"Oddly Smooth Stone"}],"event_choices":[{"damage_healed":0,"gold_gain":0,"player_choice":"Grow","damage_taken":0,"max_hp_gain":0,"max_hp_loss":0,"event_name":"Living Wall","floor":3,"gold_loss":0,"cards_upgraded":["construct:Synchronize"]},{"damage_healed":0,"gold_gain":0,"player_choice":"Leave","damage_taken":0,"max_hp_gain":0,"max_hp_loss":0,"event_name":"The Cleric","floor":4,"gold_loss":0},{"damage_healed":0,"gold_gain":175,"player_choice":"AGREE","damage_taken":0,"max_hp_gain":0,"max_hp_loss":0,"event_name":"Liars Game","floor":5,"gold_loss":0,"cards_obtained":["Doubt"]}],"is_beta":false,"boss_relics":[],"items_purged_floors":[],"is_endless":false,"potions_floor_spawned":[1,2,12],"killed_by":"The Guardian","ascension_level":0}}