{"host":"d52brwsy6af8zvaq","time":1612728731,"event":{"mods":["AchievementEnabler","BaseMod","Bestiary","Highlight Path","Minty Spire (QoL Compilation)","Quick Restart","Relic Stats","ojb\u0027s Better Paths Mod"],"gold_per_floor":[116,116,134,184,203,203,235,245,272,272,286,326,291,326,326,412,412,436,445,445,374,212,254,254,254,254],"floor_reached":25,"language":"ENG","playtime":899,"items_purged":["Strike_B"],"score":474,"play_id":"3496312c-090e-4b7d-8347-78a86fedbab3","local_time":"20210207131211","is_ascension_mode":true,"campfire_choices":[{"data":"Streamline","floor":6.0,"key":"SMITH"},{"data":"Zap","floor":10.0,"key":"SMITH"},{"data":"Buffer","floor":15.0,"key":"SMITH"},{"floor":24,"key":"REST"}],"circlet_count":0,"master_deck":["AscendersBane","Strike_B","Defend_B","Defend_B+1","Defend_B","Defend_B","Zap+1","Dualcast","Sweeping Beam","Tempest+1","Streamline+1","Loop","Undo","Ball Lightning","BootSequence","Buffer+1","Biased Cognition","Leap","Defragment","Turbo","Self Repair","Hologram","Defragment+1"],"relics":["Cracked Core","DataDisk","Blood Vial","Orichalcum","CeramicFish","War Paint","Empty Cage","The Courier"],"acts_visited":["Exordium","TheCity"],"potions_floor_usage":[23,23],"damage_taken":[{"damage":0.0,"enemies":"Small Slimes","floor":1.0,"turns":3.0},{"damage":10.0,"enemies":"2 Louse","floor":3.0,"turns":3.0},{"damage":0.0,"enemies":"Cultist","floor":5.0,"turns":3.0},{"damage":15.0,"enemies":"Lagavulin","floor":7.0,"turns":7.0},{"damage":2.0,"enemies":"Large Slime","floor":8.0,"turns":4.0},{"damage":2.0,"enemies":"Blue Slaver","floor":11.0,"turns":3.0},{"damage":13.0,"enemies":"3 Sentries","floor":12.0,"turns":8.0},{"damage":8.0,"enemies":"Gremlin Nob","floor":14.0,"turns":3.0},{"damage":29.0,"enemies":"Hexaghost","floor":16.0,"turns":10.0},{"damage":13.0,"enemies":"Chosen","floor":18.0,"turns":5.0},{"damage":0,"enemies":"2 Thieves","floor":21,"turns":4},{"damage":33,"enemies":"Book of Stabbing","floor":23,"turns":4},{"damage":41,"enemies":"Slavers","floor":25,"turns":3}],"seed_played":"-6851081940419436622","potions_obtained":[{"floor":1.0,"key":"Fire Potion"},{"floor":7.0,"key":"ColorlessPotion"},{"floor":8.0,"key":"BlessingOfTheForge"},{"floor":12.0,"key":"Swift Potion"},{"floor":16.0,"key":"EssenceOfDarkness"},{"floor":18.0,"key":"FocusPotion"}],"is_trial":false,"path_per_floor":["M","?","M","?","M","R","E","M","T","R","M","E","?","E","R","B",null,"M","?","?","M","$","E","R","E"],"character_chosen":"DEFECT","items_purchased":["Self Repair","Hologram"],"campfire_rested":1,"item_purchase_floors":[22,22],"current_hp_per_floor":[64,64,54,54,54,54,39,39,39,39,39,28,45,39,39,12,56,45,45,45,47,47,16,37,0,0],"gold":254,"neow_bonus":"RANDOM_COMMON_RELIC","is_daily":false,"chose_seed":false,"campfire_upgraded":3,"win_rate":0.0,"timestamp":1612728731,"path_taken":["M","?","M","?","M","R","E","M","T","R","?","E","?","E","R","BOSS","M","?","?","M","$","E","R","E"],"items_purchased_type":["Card","Card"],"build_version":"2020-12-22","purchased_purges":1,"victory":false,"max_hp_per_floor":[71,71,71,71,71,71,71,71,71,71,71,71,71,71,71,71,71,71,71,71,71,71,71,71,71,71],"relic_stats":{"Blood Vial":18,"counters":[13,60],"CeramicFish":81,"Orichalcum":[102],"War Paint":["Defend_B","Tempest"],"obtain_stats":[{"Blood Vial":7,"DataDisk":0,"CeramicFish":12,"The Courier":23,"Orichalcum":9,"War Paint":14,"Cracked Core":0,"Empty Cage":17},{"Blood Vial":4,"DataDisk":0,"CeramicFish":7,"The Courier":12,"Orichalcum":5,"War Paint":8,"Cracked Core":0,"Empty Cage":9},{"Blood Vial":16,"DataDisk":0,"CeramicFish":31,"The Courier":57,"Orichalcum":20,"War Paint":34,"Cracked Core":0,"Empty Cage":44}]},"card_choices":[{"not_picked":["Reprogram","Reinforced Body"],"picked":"Sweeping Beam","floor":1.0},{"not_picked":["Turbo","Beam Cell"],"picked":"Tempest","floor":3.0},{"not_picked":["Beam Cell","Undo"],"picked":"Streamline","floor":5.0},{"not_picked":["Gash","Streamline"],"picked":"Loop","floor":7.0},{"not_picked":["Doom and Gloom","Compile Driver"],"picked":"Undo","floor":8.0},{"not_picked":["Hello World","Fission"],"picked":"Ball Lightning","floor":11.0},{"not_picked":["Sweeping Beam","Tempest"],"picked":"BootSequence","floor":12.0},{"not_picked":["Hologram","Reprogram"],"picked":"Buffer","floor":14.0},{"not_picked":["Amplify","Rainbow"],"picked":"Biased Cognition","floor":16.0},{"not_picked":["Rebound","Steam"],"picked":"Leap","floor":18.0},{"not_picked":["Sweeping Beam","Beam Cell"],"picked":"Turbo","floor":21},{"not_picked":["Redo","Glacier"],"picked":"Defragment+1","floor":23}],"player_experience":2188885,"relics_obtained":[{"floor":7.0,"key":"Blood Vial"},{"floor":9.0,"key":"Orichalcum"},{"floor":12.0,"key":"CeramicFish"},{"floor":14.0,"key":"War Paint"},{"floor":23,"key":"The Courier"}],"event_choices":[{"damage_healed":0.0,"max_hp_gain":0.0,"max_hp_loss":0.0,"gold_gain":0.0,"event_name":"Liars Game","player_choice":"Ignored","floor":2.0,"gold_loss":0.0,"damage_taken":0.0},{"damage_healed":0.0,"max_hp_gain":0.0,"max_hp_loss":0.0,"gold_gain":50.0,"event_name":"Golden Shrine","player_choice":"Pray","floor":4.0,"gold_loss":0.0,"damage_taken":0.0},{"damage_healed":17.0,"max_hp_gain":0.0,"max_hp_loss":0.0,"gold_gain":0.0,"event_name":"The Cleric","player_choice":"Healed","floor":13.0,"gold_loss":35.0,"damage_taken":0.0},{"damage_healed":0.0,"max_hp_gain":0.0,"max_hp_loss":0.0,"gold_gain":0.0,"event_name":"The Library","player_choice":"Read","floor":19.0,"gold_loss":0.0,"damage_taken":0.0,"cards_obtained":["Defragment"]},{"damage_healed":0.0,"max_hp_gain":0.0,"max_hp_loss":0.0,"gold_gain":0.0,"event_name":"Lab","player_choice":"Got Potions","floor":20.0,"gold_loss":0.0,"damage_taken":0.0}],"is_beta":false,"boss_relics":[{"not_picked":["Coffee Dripper","Black Star"],"picked":"Empty Cage"}],"items_purged_floors":[22],"is_endless":false,"potions_floor_spawned":[1,7,8,12,16,18],"killed_by":"Slavers","ascension_level":20}}