{"host":"ao4lxi9bhtts409i","time":1612704721,"event":{"mods":["AchievementEnabler","BaseMod","Colored Map","Colored Powertips","Minty Spire (QoL Compilation)","SuperFastMode"],"gold_per_floor":[113,113,188,238,257,257,290,199,253,281,281,314,324,324,324,324,324],"floor_reached":16,"language":"ENG","playtime":436,"items_purged":[],"score":133,"play_id":"a358e74d-e50d-40a8-a315-02961049ed9f","local_time":"20210207143201","is_ascension_mode":true,"campfire_choices":[{"data":"Gash","floor":6,"key":"SMITH"},{"data":"Bandage Up","floor":11,"key":"SMITH"},{"floor":15,"key":"REST"}],"circlet_count":0,"master_deck":["Strike_B","Strike_B","Strike_B","Defend_B","Defend_B","Defend_B","Defend_B","Zap","Dualcast","Doom and Gloom","Gash+1","Machine Learning","Bandage Up+1","Go for the Eyes","Self Repair","Leap"],"relics":["SacredBark","Anchor","Eternal Feather","Bag of Marbles","Bottled Flame","Potion Belt"],"acts_visited":["Exordium"],"potions_floor_usage":[16],"damage_taken":[{"damage":6,"enemies":"2 Louse","floor":1,"turns":4},{"damage":2,"enemies":"Jaw Worm","floor":5,"turns":3},{"damage":28,"enemies":"Gremlin Nob","floor":7,"turns":4},{"damage":52,"enemies":"Lagavulin","floor":10,"turns":9},{"damage":30,"enemies":"3 Sentries","floor":12,"turns":6},{"damage":0,"enemies":"Cultist","floor":13,"turns":3},{"damage":77,"enemies":"Hexaghost","floor":16,"turns":9}],"seed_played":"1296742710360367916","potions_obtained":[{"floor":7,"key":"FairyPotion"},{"floor":13,"key":"SneckoOil"}],"is_trial":false,"path_per_floor":["M","?","?","T","M","R","E","$","T","E","R","E","M","?","R","B"],"character_chosen":"DEFECT","items_purchased":["Bandage Up"],"campfire_rested":1,"item_purchase_floors":[8],"current_hp_per_floor":[69,74,63,63,61,61,33,33,33,48,54,30,36,36,69,0,0],"gold":324,"neow_bonus":"BOSS_RELIC","is_daily":false,"chose_seed":false,"campfire_upgraded":2,"win_rate":0.0,"timestamp":1612704721,"path_taken":["M","?","?","?","M","R","E","?","T","E","R","E","?","?","R","BOSS"],"items_purchased_type":["Card"],"build_version":"2020-12-22","purchased_purges":0,"victory":false,"max_hp_per_floor":[75,80,80,80,80,80,80,80,80,80,80,80,80,80,80,80,80],"card_choices":[{"not_picked":["Sweeping Beam","Redo"],"picked":"Doom and Gloom","floor":1},{"not_picked":["Doom and Gloom","Conserve Battery"],"picked":"Gash","floor":5},{"not_picked":["Beam Cell","Auto Shields"],"picked":"Machine Learning","floor":7},{"not_picked":["Rip and Tear","Barrage","Stack"],"picked":"SKIP","floor":10},{"not_picked":["Static Discharge","Sunder"],"picked":"Go for the Eyes","floor":12},{"not_picked":["Tempest","Auto Shields"],"picked":"Self Repair","floor":13}],"player_experience":271247,"relics_obtained":[{"floor":4,"key":"Anchor"},{"floor":7,"key":"Eternal Feather"},{"floor":9,"key":"Bag of Marbles"},{"floor":10,"key":"Bottled Flame"},{"floor":12,"key":"Potion Belt"}],"event_choices":[{"damage_healed":0,"gold_gain":0,"player_choice":"Donut","damage_taken":0,"max_hp_gain":5,"max_hp_loss":0,"event_name":"Big Fish","floor":2,"gold_loss":0},{"damage_healed":0,"gold_gain":75,"player_choice":"Gather Gold","damage_taken":11,"max_hp_gain":0,"max_hp_loss":0,"event_name":"World of Goop","floor":3,"gold_loss":0},{"damage_healed":0,"gold_gain":0,"cards_transformed":["Strike_B"],"player_choice":"Change","damage_taken":0,"max_hp_gain":0,"max_hp_loss":0,"event_name":"Living Wall","floor":14,"gold_loss":0,"cards_obtained":["Leap"]}],"is_beta":false,"boss_relics":[],"items_purged_floors":[],"is_endless":false,"potions_floor_spawned":[7,13],"killed_by":"Hexaghost","ascension_level":3}}