{"host":"fevvm7bbzuh4s1jc","time":1612719357,"event":{"mods":["BaseMod","Highlight Path","Minty Spire (QoL Compilation)","Relic Stats"],"gold_per_floor":[362,378,528,528,143,175,175,175,175],"floor_reached":8,"language":"ENG","playtime":400,"items_purged":["Doubt"],"score":108,"play_id":"5293c3c8-9fa8-47ac-884f-6611d316b3ca","local_time":"20210207123557","is_ascension_mode":true,"campfire_choices":[{"floor":7,"key":"REST"}],"circlet_count":0,"master_deck":["AscendersBane","Strike_G","Strike_G","Strike_G","Strike_G","Strike_G","Defend_G","Defend_G","Defend_G","Defend_G","Defend_G","Survivor","Neutralize","Eviscerate","Predator","Blade Dance","Cloak And Dagger"],"relics":["Ring of the Snake","Blood Vial","Letter Opener"],"acts_visited":["Exordium"],"potions_floor_usage":[6,6],"damage_taken":[{"damage":11.0,"enemies":"Jaw Worm","floor":1.0,"turns":8.0},{"damage":1.0,"enemies":"Small Slimes","floor":2.0,"turns":4.0},{"damage":31,"enemies":"3 Sentries","floor":6,"turns":9},{"damage":40,"enemies":"Lagavulin","floor":8,"turns":6}],"seed_played":"4105132641988806253","potions_obtained":[{"floor":2.0,"key":"BlessingOfTheForge"}],"is_trial":false,"path_per_floor":["M","M","?","?","$","E","R","E"],"character_chosen":"THE_SILENT","items_purchased":["CunningPotion","Blade Dance","Blood Vial"],"campfire_rested":1,"item_purchase_floors":[5,5,5],"current_hp_per_floor":[33,32,32,32,32,3,22,0,0],"gold":175,"neow_bonus":"TWO_FIFTY_GOLD","is_daily":false,"chose_seed":false,"campfire_upgraded":0,"win_rate":0.0,"timestamp":1612719357,"path_taken":["M","M","?","?","$","E","R","E"],"items_purchased_type":["Potion","Card","Relic"],"build_version":"2020-12-22","purchased_purges":1,"victory":false,"max_hp_per_floor":[66,66,66,66,66,66,66,66,66],"relic_stats":{"Blood Vial":4,"counters":[4,27],"Letter Opener":[5],"obtain_stats":[{"Blood Vial":5,"Letter Opener":6,"Ring of the Snake":0},{"Blood Vial":2,"Letter Opener":3,"Ring of the Snake":0},{"Blood Vial":12,"Letter Opener":21,"Ring of the Snake":0}],"Ring of the Snake":[8]},"card_choices":[{"not_picked":["Underhanded Strike","Noxious Fumes"],"picked":"Eviscerate","floor":1.0},{"not_picked":["Slice","Concentrate"],"picked":"Predator","floor":2.0},{"not_picked":["PiercingWail","Prepared"],"picked":"Cloak And Dagger","floor":6}],"player_experience":2797359,"relics_obtained":[{"floor":6,"key":"Letter Opener"}],"event_choices":[{"damage_healed":0.0,"max_hp_gain":0.0,"max_hp_loss":0.0,"gold_gain":150.0,"event_name":"Liars Game","player_choice":"AGREE","floor":3.0,"gold_loss":0.0,"damage_taken":0.0,"cards_obtained":["Doubt"]},{"damage_healed":0.0,"max_hp_gain":0.0,"max_hp_loss":0.0,"gold_gain":0.0,"event_name":"Shining Light","player_choice":"Ignored","floor":4.0,"gold_loss":0.0,"damage_taken":0.0}],"is_beta":false,"boss_relics":[],"items_purged_floors":[5],"is_endless":false,"potions_floor_spawned":[2],"killed_by":"Lagavulin","ascension_level":20}}