{"host":"v9gdkr2q6c652mzl","time":1612691583,"event":{"mods":["2.2 Compatiblity","Act Like it!","Always Whale","BaseMod","Better Altar","Better Match","Better Note","Better Sensory Stone","Better Skull","Better Third Choice","Better Vampires","CapriCore","Card Filter","Challenge The Spire","Colored Map","Colored Powertips","Conspire","Curses Come First","Dark Map","Displayed Cursed Tome","Ekko","Friendly Minions","GifTheSpireLib","Hermit","Hubris","Infinite Spire","Koishi","Marisa????????","Minty Spire (QoL Compilation)","Permanent Neow","Potion Indicator Mod","Practice Mode","Quick Restart","RNG Fix","Random Character Button","Rare Cards Sparkle","Relic Filter","Relic Sorter","Relic Stats","Replay The Spire","SCP261 Mod","Shop Mod","StSLib","Td1madao Mod","The Mystic","Thieving Mod","Uncapped","Unknown Chances"],"gold_per_floor":[113,113,126,141,151,151,176,196,196,224,236,236,15,15,15,116,116,130,140,140,140,159,159,170,170,196,228,228,257,268,303,303,400,400,416,416,435,450,70,100,100,135,135,135,147,147,164,179,179,179],"floor_reached":51,"language":"ENG","playtime":4758,"items_purged":["Defend_C"],"score":709,"play_id":"e0742366-8c50-452f-9a64-58a11be7b512","local_time":"20210207125303","daily_mods":["DeadlyEvents","Uncertain Future"],"is_ascension_mode":true,"campfire_choices":[{"data":"Preparedness","floor":6,"key":"SMITH"},{"floor":12,"key":"REST"},{"data":"Cursed Blade","floor":15,"key":"SMITH"},{"data":"Cursed Blade","floor":23,"key":"SMITH"},{"data":"Battle Trance","floor":25,"key":"SMITH"},{"data":"Dual Wield","floor":32,"key":"SMITH"},{"data":"Memory Alloy","floor":41,"key":"SMITH"},{"floor":44,"key":"REST"},{"data":"Pod Fire","floor":44,"key":"SMITH"},{"floor":49,"key":"REST"},{"data":"Here Defend Chip+1","floor":49,"key":"SMITH"}],"circlet_count":0,"master_deck":["Strike_C","Strike_C","Strike_C","Strike_C","Defend_C","Defend_C","Defend_C","Knight Kick","Chip","Preparedness+1","hubris:Wrath","Cursed Blade+1","Cursed Blade+1","Battle Trance+1","Preloading","Clash","Chip Synthesis+1","hubris:Despair","Rupture+1","Here Defend Chip+1","Dual Wield+1","Moon Tear","CurseOfTheBell","Here Defend Chip+2","Pod Fire+1","Trip","Memory Alloy+1","Parasite","Here Defend Chip+1","Doubt"],"relics":["Apod","White Beast Statue","ReplayTheSpireMod:Ninjato","Letter Opener","ReplayTheSpireMod:Ring of Addiction","Ring of Chaos","hubris:DisguiseKit","Unceasing Top","Pantograph","Singing Bowl","Replay:Baseball","ReplayFunnel","Cursed Key","Vajra","Gremlin Food","Frozen Egg 2","Calling Bell","ReplayTheSpireMod:TigerMarble","Girya","conspire:BottledYoYo","ReplayTheSpireMod:ShopPack","Counterbalance","infinitespire:Magic Flask","Funny","hubris:EmptyBottle","ReplayTheSpireMod:Ring of Collecting"],"acts_visited":["Exordium","TheCity","TheBeyond"],"potions_floor_usage":[31,33,50,50,50,50],"damage_taken":[{"damage":18,"enemies":"infinitespire:Voidling","floor":1,"turns":7},{"damage":11,"enemies":"Jaw Worm","floor":3,"turns":4},{"damage":0,"enemies":"Small Slimes","floor":4,"turns":2},{"damage":2,"enemies":"Blue Slaver","floor":5,"turns":2},{"damage":18,"enemies":"Lagavulin","floor":7,"turns":4},{"damage":6,"enemies":"3 Louse","floor":8,"turns":4},{"damage":14,"enemies":"Gremlin Nob","floor":10,"turns":3},{"damage":0,"enemies":"Exordium Thugs","floor":11,"turns":3},{"damage":25,"enemies":"Fading Forest","floor":16,"turns":11},{"damage":0,"enemies":"Shell Parasite","floor":18,"turns":2},{"damage":10,"enemies":"Chosen","floor":19,"turns":3},{"damage":5,"enemies":"Snecko","floor":22,"turns":3},{"damage":11,"enemies":"conspire:HollyBat","floor":24,"turns":5},{"damage":16,"enemies":"Book of Stabbing","floor":27,"turns":5},{"damage":0,"enemies":"Nightmare","floor":29,"turns":2},{"damage":5,"enemies":"Chosen and Byrds","floor":30,"turns":2},{"damage":7,"enemies":"conspire:SneckoGhost","floor":31,"turns":7},{"damage":11,"enemies":"Automaton","floor":33,"turns":8},{"damage":20,"enemies":"3 Darklings","floor":35,"turns":2},{"damage":0,"enemies":"Orb Walker","floor":37,"turns":1},{"damage":5,"enemies":"3 Darklings","floor":38,"turns":5},{"damage":33,"enemies":"Nemesis","floor":40,"turns":5},{"damage":22,"enemies":"Nightmare","floor":42,"turns":8},{"damage":0,"enemies":"Maw","floor":45,"turns":4},{"damage":0,"enemies":"Jaw Worm Horde","floor":47,"turns":2},{"damage":18,"enemies":"3 Darklings","floor":48,"turns":3},{"damage":0,"enemies":"Replay:Hell Engine","floor":50,"turns":6}],"seed_played":"7074944635437704733","potions_obtained":[{"floor":3,"key":"PowerPotion"},{"floor":4,"key":"Milkshake"},{"floor":8,"key":"PowerPotion"},{"floor":11,"key":"Explosive Potion"},{"floor":16,"key":"SneckoOil"},{"floor":24,"key":"Block Potion"},{"floor":31,"key":"Elixir"},{"floor":35,"key":"Strength Potion"},{"floor":45,"key":"SCP261:DietGhostPotion"}],"is_trial":true,"path_per_floor":["M","?","M","M","M","R","E","M","T","E","M","R","$","?","R","B",null,"M","M","?","?","M","R","M","R","T","E","AVR","NM","M","E","R","B",null,"M","AVR","M","M","$","E","R","NM","T","R","M","?","M","M","R","B",null],"character_chosen":"TD1MADAO_CLASS","items_purchased":["Replay:Baseball","conspire:BottledYoYo","ReplayTheSpireMod:ShopPack"],"campfire_rested":3,"item_purchase_floors":[13,39,39],"current_hp_per_floor":[56,56,45,45,43,43,25,19,19,7,9,31,31,31,31,55,74,76,68,68,68,65,65,56,56,56,40,40,40,37,30,30,44,84,64,64,66,61,65,32,32,12,12,39,39,39,41,25,53,79],"gold":179,"neow_bonus":"","is_daily":false,"chose_seed":false,"campfire_upgraded":8,"win_rate":0.0,"timestamp":1612691583,"path_taken":["M","?","M","M","M","R","E","?","T","E","M","R","$","?","R","BOSS","M","M","?","?","M","R","M","R","T","?","AVR","NM","M","E","R","BOSS","M","AVR","M","M","?","E","R","NM","T","R","M","?","M","?","R","BOSS"],"items_purchased_type":["Relic","Relic","Relic"],"build_version":"2020-12-22","purchased_purges":1,"victory":true,"max_hp_per_floor":[70,70,70,70,70,70,70,70,70,72,74,74,74,74,74,74,74,76,78,78,78,80,80,82,82,82,82,82,82,84,84,84,84,84,84,84,86,86,90,90,90,92,92,92,92,92,94,96,96,95],"relic_stats":{"Singing Bowl":26,"counters":[27,113],"Pantograph":75,"Letter Opener":[70],"Cursed Key":2,"obtain_stats":[{"ReplayFunnel":14,"Singing Bowl":10,"Vajra":26,"hubris:EmptyBottle":46,"Cursed Key":17,"Pantograph":9,"Gremlin Food":27,"hubris:DisguiseKit":2,"Girya":34,"ReplayTheSpireMod:Ninjato":31,"Counterbalance":40,"ReplayTheSpireMod:Ring of Addiction":46,"Ring of Chaos":0,"Letter Opener":34,"infinitespire:Magic Flask":42,"Frozen Egg 2":29,"White Beast Statue":46,"Calling Bell":34,"Replay:Baseball":13,"ReplayTheSpireMod:Ring of Collecting":46,"ReplayTheSpireMod:TigerMarble":34,"conspire:BottledYoYo":39,"Apod":0,"Funny":43,"Unceasing Top":7,"ReplayTheSpireMod:ShopPack":39},{"ReplayFunnel":8,"Singing Bowl":7,"Vajra":13,"hubris:EmptyBottle":24,"Cursed Key":9,"Pantograph":6,"Gremlin Food":14,"hubris:DisguiseKit":1,"Girya":18,"ReplayTheSpireMod:Ninjato":17,"Counterbalance":22,"ReplayTheSpireMod:Ring of Addiction":24,"Ring of Chaos":0,"Letter Opener":18,"infinitespire:Magic Flask":23,"Frozen Egg 2":15,"White Beast Statue":24,"Calling Bell":18,"Replay:Baseball":8,"ReplayTheSpireMod:Ring of Collecting":24,"ReplayTheSpireMod:TigerMarble":18,"conspire:BottledYoYo":21,"Apod":0,"Funny":23,"Unceasing Top":5,"ReplayTheSpireMod:ShopPack":21},{"ReplayFunnel":29,"Singing Bowl":26,"Vajra":53,"hubris:EmptyBottle":102,"Cursed Key":40,"Pantograph":23,"Gremlin Food":58,"hubris:DisguiseKit":7,"Girya":77,"ReplayTheSpireMod:Ninjato":69,"Counterbalance":90,"ReplayTheSpireMod:Ring of Addiction":102,"Ring of Chaos":0,"Letter Opener":77,"infinitespire:Magic Flask":98,"Frozen Egg 2":60,"White Beast Statue":102,"Calling Bell":77,"Replay:Baseball":29,"ReplayTheSpireMod:Ring of Collecting":102,"ReplayTheSpireMod:TigerMarble":77,"conspire:BottledYoYo":85,"Apod":0,"Funny":98,"Unceasing Top":19,"ReplayTheSpireMod:ShopPack":85}],"Unceasing Top":[13]},"card_choices":[{"not_picked":["Fire Blade","Machining"],"picked":"Preparedness","floor":1},{"not_picked":["Ruin Defend","Three Hit","Intimidate"],"picked":"Cursed Blade","floor":3},{"not_picked":["Resistance","Weapon Shift","Iron Wave"],"picked":"Cursed Blade","floor":4},{"not_picked":["E MP","Here Defend Chip","Oblique Hack"],"picked":"Battle Trance","floor":5},{"not_picked":["Energy Supply","Sudden Beat","Demon Form"],"picked":"Preloading","floor":7},{"not_picked":["Lunge","Floating Swing Kick","Three Hit"],"picked":"Clash","floor":8},{"not_picked":["Fixing","Awareness","Ruin Defend","Inflame"],"picked":"Singing Bowl","floor":10},{"not_picked":["Black Execution","Backup","Reinforcement Parts","Disarm"],"picked":"Singing Bowl","floor":11},{"not_picked":["Bursts","Shockwave Tdmadao","Bludgeon"],"picked":"Chip Synthesis","floor":16},{"not_picked":["Oblique Hack+1","Preloading","Energy Supply","Anger"],"picked":"Singing Bowl","floor":18},{"not_picked":["Black Shadow+1","Trader","Perfect Defend","Anger"],"picked":"Singing Bowl","floor":19},{"not_picked":["White Contract","Perfect Defend+1","Cursed Blade","Body Slam"],"picked":"Singing Bowl","floor":22},{"not_picked":["Load Balancing","Cooling Song","Judgment","Dark Embrace"],"picked":"Singing Bowl","floor":24},{"not_picked":["Black Shadow","Black Dance","Whirlwind"],"picked":"Rupture+1","floor":27},{"not_picked":["Fire Blade","Transfer Energy+1","Shrug It Off"],"picked":"Here Defend Chip+1","floor":29},{"not_picked":["Perfect Defend+1","Fire Up","White Contract+1","Spot Weakness"],"picked":"Singing Bowl","floor":30},{"not_picked":["Load Balancing+1","Rupture","Twin Teeth"],"picked":"Dual Wield","floor":31},{"not_picked":["Bursts","Pod Laser","Bludgeon"],"picked":"Moon Tear","floor":33},{"not_picked":["Machining","Sudden Beat","Warcry"],"picked":"Here Defend Chip+1","floor":35},{"not_picked":["Energy Supply","Black Dance","Winding Magic+1","Heavy Blade"],"picked":"Singing Bowl","floor":37},{"not_picked":["Lunge+1","Twin Teeth+1","Warcry"],"picked":"Pod Fire","floor":38},{"not_picked":["hubris:EnhanceAbility","Mayhem","Midas Touch","ReplayUltimateDefense"],"picked":"Singing Bowl","floor":39},{"not_picked":["Survey Options","Transmutation","HandOfGreed","Panache"],"picked":"Singing Bowl","floor":39},{"not_picked":["Secret Weapon","Discovery","Metamorphosis"],"picked":"Trip","floor":39},{"not_picked":["Coercion+1","Floating Swing Kick+1","Inflame"],"picked":"Memory Alloy","floor":40},{"not_picked":["Trader","Cooling Song+1","De Ware Chip","Perfected Strike"],"picked":"Singing Bowl","floor":42},{"not_picked":["Floating Swing Kick+1","Afterwards+1","Shockwave"],"picked":"Here Defend Chip+1","floor":45},{"not_picked":["Fixing","Sudden Beat","New Defend Magic+1","Evolve"],"picked":"Singing Bowl","floor":47},{"not_picked":["Cooling Song+1","Bugfix","Here Defend Chip+1","Sever Soul"],"picked":"Singing Bowl","floor":48}],"player_experience":563394,"relics_obtained":[{"floor":7,"key":"Unceasing Top"},{"floor":9,"key":"Pantograph"},{"floor":10,"key":"Singing Bowl"},{"floor":26,"key":"Vajra"},{"floor":27,"key":"Gremlin Food"},{"floor":29,"key":"Frozen Egg 2"},{"floor":31,"key":"ReplayTheSpireMod:Ninjato"},{"floor":34,"key":"ReplayTheSpireMod:TigerMarble"},{"floor":34,"key":"Letter Opener"},{"floor":34,"key":"Girya"},{"floor":40,"key":"Counterbalance"},{"floor":42,"key":"infinitespire:Magic Flask"},{"floor":43,"key":"Funny"},{"floor":46,"key":"ReplayTheSpireMod:Ring of Addiction"},{"floor":46,"key":"White Beast Statue"},{"floor":46,"key":"hubris:EmptyBottle"},{"floor":46,"key":"ReplayTheSpireMod:Ring of Collecting"}],"event_choices":[{"damage_healed":0,"gold_gain":0,"player_choice":"Gave Potion","damage_taken":0,"relics_obtained":["ReplayFunnel"],"max_hp_gain":0,"max_hp_loss":0,"event_name":"WeMeetAgain","floor":14,"gold_loss":0},{"damage_healed":0,"gold_gain":0,"player_choice":"Ignored","damage_taken":0,"max_hp_gain":0,"max_hp_loss":0,"event_name":"betterNote:BetterNote","floor":20,"gold_loss":0,"cards_obtained":["Here Defend Chip"]}],"is_beta":false,"boss_relics":[{"not_picked":["hubris:CrackedHourglass","hubris:GrandSneckoEye"],"picked":"Cursed Key"},{"not_picked":["Replay:Drink Me","SacredBark"],"picked":"Calling Bell"}],"items_purged_floors":[13],"is_endless":false,"potions_floor_spawned":[3,4,8,11,16,19,22,24,31,35,42,45,47,48],"ascension_level":1}}