{"host":"AZZAM","time":1612725950,"event":{"mods":["BaseMod","Colored Map","Highlight Path","Minty Spire (QoL Compilation)","Relic Stats","Unceasing Turn Reminder"],"gold_per_floor":[10,10,30,40,40,67,77,77,159,187,187,187,187],"floor_reached":12,"language":"ENG","playtime":324,"items_purged":[],"score":136,"play_id":"c7b946a3-cde3-45f6-b8f4-b863a2924f07","local_time":"20210207222550","is_ascension_mode":true,"campfire_choices":[{"data":"Footwork","floor":8,"key":"SMITH"}],"circlet_count":0,"master_deck":["Strike_G","Strike_G","Strike_G+1","Strike_G","Defend_G","Defend_G","Defend_G","Defend_G","Survivor","Neutralize","Eviscerate+1","Sucker Punch","Backstab+1","Footwork+1","Footwork"],"relics":["Ring of the Snake","StoneCalendar","White Beast Statue","PreservedInsect"],"acts_visited":["Exordium"],"potions_floor_usage":[10,10],"damage_taken":[{"damage":0,"enemies":"2 Louse","floor":1,"turns":5},{"damage":6,"enemies":"Cultist","floor":3,"turns":3},{"damage":9,"enemies":"Jaw Worm","floor":4,"turns":2},{"damage":12,"enemies":"3 Sentries","floor":6,"turns":7},{"damage":7,"enemies":"Gremlin Gang","floor":7,"turns":3},{"damage":0,"enemies":"Lagavulin","floor":10,"turns":6},{"damage":22,"enemies":"3 Sentries","floor":12,"turns":5}],"seed_played":"-8671831847738708249","potions_obtained":[{"floor":1,"key":"SkillPotion"},{"floor":7,"key":"Energy Potion"},{"floor":10,"key":"BlessingOfTheForge"}],"is_trial":false,"path_per_floor":["M","?","M","M","$","E","M","R","T","E","?","E"],"character_chosen":"THE_SILENT","items_purchased":[],"campfire_rested":0,"item_purchase_floors":[],"current_hp_per_floor":[70,70,64,55,55,43,36,36,36,36,22,0,0],"gold":187,"neow_bonus":"REMOVE_TWO","is_daily":false,"chose_seed":false,"campfire_upgraded":1,"win_rate":0.0,"timestamp":1612725950,"path_taken":["M","?","M","M","$","E","M","R","T","E","?","E"],"items_purchased_type":[],"build_version":"2020-12-18","purchased_purges":0,"victory":false,"max_hp_per_floor":[70,70,70,70,70,70,70,70,70,70,70,70,70],"relic_stats":{"counters":[7,31],"StoneCalendar":[0],"PreservedInsect":31,"obtain_stats":[{"StoneCalendar":6,"PreservedInsect":10,"White Beast Statue":9,"Ring of the Snake":0},{"StoneCalendar":4,"PreservedInsect":6,"White Beast Statue":5,"Ring of the Snake":0},{"StoneCalendar":17,"PreservedInsect":26,"White Beast Statue":20,"Ring of the Snake":0}],"Ring of the Snake":[14]},"card_choices":[{"not_picked":["Escape Plan","Dagger Spray"],"picked":"Eviscerate","floor":1},{"not_picked":["Dagger Spray","Prepared"],"picked":"Sucker Punch","floor":3},{"not_picked":["Acrobatics","Riddle With Holes"],"picked":"Backstab","floor":4},{"not_picked":["Skewer","Masterful Stab","Backflip"],"picked":"SKIP","floor":6},{"not_picked":["Underhanded Strike","Flying Knee"],"picked":"Footwork","floor":7},{"not_picked":["Blur","Bane"],"picked":"Footwork","floor":10}],"player_experience":83923,"relics_obtained":[{"floor":6,"key":"StoneCalendar"},{"floor":9,"key":"White Beast Statue"},{"floor":10,"key":"PreservedInsect"}],"event_choices":[{"damage_healed":0,"gold_gain":0,"player_choice":"Grow","damage_taken":0,"max_hp_gain":0,"max_hp_loss":0,"event_name":"Living Wall","floor":2,"gold_loss":0,"cards_upgraded":["Eviscerate"]},{"damage_healed":0,"gold_gain":0,"player_choice":"Entered Light","damage_taken":14,"max_hp_gain":0,"max_hp_loss":0,"event_name":"Shining Light","floor":11,"gold_loss":0,"cards_upgraded":["Backstab","Strike_G"]}],"is_beta":true,"boss_relics":[],"items_purged_floors":[],"is_endless":false,"potions_floor_spawned":[1,7,10],"killed_by":"3 Sentries","ascension_level":4}}