{"host":"xw7092rw7wabncmm","time":1612677493,"event":{"mods":["AchievementEnabler","BaseMod","Bestiary","Block Reminder","Minty Spire (QoL Compilation)","Quick Restart","Relic Stats","Slay-I","Weighted Paths"],"gold_per_floor":[359,143,143,156,171,171,197,30,30,30,30,65,65,94,94,167,167,180,190,209,224,224,249,149,149,149,178,194,221,221,239,239,313,313,330,383,399,411,424,450,470,805,829,845,845,845,874,582,582,582,582,582,582,111,139,139],"floor_reached":57,"language":"ENG","playtime":6968,"items_purged":["Doubt","Writhe","Strike_G"],"score":3040,"play_id":"e407dffa-4424-49f4-9a07-a66eb3606f81","local_time":"20210207005813","is_ascension_mode":true,"campfire_choices":[{"floor":6,"key":"REST"},{"data":"Cloak And Dagger","floor":13,"key":"SMITH"},{"data":"Footwork","floor":15,"key":"SMITH"},{"data":"Catalyst","floor":25,"key":"SMITH"},{"floor":32,"key":"RECALL"},{"floor":45,"key":"REST"},{"floor":49,"key":"REST"},{"floor":53,"key":"REST"}],"circlet_count":0,"master_deck":["AscendersBane","Strike_G","Strike_G","Strike_G","Defend_G","Defend_G","Defend_G","Defend_G+1","Defend_G","Survivor","Neutralize+1","Dagger Throw","Infinite Blades","Backstab","Dash","Footwork+1","Infinite Blades","Cloak And Dagger+1","Caltrops+1","Quick Slash","After Image+1","CurseOfTheBell","Catalyst+1","Dodge and Roll+1","Infinite Blades+1","Outmaneuver","Backstab","Accuracy+1","After Image+1","Terror","PiercingWail","Dodge and Roll+1","Well Laid Plans+1","Doppelganger+1","Backflip"],"relics":["Ring of the Snake","HornCleat","Ornamental Fan","Meat on the Bone","Frozen Egg 2","Darkstone Periapt","Calling Bell","Lantern","Sundial","Dead Branch","Tough Bandages","Bronze Scales","Ninja Scroll","Toy Ornithopter","Art of War","Blood Vial","Fusion Hammer","Thread and Needle","Bag of Preparation","Old Coin","Oddly Smooth Stone","Tingsha","InkBottle"],"acts_visited":["Exordium","TheCity","TheBeyond","TheEnding"],"potions_floor_usage":[7,12,14,23,33,33,36,50,50,56,56],"damage_taken":[{"damage":4,"enemies":"Jaw Worm","floor":1,"turns":5},{"damage":1,"enemies":"Small Slimes","floor":4,"turns":4},{"damage":0,"enemies":"2 Louse","floor":5,"turns":3},{"damage":17,"enemies":"3 Sentries","floor":7,"turns":12},{"damage":28,"enemies":"Gremlin Nob","floor":12,"turns":5},{"damage":11,"enemies":"Lagavulin","floor":14,"turns":8},{"damage":9,"enemies":"Hexaghost","floor":16,"turns":9},{"damage":1,"enemies":"Chosen","floor":18,"turns":5},{"damage":0,"enemies":"Spheric Guardian","floor":19,"turns":3},{"damage":0,"enemies":"Centurion and Healer","floor":20,"turns":7},{"damage":1,"enemies":"Snecko","floor":21,"turns":5},{"damage":25,"enemies":"Slavers","floor":23,"turns":7},{"damage":0,"enemies":"Gremlin Leader","floor":27,"turns":7},{"damage":2,"enemies":"Cultist and Chosen","floor":28,"turns":5},{"damage":4,"enemies":"Book of Stabbing","floor":29,"turns":4},{"damage":0,"enemies":"3 Cultists","floor":31,"turns":3},{"damage":22,"enemies":"Champ","floor":33,"turns":7},{"damage":0,"enemies":"3 Shapes","floor":35,"turns":4},{"damage":0,"enemies":"2 Orb Walkers","floor":36,"turns":4},{"damage":0,"enemies":"3 Darklings","floor":37,"turns":4},{"damage":0,"enemies":"Writhing Mass","floor":38,"turns":5},{"damage":2,"enemies":"Jaw Worm Horde","floor":39,"turns":5},{"damage":0,"enemies":"Reptomancer","floor":40,"turns":5},{"damage":0,"enemies":"Spire Growth","floor":41,"turns":3},{"damage":0,"enemies":"Nemesis","floor":42,"turns":7},{"damage":0,"enemies":"Transient","floor":44,"turns":6},{"damage":1,"enemies":"Giant Head","floor":47,"turns":8},{"damage":29,"enemies":"Awakened One","floor":50,"turns":23},{"damage":0,"enemies":"Time Eater","floor":51,"turns":13},{"damage":11,"enemies":"Shield and Spear","floor":55,"turns":9},{"damage":44,"enemies":"The Heart","floor":56,"turns":8}],"seed_played":"-9259570528548345","potions_obtained":[{"floor":4,"key":"Energy Potion"},{"floor":14,"key":"Weak Potion"},{"floor":16,"key":"Dexterity Potion"},{"floor":23,"key":"ColorlessPotion"},{"floor":31,"key":"EntropicBrew"},{"floor":36,"key":"Fire Potion"},{"floor":41,"key":"CunningPotion"}],"is_trial":false,"path_per_floor":["M","$","?","M","M","R","E","$","T","T","?","E","R","E","R","B",null,"M","M","M","M","?","E","$","R","T","E","M","E","?","M","R","B",null,"M","?","M","M","M","E","M","E","T","M","R","?","E","$","R","B","B",null,"R","$","E","B",null],"character_chosen":"THE_SILENT","items_purchased":["Infinite Blades","Block Potion","Infinite Blades","Regen Potion","Oddly Smooth Stone","LiquidBronze","PowerPotion","Tingsha"],"campfire_rested":4,"item_purchase_floors":[2,2,8,8,48,54,54,54],"current_hp_per_floor":[55,55,35,34,34,53,36,36,36,36,36,34,34,35,35,38,65,64,64,64,63,69,44,44,44,44,44,42,50,50,52,52,42,69,71,78,78,78,76,78,78,78,78,78,78,78,77,77,78,49,51,71,78,78,67,47],"gold":139,"neow_bonus":"TWO_FIFTY_GOLD","is_daily":false,"chose_seed":false,"campfire_upgraded":3,"win_rate":0.0,"timestamp":1612677493,"path_taken":["M","$","?","M","M","R","E","$","T","?","?","E","R","E","R","BOSS","M","M","M","M","?","E","$","R","T","E","M","E","?","M","R","BOSS","M","?","M","M","M","E","M","E","T","M","R","?","E","$","R","BOSS","BOSS","R","$","E","BOSS"],"items_purchased_type":["Card","Potion","Card","Potion","Relic","Potion","Potion","Relic"],"build_version":"2020-12-22","purchased_purges":3,"victory":true,"max_hp_per_floor":[66,66,66,66,66,66,66,66,66,66,66,66,66,66,66,66,72,72,72,72,72,78,78,78,78,78,78,78,78,78,78,78,78,78,78,78,78,78,78,78,78,78,78,78,78,78,78,78,78,78,78,78,78,78,78,78],"relic_stats":{"Darkstone Periapt":12,"counters":[31,203],"Dead Branch":[553],"Tingsha":[36],"Bag of Preparation":[0],"Blood Vial":14,"Tough Bandages":[420],"Ornamental Fan":[712],"Sundial":[12],"Bronze Scales":[560],"Art of War":[4],"obtain_stats":[{"Darkstone Periapt":14,"Lantern":17,"Dead Branch":17,"Oddly Smooth Stone":48,"Thread and Needle":36,"Tingsha":54,"Bag of Preparation":40,"Frozen Egg 2":12,"Old Coin":42,"Calling Bell":17,"Blood Vial":30,"Tough Bandages":22,"HornCleat":7,"Ornamental Fan":9,"Sundial":17,"Ninja Scroll":26,"Bronze Scales":23,"Fusion Hammer":34,"Art of War":29,"Toy Ornithopter":27,"InkBottle":55,"Ring of the Snake":0,"Meat on the Bone":10},{"Darkstone Periapt":6,"Lantern":7,"Dead Branch":7,"Oddly Smooth Stone":27,"Thread and Needle":19,"Tingsha":29,"Bag of Preparation":23,"Frozen Egg 2":5,"Old Coin":25,"Calling Bell":7,"Blood Vial":15,"Tough Bandages":11,"HornCleat":4,"Ornamental Fan":4,"Sundial":7,"Ninja Scroll":12,"Bronze Scales":12,"Fusion Hammer":17,"Art of War":15,"Toy Ornithopter":13,"InkBottle":30,"Ring of the Snake":0,"Meat on the Bone":4},{"Darkstone Periapt":37,"Lantern":46,"Dead Branch":46,"Oddly Smooth Stone":150,"Thread and Needle":107,"Tingsha":186,"Bag of Preparation":126,"Frozen Egg 2":29,"Old Coin":136,"Calling Bell":46,"Blood Vial":89,"Tough Bandages":66,"HornCleat":24,"Ornamental Fan":24,"Sundial":46,"Ninja Scroll":73,"Bronze Scales":73,"Fusion Hammer":99,"Art of War":89,"Toy Ornithopter":80,"InkBottle":195,"Ring of the Snake":0,"Meat on the Bone":24}],"Toy Ornithopter":25,"InkBottle":[6],"Ring of the Snake":[62],"Meat on the Bone":60},"card_choices":[{"not_picked":["Slice","Bane"],"picked":"Dagger Throw","floor":1},{"not_picked":["PiercingWail","Expertise"],"picked":"Backstab","floor":4},{"not_picked":["Bane","Well Laid Plans"],"picked":"Dash","floor":5},{"not_picked":["Well Laid Plans","Reflex"],"picked":"Footwork","floor":7},{"not_picked":["Crippling Poison","Riddle With Holes"],"picked":"Caltrops+1","floor":12},{"not_picked":["Dagger Spray","Choke"],"picked":"Quick Slash","floor":14},{"not_picked":["Wraith Form v2+1","Glass Knife"],"picked":"After Image+1","floor":16},{"not_picked":["Slice","Deadly Poison+1"],"picked":"Catalyst","floor":18},{"not_picked":["Deadly Poison","Distraction"],"picked":"Dodge and Roll+1","floor":19},{"not_picked":["Blade Dance","Cloak And Dagger"],"picked":"Infinite Blades+1","floor":20},{"not_picked":["Dagger Spray","Dodge and Roll"],"picked":"Outmaneuver","floor":21},{"not_picked":["Sucker Punch","Slice","Tactician"],"picked":"SKIP","floor":23},{"not_picked":["Deadly Poison","Flying Knee","Slice"],"picked":"SKIP","floor":27},{"not_picked":["PiercingWail+1","Slice"],"picked":"Backstab","floor":28},{"not_picked":["Prepared","Dagger Throw+1","Underhanded Strike"],"picked":"SKIP","floor":29},{"not_picked":["Setup","Flechettes"],"picked":"Accuracy+1","floor":31},{"not_picked":["Envenom+1","Doppelganger"],"picked":"After Image+1","floor":33},{"not_picked":["Dodge and Roll","Dagger Throw","Sucker Punch"],"picked":"SKIP","floor":35},{"not_picked":["Finisher","Concentrate"],"picked":"Terror","floor":36},{"not_picked":["Corpse Explosion","Bane"],"picked":"PiercingWail","floor":37},{"not_picked":["Dash","Poisoned Stab","Slice+1"],"picked":"SKIP","floor":38},{"not_picked":["Predator+1","Deadly Poison"],"picked":"Dodge and Roll+1","floor":39},{"not_picked":["Blade Dance","Poisoned Stab","Skewer"],"picked":"SKIP","floor":40},{"not_picked":["Predator","Outmaneuver"],"picked":"Well Laid Plans+1","floor":41},{"not_picked":["Deadly Poison+1","Poisoned Stab+1","All Out Attack"],"picked":"SKIP","floor":42},{"not_picked":["Eviscerate","Dagger Throw+1"],"picked":"Doppelganger","floor":44},{"not_picked":["Eviscerate","Bane"],"picked":"Backflip","floor":47},{"not_picked":["Dagger Spray","Riddle With Holes","All Out Attack"],"picked":"SKIP","floor":55}],"player_experience":1590433,"relics_obtained":[{"floor":7,"key":"HornCleat"},{"floor":9,"key":"Ornamental Fan"},{"floor":10,"key":"Meat on the Bone"},{"floor":12,"key":"Frozen Egg 2"},{"floor":14,"key":"Darkstone Periapt"},{"floor":17,"key":"Lantern"},{"floor":17,"key":"Sundial"},{"floor":17,"key":"Dead Branch"},{"floor":23,"key":"Bronze Scales"},{"floor":26,"key":"Ninja Scroll"},{"floor":27,"key":"Toy Ornithopter"},{"floor":29,"key":"Art of War"},{"floor":30,"key":"Blood Vial"},{"floor":36,"key":"Thread and Needle"},{"floor":40,"key":"Bag of Preparation"},{"floor":42,"key":"Old Coin"},{"floor":55,"key":"InkBottle"}],"event_choices":[{"damage_healed":0,"gold_gain":0,"player_choice":"Entered Light","damage_taken":20,"max_hp_gain":0,"max_hp_loss":0,"event_name":"Shining Light","floor":3,"gold_loss":0,"cards_upgraded":["Neutralize","Defend_G"]},{"damage_healed":0,"gold_gain":0,"cards_transformed":["Strike_G"],"player_choice":"Change","damage_taken":0,"max_hp_gain":0,"max_hp_loss":0,"event_name":"Living Wall","floor":11,"gold_loss":0,"cards_obtained":["Cloak And Dagger"]},{"damage_healed":0,"gold_gain":0,"player_choice":"Opened","damage_taken":0,"relics_obtained":["Tough Bandages"],"max_hp_gain":0,"max_hp_loss":0,"event_name":"The Mausoleum","floor":22,"gold_loss":0,"cards_obtained":["Writhe"]},{"damage_healed":0,"gold_gain":0,"player_choice":"Relic","damage_taken":0,"max_hp_gain":0,"max_hp_loss":0,"event_name":"Wheel of Change","floor":30,"gold_loss":0},{"damage_healed":0,"gold_gain":0,"player_choice":"Fight","damage_taken":0,"max_hp_gain":0,"max_hp_loss":0,"event_name":"Mysterious Sphere","floor":36,"gold_loss":0},{"damage_healed":0,"gold_gain":0,"player_choice":"Upgraded","damage_taken":0,"max_hp_gain":0,"max_hp_loss":0,"event_name":"Upgrade Shrine","floor":46,"gold_loss":0,"cards_upgraded":["Doppelganger"]}],"is_beta":false,"boss_relics":[{"not_picked":["Runic Dome","Ring of the Serpent"],"picked":"Calling Bell"},{"not_picked":["HoveringKite","Tiny House"],"picked":"Fusion Hammer"}],"items_purged_floors":[2,24,48],"is_endless":false,"potions_floor_spawned":[4,14,16,20,23,28,31,35,36,39,41,55],"ascension_level":20}}