{"host":"ac9timdhejnnme7p","time":1612732656,"event":{"mods":["100% Spire Juice","Abigail Mod","AchievementEnabler","Act Like it!","Aspiration","Astrologer","Bartender","BaseMod","Better Note","CapriCore","ChefMod","Chen","Colored Powertips","Conspire","Friendly Minions","Gensokyo","GifTheSpireLib","Gremlin Mod","Hallownest","Hermit","HololiveMod","Infinite Spire","Jorbs\u0027s Wanderer Trilogy","KinomotoSakuraMod(????)","Koishi","Luminous","Mad Scientist","Marisa????????","Minty Spire (QoL Compilation)","Nova Terra(??·??)","Pale of the Ancients","Potionbrewer","Prisma Mod","Quick Restart","READ ME - Guardian Mod","Random Character Button","Rare Cards Sparkle","Reimu??????","Robot Space Explorer","Shade Mod","StSLib","Stuff the Spire","Td1madao Mod","The Animator","The Bug Knight","The Clintock","The Cursed","The Dragon Tamer","The Hayseed","The Hierophant","The Immortal","The Judge","The Juggle","The Mystic","The Poker Player","The Runesmith","The Senshi","The Valiant","The Wild Card","TheBandit","TheFirefly","TheSwordswoman"],"gold_per_floor":[111,111,111,125,125,125,157,157,180,196,221,234,234,248,248,345,345,362,362,362,362,381,381,381],"floor_reached":23,"language":"ENG","playtime":2173,"items_purged":[],"score":224,"play_id":"5cb7714b-1293-49c6-9ea1-69be01763c2c","local_time":"20210207221736","is_ascension_mode":false,"campfire_choices":[{"data":"SporeBomb","floor":6.0,"key":"SMITH"},{"data":"DragonMeteor","floor":8,"key":"SMITH"},{"data":"MachineGunSpark","floor":13,"key":"SMITH"},{"data":"IllusionStar","floor":15,"key":"SMITH"}],"circlet_count":0,"master_deck":["Strike_MRS","Strike_MRS","Strike_MRS","Strike_MRS","Defend_MRS","Defend_MRS","Defend_MRS","Defend_MRS","MasterSpark","UpSweep","SporeBomb+1","GalacticHalo","DragonMeteor+1","MachineGunSpark+1","MaximisePower","EarthLightRay","IllusionStar+1","JA","BlazeAway","SuperPerseids"],"relics":["MiniHakkero","NeowsBlessing","potionbrewer:AlchemistFlask","Vajra","infinitespire:PuzzleCube","Mercury Hourglass","Nloth\u0027s Gift"],"acts_visited":["Exordium","TheCity"],"potions_floor_usage":[16],"damage_taken":[{"damage":0.0,"enemies":"Jaw Worm","floor":1.0,"turns":1.0},{"damage":0.0,"enemies":"Cultist","floor":4.0,"turns":1.0},{"damage":0.0,"enemies":"Lagavulin","floor":7.0,"turns":1.0},{"damage":0,"enemies":"Small Slimes","floor":10,"turns":2},{"damage":28,"enemies":"3 Sentries","floor":11,"turns":8},{"damage":5,"enemies":"Gremlin Gang","floor":12,"turns":3},{"damage":0,"enemies":"2 Fungi Beasts","floor":14,"turns":2},{"damage":47,"enemies":"The Guardian","floor":16,"turns":7},{"damage":39,"enemies":"conspire:FuzzyDice","floor":18,"turns":4},{"damage":21,"enemies":"Spheric Guardian","floor":22,"turns":4},{"damage":25,"enemies":"conspire:SneckoGhost","floor":23,"turns":3}],"seed_played":"-8303790115195586363","potions_obtained":[{"floor":3.0,"key":"conspire:TimeTravelPotion"},{"floor":3.0,"key":"Regen Potion"},{"floor":3.0,"key":"potionbrewer:AcidPotion"}],"is_trial":false,"path_per_floor":["M","$","?","M","?","R","E","R","T","M","E","M","R","M","R","B",null,"M","?","?","?","M","E"],"character_chosen":"MARISA","items_purchased":[],"campfire_rested":0,"item_purchase_floors":[],"current_hp_per_floor":[75,75,75,75,75,75,75,75,75,75,47,42,42,42,42,21,75,40,40,40,40,23,0,0],"gold":381,"neow_bonus":"THREE_ENEMY_KILL","is_daily":false,"chose_seed":false,"campfire_upgraded":4,"win_rate":0.0,"timestamp":1612732656,"path_taken":["M","$","?","?","?","R","E","R","T","M","E","?","R","M","R","BOSS","M","?","?","?","?","E"],"items_purchased_type":[],"build_version":"2020-12-22","purchased_purges":0,"victory":false,"max_hp_per_floor":[75,75,75,75,75,75,75,75,75,75,75,75,75,75,75,75,75,75,75,75,75,75,75,75],"card_choices":[{"not_picked":["DarkSpark","GrandCross"],"picked":"SporeBomb","floor":1.0},{"not_picked":["WitchLeyline","WitchOfGreed"],"picked":"GalacticHalo","floor":4.0},{"not_picked":["PropBag","FairyDestructionRay"],"picked":"DragonMeteor","floor":7},{"not_picked":["6A","ManaConvection"],"picked":"MachineGunSpark","floor":10},{"not_picked":["6A","EnergyRecoil"],"picked":"MaximisePower","floor":11},{"not_picked":["GrandCross","ShootingEcho"],"picked":"EarthLightRay","floor":12},{"not_picked":["OrrerysSun","SporeBomb"],"picked":"IllusionStar","floor":14},{"not_picked":["ManaRampage","FinalSpark"],"picked":"JA","floor":16},{"not_picked":["NonDirectionalLaser","WitchLeyline"],"picked":"BlazeAway","floor":18},{"not_picked":["SporeBomb","WitchLeyline"],"picked":"SuperPerseids","floor":22}],"player_experience":592756,"relics_obtained":[{"floor":7,"key":"potionbrewer:AlchemistFlask"},{"floor":9,"key":"Vajra"},{"floor":11,"key":"infinitespire:PuzzleCube"}],"event_choices":[{"damage_healed":0.0,"max_hp_gain":0.0,"max_hp_loss":0.0,"gold_gain":0.0,"event_name":"Lab","player_choice":"Got Potions","floor":3.0,"gold_loss":0.0,"damage_taken":0.0},{"cards_removed":["IllusionStar"],"damage_healed":0,"gold_gain":0,"player_choice":"Give","damage_taken":0,"max_hp_gain":0,"max_hp_loss":0,"event_name":"betterNote:BetterNote","floor":19,"gold_loss":0,"cards_obtained":["None"]},{"damage_healed":0,"gold_gain":0,"player_choice":"Opened","damage_taken":0,"relics_obtained":["Mercury Hourglass"],"max_hp_gain":0,"max_hp_loss":0,"event_name":"The Mausoleum","floor":20,"gold_loss":0},{"damage_healed":0,"gold_gain":0,"player_choice":"Traded Relic","damage_taken":0,"relics_obtained":["Nloth\u0027s Gift"],"max_hp_gain":0,"max_hp_loss":0,"event_name":"N\u0027loth","floor":21,"relics_lost":["aspiration:SecretTechniqueScroll"],"gold_loss":0}],"is_beta":false,"boss_relics":[{"not_picked":["Ectoplasm","Velvet Choker"],"picked":"aspiration:SecretTechniqueScroll"}],"items_purged_floors":[],"is_endless":false,"potions_floor_spawned":[7,10,11,12],"killed_by":"conspire:SneckoGhost","ascension_level":0}}