{"host":"nsc6ozq3atyrdr3m","time":1612731602,"event":{"mods":["BaseMod","Colored Map","Minty Spire (QoL Compilation)"],"gold_per_floor":[114,114,134,152,102,128,72,72,72,72,72,98,110,137,137,211,211,230,75,91,91,141,141,158,158,239,255,285,285,317,333,333,333,333],"floor_reached":33,"language":"FRA","playtime":709,"items_purged":["Defend_R"],"score":656,"play_id":"380bf86e-f87c-45e9-8c48-e69b493cddbb","local_time":"20210207220002","is_ascension_mode":true,"campfire_choices":[{"data":"Flex","floor":8,"key":"SMITH"},{"data":"Bash","floor":10,"key":"SMITH"},{"data":"Sword Boomerang","floor":15,"key":"SMITH"},{"data":"Seeing Red","floor":23,"key":"SMITH"},{"floor":25,"key":"REST"},{"data":"Heavy Blade","floor":29,"key":"SMITH"},{"floor":32,"key":"REST"}],"circlet_count":0,"master_deck":["AscendersBane","Strike_R+1","Strike_R+1","Strike_R+1","Strike_R+1","Strike_R+1","Defend_R+1","Defend_R+1","Defend_R+1","Bash+1","Reckless Charge","Heavy Blade","Inflame","Headbutt","Heavy Blade+1","Flex+1","Sword Boomerang+1","Twin Strike","Thunderclap","Demon Form","Spot Weakness","Battle Trance","Seeing Red+1","Reaper","Offering","Inflame"],"relics":["Burning Blood","NeowsBlessing","Mercury Hourglass","Anchor","Thread and Needle","Bottled Lightning","Velvet Choker","Meat on the Bone","Boot","Blue Candle"],"acts_visited":["Exordium","TheCity"],"potions_floor_usage":[6,6,14,24,28,33,33],"damage_taken":[{"damage":0,"enemies":"2 Louse","floor":1,"turns":1},{"damage":0,"enemies":"Cultist","floor":3,"turns":1},{"damage":0,"enemies":"Small Slimes","floor":4,"turns":1},{"damage":15,"enemies":"Lagavulin","floor":6,"turns":4},{"damage":0,"enemies":"Gremlin Nob","floor":12,"turns":2},{"damage":0,"enemies":"Blue Slaver","floor":13,"turns":2},{"damage":13,"enemies":"3 Sentries","floor":14,"turns":4},{"damage":63,"enemies":"Hexaghost","floor":16,"turns":8},{"damage":7,"enemies":"Shell Parasite","floor":18,"turns":3},{"damage":7,"enemies":"Spheric Guardian","floor":20,"turns":3},{"damage":9,"enemies":"Chosen and Byrds","floor":24,"turns":5},{"damage":2,"enemies":"Snake Plant","floor":27,"turns":3},{"damage":31,"enemies":"Book of Stabbing","floor":28,"turns":4},{"damage":29,"enemies":"Gremlin Leader","floor":30,"turns":4},{"damage":9,"enemies":"Centurion and Healer","floor":31,"turns":3},{"damage":104,"enemies":"Automaton","floor":33,"turns":6}],"seed_played":"-6694304460470886974","potions_obtained":[{"floor":1,"key":"Strength Potion"},{"floor":4,"key":"SkillPotion"},{"floor":6,"key":"ColorlessPotion"},{"floor":16,"key":"HeartOfIron"},{"floor":18,"key":"LiquidMemories"},{"floor":24,"key":"ElixirPotion"},{"floor":30,"key":"SkillPotion"}],"is_trial":false,"path_per_floor":["M","?","M","M","$","E","$","R","T","R","?","E","M","E","R","B",null,"M","$","M","?","?","R","M","R","T","M","E","R","E","M","R","B"],"character_chosen":"IRONCLAD","items_purchased":["Headbutt","Flex","Battle Trance"],"campfire_rested":2,"item_purchase_floors":[5,7,19],"current_hp_per_floor":[74,70,75,75,75,66,66,66,66,66,66,72,75,68,68,11,59,58,58,57,57,50,50,47,69,69,73,57,57,57,54,75,0,0],"gold":333,"neow_bonus":"THREE_ENEMY_KILL","is_daily":false,"chose_seed":false,"campfire_upgraded":5,"win_rate":0.0,"timestamp":1612731602,"path_taken":["M","?","?","M","$","E","?","R","T","R","?","E","M","E","R","BOSS","M","$","M","?","?","R","M","R","T","?","E","R","E","M","R","BOSS"],"items_purchased_type":["Card","Card","Card"],"build_version":"2020-12-22","purchased_purges":1,"victory":false,"max_hp_per_floor":[75,75,75,75,75,75,75,75,75,75,75,75,75,75,75,75,75,75,75,75,75,75,75,75,75,75,75,75,75,75,75,75,75,75],"card_choices":[{"not_picked":["Body Slam","Infernal Blade"],"picked":"Reckless Charge","floor":1},{"not_picked":["Intimidate","Seeing Red"],"picked":"Heavy Blade","floor":3},{"not_picked":["Shrug It Off","Ghostly Armor"],"picked":"Inflame","floor":4},{"not_picked":["Exhume","Hemokinesis"],"picked":"Heavy Blade","floor":6},{"not_picked":["Heavy Blade","Bloodletting"],"picked":"Sword Boomerang","floor":12},{"not_picked":["Heavy Blade","Iron Wave"],"picked":"Twin Strike","floor":13},{"not_picked":["Heavy Blade","Combust"],"picked":"Thunderclap","floor":14},{"not_picked":["Bludgeon","Brutality"],"picked":"Demon Form","floor":16},{"not_picked":["Perfected Strike","Cleave"],"picked":"Spot Weakness","floor":18},{"not_picked":["Iron Wave","Cleave"],"picked":"Seeing Red","floor":20},{"not_picked":["Body Slam","Warcry","Anger"],"picked":"SKIP","floor":24},{"not_picked":["Feel No Pain","Warcry"],"picked":"Reaper","floor":27},{"not_picked":["Fire Breathing","True Grit"],"picked":"Offering","floor":28},{"not_picked":["Clash","Dropkick"],"picked":"Inflame","floor":30},{"not_picked":["Battle Trance","Sever Soul","Body Slam+1"],"picked":"SKIP","floor":31}],"player_experience":380402,"relics_obtained":[{"floor":6,"key":"Mercury Hourglass"},{"floor":9,"key":"Anchor"},{"floor":12,"key":"Thread and Needle"},{"floor":14,"key":"Bottled Lightning"},{"floor":26,"key":"Meat on the Bone"},{"floor":28,"key":"Boot"},{"floor":30,"key":"Blue Candle"}],"event_choices":[{"damage_healed":0,"gold_gain":0,"player_choice":"Bought 0 Potions","damage_taken":0,"max_hp_gain":0,"max_hp_loss":0,"event_name":"The Woman in Blue","floor":2,"gold_loss":0},{"damage_healed":0,"gold_gain":0,"player_choice":"Leave","damage_taken":0,"max_hp_gain":0,"max_hp_loss":0,"event_name":"The Cleric","floor":11,"gold_loss":0},{"damage_healed":0,"gold_gain":0,"player_choice":"Simplicity","damage_taken":0,"max_hp_gain":0,"max_hp_loss":0,"event_name":"Back to Basics","floor":21,"gold_loss":0,"cards_upgraded":["Strike_R","Strike_R","Strike_R","Strike_R","Strike_R","Defend_R","Defend_R","Defend_R"]},{"damage_healed":0,"gold_gain":50,"player_choice":"Touch","damage_taken":7,"max_hp_gain":0,"max_hp_loss":0,"event_name":"FaceTrader","floor":22,"gold_loss":0}],"is_beta":false,"boss_relics":[{"not_picked":["Ectoplasm","Runic Cube"],"picked":"Velvet Choker"}],"items_purged_floors":[19],"is_endless":false,"potions_floor_spawned":[1,4,6,16,18,24,30],"killed_by":"Automaton","ascension_level":20}}