{"host":"lxu17chzujqn8whl","time":1612680331,"event":{"mods":["BaseMod","Minty Spire (QoL Compilation)","Relic Stats","StSLib"],"gold_per_floor":[112,130,130,130,130,161,161,161,161,177,194,194,228,248,248,352,352,370,370,370,389,92,92,107,138,138,138,150,150,150,170,170,271,271,285,285,4,4,23,23,49,66,141,141,158,158,58,58,58,58],"floor_reached":51,"language":"ENG","playtime":1325,"items_purged":["Strike_R","Parasite"],"score":728,"play_id":"61d1c5b0-45ef-4e10-9ec5-9d7f6ebec05b","local_time":"20210206224531","is_ascension_mode":false,"campfire_choices":[{"floor":7,"key":"REST"},{"data":"Bash","floor":12,"key":"SMITH"},{"data":"Feed","floor":15,"key":"SMITH"},{"data":"Demon Form","floor":23,"key":"SMITH"},{"data":"Reaper","floor":29,"key":"SMITH"},{"floor":32,"key":"REST"},{"data":"Whirlwind","floor":40,"key":"SMITH"},{"floor":44,"key":"REST"},{"data":"Heavy Blade","floor":46,"key":"SMITH"},{"floor":49,"key":"REST"}],"circlet_count":0,"master_deck":["Strike_R","Strike_R+1","Strike_R","Defend_R","Defend_R","Defend_R","Defend_R","Bash+1","Offering+1","Uppercut+1","Feed+1","Demon Form+1","Heavy Blade+1","Pommel Strike","Reaper+1","Necronomicurse","Iron Wave+1","Master of Strategy+1","Whirlwind+1","Heavy Blade+1"],"relics":["Burning Blood","Champion Belt","Potion Belt","StrikeDummy","Juzu Bracelet","Busted Crown","MutagenicStrength","Matryoshka","Art of War","Lantern","Question Card","Necronomicon","Black Star","Ice Cream","Strawberry","Nunchaku","Frozen Egg 2"],"acts_visited":["Exordium","TheCity","TheBeyond"],"potions_floor_usage":[6,13,25,25,33,41,42,42,50,50,50],"damage_taken":[{"damage":8,"enemies":"2 Louse","floor":1,"turns":3},{"damage":1,"enemies":"Jaw Worm","floor":2,"turns":3},{"damage":38,"enemies":"3 Sentries","floor":6,"turns":5},{"damage":0,"enemies":"Cultist","floor":10,"turns":2},{"damage":10,"enemies":"Gremlin Gang","floor":11,"turns":3},{"damage":17,"enemies":"Lagavulin","floor":13,"turns":4},{"damage":1,"enemies":"Exordium Wildlife","floor":14,"turns":3},{"damage":46,"enemies":"Hexaghost","floor":16,"turns":9},{"damage":1,"enemies":"Chosen","floor":18,"turns":3},{"damage":14,"enemies":"Shell Parasite","floor":21,"turns":3},{"damage":10,"enemies":"Snecko","floor":24,"turns":3},{"damage":16,"enemies":"Book of Stabbing","floor":25,"turns":3},{"damage":16,"enemies":"Chosen and Byrds","floor":28,"turns":3},{"damage":33,"enemies":"Centurion and Healer","floor":31,"turns":4},{"damage":32,"enemies":"Collector","floor":33,"turns":4},{"damage":30,"enemies":"3 Darklings","floor":35,"turns":4},{"damage":6,"enemies":"Orb Walker","floor":39,"turns":1},{"damage":46,"enemies":"Reptomancer","floor":41,"turns":4},{"damage":38,"enemies":"4 Shapes","floor":42,"turns":5},{"damage":12,"enemies":"Writhing Mass","floor":45,"turns":4},{"damage":65,"enemies":"Time Eater","floor":50,"turns":6}],"seed_played":"-3150987998029416309","potions_obtained":[{"floor":1,"key":"Explosive Potion"},{"floor":11,"key":"Weak Potion"},{"floor":13,"key":"Fruit Juice"},{"floor":16,"key":"ColorlessPotion"},{"floor":21,"key":"ColorlessPotion"},{"floor":25,"key":"LiquidMemories"},{"floor":28,"key":"BlessingOfTheForge"},{"floor":33,"key":"FearPotion"},{"floor":35,"key":"FearPotion"},{"floor":42,"key":"AttackPotion"}],"is_trial":false,"path_per_floor":["M","M","?","?","?","E","R","?","T","M","M","R","E","M","R","B",null,"M","?","?","M","$","R","M","E","T","?","M","R","?","M","R","B",null,"M","?","$","?","M","R","E","M","T","R","M","R","$","?","R","B",null],"character_chosen":"IRONCLAD","items_purchased":["Matryoshka","Pommel Strike","Whirlwind","LiquidMemories","Fire Potion"],"campfire_rested":4,"item_purchase_floors":[22,22,37,37,37],"current_hp_per_floor":[70,72,72,58,58,26,47,47,47,53,49,49,43,51,51,11,80,80,80,80,76,76,76,72,62,62,84,74,74,58,41,66,77,84,74,74,74,74,74,74,41,45,45,73,67,67,67,67,92,33],"gold":58,"neow_bonus":"THREE_RARE_CARDS","is_daily":false,"chose_seed":false,"campfire_upgraded":6,"win_rate":0.0,"timestamp":1612680331,"path_taken":["M","M","?","?","?","E","R","?","T","?","M","R","E","M","R","BOSS","M","?","?","M","?","R","M","E","T","?","M","R","?","M","R","BOSS","M","?","$","?","M","R","E","M","T","R","M","R","$","?","R","BOSS"],"items_purchased_type":["Relic","Card","Card","Potion","Potion"],"build_version":"2020-12-22","purchased_purges":2,"victory":true,"max_hp_per_floor":[72,72,72,72,72,72,72,72,72,72,72,72,77,80,80,80,80,80,80,80,84,84,84,84,84,84,84,84,84,84,84,84,84,84,84,84,84,84,84,84,91,95,95,95,95,95,92,92,92,92],"relic_stats":{"Nunchaku":[2],"Busted Crown":26,"counters":[21,79],"Juzu Bracelet":3,"Art of War":[1],"Necronomicon":[26],"Black Star":1,"Champion Belt":[44],"Question Card":9,"obtain_stats":[{"Potion Belt":6,"Ice Cream":41,"Lantern":26,"Juzu Bracelet":13,"Frozen Egg 2":43,"Question Card":26,"Burning Blood":0,"Nunchaku":43,"Busted Crown":17,"Matryoshka":22,"MutagenicStrength":19,"Strawberry":41,"Art of War":25,"Necronomicon":30,"Black Star":34,"Champion Belt":3,"StrikeDummy":9},{"Potion Belt":3,"Ice Cream":18,"Lantern":12,"Juzu Bracelet":6,"Frozen Egg 2":19,"Question Card":12,"Burning Blood":0,"Nunchaku":19,"Busted Crown":8,"Matryoshka":10,"MutagenicStrength":9,"Strawberry":18,"Art of War":12,"Necronomicon":13,"Black Star":15,"Champion Belt":2,"StrikeDummy":3},{"Potion Belt":11,"Ice Cream":64,"Lantern":44,"Juzu Bracelet":20,"Frozen Egg 2":69,"Question Card":44,"Burning Blood":0,"Nunchaku":69,"Busted Crown":32,"Matryoshka":38,"MutagenicStrength":35,"Strawberry":64,"Art of War":44,"Necronomicon":47,"Black Star":55,"Champion Belt":6,"StrikeDummy":11}],"Burning Blood":118},"card_choices":[{"not_picked":["Barricade","Juggernaut"],"picked":"Offering","floor":0},{"not_picked":["Combust","Dual Wield","Armaments"],"picked":"SKIP","floor":1},{"not_picked":["Combust","Feel No Pain"],"picked":"Uppercut","floor":2},{"not_picked":["Flex","Burning Pact","Sentinel"],"picked":"SKIP","floor":6},{"not_picked":["Perfected Strike","Bloodletting","Warcry"],"picked":"SKIP","floor":10},{"not_picked":["Thunderclap","Dark Embrace","Body Slam"],"picked":"SKIP","floor":11},{"not_picked":["True Grit","Inflame"],"picked":"Feed","floor":13},{"not_picked":["Headbutt","Searing Blow","Evolve"],"picked":"SKIP","floor":14},{"not_picked":["Offering","Brutality"],"picked":"Demon Form","floor":16},{"not_picked":[],"picked":"Heavy Blade","floor":18},{"not_picked":["Dark Embrace"],"picked":"SKIP","floor":21},{"not_picked":["Clash+1"],"picked":"SKIP","floor":24},{"not_picked":["Rampage"],"picked":"SKIP","floor":25},{"not_picked":["Heavy Blade"],"picked":"Reaper","floor":28},{"not_picked":["Clothesline"],"picked":"Iron Wave+1","floor":31},{"not_picked":["Flex+1","Headbutt+1"],"picked":"SKIP","floor":35},{"not_picked":["Apotheosis"],"picked":"Master of Strategy","floor":36},{"not_picked":["True Grit","Iron Wave+1"],"picked":"SKIP","floor":39},{"not_picked":["Flex","Twin Strike+1"],"picked":"SKIP","floor":41},{"not_picked":["Clash","Thunderclap"],"picked":"SKIP","floor":42},{"not_picked":["Sentinel+1"],"picked":"Heavy Blade+1","floor":45}],"player_experience":646011,"relics_obtained":[{"floor":6,"key":"Potion Belt"},{"floor":9,"key":"StrikeDummy"},{"floor":13,"key":"Juzu Bracelet"},{"floor":25,"key":"Art of War"},{"floor":26,"key":"Lantern"},{"floor":26,"key":"Question Card"},{"floor":30,"key":"Necronomicon"},{"floor":41,"key":"Ice Cream"},{"floor":41,"key":"Strawberry"},{"floor":43,"key":"Nunchaku"},{"floor":43,"key":"Frozen Egg 2"}],"event_choices":[{"damage_healed":0,"gold_gain":0,"player_choice":"Box","damage_taken":0,"relics_obtained":["Champion Belt"],"max_hp_gain":0,"max_hp_loss":0,"event_name":"Big Fish","floor":3,"gold_loss":0,"cards_obtained":["Regret"]},{"damage_healed":0,"gold_gain":0,"player_choice":"Entered Light","damage_taken":14,"max_hp_gain":0,"max_hp_loss":0,"event_name":"Shining Light","floor":4,"gold_loss":0,"cards_upgraded":["Offering","Strike_R"]},{"damage_healed":0,"gold_gain":0,"player_choice":"Grow","damage_taken":0,"max_hp_gain":0,"max_hp_loss":0,"event_name":"Living Wall","floor":5,"gold_loss":0,"cards_upgraded":["Uppercut"]},{"cards_removed":["Regret"],"damage_healed":0,"gold_gain":0,"player_choice":"Removed Curses","damage_taken":0,"max_hp_gain":0,"max_hp_loss":0,"event_name":"Fountain of Cleansing","floor":8,"gold_loss":0},{"damage_healed":0,"gold_gain":0,"player_choice":"Inject Mutagens","damage_taken":0,"relics_obtained":["MutagenicStrength"],"max_hp_gain":0,"max_hp_loss":0,"event_name":"Drug Dealer","floor":19,"gold_loss":0},{"damage_healed":0,"gold_gain":0,"player_choice":"Ignored","damage_taken":0,"max_hp_gain":0,"max_hp_loss":0,"event_name":"Vampires","floor":20,"gold_loss":0},{"damage_healed":28,"gold_gain":0,"player_choice":"Heal","damage_taken":0,"max_hp_gain":0,"max_hp_loss":0,"event_name":"The Library","floor":27,"gold_loss":0},{"damage_healed":0,"gold_gain":0,"player_choice":"Obtained Book","damage_taken":16,"max_hp_gain":0,"max_hp_loss":0,"event_name":"Cursed Tome","floor":30,"gold_loss":0},{"damage_healed":0,"gold_gain":0,"player_choice":"Memory 1","damage_taken":0,"max_hp_gain":0,"max_hp_loss":0,"event_name":"SensoryStone","floor":36,"gold_loss":0},{"cards_removed":["Strike_R"],"damage_healed":0,"gold_gain":0,"player_choice":"Purged","damage_taken":0,"max_hp_gain":0,"max_hp_loss":0,"event_name":"Purifier","floor":38,"gold_loss":0},{"damage_healed":0,"gold_gain":0,"player_choice":"Forge","damage_taken":0,"max_hp_gain":0,"max_hp_loss":0,"event_name":"Accursed Blacksmith","floor":48,"gold_loss":0,"cards_upgraded":["Master of Strategy"]}],"is_beta":false,"boss_relics":[{"not_picked":["Cursed Key","Black Blood"],"picked":"Busted Crown"},{"not_picked":["SacredBark","Snecko Eye"],"picked":"Black Star"}],"items_purged_floors":[37,47],"is_endless":false,"potions_floor_spawned":[1,11,13,16,21,25,28,33,35,42],"ascension_level":0}}