{"host":"m7jrdcbl89w2s34c","time":1612656739,"event":{"mods":["AchievementEnabler","BaseMod","Bestiary","Block Reminder","Colored Map","Colored Powertips","Minty Spire (QoL Compilation)","Permanent Neow","Relic Stats","StSLib"],"gold_per_floor":[119,69,85,85,185,214,228,259,285,285,19,29,29,45,45,144,144,164,178,24,44,44,75,75,104,104,104,122,142,20,20,20,117,117,128,128,128,143,158,183,80,112,112,122,155,167,167,178,178,178],"floor_reached":51,"language":"ENG","playtime":4996,"items_purged":[],"score":1284,"play_id":"09ac7151-8caa-46fb-ae78-926171c1576a","local_time":"20210207011219","is_ascension_mode":true,"campfire_choices":[{"data":"Chaos","floor":10,"key":"SMITH"},{"data":"Dualcast","floor":13,"key":"SMITH"},{"data":"Turbo","floor":15,"key":"SMITH"},{"floor":27,"key":"REST"},{"data":"Creative AI","floor":32,"key":"SMITH"},{"data":"Go for the Eyes","floor":47,"key":"SMITH"},{"data":"Echo Form","floor":49,"key":"SMITH"}],"circlet_count":0,"master_deck":["AscendersBane","Defend_B","Defend_B","Defend_B","Zap+1","Dualcast+1","Leap","White Noise+1","Chaos+1","Leap+1","FTL","Glacier","Turbo+1","Creative AI+1","Recycle+1","Sweeping Beam+1","Bite","Bite","Bite","Bite","Bite","Coolheaded+1","Go for the Eyes+1","Steam+1","Echo Form+1","Turbo+1","Auto Shields+1","Glacier+1","Stack+1","Leap+1","Compile Driver+1","Coolheaded+1","Conserve Battery+1","Hologram+1"],"relics":["FrozenCore","NeowsBlessing","Bag of Preparation","Centennial Puzzle","War Paint","Membership Card","Gremlin Horn","Nuclear Battery","CaptainsWheel","Question Card","Shuriken","Pen Nib","Toxic Egg 2","Lantern","Lee\u0027s Waffle","Anchor","DataDisk","Art of War"],"acts_visited":["Exordium","TheCity","TheBeyond"],"potions_floor_usage":[8,19,25,33,42,46,50],"damage_taken":[{"damage":0,"enemies":"Small Slimes","floor":1,"turns":1},{"damage":0,"enemies":"Cultist","floor":3,"turns":1},{"damage":0,"enemies":"3 Sentries","floor":6,"turns":1},{"damage":4,"enemies":"2 Louse","floor":7,"turns":3},{"damage":25,"enemies":"Gremlin Nob","floor":8,"turns":5},{"damage":0,"enemies":"Exordium Thugs","floor":12,"turns":4},{"damage":2,"enemies":"Red Slaver","floor":14,"turns":3},{"damage":24,"enemies":"Slime Boss","floor":16,"turns":12},{"damage":0,"enemies":"Spheric Guardian","floor":18,"turns":6},{"damage":0,"enemies":"2 Thieves","floor":19,"turns":3},{"damage":13,"enemies":"Snecko","floor":21,"turns":8},{"damage":33,"enemies":"Gremlin Leader","floor":23,"turns":7},{"damage":33,"enemies":"Book of Stabbing","floor":25,"turns":5},{"damage":4,"enemies":"Cultist and Chosen","floor":28,"turns":7},{"damage":9,"enemies":"Snake Plant","floor":29,"turns":7},{"damage":51,"enemies":"Champ","floor":33,"turns":10},{"damage":20,"enemies":"3 Shapes","floor":35,"turns":5},{"damage":0,"enemies":"Orb Walker","floor":38,"turns":5},{"damage":9,"enemies":"3 Darklings","floor":39,"turns":7},{"damage":22,"enemies":"Giant Head","floor":40,"turns":15},{"damage":4,"enemies":"Reptomancer","floor":42,"turns":5},{"damage":0,"enemies":"Spire Growth","floor":44,"turns":8},{"damage":0,"enemies":"Nemesis","floor":45,"turns":13},{"damage":0,"enemies":"Transient","floor":46,"turns":5},{"damage":0,"enemies":"Writhing Mass","floor":48,"turns":12},{"damage":46,"enemies":"Donu and Deca","floor":50,"turns":12}],"seed_played":"-2756575180636469809","potions_obtained":[{"floor":6,"key":"Weak Potion"},{"floor":7,"key":"GamblersBrew"},{"floor":8,"key":"Dexterity Potion"},{"floor":18,"key":"DuplicationPotion"},{"floor":28,"key":"Strength Potion"},{"floor":29,"key":"FocusPotion"},{"floor":35,"key":"Explosive Potion"},{"floor":39,"key":"EntropicBrew"},{"floor":40,"key":"Fire Potion"},{"floor":42,"key":"Strength Potion"}],"is_trial":false,"path_per_floor":["M","?","M","?","?","E","M","E","T","R","$","M","R","M","R","B",null,"M","M","$","M","?","E","?","E","T","R","M","M","$","?","R","B",null,"M","?","$","M","M","E","$","E","T","M","E","M","R","M","R","B",null],"character_chosen":"DEFECT","items_purchased":["Membership Card","Gremlin Horn","CaptainsWheel","Toxic Egg 2","Lee\u0027s Waffle","Leap+1"],"campfire_rested":1,"item_purchase_floors":[11,11,20,30,41,41],"current_hp_per_floor":[68,68,68,68,68,68,64,39,39,39,39,39,39,37,37,13,60,60,60,60,47,47,35,35,14,14,29,37,40,40,40,40,1,39,31,31,31,41,52,44,59,59,59,59,59,59,59,59,59,19],"gold":178,"neow_bonus":"THREE_ENEMY_KILL","is_daily":false,"chose_seed":false,"campfire_upgraded":6,"win_rate":0.0,"timestamp":1612656739,"path_taken":["M","?","M","?","?","E","M","E","T","R","$","M","R","M","R","BOSS","M","M","$","M","?","E","?","E","T","R","M","?","?","?","R","BOSS","M","?","$","M","M","E","$","E","T","M","E","M","R","M","R","BOSS"],"items_purchased_type":["Relic","Relic","Relic","Relic","Relic","Card"],"build_version":"2020-12-22","purchased_purges":0,"victory":true,"max_hp_per_floor":[75,75,75,75,75,75,75,75,75,75,75,75,75,75,75,75,75,75,75,75,75,52,52,52,52,52,52,52,52,52,52,52,52,52,52,52,52,52,52,52,59,59,59,59,59,59,59,59,59,59],"relic_stats":{"Centennial Puzzle":[39],"Lee\u0027s Waffle":15,"Gremlin Horn":[23,23],"counters":[26,170],"Shuriken":[30],"Pen Nib":[18],"Bag of Preparation":[46],"Art of War":[9],"War Paint":["Leap","White Noise"],"Question Card":13,"obtain_stats":[{"Lantern":40,"Lee\u0027s Waffle":41,"NeowsBlessing":0,"Gremlin Horn":11,"Pen Nib":26,"Bag of Preparation":6,"War Paint":9,"Question Card":23,"Nuclear Battery":17,"FrozenCore":34,"Centennial Puzzle":8,"CaptainsWheel":20,"Anchor":42,"DataDisk":43,"Shuriken":25,"Art of War":45,"Membership Card":11,"Toxic Egg 2":30,"Cracked Core":0},{"Lantern":20,"Lee\u0027s Waffle":20,"NeowsBlessing":0,"Gremlin Horn":5,"Pen Nib":13,"Bag of Preparation":3,"War Paint":5,"Question Card":12,"Nuclear Battery":8,"FrozenCore":16,"Centennial Puzzle":5,"CaptainsWheel":10,"Anchor":21,"DataDisk":21,"Shuriken":13,"Art of War":23,"Membership Card":5,"Toxic Egg 2":15,"Cracked Core":0},{"Lantern":115,"Lee\u0027s Waffle":115,"NeowsBlessing":0,"Gremlin Horn":11,"Pen Nib":59,"Bag of Preparation":3,"War Paint":11,"Question Card":54,"Nuclear Battery":30,"FrozenCore":83,"Centennial Puzzle":11,"CaptainsWheel":39,"Anchor":120,"DataDisk":120,"Shuriken":59,"Art of War":141,"Membership Card":11,"Toxic Egg 2":73,"Cracked Core":0}],"FrozenCore":[8]},"card_choices":[{"not_picked":["Heatsinks","Rip and Tear"],"picked":"Leap","floor":1},{"not_picked":["Scrape","Turbo"],"picked":"White Noise","floor":3},{"not_picked":["Gash","Melter"],"picked":"Chaos","floor":6},{"not_picked":["Stack","Rebound"],"picked":"Leap","floor":7},{"not_picked":["Barrage","Stack"],"picked":"FTL","floor":8},{"not_picked":["Ball Lightning","Conserve Battery"],"picked":"Glacier","floor":12},{"not_picked":["Chaos","Leap"],"picked":"Turbo","floor":14},{"not_picked":["Thunder Strike","Reboot"],"picked":"Creative AI","floor":16},{"not_picked":["Leap","Storm"],"picked":"Recycle+1","floor":18},{"not_picked":["Compile Driver","Steam"],"picked":"Sweeping Beam+1","floor":19},{"not_picked":["Steam","Leap","Gash"],"picked":"SKIP","floor":21},{"not_picked":["Steam","Compile Driver"],"picked":"Coolheaded+1","floor":23},{"not_picked":["Turbo","Echo Form","FTL"],"picked":"Go for the Eyes","floor":25},{"not_picked":["Conserve Battery","Sweeping Beam","Gash"],"picked":"Steam+1","floor":28},{"not_picked":["Force Field","FTL","Reprogram","Gash"],"picked":"SKIP","floor":29},{"not_picked":["Seek+1","All For One","Creative AI"],"picked":"Echo Form","floor":33},{"not_picked":["FTL","Hologram+1","Hello World"],"picked":"Turbo+1","floor":35},{"not_picked":["Gash","Blizzard+1","Self Repair+1"],"picked":"Auto Shields+1","floor":38},{"not_picked":["BootSequence+1","Ball Lightning","Beam Cell"],"picked":"Glacier+1","floor":39},{"not_picked":["Rainbow+1","Rebound","Leap+1"],"picked":"Stack+1","floor":40},{"not_picked":["Ball Lightning","Conserve Battery+1","Steam+1"],"picked":"Compile Driver+1","floor":42},{"not_picked":["Ball Lightning","Beam Cell","Heatsinks"],"picked":"Coolheaded+1","floor":44},{"not_picked":["Storm","Ball Lightning","Steam+1","Hello World"],"picked":"SKIP","floor":45},{"not_picked":["Turbo+1","Aggregate+1","Capacitor"],"picked":"Conserve Battery+1","floor":46},{"not_picked":["Melter","Go for the Eyes","Force Field+1"],"picked":"Hologram+1","floor":48}],"player_experience":241708,"relics_obtained":[{"floor":6,"key":"Bag of Preparation"},{"floor":8,"key":"Centennial Puzzle"},{"floor":9,"key":"War Paint"},{"floor":23,"key":"Question Card"},{"floor":25,"key":"Shuriken"},{"floor":26,"key":"Pen Nib"},{"floor":40,"key":"Lantern"},{"floor":42,"key":"Anchor"},{"floor":43,"key":"DataDisk"},{"floor":45,"key":"Art of War"}],"event_choices":[{"cards_removed":["Defend_B"],"damage_healed":0,"gold_gain":0,"player_choice":"Card Removal","damage_taken":0,"max_hp_gain":0,"max_hp_loss":0,"event_name":"The Cleric","floor":2,"gold_loss":50},{"damage_healed":0,"gold_gain":0,"player_choice":"Grow","damage_taken":0,"max_hp_gain":0,"max_hp_loss":0,"event_name":"Living Wall","floor":4,"gold_loss":0,"cards_upgraded":["Zap"]},{"damage_healed":0,"gold_gain":100,"player_choice":"Pray","damage_taken":0,"max_hp_gain":0,"max_hp_loss":0,"event_name":"Golden Shrine","floor":5,"gold_loss":0},{"damage_healed":0,"gold_gain":0,"player_choice":"Became a vampire","damage_taken":0,"max_hp_gain":0,"max_hp_loss":23,"event_name":"Vampires","floor":22,"gold_loss":0,"cards_obtained":["Bite","Bite","Bite","Bite","Bite"]},{"damage_healed":0,"gold_gain":0,"player_choice":"0 cards matched","damage_taken":0,"max_hp_gain":0,"max_hp_loss":0,"event_name":"Match and Keep!","floor":24,"gold_loss":0,"cards_obtained":[]},{"damage_healed":0,"gold_gain":0,"player_choice":"Ignored","damage_taken":0,"max_hp_gain":0,"max_hp_loss":0,"event_name":"Ghosts","floor":31,"gold_loss":0},{"damage_healed":0,"gold_gain":0,"player_choice":"Bought 0 Potions","damage_taken":0,"max_hp_gain":0,"max_hp_loss":0,"event_name":"The Woman in Blue","floor":36,"gold_loss":0}],"is_beta":false,"boss_relics":[{"not_picked":["Fusion Hammer","Sozu"],"picked":"Nuclear Battery"},{"not_picked":["Coffee Dripper","Runic Dome"],"picked":"FrozenCore"}],"items_purged_floors":[],"is_endless":false,"potions_floor_spawned":[6,7,8,14,18,28,29,35,39,40,42],"ascension_level":12}}