{"host":"w01zow3jg16g8jdh","time":1612693954,"event":{"mods":["AchievementEnabler","BaseMod","DeckTracker","Keyboard Shortcuts","Minty Spire (QoL Compilation)","Permanent Neow","StSLib","SuperFastMode"],"gold_per_floor":[116,134,149,169,169,169,179,194,243,243,253,57,85,85,85,162,162,176,126,176,192,204,204,204,204,204,230,246,261,261,261],"floor_reached":30,"language":"KOR","playtime":789,"items_purged":["Strike_G","Defend_G"],"score":508,"play_id":"c15328df-bea9-45d1-9f24-f19fc82eed92","local_time":"20210207193234","is_ascension_mode":true,"campfire_choices":[{"data":"Poisoned Stab","floor":6.0,"key":"SMITH"},{"data":"Die Die Die","floor":10.0,"key":"SMITH"},{"floor":15.0,"key":"REST"},{"floor":23.0,"key":"REST"},{"data":"Malaise","floor":25.0,"key":"SMITH"}],"circlet_count":0,"master_deck":["AscendersBane","Strike_G","Strike_G","Strike_G","Defend_G","Defend_G","Survivor","Neutralize","Poisoned Stab+1","Endless Agony","Endless Agony","Die Die Die+1","Malaise+1","Cloak And Dagger+1","Blade Dance+1","Backflip+1","Blur"],"relics":["Ring of the Snake","Lantern","Membership Card","Ornamental Fan","SlaversCollar"],"acts_visited":["Exordium","TheCity"],"potions_floor_usage":[29,30],"damage_taken":[{"damage":4.0,"enemies":"Small Slimes","floor":1.0,"turns":3.0},{"damage":1.0,"enemies":"2 Louse","floor":2.0,"turns":2.0},{"damage":12.0,"enemies":"Jaw Worm","floor":3.0,"turns":4.0},{"damage":21.0,"enemies":"Gremlin Gang","floor":4.0,"turns":7.0},{"damage":0.0,"enemies":"Lots of Slimes","floor":7.0,"turns":4.0},{"damage":0.0,"enemies":"Looter","floor":8.0,"turns":3.0},{"damage":0.0,"enemies":"Exordium Thugs","floor":11.0,"turns":2.0},{"damage":12.0,"enemies":"Lagavulin","floor":13.0,"turns":7.0},{"damage":18.0,"enemies":"The Guardian","floor":16.0,"turns":13.0},{"damage":33.0,"enemies":"Spheric Guardian","floor":18.0,"turns":10.0},{"damage":7.0,"enemies":"Chosen","floor":21.0,"turns":7.0},{"damage":3.0,"enemies":"Centurion and Healer","floor":22.0,"turns":8.0},{"damage":30.0,"enemies":"Gremlin Leader","floor":27.0,"turns":11.0},{"damage":0.0,"enemies":"Snake Plant","floor":28.0,"turns":6.0},{"damage":0,"enemies":"Cultist and Chosen","floor":29,"turns":5},{"damage":6,"enemies":"Snecko","floor":30,"turns":3}],"seed_played":"-1921813956458880957","potions_obtained":[{"floor":2.0,"key":"CultistPotion"},{"floor":4.0,"key":"Block Potion"},{"floor":8.0,"key":"SpeedPotion"},{"floor":13.0,"key":"CultistPotion"},{"floor":18.0,"key":"FearPotion"},{"floor":28.0,"key":"PowerPotion"},{"floor":29,"key":"SpeedPotion"}],"is_trial":false,"path_per_floor":["M","M","M","M","?","R","M","M","T","R","M","$","E","?","R","B",null,"M","$","?","M","M","R","?","R","T","E","M","M","M"],"character_chosen":"THE_SILENT","items_purchased":["Membership Card"],"campfire_rested":2,"item_purchase_floors":[12],"current_hp_per_floor":[55,54,42,21,21,21,21,21,21,21,21,21,9,14,35,17,58,25,25,25,18,15,36,36,36,36,6,6,6,0,0],"gold":261,"neow_bonus":"REMOVE_CARD","is_daily":false,"chose_seed":false,"campfire_upgraded":3,"win_rate":0.0,"timestamp":1612693954,"path_taken":["M","M","M","M","?","R","M","M","T","R","M","$","E","?","R","BOSS","M","$","?","M","M","R","?","R","T","E","M","?","?"],"items_purchased_type":["Relic"],"build_version":"2020-12-22","purchased_purges":2,"victory":false,"max_hp_per_floor":[66,66,66,66,66,66,66,66,66,66,66,66,66,71,71,71,71,71,71,71,71,71,71,71,71,71,71,71,71,71,71],"card_choices":[{"not_picked":["Slice","Outmaneuver"],"picked":"Poisoned Stab","floor":1.0},{"not_picked":["Prepared","Cloak And Dagger","Sucker Punch"],"picked":"SKIP","floor":2.0},{"not_picked":["Cloak And Dagger","Poisoned Stab","Outmaneuver"],"picked":"SKIP","floor":3.0},{"not_picked":["Underhanded Strike","Blade Dance"],"picked":"Endless Agony","floor":4.0},{"not_picked":["Riddle With Holes","Quick Slash"],"picked":"Endless Agony","floor":7.0},{"not_picked":["Flying Knee","Dagger Spray"],"picked":"Die Die Die","floor":8.0},{"not_picked":["Reflex","Masterful Stab","Eviscerate"],"picked":"SKIP","floor":11.0},{"not_picked":["Leg Sweep","Deadly Poison","Underhanded Strike"],"picked":"SKIP","floor":13.0},{"not_picked":["Bullet Time","Storm of Steel"],"picked":"Malaise","floor":16.0},{"not_picked":["Outmaneuver","Expertise+1"],"picked":"Cloak And Dagger+1","floor":18.0},{"not_picked":["Infinite Blades","Noxious Fumes"],"picked":"Blade Dance+1","floor":21.0},{"not_picked":["Slice+1","Dodge and Roll+1"],"picked":"Backflip+1","floor":22.0},{"not_picked":["Burst","Outmaneuver"],"picked":"Blur","floor":27.0},{"not_picked":["Dagger Throw","Flying Knee","Slice+1"],"picked":"SKIP","floor":28.0},{"not_picked":["Finisher","Dagger Throw+1","Bouncing Flask"],"picked":"SKIP","floor":29}],"player_experience":360354,"relics_obtained":[{"floor":9.0,"key":"Lantern"},{"floor":13.0,"key":"Ornamental Fan"}],"event_choices":[{"cards_removed":["Strike_G"],"damage_healed":0.0,"max_hp_gain":0.0,"max_hp_loss":0.0,"gold_gain":0.0,"event_name":"Living Wall","player_choice":"Forget","floor":5.0,"gold_loss":0.0,"damage_taken":0.0},{"damage_healed":0.0,"max_hp_gain":5.0,"max_hp_loss":0.0,"gold_gain":0.0,"event_name":"Big Fish","player_choice":"Donut","floor":14.0,"gold_loss":0.0,"damage_taken":0.0},{"damage_healed":0.0,"max_hp_gain":0.0,"max_hp_loss":0.0,"gold_gain":50.0,"event_name":"Nest","player_choice":"Stole From Cult","floor":20.0,"gold_loss":0.0,"damage_taken":0.0},{"cards_removed":["Defend_G"],"damage_healed":0.0,"max_hp_gain":0.0,"max_hp_loss":0.0,"gold_gain":0.0,"event_name":"Bonfire Elementals","player_choice":"Offered Basic","floor":24.0,"gold_loss":0.0,"damage_taken":0.0}],"is_beta":false,"boss_relics":[{"not_picked":["Sozu","Busted Crown"],"picked":"SlaversCollar"}],"items_purged_floors":[12,19],"is_endless":false,"potions_floor_spawned":[2,4,8,13,18,28,29],"killed_by":"Snecko","ascension_level":20}}