{"host":"d52brwsy6af8zvaq","time":1612725159,"event":{"mods":["AchievementEnabler","BaseMod","Bestiary","Highlight Path","Minty Spire (QoL Compilation)","Quick Restart","Relic Stats","ojb\u0027s Better Paths Mod"],"gold_per_floor":[111,111,11,25,25,55,3,3,3,36,36,59,75,109,109,109,109],"floor_reached":16,"language":"ENG","playtime":587,"items_purged":["Strike_B"],"score":232,"play_id":"c244b922-7353-4efa-a5c2-14a29eb8090e","local_time":"20210207121239","is_ascension_mode":true,"campfire_choices":[{"floor":8,"key":"REST"},{"data":"Beam Cell","floor":11,"key":"SMITH"},{"floor":15,"key":"REST"}],"circlet_count":0,"master_deck":["AscendersBane","Strike_B","Strike_B","Strike_B","Defend_B","Defend_B","Defend_B","Defend_B","Zap+1","Dualcast+1","Cold Snap","Conserve Battery","Streamline","Multi-Cast","Turbo","Beam Cell+1","Lockon"],"relics":["Cracked Core","Juzu Bracelet","War Paint","Potion Belt","Toy Ornithopter"],"acts_visited":["Exordium"],"potions_floor_usage":[10,14,16],"damage_taken":[{"damage":4,"enemies":"Small Slimes","floor":1,"turns":3},{"damage":0,"enemies":"2 Louse","floor":4,"turns":3},{"damage":35,"enemies":"3 Sentries","floor":6,"turns":8},{"damage":12,"enemies":"Gremlin Nob","floor":10,"turns":3},{"damage":5,"enemies":"Jaw Worm","floor":13,"turns":2},{"damage":28,"enemies":"3 Sentries","floor":14,"turns":14},{"damage":40,"enemies":"The Guardian","floor":16,"turns":8}],"seed_played":"-4361266441586960224","potions_obtained":[{"floor":6,"key":"GamblersBrew"},{"floor":10,"key":"FocusPotion"},{"floor":14,"key":"Dexterity Potion"}],"is_trial":false,"path_per_floor":["M","?","$","M","?","E","$","R","T","E","R","T","M","E","R","B"],"character_chosen":"DEFECT","items_purchased":["Conserve Battery","Turbo"],"campfire_rested":2,"item_purchase_floors":[3,7],"current_hp_per_floor":[67,67,67,67,67,32,32,55,55,43,43,43,38,10,33,0,0],"gold":109,"neow_bonus":"TEN_PERCENT_HP_BONUS","is_daily":false,"chose_seed":false,"campfire_upgraded":1,"win_rate":0.0,"timestamp":1612725159,"path_taken":["M","?","$","M","?","E","$","R","T","E","R","?","M","E","R","BOSS"],"items_purchased_type":["Card","Card"],"build_version":"2020-12-22","purchased_purges":1,"victory":false,"max_hp_per_floor":[78,78,78,78,78,78,78,78,78,78,78,78,78,78,78,78,78],"relic_stats":{"counters":[7,41],"Juzu Bracelet":0,"War Paint":["Zap","Dualcast"],"obtain_stats":[{"Potion Belt":12,"Juzu Bracelet":6,"War Paint":10,"Cracked Core":0,"Toy Ornithopter":14},{"Potion Belt":4,"Juzu Bracelet":3,"War Paint":4,"Cracked Core":0,"Toy Ornithopter":6},{"Potion Belt":17,"Juzu Bracelet":14,"War Paint":17,"Cracked Core":0,"Toy Ornithopter":33}],"Toy Ornithopter":5},"card_choices":[{"not_picked":["Steam","Rebound"],"picked":"Cold Snap","floor":1},{"not_picked":["Skim","Barrage"],"picked":"Streamline","floor":4},{"not_picked":["Leap","Reinforced Body"],"picked":"Multi-Cast","floor":6},{"not_picked":["Barrage","Coolheaded"],"picked":"Beam Cell","floor":10},{"not_picked":["Cold Snap","Beam Cell","Redo"],"picked":"SKIP","floor":13},{"not_picked":["Sweeping Beam","Machine Learning"],"picked":"Lockon","floor":14}],"player_experience":2185190,"relics_obtained":[{"floor":6,"key":"Juzu Bracelet"},{"floor":10,"key":"War Paint"},{"floor":12,"key":"Potion Belt"},{"floor":14,"key":"Toy Ornithopter"}],"event_choices":[{"damage_healed":0,"gold_gain":0,"player_choice":"Ignored","damage_taken":0,"max_hp_gain":0,"max_hp_loss":0,"event_name":"Golden Wing","floor":2,"gold_loss":0},{"damage_healed":0,"gold_gain":0,"player_choice":"Ignored","damage_taken":0,"max_hp_gain":0,"max_hp_loss":0,"event_name":"Liars Game","floor":5,"gold_loss":0}],"is_beta":false,"boss_relics":[],"items_purged_floors":[3],"is_endless":false,"potions_floor_spawned":[6,10,14],"killed_by":"The Guardian","ascension_level":20}}