{"host":"w8xisjf5mgmfjvmt","time":1612665249,"event":{"mods":["BaseMod","BetterRewards","Challenge The Spire","Conspire","Energized Spire","Filter the Spire","Minty Spire (QoL Compilation)","Quarter Circle Forward PUNCH!","Quick Restart","Relic Filter Mod","Relic Stats","Reliquary","Replay The Spire","Shop Mod","Spicy Shops","StSLib","Thieving Mod","¡¾ÒÅÎï¿¨ÅÆ¡¿REMEMod","óô»ðÖ¸ÄÏ"],"gold_per_floor":[111,111,124,136,147,180,180,214,214,244,244,269,249,269,71,174,174,185,254,274,21,21,21,21],"floor_reached":23,"language":"ZHS","playtime":703,"items_purged":["Strike_P"],"score":317,"play_id":"b79cfd99-73d7-481a-9d16-c319bf108f4e","local_time":"20210207103409","is_ascension_mode":true,"campfire_choices":[{"data":"Eruption","floor":7.0,"key":"SMITH"}],"circlet_count":0,"master_deck":["Strike_P","Strike_P","Strike_P","Defend_P","Defend_P","Defend_P","Defend_P","Eruption+1","Vigilance","Brilliance+1","Mayhem+1","Protect","Indignation","Crescendo","Conclude","Perseverance","MentalFortress","Establishment+1","Collect","ClearTheMind","Adaptation","Omniscience+1","TalkToTheHand+1","Shame"],"relics":["PureWater","REME_ComplimentaryCards","FaceOfCleric","Happy Flower","Golden Egg","reliquary:PurpleTingedLeaf","reliquary:SharkskinSheath","Gremlin Food","energizedSpire:BlackCloud","Happy Flower","Guide Book","Onion Ring"],"acts_visited":["Exordium","TheCity"],"potions_floor_usage":[18],"damage_taken":[{"damage":7.0,"enemies":"2 Louse","floor":1.0,"turns":3.0},{"damage":1.0,"enemies":"Cultist","floor":3.0,"turns":3.0},{"damage":2.0,"enemies":"Jaw Worm","floor":4.0,"turns":4.0},{"damage":0.0,"enemies":"2 Fungi Beasts","floor":5.0,"turns":2.0},{"damage":19.0,"enemies":"Gremlin Nob","floor":6.0,"turns":3.0},{"damage":5.0,"enemies":"3 Sentries","floor":8.0,"turns":5.0},{"damage":0.0,"enemies":"Gremlin Nob","floor":10.0,"turns":2.0},{"damage":16.0,"enemies":"Lagavulin","floor":12.0,"turns":5.0},{"damage":6.0,"enemies":"Red Slaver","floor":14.0,"turns":3.0},{"damage":17.0,"enemies":"The Guardian","floor":16.0,"turns":8.0},{"damage":4,"enemies":"Chosen","floor":18,"turns":4},{"damage":17,"enemies":"Spheric Guardian","floor":20,"turns":6},{"damage":14,"enemies":"Book of Stabbing","floor":23,"turns":2}],"seed_played":"-7164905127304516502","potions_obtained":[{"floor":1.0,"key":"Toxic Potion"},{"floor":6.0,"key":"PowerPotion"},{"floor":10.0,"key":"Energy Potion"},{"floor":12.0,"key":"Venom Potion"},{"floor":13.0,"key":"Fruit Juice"},{"floor":18,"key":"SkillPotion"},{"floor":20,"key":"Milkshake"}],"is_trial":false,"path_per_floor":["M","?","M","M","M","E","R","E","T","E","?","E","?","M","R","B",null,"M","T","M","$","?","E"],"character_chosen":"WATCHER","items_purchased":["Adaptation","Guide Book","Onion Ring"],"campfire_rested":0,"item_purchase_floors":[15,21,21],"current_hp_per_floor":[58,58,58,57,58,40,40,36,36,38,38,24,29,24,24,10,62,60,60,46,46,46,33,33],"gold":21,"neow_bonus":"THREE_RARE_CARDS","is_daily":false,"chose_seed":false,"campfire_upgraded":1,"win_rate":0.0,"timestamp":1612665249,"path_taken":["M","?","?","?","M","E","R","E","T","E","?","E","?","M","R","BOSS","M","?","M","?","?","E"],"items_purchased_type":["Card","Relic","Relic"],"build_version":"2020-12-22","purchased_purges":1,"victory":false,"max_hp_per_floor":[65,65,66,67,68,69,69,70,70,71,71,72,77,78,78,79,79,80,80,81,81,81,81,81],"relic_stats":{"FaceOfCleric":11,"Happy Flower":[13],"counters":[13,50],"obtain_stats":[{"Gremlin Food":12,"energizedSpire:BlackCloud":17,"Golden Egg":8,"FaceOfCleric":2,"Happy Flower":6,"Guide Book":21,"Onion Ring":21,"reliquary:SculptingSteel":19,"PureWater":0,"reliquary:PurpleTingedLeaf":9,"REME_ComplimentaryCards":0,"reliquary:SharkskinSheath":10},{"Gremlin Food":8,"energizedSpire:BlackCloud":10,"Golden Egg":6,"FaceOfCleric":1,"Happy Flower":5,"Guide Book":12,"Onion Ring":12,"reliquary:SculptingSteel":11,"PureWater":0,"reliquary:PurpleTingedLeaf":6,"REME_ComplimentaryCards":0,"reliquary:SharkskinSheath":7},{"Gremlin Food":27,"energizedSpire:BlackCloud":38,"Golden Egg":20,"FaceOfCleric":3,"Happy Flower":15,"Guide Book":48,"Onion Ring":48,"reliquary:SculptingSteel":42,"PureWater":0,"reliquary:PurpleTingedLeaf":20,"REME_ComplimentaryCards":0,"reliquary:SharkskinSheath":22}]},"card_choices":[{"not_picked":["ConjureBlade","Alpha"],"picked":"Brilliance","floor":0.0},{"not_picked":["FlurryOfBlows","FlyingSleeves"],"picked":"Protect","floor":1.0},{"not_picked":["Replay:DivineShield","Meditate"],"picked":"Indignation","floor":3.0},{"not_picked":["WaveOfTheHand","Conclude"],"picked":"Crescendo","floor":4.0},{"not_picked":["InnerPeace","EmptyFist"],"picked":"Conclude","floor":5.0},{"not_picked":["Replay:BluntJabs","Replay:Hum"],"picked":"Perseverance","floor":6.0},{"not_picked":["REME_CRH","BowlingBash"],"picked":"MentalFortress","floor":8.0},{"not_picked":["Halt","FollowUp"],"picked":"Establishment","floor":10.0},{"not_picked":["REME_MusicOfDeath","Crescendo"],"picked":"Collect","floor":12.0},{"not_picked":["Replay:Hum","Crescendo"],"picked":"ClearTheMind","floor":14.0},{"not_picked":["MasterReality","Judgement"],"picked":"Omniscience","floor":16.0},{"not_picked":["Replay:BluntJabs","Replay:DivineShield+1"],"picked":"TalkToTheHand+1","floor":18},{"not_picked":["Crescendo+1","JustLucky","ClearTheMind"],"picked":"SKIP","floor":20}],"player_experience":1288974,"relics_obtained":[{"floor":6.0,"key":"Happy Flower"},{"floor":8.0,"key":"Golden Egg"},{"floor":9.0,"key":"reliquary:PurpleTingedLeaf"},{"floor":10.0,"key":"reliquary:SharkskinSheath"},{"floor":12.0,"key":"Gremlin Food"},{"floor":19,"key":"reliquary:SculptingSteel"}],"event_choices":[{"damage_healed":0.0,"max_hp_gain":0.0,"max_hp_loss":0.0,"gold_gain":0.0,"event_name":"FaceTrader","player_choice":"Trade","floor":2.0,"gold_loss":0.0,"damage_taken":0.0,"relics_obtained":["FaceOfCleric"]},{"damage_healed":0.0,"max_hp_gain":0.0,"max_hp_loss":0.0,"gold_gain":0.0,"event_name":"conspire:Investor","player_choice":"Leave","floor":11.0,"gold_loss":0.0,"damage_taken":0.0},{"damage_healed":0.0,"max_hp_gain":0.0,"max_hp_loss":0.0,"gold_gain":0.0,"event_name":"The Woman in Blue","player_choice":"Bought 1 Potion","floor":13.0,"gold_loss":0.0,"damage_taken":0.0}],"is_beta":false,"boss_relics":[{"not_picked":["Tiny House","Calling Bell"],"picked":"energizedSpire:BlackCloud"}],"items_purged_floors":[15],"is_endless":false,"potions_floor_spawned":[1,6,10,12,18,20],"killed_by":"Book of Stabbing","ascension_level":6}}