{"host":"d7fiu2yjkssjxoz6","time":1612687259,"event":{"mods":["AchievementEnabler","BaseMod","Duelist Mod","Minty Spire (QoL Compilation)","StSLib"],"gold_per_floor":[137,137,150,162,180,180,193,193,193,221,239,239,256,256,256,333,333,349,360,375,390,390,390,420,432,483,495,495],"floor_reached":27,"language":"ENG","playtime":1148,"items_purged":[],"score":454,"play_id":"2bcd5d5e-34ba-41a7-bedf-eff85d08e60b","local_time":"20210207004059","is_ascension_mode":true,"campfire_choices":[{"floor":6,"key":"REST"},{"data":"theDuelist:LavaDragon","floor":8,"key":"SMITH"},{"data":"theDuelist:RainbowOverdragon","floor":12,"key":"SMITH"},{"floor":15,"key":"REST"},{"data":"theDuelist:Raigeki","floor":23,"key":"SMITH"}],"circlet_count":0,"master_deck":["theDuelist:LesserDragon","theDuelist:VeilDarkness+1","theDuelist:WaterDragon","Shame","theDuelist:ArmedDragon3","theDuelist:CyberDragonCore","theDuelist:CaveDragon","theDuelist:LavaDragon+1","theDuelist:BabyDragon","theDuelist:LesserDragon","theDuelist:TwinHeadedFire","theDuelist:YamataDragon","theDuelist:CastleWalls","theDuelist:CaveDragon","theDuelist:GuardragonJusticia","theDuelist:BigFire","theDuelist:WaterDragon+1","CurseOfTheBell","AscendersBane","theDuelist:Sparks","theDuelist:Raigeki+1","theDuelist:CastleWalls","theDuelist:RainbowOverdragon+1","theDuelist:ThunderDragon+1","theDuelist:CaveDragon","theDuelist:BigFire+1"],"relics":["theDuelist:MillenniumPuzzle","theDuelist:CardPoolRelic","theDuelist:CardPoolBasicRelic","theDuelist:BoosterPackPoolRelic","theDuelist:CardPoolAddRelic","theDuelist:CardPoolMinusRelic","theDuelist:CardPoolSaveRelic","theDuelist:CardPoolOptionsRelic","Nunchaku","Kunai","theDuelist:DuelistLetterOpener","Calling Bell","Tiny Chest","theDuelist:MillenniumPrayerbook","theDuelist:ResummonBranch","Boot","theDuelist:BoosterPackHealer","MawBank"],"acts_visited":["Exordium","TheCity"],"potions_floor_usage":[16,18,24,27,27],"damage_taken":[{"damage":4,"enemies":"Jaw Worm","floor":1,"turns":2},{"damage":9,"enemies":"Small Slimes","floor":3,"turns":4},{"damage":0,"enemies":"Cultist","floor":4,"turns":4},{"damage":1,"enemies":"3 Louse","floor":5,"turns":4},{"damage":18,"enemies":"Gremlin Gang","floor":7,"turns":5},{"damage":11,"enemies":"3 Sentries","floor":10,"turns":5},{"damage":4,"enemies":"2 Fungi Beasts","floor":11,"turns":3},{"damage":9,"enemies":"Lots of Slimes","floor":13,"turns":5},{"damage":6,"enemies":"The Guardian","floor":16,"turns":9},{"damage":5,"enemies":"2 Thieves","floor":18,"turns":3},{"damage":0,"enemies":"3 Byrds","floor":19,"turns":3},{"damage":18,"enemies":"3 Cultists","floor":20,"turns":6},{"damage":21,"enemies":"Snake Plant","floor":21,"turns":4},{"damage":14,"enemies":"theDuelist:KaibaA2","floor":24,"turns":5},{"damage":0,"enemies":"Cultist and Chosen","floor":25,"turns":4},{"damage":19,"enemies":"Gremlin Leader","floor":27,"turns":4}],"seed_played":"7921434282647102696","potions_obtained":[{"floor":5,"key":"theDuelist:OrbBottle"},{"floor":13,"key":"FocusPotion"},{"floor":16,"key":"Energy Potion"},{"floor":19,"key":"theDuelist:TributeBottle"},{"floor":24,"key":"Block Potion"}],"is_trial":false,"path_per_floor":["M","?","M","M","M","R","M","R","T","E","M","R","M","?","R","B",null,"M","M","M","M","?","R","E","M","T","E"],"character_chosen":"THE_DUELIST","items_purchased":[],"campfire_rested":2,"item_purchase_floors":[],"current_hp_per_floor":[66,55,46,46,45,68,50,50,50,39,35,35,26,26,49,43,69,64,64,46,25,25,25,11,11,11,0,0],"gold":495,"neow_bonus":"TEN_PERCENT_HP_BONUS","is_daily":false,"chose_seed":false,"campfire_upgraded":3,"win_rate":0.0,"timestamp":1612687259,"path_taken":["M","?","M","M","M","R","M","R","T","E","M","R","M","?","R","BOSS","M","M","M","M","?","R","E","M","T","E"],"items_purchased_type":[],"build_version":"2020-12-22","purchased_purges":0,"victory":false,"max_hp_per_floor":[77,77,77,77,77,77,77,77,77,77,77,77,77,77,77,77,77,77,77,77,77,77,77,77,77,77,77,77],"card_choices":[{"not_picked":["theDuelist:LesserDragon","theDuelist:ScrapIronScarecrow","theDuelist:Freezadon","theDuelist:Earthquake"],"picked":"theDuelist:LavaDragon","floor":1},{"not_picked":["theDuelist:SpiralSpearStrike+1","theDuelist:SafeZone","theDuelist:FireDarts","theDuelist:DefenseZone+1"],"picked":"theDuelist:VeilDarkness+1","floor":3},{"not_picked":["theDuelist:BusterBladerDDS+1","theDuelist:BlizzardDragon+1"],"picked":"theDuelist:ThunderDragon+1","floor":4},{"not_picked":["theDuelist:MirageDragon","theDuelist:LesserDragon","theDuelist:Earthquake","theDuelist:BlackTyranno"],"picked":"theDuelist:TwinHeadedFire","floor":5},{"not_picked":["theDuelist:TwinHeadedFire","theDuelist:Duoterion","theDuelist:CyberDinosaur","theDuelist:LeviaDragon"],"picked":"theDuelist:CyberDragonCore","floor":7},{"not_picked":["theDuelist:LightningDarts","theDuelist:BlackPendant","theDuelist:MagicalStone","theDuelist:Jinzo"],"picked":"theDuelist:RainbowOverdragon","floor":10},{"not_picked":["theDuelist:SuperancientDinobeast","theDuelist:HymnOfLight","theDuelist:CyberDragonNachster","theDuelist:BackupSoldier"],"picked":"theDuelist:ArmedDragon3","floor":11},{"not_picked":["theDuelist:BigEye","theDuelist:PreventRat","theDuelist:Mausoleum","theDuelist:HarpieFeather"],"picked":"theDuelist:BigFire","floor":13},{"not_picked":["theDuelist:WingedDragonRa","theDuelist:SeismicShockwave","theDuelist:CyberDragonInfinity","theDuelist:ArmageddonDragonEmp"],"picked":"theDuelist:WaterDragon","floor":16},{"not_picked":["theDuelist:Hinotama","theDuelist:LightningDarts","theDuelist:RainbowOverdragon","theDuelist:ForbiddenLance+1"],"picked":"theDuelist:Raigeki","floor":18},{"not_picked":["theDuelist:BusterBladerDDS","theDuelist:BackupSoldier","theDuelist:Carboneddon","theDuelist:CyberneticRevolution"],"picked":"theDuelist:WaterDragon+1","floor":19},{"not_picked":["theDuelist:MadSwordBeast","theDuelist:LesserDragon","theDuelist:CurseDragon","theDuelist:BusterBlader","theDuelist:BlacklandFireDragon+1"],"picked":"SKIP","floor":20},{"not_picked":["theDuelist:MadFlameKaiju","theDuelist:CyberEltanin","theDuelist:CyberDragonNachster","theDuelist:AncientPixieDragon"],"picked":"theDuelist:GuardragonJusticia","floor":21},{"not_picked":["theDuelist:WhiteHowling","theDuelist:WhiteHornDragon","theDuelist:Vandalgyon","theDuelist:DragonTreasure","theDuelist:SystemDown"],"picked":"SKIP","floor":24},{"not_picked":["theDuelist:BattleguardKing","theDuelist:Hinotama","theDuelist:LightningDarts","theDuelist:RainbowOverdragon"],"picked":"theDuelist:BigFire+1","floor":25}],"player_experience":346790,"relics_obtained":[{"floor":9,"key":"Kunai"},{"floor":10,"key":"theDuelist:DuelistLetterOpener"},{"floor":17,"key":"Tiny Chest"},{"floor":17,"key":"theDuelist:MillenniumPrayerbook"},{"floor":17,"key":"theDuelist:ResummonBranch"},{"floor":24,"key":"theDuelist:BoosterPackHealer"},{"floor":26,"key":"MawBank"}],"event_choices":[{"damage_healed":0,"gold_gain":0,"player_choice":"Success","damage_taken":11,"relics_obtained":["Nunchaku"],"max_hp_gain":0,"max_hp_loss":0,"event_name":"Scrap Ooze","floor":2,"gold_loss":0},{"damage_healed":0,"gold_gain":0,"cards_transformed":["theDuelist:Sparks"],"player_choice":"Transformed","damage_taken":0,"max_hp_gain":0,"max_hp_loss":0,"event_name":"Transmorgrifier","floor":14,"gold_loss":0,"cards_obtained":["theDuelist:CaveDragon"]},{"damage_healed":0,"gold_gain":0,"player_choice":"Stole Relic","damage_taken":0,"relics_obtained":["Boot"],"max_hp_gain":0,"max_hp_loss":0,"event_name":"Addict","floor":22,"gold_loss":0,"cards_obtained":["Shame"]}],"is_beta":false,"boss_relics":[{"not_picked":["Sozu","Velvet Choker"],"picked":"Calling Bell"}],"items_purged_floors":[],"is_endless":false,"potions_floor_spawned":[5,13,16,19,24,25],"killed_by":"Gremlin Leader","ascension_level":18}}