{"host":"g907ck67u7c3hrs6","time":1612704262,"event":{"mods":["BaseMod","Colored Map","DeckTracker","Highlight Path","Keyboard Shortcuts","Minty Spire (QoL Compilation)","Permanent Neow","Say the Spire","SuperFastMode"],"gold_per_floor":[117,132,132,57,57,57,57,86,86,86,86,105,124,135,135,237,237,248,248,42,42,42,42,42,42,42,42,68,80,107,124,124,222,222,242,242,242,258,158,158,191,191,191,221,221,49,83,114,114,114],"floor_reached":51,"language":"KOR","playtime":1264,"items_purged":["Strike_R","Strike_R","Defend_R"],"score":1095,"play_id":"0441d7ca-a499-4ff2-a9d4-f05272470e86","local_time":"20210207222421","daily_mods":["Heirloom","Flight"],"is_ascension_mode":false,"campfire_choices":[{"data":"Rampage","floor":6.0,"key":"SMITH"},{"data":"Fiend Fire","floor":10.0,"key":"SMITH"},{"data":"True Grit","floor":11.0,"key":"SMITH"},{"data":"Power Through","floor":15.0,"key":"SMITH"},{"data":"Offering","floor":23.0,"key":"SMITH"},{"data":"Offering","floor":24.0,"key":"SMITH"},{"data":"Exhume","floor":25.0,"key":"SMITH"},{"data":"Sentinel","floor":32,"key":"SMITH"},{"data":"Sentinel","floor":40,"key":"SMITH"},{"data":"Double Tap","floor":42,"key":"SMITH"},{"data":"Exhume","floor":45,"key":"SMITH"},{"data":"Headbutt","floor":49,"key":"SMITH"}],"circlet_count":0,"master_deck":["Bash+1","Rampage+1","True Grit+1","Fiend Fire+1","Dark Embrace+1","Power Through+1","Double Tap+1","Headbutt+1","Offering+1","Offering+1","Exhume+1","Sentinel+1","Burning Pact+1","Burning Pact+1","Sentinel+1","Power Through+1","Exhume+1","Evolve+1","Fire Breathing+1"],"relics":["Burning Blood","Mango","Frozen Egg 2","Pear","The Courier","Coffee Dripper","Enchiridion","MealTicket","Gremlin Horn","Vajra","Empty Cage","Bronze Scales","Mummified Hand","Ornamental Fan","Bag of Preparation","StrikeDummy","Smiling Mask"],"acts_visited":["Exordium","TheCity","TheBeyond"],"potions_floor_usage":[50,50,50],"damage_taken":[{"damage":0.0,"enemies":"2 Louse","floor":1.0,"turns":3.0},{"damage":6.0,"enemies":"Cultist","floor":2.0,"turns":3.0},{"damage":17.0,"enemies":"Gremlin Nob","floor":8.0,"turns":4.0},{"damage":5.0,"enemies":"Small Slimes","floor":12.0,"turns":2.0},{"damage":0.0,"enemies":"Red Slaver","floor":13.0,"turns":2.0},{"damage":7.0,"enemies":"3 Louse","floor":14.0,"turns":3.0},{"damage":40.0,"enemies":"Slime Boss","floor":16.0,"turns":13.0},{"damage":3.0,"enemies":"Spheric Guardian","floor":18.0,"turns":4.0},{"damage":18,"enemies":"Gremlin Leader","floor":28,"turns":2},{"damage":6,"enemies":"Chosen","floor":29,"turns":2},{"damage":6,"enemies":"Slavers","floor":30,"turns":1},{"damage":6,"enemies":"Sentry and Sphere","floor":31,"turns":2},{"damage":18,"enemies":"Collector","floor":33,"turns":2},{"damage":6,"enemies":"3 Darklings","floor":35,"turns":2},{"damage":6,"enemies":"3 Shapes","floor":38,"turns":1},{"damage":26,"enemies":"Nemesis","floor":41,"turns":5},{"damage":12,"enemies":"Reptomancer","floor":44,"turns":1},{"damage":12,"enemies":"Nemesis","floor":47,"turns":1},{"damage":12,"enemies":"Giant Head","floor":48,"turns":1},{"damage":18,"enemies":"Donu and Deca","floor":50,"turns":1}],"seed_played":"5201847949783515832","potions_obtained":[{"floor":1.0,"key":"Block Potion"},{"floor":14.0,"key":"Fire Potion"},{"floor":18.0,"key":"Regen Potion"},{"floor":31,"key":"Regen Potion"},{"floor":38,"key":"Regen Potion"}],"is_trial":true,"path_per_floor":["M","M","?","$","?","R","?","E","T","R","R","M","M","M","R","B",null,"M","?","$","?","?","R","R","R","T","?","E","M","E","M","R","B",null,"M","?","?","M","$","R","E","R","T","E","R","$","E","E","R","B",null],"character_chosen":"IRONCLAD","items_purchased":["Offering","Bag of Preparation","Evolve+1"],"campfire_rested":0,"item_purchase_floors":[20,46,46],"current_hp_per_floor":[94,94,94,94,87,87,87,86,86,86,86,87,93,92,92,58,104,104,104,104,104,88,88,88,88,88,88,76,76,76,76,76,64,104,104,104,99,99,99,99,79,79,79,73,73,88,82,76,76,64],"gold":114,"neow_bonus":"","is_daily":false,"chose_seed":false,"campfire_upgraded":12,"win_rate":0.0,"timestamp":1612704261,"path_taken":["M","M","?","?","?","R","?","E","T","R","R","M","?","M","R","BOSS","M","?","$","?","?","R","R","R","T","?","E","?","E","M","R","BOSS","M","?","?","?","$","R","E","R","T","E","R","$","E","E","R","BOSS"],"items_purchased_type":["Card","Relic","Card"],"build_version":"2020-12-22","purchased_purges":3,"victory":true,"max_hp_per_floor":[94,94,94,94,94,94,94,104,104,104,104,104,104,104,104,104,104,104,104,104,104,104,104,104,104,104,104,104,104,104,104,104,104,104,104,104,99,99,99,99,99,99,99,99,99,99,99,99,99,99],"card_choices":[{"not_picked":["Whirlwind","Wild Strike"],"picked":"Rampage","floor":1.0},{"not_picked":["Armaments","Perfected Strike"],"picked":"True Grit","floor":2.0},{"not_picked":["Dual Wield","Anger"],"picked":"Fiend Fire","floor":8.0},{"not_picked":["Thunderclap","Cleave","Body Slam"],"picked":"SKIP","floor":12.0},{"not_picked":["Body Slam","Flex"],"picked":"Dark Embrace+1","floor":13.0},{"not_picked":["Barricade+1","Warcry"],"picked":"Power Through","floor":14.0},{"not_picked":["Feed","Exhume"],"picked":"Double Tap","floor":16.0},{"not_picked":["Body Slam+1","Perfected Strike"],"picked":"Headbutt","floor":18.0},{"not_picked":["True Grit+1","Limit Break"],"picked":"Sentinel","floor":28},{"not_picked":["Pommel Strike+1","Cleave"],"picked":"Burning Pact+1","floor":29},{"not_picked":["Fire Breathing+1","Ghostly Armor","Perfected Strike+1"],"picked":"SKIP","floor":30},{"not_picked":["True Grit","Rage"],"picked":"Burning Pact+1","floor":31},{"not_picked":["Power Through","Headbutt+1","Rampage"],"picked":"SKIP","floor":35},{"not_picked":["Thunderclap+1","Ghostly Armor+1"],"picked":"Sentinel","floor":38},{"not_picked":["Power Through+1","Feel No Pain+1","Headbutt"],"picked":"SKIP","floor":41},{"not_picked":["Feel No Pain+1","Headbutt"],"picked":"Power Through+1","floor":41},{"not_picked":["Combust+1","Clothesline+1"],"picked":"Exhume","floor":44},{"not_picked":["Flex","Clothesline+1"],"picked":"Fire Breathing+1","floor":47},{"not_picked":["Body Slam","Thunderclap","Disarm+1"],"picked":"SKIP","floor":48}],"player_experience":264194,"relics_obtained":[{"floor":8.0,"key":"Pear"},{"floor":9.0,"key":"The Courier"},{"floor":22.0,"key":"Enchiridion"},{"floor":26.0,"key":"MealTicket"},{"floor":28,"key":"Gremlin Horn"},{"floor":30,"key":"Vajra"},{"floor":41,"key":"Bronze Scales"},{"floor":43,"key":"Mummified Hand"},{"floor":44,"key":"Ornamental Fan"},{"floor":47,"key":"StrikeDummy"},{"floor":48,"key":"Smiling Mask"}],"event_choices":[{"damage_healed":0.0,"max_hp_gain":0.0,"max_hp_loss":0.0,"gold_gain":0.0,"event_name":"WeMeetAgain","player_choice":"Gave Potion","floor":3.0,"gold_loss":0.0,"damage_taken":0.0,"relics_obtained":["Frozen Egg 2"]},{"cards_removed":["Strike_R"],"damage_healed":0.0,"max_hp_gain":0.0,"max_hp_loss":0.0,"gold_gain":0.0,"event_name":"Golden Wing","player_choice":"Card Removal","floor":5.0,"gold_loss":0.0,"damage_taken":7.0},{"damage_healed":0.0,"max_hp_gain":0.0,"max_hp_loss":0.0,"gold_gain":0.0,"event_name":"Upgrade Shrine","player_choice":"Upgraded","floor":7.0,"gold_loss":0.0,"damage_taken":0.0,"cards_upgraded":["Bash"]},{"cards_removed":["Strike_R"],"damage_healed":0.0,"max_hp_gain":0.0,"max_hp_loss":0.0,"gold_gain":0.0,"event_name":"Back to Basics","player_choice":"Elegance","floor":19.0,"gold_loss":0.0,"damage_taken":0.0},{"damage_healed":0.0,"max_hp_gain":0.0,"max_hp_loss":0.0,"gold_gain":0.0,"cards_transformed":["Defend_R","Strike_R"],"event_name":"Drug Dealer","player_choice":"Became Test Subject","floor":21.0,"gold_loss":0.0,"damage_taken":0.0,"cards_obtained":["Offering","Exhume"]},{"damage_healed":0.0,"max_hp_gain":0.0,"max_hp_loss":0.0,"gold_gain":0.0,"event_name":"Cursed Tome","player_choice":"Obtained Book","floor":22.0,"gold_loss":0.0,"damage_taken":16.0},{"damage_healed":0,"gold_gain":0,"player_choice":"Ignored","damage_taken":0,"max_hp_gain":0,"max_hp_loss":0,"event_name":"Transmorgrifier","floor":27,"gold_loss":0},{"damage_healed":0,"gold_gain":0,"player_choice":"Ignored","damage_taken":0,"max_hp_gain":0,"max_hp_loss":0,"event_name":"Tomb of Lord Red Mask","floor":36,"gold_loss":0},{"damage_healed":0,"gold_gain":0,"player_choice":"Max HP","damage_taken":0,"max_hp_gain":0,"max_hp_loss":5,"event_name":"Winding Halls","floor":37,"gold_loss":0}],"is_beta":false,"boss_relics":[{"not_picked":["Philosopher\u0027s Stone","Cursed Key"],"picked":"Coffee Dripper"},{"not_picked":["Black Star","Pandora\u0027s Box"],"picked":"Empty Cage"}],"items_purged_floors":[4,20,39],"is_endless":false,"potions_floor_spawned":[1,14,18,31,38,41,44,47,48],"ascension_level":0}}