{"host":"syozzdlzcqop4jia","time":1612737322,"event":{"mods":["BaseMod","Colored Map","Colored Powertips","Minty Spire (QoL Compilation)","Quick Restart"],"gold_per_floor":[110,129,129,143,143,183,199,199,199,242,263,19,35,60,60,184,184,204,218,133,21,45,45,45,45,45,89,108,139,139,177,177,305,305,324,29,48,68,83,114,114,114,164,207,207,246,262,262,262,262,262],"floor_reached":50,"language":"ENG","playtime":2786,"items_purged":["Strike_B","Shame"],"score":657,"play_id":"2cc4f789-2534-4ced-a622-cb406f59923c","local_time":"20210207233522","is_ascension_mode":true,"campfire_choices":[{"data":"Static Discharge","floor":8,"key":"SMITH"},{"floor":15,"key":"REST"},{"data":"Electrodynamics","floor":23,"key":"SMITH"},{"data":"Defragment","floor":25,"key":"SMITH"},{"floor":30,"key":"REST"},{"floor":32,"key":"REST"},{"floor":41,"key":"REST"},{"floor":49,"key":"REST"}],"circlet_count":0,"master_deck":["Strike_B","Strike_B","Strike_B","Defend_B","Defend_B","Defend_B","Defend_B","Zap+1","Dualcast","Sunder+1","Conserve Battery","Steam","Defragment+1","Static Discharge+1","Doom and Gloom","Storm","Cold Snap","Ball Lightning","Defragment+1","Electrodynamics+1","Glacier+1","Ball Lightning","Rip and Tear","Amplify","Buffer","Lockon","BootSequence","Defragment+1","Capacitor+1","Parasite","Melter+1","Injury","Electrodynamics","Madness","Madness","Decay"],"relics":["Cracked Core","Golden Idol","Blood Vial","Kunai","Ornamental Fan","Runic Capacitor","Cursed Key","Symbiotic Virus","Boot","Lizard Tail","Ancient Tea Set","Tiny Chest","Nuclear Battery","Potion Belt","Eternal Feather","Anchor","PreservedInsect","Oddly Smooth Stone","Blue Candle"],"acts_visited":["Exordium","TheCity","TheBeyond"],"potions_floor_usage":[18,29,39,44,46,46,50,50],"damage_taken":[{"damage":2,"enemies":"Small Slimes","floor":1,"turns":3},{"damage":1,"enemies":"Jaw Worm","floor":2,"turns":4},{"damage":0,"enemies":"Cultist","floor":4,"turns":2},{"damage":8,"enemies":"Lagavulin","floor":6,"turns":5},{"damage":0,"enemies":"Large Slime","floor":7,"turns":4},{"damage":11,"enemies":"3 Sentries","floor":10,"turns":5},{"damage":7,"enemies":"Exordium Wildlife","floor":11,"turns":2},{"damage":6,"enemies":"Lots of Slimes","floor":13,"turns":3},{"damage":8,"enemies":"Red Slaver","floor":14,"turns":3},{"damage":17,"enemies":"Hexaghost","floor":16,"turns":6},{"damage":13,"enemies":"2 Thieves","floor":18,"turns":3},{"damage":5,"enemies":"3 Byrds","floor":19,"turns":2},{"damage":0,"enemies":"Centurion and Healer","floor":22,"turns":5},{"damage":1,"enemies":"Gremlin Leader","floor":27,"turns":4},{"damage":13,"enemies":"Snake Plant","floor":28,"turns":3},{"damage":7,"enemies":"Slavers","floor":29,"turns":2},{"damage":31,"enemies":"Book of Stabbing","floor":31,"turns":4},{"damage":14,"enemies":"Collector","floor":33,"turns":5},{"damage":0,"enemies":"Orb Walker","floor":35,"turns":4},{"damage":0,"enemies":"3 Darklings","floor":37,"turns":4},{"damage":2,"enemies":"Spire Growth","floor":38,"turns":4},{"damage":35,"enemies":"Writhing Mass","floor":39,"turns":4},{"damage":43,"enemies":"Reptomancer","floor":40,"turns":4},{"damage":3,"enemies":"Giant Head","floor":44,"turns":7},{"damage":48,"enemies":"Nemesis","floor":46,"turns":5},{"damage":13,"enemies":"Maw","floor":47,"turns":7},{"damage":60,"enemies":"Awakened One","floor":50,"turns":3}],"seed_played":"7730462595262138365","potions_obtained":[{"floor":4,"key":"Block Potion"},{"floor":6,"key":"DistilledChaos"},{"floor":11,"key":"BlessingOfTheForge"},{"floor":19,"key":"SteroidPotion"},{"floor":28,"key":"Fire Potion"},{"floor":29,"key":"SkillPotion"},{"floor":37,"key":"ColorlessPotion"},{"floor":39,"key":"Ancient Potion"},{"floor":40,"key":"Swift Potion"},{"floor":46,"key":"SkillPotion"}],"is_trial":false,"path_per_floor":["M","M","?","M","?","E","M","R","T","E","M","$","M","M","R","B",null,"M","M","?","$","M","R","?","R","T","E","M","E","R","E","R","B",null,"M","$","M","M","M","E","R","$","T","E","?","E","M","T","R","B"],"character_chosen":"DEFECT","items_purchased":["Runic Capacitor","Storm","Cold Snap","Rip and Tear","Potion Belt","BootSequence"],"campfire_rested":5,"item_purchase_floors":[12,12,12,21,36,36],"current_hp_per_floor":[73,72,54,54,54,46,48,48,48,39,34,34,30,24,46,31,75,62,59,59,59,61,61,61,61,61,62,51,46,68,39,61,49,75,75,75,75,73,40,37,75,75,75,72,63,17,6,6,49,0,0],"gold":262,"neow_bonus":"UPGRADE_CARD","is_daily":false,"chose_seed":false,"campfire_upgraded":3,"win_rate":0.0,"timestamp":1612737322,"path_taken":["M","M","?","M","?","E","M","R","T","E","M","$","?","M","R","BOSS","M","M","?","$","M","R","?","R","T","E","?","E","R","E","R","BOSS","M","$","?","M","M","E","R","?","T","E","?","E","M","?","R","BOSS"],"items_purchased_type":["Relic","Card","Card","Card","Relic","Card"],"build_version":"2020-12-22","purchased_purges":2,"victory":false,"max_hp_per_floor":[75,75,75,75,75,75,75,75,75,75,75,75,75,75,75,75,75,75,75,75,75,75,75,75,75,75,75,75,75,75,75,75,75,75,75,75,75,75,75,75,75,75,75,75,75,75,75,75,75,75,75],"card_choices":[{"not_picked":["Rebound","Storm"],"picked":"Sunder","floor":1},{"not_picked":["Consume","Leap"],"picked":"Conserve Battery","floor":2},{"not_picked":["Glacier","Sweeping Beam"],"picked":"Steam","floor":4},{"not_picked":["Sweeping Beam","Redo"],"picked":"Defragment","floor":6},{"not_picked":["Turbo","Chill"],"picked":"Static Discharge","floor":7},{"not_picked":["Hologram","Gash","Cold Snap"],"picked":"SKIP","floor":10},{"not_picked":["Loop","Gash"],"picked":"Doom and Gloom","floor":11},{"not_picked":["Cold Snap","BootSequence"],"picked":"Ball Lightning","floor":13},{"not_picked":["Cold Snap","Tempest"],"picked":"Defragment","floor":14},{"not_picked":["Seek","Multi-Cast"],"picked":"Electrodynamics","floor":16},{"not_picked":["Hello World+1","Compile Driver"],"picked":"Glacier+1","floor":18},{"not_picked":["Cold Snap","Hologram"],"picked":"Ball Lightning","floor":19},{"not_picked":["Fusion","Steam","Gash"],"picked":"SKIP","floor":22},{"not_picked":["Storm","Lockon"],"picked":"Amplify","floor":27},{"not_picked":["Recycle+1","Sweeping Beam","Force Field+1"],"picked":"SKIP","floor":28},{"not_picked":["Genetic Algorithm","Skim","Go for the Eyes"],"picked":"SKIP","floor":29},{"not_picked":["Go for the Eyes","Cold Snap+1","Rebound"],"picked":"SKIP","floor":31},{"not_picked":["Core Surge","Machine Learning"],"picked":"Buffer","floor":33},{"not_picked":["Coolheaded","Hologram+1"],"picked":"Lockon","floor":35},{"not_picked":["Conserve Battery","Glacier+1"],"picked":"Defragment+1","floor":37},{"not_picked":["Coolheaded","Storm"],"picked":"Capacitor+1","floor":38},{"not_picked":["Streamline","Sweeping Beam","Compile Driver+1"],"picked":"SKIP","floor":39},{"not_picked":["FTL+1","Gash+1"],"picked":"Melter+1","floor":40},{"not_picked":["Hologram","Chaos+1"],"picked":"Electrodynamics","floor":44},{"not_picked":["Turbo+1","Compile Driver","Steam"],"picked":"SKIP","floor":46},{"not_picked":["Aggregate+1","Melter+1","Compile Driver+1"],"picked":"SKIP","floor":47}],"player_experience":599959,"relics_obtained":[{"floor":6,"key":"Blood Vial"},{"floor":9,"key":"Kunai"},{"floor":10,"key":"Ornamental Fan"},{"floor":26,"key":"Boot"},{"floor":27,"key":"Lizard Tail"},{"floor":29,"key":"Ancient Tea Set"},{"floor":31,"key":"Tiny Chest"},{"floor":40,"key":"Eternal Feather"},{"floor":43,"key":"Anchor"},{"floor":44,"key":"PreservedInsect"},{"floor":46,"key":"Oddly Smooth Stone"},{"floor":48,"key":"Blue Candle"}],"event_choices":[{"damage_healed":0,"gold_gain":0,"player_choice":"Take Damage","damage_taken":18,"relics_obtained":["Golden Idol"],"max_hp_gain":0,"max_hp_loss":0,"event_name":"Golden Idol","floor":3,"gold_loss":0},{"damage_healed":0,"gold_gain":0,"player_choice":"Upgraded","damage_taken":0,"max_hp_gain":0,"max_hp_loss":0,"event_name":"Upgrade Shrine","floor":5,"gold_loss":0,"cards_upgraded":["Sunder"]},{"damage_healed":0,"gold_gain":0,"player_choice":"Obtained Relic","damage_taken":0,"relics_obtained":["Symbiotic Virus"],"max_hp_gain":0,"max_hp_loss":0,"event_name":"Addict","floor":20,"gold_loss":85},{"damage_healed":0,"gold_gain":0,"player_choice":"Upgraded","damage_taken":0,"max_hp_gain":0,"max_hp_loss":0,"event_name":"Upgrade Shrine","floor":24,"gold_loss":0,"cards_upgraded":["Defragment"]},{"damage_healed":0,"gold_gain":0,"player_choice":"Embrace Madness","damage_taken":9,"max_hp_gain":0,"max_hp_loss":0,"event_name":"Winding Halls","floor":45,"gold_loss":0,"cards_obtained":["Madness","Madness"]}],"is_beta":false,"boss_relics":[{"not_picked":["Busted Crown","Runic Dome"],"picked":"Cursed Key"},{"not_picked":["Snecko Eye","Calling Bell"],"picked":"Nuclear Battery"}],"items_purged_floors":[21,36],"is_endless":false,"potions_floor_spawned":[4,6,11,14,19,28,29,33,37,39,40,46],"killed_by":"Awakened One","ascension_level":1}}