{"host":"ihsge0lre3slh6sc","time":1612718164,"event":{"mods":["BaseMod","Highlight Path","Lobotomy","LobotomyExtend","Marisa£®ÏF”Í°°ƒß¿Ì…≥£©","Minty Spire (QoL Compilation)","MostiFishMod","Quick Restart","Remilia£®¿Ÿ√◊¿Ú—«£©","Shop Mod","StSLib","TestMod","Waifu the Spire","WarShipGirlsR/’ΩΩ¢…Ÿ≈ÆR mod","Youmu£®ªÍ∆«—˝√Œ£©","[IsaacMod]“‘»ˆº‚À˛","ÛÙª÷∏ƒœ"],"gold_per_floor":[115,134,220,220,236,267,267,295,318,408,483,483,497,529,529,630,630,642,253,270,-1284,-744,-714,-714,-682,-613,-597,-597,-597,-586,-558,-558,-463,-463,-448,-448,-448],"floor_reached":36,"language":"ZHS","playtime":823,"items_purged":["HappyTeddy","rmod:strick","rmod:strick","rmod:strick"],"score":1004,"play_id":"45cfa2ad-00d8-45bc-90db-d5f168cb4b79","local_time":"20210208011604","is_ascension_mode":true,"campfire_choices":[{"data":"rmod:maingunfire","floor":7,"key":"SMITH"},{"data":"rmod:wife","floor":12,"key":"SMITH"},{"data":"rmod:ridicule","floor":15,"key":"SMITH"},{"data":"rmod:aggressivemary","floor":24,"key":"SMITH"},{"floor":28,"key":"RECALL"},{"data":"rmod:highspeedmaneuver","floor":32,"key":"SMITH"}],"circlet_count":0,"master_deck":["rmod:strick","rmod:defend+1","rmod:defend","rmod:defend","rmod:defend","rmod:basicallowance","rmod:maingunfire+1","rmod:wolves+1","Bloodbath","OldLady","rmod:wife+1","rmod:ridicule+1","rmod:intelligenceanalysis","rmod:windflower+1","rmod:aggressivemary+1","Laetitia","rmod:circuitoustactics+1","rmod:intelligenceanalysis","rmod:tearstotiara+1","QueenOfHatred","Scorched","rmod:highspeedmaneuver+1","RedShoes","rmod:acesubmarine","DreamingCurrent"],"relics":["rmod:firstchargereward","HushsDoor","testmod-TestBox","DaveBox","Civilization","BookofShadows","testmod-Brilliant","CogitoBucket","RabbitCall","SynthV:TestCard","LetterFromLob","Pen Nib","Bronze Scales","BehaviorAdjustment","PunchingBag","testmod-CardMagician","JudasShadow","GuppysTail","Turnip","SynthV:MejaisSoulstealer","Ancient Tea Set","InkBottle","LuminousBracelet","Civilization","Oddly Smooth Stone","Busted Crown","Damocles","GuppysHead","War Paint"],"acts_visited":["Exordium","TheCity","TheBeyond"],"potions_floor_usage":[30],"damage_taken":[{"damage":0,"enemies":"2 Louse","floor":1,"turns":1},{"damage":0,"enemies":"Cultist","floor":2,"turns":1},{"damage":0,"enemies":"Small Slimes","floor":5,"turns":1},{"damage":16,"enemies":"Gremlin Nob","floor":6,"turns":3},{"damage":0,"enemies":"3 Sentries","floor":8,"turns":1},{"damage":0,"enemies":"Blue Slaver","floor":13,"turns":1},{"damage":0,"enemies":"Gremlin Nob","floor":14,"turns":2},{"damage":0,"enemies":"The Guardian","floor":16,"turns":3},{"damage":18,"enemies":"Chosen","floor":18,"turns":2},{"damage":0,"enemies":"2 Thieves","floor":20,"turns":1},{"damage":0,"enemies":"Gremlin Leader","floor":23,"turns":1},{"damage":0,"enemies":"Book of Stabbing","floor":25,"turns":1},{"damage":0,"enemies":"Snake Plant","floor":27,"turns":1},{"damage":0,"enemies":"Chosen and Byrds","floor":30,"turns":1},{"damage":0,"enemies":"Slavers","floor":31,"turns":1},{"damage":0,"enemies":"Champ","floor":33,"turns":2},{"damage":0,"enemies":"3 Darklings","floor":35,"turns":1}],"seed_played":"7504391572241911296","potions_obtained":[{"floor":5,"key":"AttackPotion"},{"floor":16,"key":"Weak Potion"},{"floor":20,"key":"DuplicationPotion"},{"floor":30,"key":"Fruit Juice"},{"floor":33,"key":"Strength Potion"}],"is_trial":false,"path_per_floor":["M","M","?","?","M","E","R","E","T","?","?","R","M","E","R","B",null,"M","$","M","$","?","E","R","E","T","M","R","T","M","E","R","B",null,"M","M"],"character_chosen":"PRAEFECT","items_purchased":["JudasShadow","GuppysTail","testmod-EscapePotion","Regen Potion","SmokeBomb","rmod:aggressivemary","Turnip","rmod:intelligenceanalysis","SynthV:MejaisSoulstealer","Damocles","GuppysHead"],"campfire_rested":0,"item_purchase_floors":[17,17,17,17,17,17,19,21,21,34,34],"current_hp_per_floor":[70,73,58,58,63,52,52,57,57,42,31,31,36,41,41,46,63,50,50,55,55,1,6,6,11,11,31,31,31,43,53,53,63,36,46,0,0],"gold":-448,"neow_bonus":"","is_daily":false,"chose_seed":false,"campfire_upgraded":5,"win_rate":0.0,"timestamp":1612718164,"path_taken":["M","M","?","?","?","E","R","E","T","?","?","R","M","E","R","BOSS","M","?","M","$","?","E","R","E","T","?","R","?","M","E","R","BOSS","M","M"],"items_purchased_type":["Relic","Relic","Potion","Potion","Potion","Card","Relic","Card","Relic","Relic","Relic"],"build_version":"2020-12-22","purchased_purges":4,"victory":false,"max_hp_per_floor":[77,80,80,80,85,90,90,95,95,95,95,95,100,105,105,110,68,73,73,78,78,1,6,6,11,11,31,31,31,43,53,53,63,36,46,46,46],"card_choices":[{"not_picked":["rmod:fletcherpendant","rmod:wolves"],"picked":"Bomb","floor":1},{"not_picked":["rmod:wasp","Bomb","rmod:ammunitionsupply","rmod:circuitoustactics"],"picked":"rmod:wolves","floor":2},{"not_picked":["BeautyBeast","MHz"],"picked":"Bloodbath","floor":5},{"not_picked":["rmod:goodsister","rmod:highspeedshooting","rmod:tearstotiara","rmod:wasp","rmod:combined"],"picked":"SKIP","floor":5},{"not_picked":["UniverseFragment","FieryBird"],"picked":"OldLady","floor":6},{"not_picked":["rmod:smokecover","rmod:overbreakdown","rmod:circuitoustactics","rmod:steelsupply","rmod:luckystar"],"picked":"SKIP","floor":6},{"not_picked":["OSAHOGD","Yin","BeautyBeast"],"picked":"Singing Bowl","floor":8},{"not_picked":["rmod:selfconfidence","rmod:firesupport","rmod:lonelyqueen","rmod:fuelsupply"],"picked":"rmod:wife","floor":8},{"not_picked":["BeautyBeast","BodiesMountain"],"picked":"HappyTeddy","floor":13},{"not_picked":["rmod:steelsupply","rmod:combined","rmod:goodfighter","rmod:aviationdawn"],"picked":"rmod:ridicule","floor":13},{"not_picked":["rmod:smokecover","rmod:luckystar","rmod:salvage","rmod:mineteam"],"picked":"rmod:intelligenceanalysis","floor":14},{"not_picked":["rmod:expeditionaryescort","rmod:u235","rmod:lastglory","rmod:auspiciousomen"],"picked":"rmod:windflower","floor":16},{"not_picked":["rmod:shuttlebombing","rmod:advancebysurprise","rmod:mineteam+1","rmod:circuitoustactics","rmod:firesupport"],"picked":"SKIP","floor":18},{"not_picked":["rmod:shuttlebombing","rmod:advancebysurprise","rmod:mineteam+1","rmod:circuitoustactics","rmod:firesupport"],"picked":"SKIP","floor":18},{"not_picked":["WhitesApple","VoidDream"],"picked":"Laetitia","floor":20},{"not_picked":["rmod:unsinkable","rmod:royalracing","rmod:expedition","rmod:mineteam"],"picked":"rmod:circuitoustactics+1","floor":20},{"not_picked":["rmod:sl","rmod:royalracing","rmod:supriseattacks","rmod:fuelsupply+1"],"picked":"rmod:tearstotiara+1","floor":23},{"not_picked":["CrumblingArmor","BlackArmy"],"picked":"QueenOfHatred","floor":25},{"not_picked":["rmod:aggressivemary+1","rmod:slowdown","rmod:selfconfidence","rmod:desperatesituation","rmod:supportescort+1"],"picked":"SKIP","floor":25},{"not_picked":["rmod:steelsupply","rmod:luckystar","rmod:maintain+1","rmod:diamondstrike+1","rmod:intelligenceanalysis"],"picked":"SKIP","floor":27},{"not_picked":["Woodsman","FairyFestival"],"picked":"Scorched","floor":30},{"not_picked":["rmod:sl","rmod:overbreakdown","rmod:steelsupply+1","rmod:slowdown"],"picked":"rmod:highspeedmaneuver","floor":30},{"not_picked":["UniverseFragment","PunishingBird","CherryBlossoms"],"picked":"Singing Bowl","floor":31},{"not_picked":["DespairKnight","WhitesApple"],"picked":"RedShoes","floor":31},{"not_picked":["rmod:aggressivemary","rmod:unsinkable","rmod:diaomin+1","rmod:seals","rmod:circuitoustactics"],"picked":"SKIP","floor":31},{"not_picked":["rmod:lastglory","rmod:secretscript","rmod:seals","rmod:u235"],"picked":"rmod:acesubmarine","floor":33},{"not_picked":["GalaxyChild","LittleHelper"],"picked":"DreamingCurrent","floor":35},{"not_picked":["rmod:maintain","rmod:supportaircraftcarrier+1","rmod:guardianhero"],"picked":"SKIP","floor":35}],"player_experience":810173,"relics_obtained":[{"floor":1,"key":"SynthV:TestCard"},{"floor":1,"key":"LetterFromLob"},{"floor":6,"key":"Pen Nib"},{"floor":9,"key":"Bronze Scales"},{"floor":14,"key":"PunchingBag"},{"floor":23,"key":"Ancient Tea Set"},{"floor":25,"key":"InkBottle"},{"floor":29,"key":"Diplopia"},{"floor":31,"key":"Oddly Smooth Stone"},{"floor":35,"key":"War Paint"}],"event_choices":[{"damage_healed":0,"gold_gain":0,"player_choice":"Upgraded","damage_taken":0,"max_hp_gain":0,"max_hp_loss":0,"event_name":"Upgrade Shrine","floor":4,"gold_loss":0,"cards_upgraded":["rmod:wolves"]},{"damage_healed":0,"gold_gain":75,"player_choice":"Gather Gold","damage_taken":11,"max_hp_gain":0,"max_hp_loss":0,"event_name":"World of Goop","floor":11,"gold_loss":0},{"damage_healed":0,"gold_gain":540,"player_choice":"GOLD GOLD GOLD GOLD GOLD GOLD ","damage_taken":57,"max_hp_gain":0,"max_hp_loss":0,"event_name":"Knowing Skull","floor":22,"potions_obtained":[],"gold_loss":0,"cards_obtained":[]}],"is_beta":false,"boss_relics":[{"not_picked":["testmod-TimeTraveler","SlaversCollar"],"picked":"testmod-CardMagician"},{"not_picked":[]},{"not_picked":["testmod-IncinerationGenerator","xbg"],"picked":"Busted Crown"},{"not_picked":[]}],"items_purged_floors":[17,19,21,34],"is_endless":false,"potions_floor_spawned":[5,16,20,23,30,33,35],"killed_by":"Orb Walker","ascension_level":7}}