{"host":"rmsq46plbpwfbxcc","time":1612702896,"event":{"mods":["AchievementEnabler","BaseMod","Colored Map","Colored Powertips","DeckTracker","KOR Keyword Fix","Minty Spire (QoL Compilation)","Permanent Neow","Quick Restart","SuperFastMode"],"gold_per_floor":[111,126,145,145,1,1,21,47,96,123,123,85,105,123,123,195,195,210,263,263,277,277,277,312,312,339,357,368,368,318,346,346,417,417,436,178,178,178,188,214,214,240,240,240,257,268,31,41,41,41],"floor_reached":51,"language":"KOR","playtime":1434,"items_purged":["Strike_G","Strike_G","Defend_G","Strike_G"],"score":1362,"play_id":"13cf327d-6770-440a-b46a-842714422e4d","local_time":"20210207220136","is_ascension_mode":true,"campfire_choices":[{"data":"Neutralize","floor":6.0,"key":"SMITH"},{"data":"Footwork","floor":11.0,"key":"SMITH"},{"data":"Blade Dance","floor":15.0,"key":"SMITH"},{"data":"Masterful Stab","floor":23.0,"key":"SMITH"},{"data":"Blur","floor":25.0,"key":"SMITH"},{"data":"Cloak And Dagger","floor":29.0,"key":"SMITH"},{"data":"Choke","floor":32.0,"key":"SMITH"},{"data":"Adrenaline","floor":41,"key":"SMITH"},{"data":"Terror","floor":44,"key":"SMITH"},{"data":"Well Laid Plans","floor":49,"key":"SMITH"}],"circlet_count":0,"master_deck":["AscendersBane","Strike_G","Defend_G","Defend_G","Survivor","Neutralize+1","Masterful Stab+1","Footwork+1","Blur+1","Die Die Die","Blade Dance+1","Bullet Time","Caltrops","Heel Hook","Blade Dance+1","Choke+1","Cloak And Dagger+1","Adrenaline+1","Backflip","Finisher+1","PiercingWail","Terror+1","Footwork","Escape Plan","Predator+1","Well Laid Plans+1"],"relics":["Coffee Dripper","Membership Card","Bottled Lightning","Pen Nib","Bronze Scales","WristBlade","Art of War","Omamori","Bag of Marbles","Question Card","Cursed Key","HornCleat","Orrery","Strawberry","Bag of Preparation","Pantograph","Shuriken"],"acts_visited":["Exordium","TheCity","TheBeyond"],"potions_floor_usage":[40,45,48,50],"damage_taken":[{"damage":0.0,"enemies":"Cultist","floor":1.0,"turns":5.0},{"damage":0.0,"enemies":"Small Slimes","floor":2.0,"turns":5.0},{"damage":0.0,"enemies":"Jaw Worm","floor":3.0,"turns":4.0},{"damage":0.0,"enemies":"2 Fungi Beasts","floor":7.0,"turns":4.0},{"damage":13.0,"enemies":"3 Sentries","floor":8.0,"turns":10.0},{"damage":0.0,"enemies":"Lagavulin","floor":10.0,"turns":9.0},{"damage":2.0,"enemies":"Red Slaver","floor":13.0,"turns":4.0},{"damage":4.0,"enemies":"Exordium Thugs","floor":14.0,"turns":4.0},{"damage":10.0,"enemies":"The Guardian","floor":16.0,"turns":15.0},{"damage":4.0,"enemies":"3 Byrds","floor":18.0,"turns":3.0},{"damage":0.0,"enemies":"Shell Parasite","floor":21.0,"turns":2.0},{"damage":3.0,"enemies":"Slavers","floor":24.0,"turns":2.0},{"damage":5.0,"enemies":"Snake Plant","floor":27.0,"turns":2.0},{"damage":0.0,"enemies":"Centurion and Healer","floor":28.0,"turns":4.0},{"damage":6.0,"enemies":"Book of Stabbing","floor":31.0,"turns":4.0},{"damage":28,"enemies":"Collector","floor":33,"turns":7},{"damage":11,"enemies":"3 Darklings","floor":35,"turns":4},{"damage":18,"enemies":"3 Shapes","floor":39,"turns":3},{"damage":0,"enemies":"Reptomancer","floor":40,"turns":2},{"damage":0,"enemies":"Giant Head","floor":42,"turns":5},{"damage":26,"enemies":"Transient","floor":45,"turns":5},{"damage":0,"enemies":"3 Darklings","floor":46,"turns":3},{"damage":0,"enemies":"4 Shapes","floor":48,"turns":5},{"damage":27,"enemies":"Awakened One","floor":50,"turns":6}],"seed_played":"-8109767455380110023","potions_obtained":[{"floor":1.0,"key":"Block Potion"},{"floor":3.0,"key":"ColorlessPotion"},{"floor":4.0,"key":"Fruit Juice"},{"floor":4.0,"key":"CunningPotion"},{"floor":14.0,"key":"Fire Potion"},{"floor":18.0,"key":"EssenceOfSteel"},{"floor":21.0,"key":"AttackPotion"},{"floor":33,"key":"Strength Potion"},{"floor":40,"key":"Weak Potion"},{"floor":45,"key":"Weak Potion"},{"floor":48,"key":"Fruit Juice"}],"is_trial":false,"path_per_floor":["M","M","M","?","$","R","M","E","T","E","R","$","M","M","R","B",null,"M","T","?","M","?","R","E","R","T","M","M","R","$","E","R","B",null,"M","$","?","?","M","E","R","E","T","R","M","M","$","M","R","B",null],"character_chosen":"THE_SILENT","items_purchased":["Membership Card","HornCleat","Orrery","Shuriken","Well Laid Plans"],"campfire_rested":0,"item_purchase_floors":[5,36,36,47,47],"current_hp_per_floor":[63,63,63,63,63,68,68,55,55,55,55,55,53,49,49,39,66,62,62,62,62,62,62,59,59,59,54,54,54,54,48,48,20,61,50,50,50,50,32,39,39,39,39,39,13,13,13,18,18,16],"gold":41,"neow_bonus":"BOSS_RELIC","is_daily":false,"chose_seed":false,"campfire_upgraded":10,"win_rate":0.0,"timestamp":1612702896,"path_taken":["M","?","M","?","$","R","M","E","T","E","R","$","M","M","R","BOSS","M","?","?","M","?","R","E","R","T","M","?","R","$","E","R","BOSS","M","$","?","?","M","E","R","E","T","R","M","M","$","M","R","BOSS"],"items_purchased_type":["Relic","Relic","Relic","Relic","Card"],"build_version":"2020-12-22","purchased_purges":4,"victory":true,"max_hp_per_floor":[70,70,70,70,70,75,75,75,75,75,75,75,75,75,75,75,75,75,75,75,75,75,75,75,75,75,75,75,75,75,75,75,75,75,75,75,75,75,75,82,82,82,82,82,82,82,82,87,87,87],"card_choices":[{"not_picked":["Dagger Spray","Backflip"],"picked":"Masterful Stab","floor":1.0},{"not_picked":["Infinite Blades","Sucker Punch"],"picked":"Footwork","floor":2.0},{"not_picked":["Prepared","Dagger Throw","Outmaneuver"],"picked":"SKIP","floor":3.0},{"not_picked":["Flying Knee","Poisoned Stab"],"picked":"Blur","floor":7.0},{"not_picked":["Masterful Stab","Poisoned Stab","Concentrate"],"picked":"SKIP","floor":8.0},{"not_picked":["Masterful Stab","Poisoned Stab","Concentrate"],"picked":"SKIP","floor":8.0},{"not_picked":["Outmaneuver","Calculated Gamble","Prepared"],"picked":"SKIP","floor":10.0},{"not_picked":["Flying Knee","Dagger Throw"],"picked":"Die Die Die","floor":13.0},{"not_picked":["Crippling Poison","Skewer"],"picked":"Blade Dance","floor":14.0},{"not_picked":["Corpse Explosion","Night Terror"],"picked":"Bullet Time","floor":16.0},{"not_picked":["Bane+1","Deflect+1","Slice"],"picked":"SKIP","floor":18.0},{"not_picked":["Bane","Night Terror","Slice"],"picked":"SKIP","floor":21.0},{"not_picked":["Blur","Outmaneuver","Malaise"],"picked":"SKIP","floor":24.0},{"not_picked":["Bane+1","Cloak And Dagger"],"picked":"Choke","floor":27.0},{"not_picked":["Concentrate","Slice"],"picked":"Cloak And Dagger","floor":28.0},{"not_picked":["Outmaneuver","Expertise","Dagger Throw"],"picked":"SKIP","floor":31.0},{"not_picked":["Envenom","Venomology","Unload"],"picked":"Adrenaline","floor":33},{"not_picked":["Concentrate","Dagger Spray","Deadly Poison"],"picked":"Backflip","floor":35},{"not_picked":["Prepared","Masterful Stab","Quick Slash"],"picked":"Finisher+1","floor":36},{"not_picked":["Distraction","Outmaneuver+1","Bouncing Flask"],"picked":"PiercingWail","floor":36},{"not_picked":["Outmaneuver","Skewer+1","Dagger Spray"],"picked":"Terror","floor":36},{"not_picked":["Poisoned Stab","Dodge and Roll","Sucker Punch","Skewer"],"picked":"SKIP","floor":39},{"not_picked":["Dodge and Roll","Prepared","Dagger Spray+1"],"picked":"Escape Plan","floor":40},{"not_picked":["Masterful Stab","Caltrops","Wraith Form v2"],"picked":"Predator+1","floor":42},{"not_picked":["Concentrate+1","Blur","Caltrops","Outmaneuver"],"picked":"SKIP","floor":45},{"not_picked":["Dagger Throw","Dagger Spray","Cloak And Dagger","Underhanded Strike"],"picked":"SKIP","floor":46},{"not_picked":["PiercingWail","Underhanded Strike+1","Dagger Throw","Cloak And Dagger+1"],"picked":"SKIP","floor":48}],"player_experience":668767,"relics_obtained":[{"floor":8.0,"key":"Bottled Lightning"},{"floor":9.0,"key":"Pen Nib"},{"floor":10.0,"key":"Bronze Scales"},{"floor":19.0,"key":"Art of War"},{"floor":24.0,"key":"Omamori"},{"floor":26.0,"key":"Bag of Marbles"},{"floor":31.0,"key":"Question Card"},{"floor":40,"key":"Strawberry"},{"floor":42,"key":"Bag of Preparation"},{"floor":43,"key":"Pantograph"}],"event_choices":[{"damage_healed":0.0,"max_hp_gain":0.0,"max_hp_loss":0.0,"gold_gain":0.0,"event_name":"Lab","player_choice":"Got Potions","floor":4.0,"gold_loss":0.0,"damage_taken":0.0},{"damage_healed":0.0,"max_hp_gain":0.0,"max_hp_loss":0.0,"gold_gain":0.0,"cards_transformed":["Strike_G","Defend_G"],"event_name":"Drug Dealer","player_choice":"Became Test Subject","floor":20.0,"gold_loss":0.0,"damage_taken":0.0,"cards_obtained":["Caltrops","Heel Hook"]},{"damage_healed":0.0,"max_hp_gain":0.0,"max_hp_loss":0.0,"gold_gain":0.0,"event_name":"Duplicator","player_choice":"Copied","floor":22.0,"gold_loss":0.0,"damage_taken":0.0,"cards_obtained":["Blade Dance"]},{"damage_healed":0,"gold_gain":0,"player_choice":"Ignored","damage_taken":0,"max_hp_gain":0,"max_hp_loss":0,"event_name":"Tomb of Lord Red Mask","floor":37,"gold_loss":0},{"damage_healed":0,"gold_gain":0,"cards_transformed":["Defend_G"],"player_choice":"Transformed","damage_taken":0,"max_hp_gain":0,"max_hp_loss":0,"event_name":"Transmorgrifier","floor":38,"gold_loss":0,"cards_obtained":["Footwork"]}],"is_beta":false,"boss_relics":[{"not_picked":["Busted Crown","Runic Dome"],"picked":"WristBlade"},{"not_picked":["Black Star","Runic Pyramid"],"picked":"Cursed Key"}],"items_purged_floors":[12,30,36,47],"is_endless":false,"potions_floor_spawned":[1,3,14,18,21,33,40,45,48],"ascension_level":13}}