{"host":"aapp7ew3jk5k1bvd","time":1612686022,"event":{"mods":["AchievementEnabler","BaseMod","Colored Map","Minty Spire (QoL Compilation)","Permanent Neow","StSLib","SuperFastMode"],"gold_per_floor":[118,134,152,77,37,52,52,67,67,67,67,83,115,134,134,232,232,244,169,169,183,12,47,64,64,64,64,64],"floor_reached":27,"language":"KOR","playtime":650,"items_purged":["Bash"],"score":235,"play_id":"e8736646-e1ff-43a1-960d-83086a42b71f","local_time":"20210207172022","is_ascension_mode":false,"campfire_choices":[{"data":"Juggernaut","floor":7,"key":"SMITH"},{"floor":11,"key":"REST"},{"floor":15,"key":"REST"}],"circlet_count":0,"master_deck":["Strike_R","Strike_R","Strike_R","Defend_R","Defend_R","Defend_R","Defend_R","Juggernaut+1","Spot Weakness","Battle Trance","Rage","Combust","Shrug It Off","Shrug It Off+1","Sword Boomerang","Apotheosis+1","Body Slam"],"relics":["Burning Blood","Pantograph","Toxic Egg 2","Dream Catcher","Art of War","Molten Egg 2"],"acts_visited":["Exordium","TheCity"],"potions_floor_usage":[21,23],"damage_taken":[{"damage":6,"enemies":"Cultist","floor":1,"turns":3},{"damage":2,"enemies":"Small Slimes","floor":2,"turns":3},{"damage":1,"enemies":"2 Louse","floor":3,"turns":3},{"damage":50,"enemies":"Exordium Thugs","floor":6,"turns":6},{"damage":8,"enemies":"2 Fungi Beasts","floor":8,"turns":4},{"damage":18,"enemies":"3 Louse","floor":12,"turns":5},{"damage":20,"enemies":"3 Sentries","floor":13,"turns":8},{"damage":11,"enemies":"Red Slaver","floor":14,"turns":5},{"damage":23,"enemies":"Slime Boss","floor":16,"turns":8},{"damage":24,"enemies":"3 Byrds","floor":18,"turns":6},{"damage":5,"enemies":"Chosen","floor":21,"turns":4},{"damage":60,"enemies":"Gremlin Leader","floor":23,"turns":8},{"damage":9,"enemies":"Centurion and Healer","floor":24,"turns":13},{"damage":0,"enemies":"Shelled Parasite and Fungi","floor":27,"turns":1}],"seed_played":"4035835036769920754","potions_obtained":[{"floor":8,"key":"LiquidBronze"},{"floor":13,"key":"Fire Potion"},{"floor":16,"key":"FearPotion"},{"floor":18,"key":"HeartOfIron"},{"floor":20,"key":"FairyPotion"},{"floor":21,"key":"Explosive Potion"},{"floor":23,"key":"SkillPotion"}],"is_trial":false,"path_per_floor":["M","M","M","$","$","M","R","M","T","?","R","M","E","M","R","B",null,"M","?","?","M","$","E","M","?","T","M"],"character_chosen":"IRONCLAD","items_purchased":["Battle Trance","Apotheosis+1"],"campfire_rested":2,"item_purchase_floors":[5,22],"current_hp_per_floor":[80,80,80,80,80,36,36,34,34,34,58,46,32,27,51,59,80,62,62,62,63,63,9,30,30,30,30,30],"gold":64,"neow_bonus":"ONE_RANDOM_RARE_CARD","is_daily":false,"chose_seed":false,"campfire_upgraded":1,"win_rate":0.0,"timestamp":1612686022,"path_taken":["M","M","?","?","$","M","R","M","T","?","R","M","E","?","R","BOSS","M","?","?","?","$","E","M","?","T","M"],"items_purchased_type":["Card","Card"],"build_version":"2020-12-22","purchased_purges":1,"victory":false,"max_hp_per_floor":[80,80,80,80,80,80,80,80,80,80,80,80,80,80,80,80,80,80,80,80,80,80,80,80,80,80,80,80],"card_choices":[{"not_picked":["Wild Strike","Warcry","Shockwave"],"picked":"SKIP","floor":1},{"not_picked":["Havoc","Sword Boomerang"],"picked":"Spot Weakness","floor":2},{"not_picked":["Havoc","Pommel Strike","Fire Breathing"],"picked":"SKIP","floor":3},{"not_picked":["Perfected Strike","Iron Wave","Searing Blow"],"picked":"SKIP","floor":6},{"not_picked":["Rupture","Cleave"],"picked":"Rage","floor":8},{"not_picked":["Clash","Heavy Blade"],"picked":"Shrug It Off","floor":12},{"not_picked":["Inflame","Clothesline","Dual Wield+1"],"picked":"SKIP","floor":13},{"not_picked":["Ghostly Armor+1","Immolate"],"picked":"Shrug It Off+1","floor":14},{"not_picked":["Thunderclap","Pommel Strike+1","Reckless Charge"],"picked":"SKIP","floor":18},{"not_picked":["Perfected Strike","Havoc+1"],"picked":"Sword Boomerang","floor":21},{"not_picked":["Fire Breathing","Headbutt","Perfected Strike"],"picked":"SKIP","floor":23},{"not_picked":["True Grit+1","Heavy Blade"],"picked":"Body Slam","floor":24}],"player_experience":1329920,"relics_obtained":[{"floor":9,"key":"Pantograph"},{"floor":13,"key":"Toxic Egg 2"},{"floor":23,"key":"Dream Catcher"},{"floor":26,"key":"Molten Egg 2"}],"event_choices":[{"damage_healed":0,"gold_gain":0,"cards_transformed":["Strike_R"],"player_choice":"Transformed","damage_taken":0,"max_hp_gain":0,"max_hp_loss":0,"event_name":"Transmorgrifier","floor":10,"gold_loss":0,"cards_obtained":["Combust"]},{"cards_removed":["Strike_R"],"damage_healed":0,"gold_gain":0,"player_choice":"Gave Gold","damage_taken":0,"max_hp_gain":0,"max_hp_loss":0,"event_name":"Beggar","floor":19,"gold_loss":75},{"damage_healed":0,"gold_gain":0,"player_choice":"Got Potions","damage_taken":0,"max_hp_gain":0,"max_hp_loss":0,"event_name":"Lab","floor":20,"gold_loss":0},{"damage_healed":0,"gold_gain":0,"player_choice":"Opened","damage_taken":0,"relics_obtained":["Art of War"],"max_hp_gain":0,"max_hp_loss":0,"event_name":"The Mausoleum","floor":25,"gold_loss":0}],"is_beta":false,"boss_relics":[{"not_picked":["Snecko Eye","Ectoplasm","Philosopher\u0027s Stone"]}],"items_purged_floors":[4],"is_endless":false,"potions_floor_spawned":[8,13,16,18,21,23],"killed_by":"Shelled Parasite and Fungi","ascension_level":0}}