{"host":"tne4ru9orcvptaml","time":1612712125,"event":{"mods":["100% Spire Juice","ATMod(阿瑾Mod)","Act Like it!","Arknights","Ascension Reborn","Ascension Unlocker","Aspiration","BaseMod","BetterRewards","ChefMod","Colored Map","Colored Powertips","Conspire","Disable Question Mark Monsters","Dota2Spire","Energized Spire","Friendly Minions","Gensokyo","GungeonMod","Hermit","KinomotoSakuraMod(木之本樱)","Kiyohime（清姬）","KomeijiMod","Marked Mod","Minty Spire (QoL Compilation)","MostiFishMod","Pale of the Ancients","Permanent Neow","Quick Restart","Random Character Button","Replay The Spire","Robot Space Explorer","RumiaBox-露米娅的神秘盒子","Shop Mod","Spicy Shops","StSLib","TestMod","The Alterego","The Construct","The Forsaken","The Gatherer","Treasure Hunter","noobMod","【功能Mod】混沌之环修复补丁","【遗物卡牌】REMEMod","篝火指南"],"gold_per_floor":[110,110,110,110,122,156,156,188,247,287,70,70,173,212,212,367,367,433,310,349,349,349,457,457,503,503,503,615,675,764,828,964,415,443,443,443],"floor_reached":35,"language":"ZHS","playtime":1459,"items_purged":[],"score":424,"play_id":"5b540014-c40e-49c3-bc79-1bb4772dec0a","local_time":"20210207233525","is_ascension_mode":true,"campfire_choices":[{"floor":7.0,"key":"RECALL"},{"data":"ClowCardTheLoop","floor":15.0,"key":"SMITH"},{"data":"ClowCardTheFight","floor":24,"key":"SMITH"},{"data":"ClowCardTheMove","floor":27,"key":"SMITH"}],"circlet_count":0,"master_deck":["SakuraCardTheWave+","SakuraCardTheDark+","AscendersBane","ClowCardTheSword+1","ClowCardTheSword+1","ClowCardTheSword+1","ClowCardTheSword+1","ClowCardTheShield","ClowCardTheShield+1","ClowCardTheShield","ClowCardTheShield","SpellCardSeal","SpellCardRelease","ClowCardTheShot+1","ClowCardTheSweet","TH:CopperCoins","TH:ArmorSpikes+1","ClowCardTheIllusion","TH:BikiniMail","ClowCardTheLoop+1","TH:CopperCoins","ClowCardTheFight+1","TH:CursedSword","ClowCardThePower","ClowCardTheMove+1","ClowCardTheWindy+1","ClowCardThePower","ClowCardTheBig"],"relics":["KSMOD_SealedBook","KSMOD_SealedWand","testmod-TestBox","DaveBox","REME_ComplimentaryCards","AT_ATBox","ice","testmod-Nyarlathotep","FeatherPendant","construct:RocketBooster","SynthV:TestCard","Dota2Spire:AghanimScepter","AT_MibuBalloonWealth","Juzu Bracelet","Replay:Bottled Eggs","Sozu","GoodDreamPillow","AT_LudenTempest","GodSword5","testmod-LifeArmor","testmod-ObsoleteBoomerang"],"acts_visited":["Exordium","TheCity","TheCity"],"potions_floor_usage":[30,30],"damage_taken":[{"damage":0.0,"enemies":"Small Slimes","floor":1.0,"turns":2.0},{"damage":0.0,"enemies":"conspire:RoseBush","floor":5.0,"turns":2.0},{"damage":10.0,"enemies":"Lagavulin","floor":6.0,"turns":6.0},{"damage":6.0,"enemies":"Replay:BlueRogue","floor":8.0,"turns":5.0},{"damage":4.0,"enemies":"Cultist","floor":9.0,"turns":5.0},{"damage":0.0,"enemies":"Cultist","floor":10.0,"turns":2.0},{"damage":3.0,"enemies":"3 Sentries","floor":13.0,"turns":4.0},{"damage":11.0,"enemies":"Blue Slaver","floor":14.0,"turns":3.0},{"damage":0.0,"enemies":"Slime Boss","floor":16.0,"turns":5.0},{"damage":0.0,"enemies":"conspire:FuzzyDice","floor":18.0,"turns":5.0},{"damage":0.0,"enemies":"Spheric Guardian","floor":20.0,"turns":2.0},{"damage":0.0,"enemies":"Gremlin Leader","floor":23.0,"turns":2.0},{"damage":3,"enemies":"Snake Plant","floor":25,"turns":2},{"damage":0,"enemies":"DemoMod:4_Bullet_Kins","floor":28,"turns":1},{"damage":10,"enemies":"DemoMod:Veteran_shot_gun_kin_and_bullet_kin","floor":29,"turns":2},{"damage":5,"enemies":"DemoMod:Red_and_blue_shotgun_kin_with_gunsinger","floor":30,"turns":3},{"damage":10,"enemies":"DemoMod:Veteran_shot_gun_kin_and_blue_shotgun_kin","floor":31,"turns":2},{"damage":12,"enemies":"DemoMod:2_Mousers","floor":32,"turns":4},{"damage":0,"enemies":"DemoMod:ResourcefulRat","floor":35,"turns":1}],"seed_played":"1177677219127164905","potions_obtained":[{"floor":6.0,"key":"Adrenaline Potion"},{"floor":8.0,"key":"Adrenaline Potion"}],"is_trial":false,"path_per_floor":["M","?","?","$","M","E","R","E","T","M","R","?","E","M","R","B",null,"M","?","M","$","?","E","R","M","T","R","M","M","M","M","M","R","B","B"],"character_chosen":"KINOMOTOSAKURA","items_purchased":["DemoMod:GnawedKey","Juzu Bracelet","GodSword5","testmod-LifeArmor","testmod-ObsoleteBoomerang"],"campfire_rested":0,"item_purchase_floors":[11,11,33,33,33],"current_hp_per_floor":[44,44,47,47,47,47,47,51,57,65,65,61,58,47,47,47,61,61,61,61,61,61,61,61,58,65,65,65,55,50,40,38,38,20,20,20],"gold":443,"neow_bonus":"ONE_RARE_RELIC","is_daily":false,"chose_seed":false,"campfire_upgraded":3,"win_rate":0.0,"timestamp":1612712125,"path_taken":["M","?","?","$","?","E","R","E","T","M","R","?","E","M","R","BOSS","M","?","M","$","?","E","R","M","T","R","M","M","M","M","M","R","BOSS","BOSS"],"items_purchased_type":["Relic","Relic","Relic","Relic","Relic"],"build_version":"2020-12-22","purchased_purges":0,"victory":false,"max_hp_per_floor":[65,65,65,65,65,65,65,65,65,65,65,65,65,65,65,65,65,65,65,65,65,65,65,65,65,65,65,65,65,65,65,65,65,65,65,65],"card_choices":[{"not_picked":["ClowCardTheWood","ClowCardTheLock"],"picked":"ClowCardTheShot","floor":1.0},{"not_picked":["ClowCardTheStorm","ClowCardTheWindy","ClowCardTheSand","ClowCardTheDream"],"picked":"ClowCardTheSweet","floor":5.0},{"not_picked":["TH:EnergyPotion","TH:TreasureMap","TH:Mimic"],"picked":"TH:CopperCoins","floor":6.0},{"not_picked":["ClowCardTheDream","ClowCardTheSweet","ClowCardTheSnow","ClowCardTheStorm","ClowCardTheWatery"],"picked":"SKIP","floor":6.0},{"not_picked":["TH:PixieDust","TH:DeckOfManyThings","TH:BikiniMail"],"picked":"TH:ArmorSpikes","floor":8.0},{"not_picked":["ClowCardTheSong","ClowCardTheFly","ClowCardTheMaze","ClowCardTheSweet"],"picked":"ClowCardTheDark","floor":8.0},{"not_picked":["ClowCardTheWatery","ClowCardTheLibra","ClowCardTheSand","ClowCardTheCloud"],"picked":"ClowCardTheIllusion","floor":9.0},{"not_picked":["ClowCardTheFirey","ClowCardTheSong","ClowCardTheSilent","ClowCardTheCloud","ClowCardTheGlow"],"picked":"SKIP","floor":10.0},{"not_picked":["TH:PixieDust","TH:DeckOfManyThings","TH:EnergyPotion"],"picked":"TH:BikiniMail","floor":13.0},{"not_picked":["ClowCardTheVoice","ClowCardTheFreeze","ClowCardTheSweet","ClowCardTheArrow"],"picked":"ClowCardTheLoop","floor":13.0},{"not_picked":["ClowCardTheChange","ClowCardTheWood","ClowCardTheVoice","ClowCardTheLibra","ClowCardTheSnow"],"picked":"SKIP","floor":14.0},{"not_picked":["TH:TreasureMap","TH:CursedSword","TH:PixieDust"],"picked":"TH:CopperCoins","floor":16.0},{"not_picked":["ClowCardTheReturn","ClowCardTheDash","ClowCardTheTime","ClowCardTheLight"],"picked":"ClowCardTheFight","floor":16.0},{"not_picked":["ClowCardTheBubbles","ClowCardTheMist","ClowCardTheShot","ClowCardTheArrow","ClowCardTheFirey"],"picked":"SKIP","floor":18.0},{"not_picked":["ClowCardTheWatery","ClowCardTheSnow","ClowCardTheJump","ClowCardTheShadow"],"picked":"ClowCardTheWave","floor":20.0},{"not_picked":["TH:CopperCoins","TH:Mimic","TH:ElvenBoots"],"picked":"TH:CursedSword","floor":23.0},{"not_picked":["ClowCardTheDream","ClowCardThePower","ClowCardTheLibra+1","ClowCardTheShadow","ClowCardTheThrough"],"picked":"SKIP","floor":23.0},{"not_picked":["ClowCardTheDream","ClowCardTheLibra+1","ClowCardTheShadow","ClowCardTheThrough"],"picked":"ClowCardThePower","floor":23.0},{"not_picked":["ClowCardTheMist","ClowCardTheLoop","ClowCardTheShadow","ClowCardTheSong"],"picked":"ClowCardTheMove","floor":25},{"not_picked":["ClowCardTheLittle","ClowCardTheThrough","ClowCardTheMist+1","ClowCardTheIllusion","ClowCardTheFloat"],"picked":"SKIP","floor":28},{"not_picked":["ClowCardTheBubbles+1","ClowCardTheSleep","ClowCardTheFreeze","ClowCardTheArrow+1"],"picked":"ClowCardTheWindy+1","floor":29},{"not_picked":["ClowCardTheMist+1","ClowCardTheLibra+1","ClowCardTheLock+1","ClowCardTheLoop+1","ClowCardTheSong+1"],"picked":"SKIP","floor":30},{"not_picked":["ClowCardTheLoop+1","ClowCardTheErase","ClowCardTheSnow+1","ClowCardTheSleep"],"picked":"ClowCardThePower","floor":31},{"not_picked":["ClowCardTheWatery+1","ClowCardTheSand+1","ClowCardTheStorm","ClowCardTheDark"],"picked":"ClowCardTheBig","floor":32}],"player_experience":309323,"relics_obtained":[{"floor":1.0,"key":"SynthV:TestCard"},{"floor":6.0,"key":"Dota2Spire:AghanimScepter"},{"floor":8.0,"key":"AT_MibuBalloonWealth"},{"floor":13.0,"key":"Replay:Bottled Eggs"},{"floor":23.0,"key":"AT_LudenTempest"}],"event_choices":[{"damage_healed":0.0,"max_hp_gain":0.0,"max_hp_loss":0.0,"gold_gain":0.0,"event_name":"conspire:LoneGhost","player_choice":"Disagree","floor":2.0,"gold_loss":0.0,"damage_taken":0.0},{"damage_healed":0.0,"max_hp_gain":0.0,"max_hp_loss":0.0,"gold_gain":0.0,"event_name":"The Woman in Blue","player_choice":"Bought 0 Potions","floor":12.0,"gold_loss":0.0,"damage_taken":0.0}],"is_beta":false,"boss_relics":[{"not_picked":["MoonlightInvasionPlan","energizedSpire:RedRose"],"picked":"Sozu"}],"items_purged_floors":[],"is_endless":false,"potions_floor_spawned":[5,6,8,14,18,20,25,32],"killed_by":"DemoMod:ResourcefulRat","ascension_level":0}}