{"host":"rolltorest","time":1612672486,"event":{"mods":["BaseMod","Minty Spire (QoL Compilation)","Relic Stats","Slay the Relics Exporter","StSLib"],"gold_per_floor":[160,85,97,97,97,97,128,278,278,291,291,303,334,0,0,77,77,92,107,19,29,29,29,29],"floor_reached":23,"language":"ENG","playtime":633,"items_purged":["Doubt"],"score":423,"play_id":"c08b35f9-da23-44bd-9682-4c1791b4f9b1","local_time":"20210206203446","is_ascension_mode":true,"campfire_choices":[{"data":"Consecrate","floor":6,"key":"SMITH"},{"data":"Eruption","floor":11,"key":"SMITH"},{"data":"Fasting2","floor":15,"key":"SMITH"}],"circlet_count":0,"master_deck":["AscendersBane","Strike_P","Strike_P+1","Strike_P","Defend_P+1","Defend_P","Defend_P","Eruption+1","Vigilance","FollowUp","Protect","Consecrate+1","Fasting2+1","FollowUp","EmptyFist","SpiritShield","LessonLearned","CutThroughFate","WheelKick","ForeignInfluence+1"],"relics":["Tiny House","Art of War","Strawberry","HornCleat","OrangePellets","VioletLotus"],"acts_visited":["Exordium","TheCity"],"potions_floor_usage":[12,13,16],"damage_taken":[{"damage":0,"enemies":"Jaw Worm","floor":1,"turns":3},{"damage":0,"enemies":"2 Louse","floor":3,"turns":2},{"damage":17,"enemies":"3 Sentries","floor":7,"turns":5},{"damage":8,"enemies":"Small Slimes","floor":10,"turns":4},{"damage":6,"enemies":"3 Louse","floor":12,"turns":3},{"damage":22,"enemies":"Lagavulin","floor":13,"turns":6},{"damage":2,"enemies":"The Guardian","floor":16,"turns":11},{"damage":30,"enemies":"3 Byrds","floor":18,"turns":8},{"damage":0,"enemies":"Spheric Guardian","floor":19,"turns":3},{"damage":33,"enemies":"Snake Plant","floor":21,"turns":5},{"damage":2,"enemies":"Book of Stabbing","floor":23,"turns":3}],"seed_played":"5725864583073639715","potions_obtained":[{"floor":0,"key":"Fruit Juice"},{"floor":7,"key":"PowerPotion"},{"floor":12,"key":"Energy Potion"},{"floor":21,"key":"Ancient Potion"}],"is_trial":false,"path_per_floor":["M","?","M","?","?","R","E","?","T","M","R","M","E","$","R","B",null,"M","M","$","M","?","E"],"character_chosen":"WATCHER","items_purchased":["OrangePellets","SpiritShield","WheelKick"],"campfire_rested":0,"item_purchase_floors":[14,14,20],"current_hp_per_floor":[66,66,66,71,64,64,47,47,54,46,46,45,23,23,23,21,73,43,43,43,10,10,8,8],"gold":29,"neow_bonus":"BOSS_RELIC","is_daily":false,"chose_seed":false,"campfire_upgraded":3,"win_rate":0.0,"timestamp":1612672486,"path_taken":["M","?","M","?","?","R","E","?","T","M","R","M","E","$","R","BOSS","M","M","$","M","?","E"],"items_purchased_type":["Relic","Card","Card"],"build_version":"2020-12-18","purchased_purges":1,"victory":false,"max_hp_per_floor":[73,73,73,78,78,78,78,78,85,85,85,90,90,90,90,90,90,90,90,90,90,90,90,90],"relic_stats":{"OrangePellets":[1],"counters":[11,53],"VioletLotus":[4],"Art of War":[10],"obtain_stats":[{"OrangePellets":14,"Tiny House":0,"HornCleat":13,"Strawberry":9,"VioletLotus":17,"Art of War":7,"PureWater":0},{"OrangePellets":6,"Tiny House":0,"HornCleat":6,"Strawberry":3,"VioletLotus":7,"Art of War":3,"PureWater":0},{"OrangePellets":23,"Tiny House":0,"HornCleat":23,"Strawberry":10,"VioletLotus":34,"Art of War":10,"PureWater":0}]},"card_choices":[{"not_picked":["BattleHymn","PathToVictory"],"picked":"FollowUp","floor":0},{"not_picked":["FollowUp","Halt"],"picked":"Protect","floor":1},{"not_picked":["Crescendo","Vengeance"],"picked":"Consecrate","floor":3},{"not_picked":["ThirdEye","ClearTheMind"],"picked":"Fasting2","floor":7},{"not_picked":["Perseverance","Evaluate","Collect"],"picked":"SKIP","floor":10},{"not_picked":["Protect","SashWhip"],"picked":"FollowUp","floor":12},{"not_picked":["Protect","EmptyBody"],"picked":"EmptyFist","floor":13},{"not_picked":["Blasphemy","DeusExMachina"],"picked":"LessonLearned","floor":16},{"not_picked":["JustLucky","Prostrate"],"picked":"CutThroughFate","floor":18},{"not_picked":["FollowUp","Protect","Crescendo"],"picked":"SKIP","floor":19},{"not_picked":["Wireheading","CrushJoints"],"picked":"ForeignInfluence+1","floor":21}],"player_experience":1907888,"relics_obtained":[{"floor":7,"key":"Art of War"},{"floor":9,"key":"Strawberry"},{"floor":13,"key":"HornCleat"}],"event_choices":[{"cards_removed":["Strike_P"],"damage_healed":0,"gold_gain":0,"player_choice":"Card Removal","damage_taken":0,"max_hp_gain":0,"max_hp_loss":0,"event_name":"The Cleric","floor":2,"gold_loss":75},{"damage_healed":0,"gold_gain":0,"player_choice":"Donut","damage_taken":0,"max_hp_gain":5,"max_hp_loss":0,"event_name":"Big Fish","floor":4,"gold_loss":0},{"cards_removed":["Defend_P"],"damage_healed":0,"gold_gain":0,"player_choice":"Card Removal","damage_taken":7,"max_hp_gain":0,"max_hp_loss":0,"event_name":"Golden Wing","floor":5,"gold_loss":0},{"damage_healed":0,"gold_gain":150,"player_choice":"AGREE","damage_taken":0,"max_hp_gain":0,"max_hp_loss":0,"event_name":"Liars Game","floor":8,"gold_loss":0,"cards_obtained":["Doubt"]},{"damage_healed":0,"gold_gain":0,"player_choice":"Ignored","damage_taken":0,"max_hp_gain":0,"max_hp_loss":0,"event_name":"Cursed Tome","floor":22,"gold_loss":0}],"is_beta":true,"boss_relics":[{"not_picked":["Velvet Choker","Ectoplasm"],"picked":"VioletLotus"}],"items_purged_floors":[14],"is_endless":false,"potions_floor_spawned":[7,12,21],"killed_by":"Book of Stabbing","ascension_level":20}}