{"host":"bbld1ic1uj90ldt9","time":1612736246,"event":{"mods":["2.2 Compatiblity","AchievementEnabler","Act Like it!","BaseMod","Better Third Choice","Conspire","Downfall","Emptier Cage","Gensokyo","Hallownest","Hermit","Highlight Path","Hubris","Marisa????????","Minty Spire (QoL Compilation)","Random Character Button","Replay The Spire","StSLib","The Animator","The Bug Knight","The Cursed","The Disciple","The Hierophant","The Jungle","The Runesmith","The Servant 0.9.4"],"gold_per_floor":[99,113,127,37,54,85,111,122,66,66,98,98,126,136,153,255,255,255,267,283,297,297,315,315,315,335,347,106,126,153,163,175,175,175,175],"floor_reached":33,"language":"FRA","playtime":3260,"items_purged":["Guardian:Defend_Guardian"],"score":295,"play_id":"63619aec-66a5-4892-8cbe-b12bbf1f62d4","local_time":"20210207231726","is_ascension_mode":false,"campfire_choices":[{"floor":1,"key":"DIG"},{"floor":10,"key":"REST"},{"floor":12,"key":"REST"},{"data":"Guardian:SpikerProtocol","floor":18,"key":"SMITH"},{"data":"Guardian:Clone","floor":25,"key":"SMITH"}],"circlet_count":0,"master_deck":["Guardian:Strike_Guardian","Guardian:Strike_Guardian","Guardian:Defend_Guardian","Guardian:Defend_Guardian","Guardian:CurlUp","Guardian:TwinSlam","Guardian:TimeCapacitor","Guardian:DecasProtection","Guardian:RollAttack","Guardian:Clone+1","Guardian:TimeCapacitor","Guardian:SpikerProtocol+1","Guardian:Gem_Fragmented","Guardian:Gem_Orange","Guardian:CrystalBeam","Guardian:Gem_Red","Guardian:ShieldCharger+1","Guardian:Gem_Red","Guardian:SpikerProtocol","Guardian:TemporalShield+1","Guardian:TemporalShield+1"],"relics":["Empty Cage","conspire:Boomerang","Bronze Scales","Happy Flower","Singing Bowl","White Beast Statue","Painkiller Herb","Quantum Egg","Gremlin Food","Onion Ring"],"acts_visited":["Exordium","theJungle:Jungle"],"potions_floor_usage":[6,6,16,16,19,21,23,23,27,28,29,30,30,32,32,33,33,33,33,33,33,33,33],"damage_taken":[{"damage":5,"enemies":"Cultist","floor":2,"turns":4},{"damage":9,"enemies":"Small Slimes","floor":3,"turns":4},{"damage":10,"enemies":"downfall:FleeingMerchant","floor":4,"turns":4},{"damage":8,"enemies":"2 Louse","floor":5,"turns":4},{"damage":15,"enemies":"Gremlin Nob","floor":6,"turns":5},{"damage":9,"enemies":"2 Fungi Beasts","floor":8,"turns":5},{"damage":1,"enemies":"downfall:FleeingMerchant","floor":9,"turns":4},{"damage":8,"enemies":"Lagavulin","floor":11,"turns":7},{"damage":12,"enemies":"Gremlin Nob","floor":13,"turns":5},{"damage":4,"enemies":"3 Louse","floor":14,"turns":3},{"damage":7,"enemies":"Blue Slaver","floor":15,"turns":4},{"damage":34,"enemies":"IC_STATUS_ARCHETYPE","floor":16,"turns":9},{"damage":10,"enemies":"theJungle:MUSHROOMGANG","floor":19,"turns":3},{"damage":34,"enemies":"theJungle:GiantWrat","floor":20,"turns":7},{"damage":0,"enemies":"theJungle:SlimyTreeVines","floor":21,"turns":5},{"damage":13,"enemies":"theJungle:2_Flameangoes","floor":23,"turns":4},{"damage":24,"enemies":"theJungle:2_Snecko_Cultists","floor":26,"turns":4},{"damage":20,"enemies":"theJungle:Snecko_Cultist_And_Trap","floor":27,"turns":5},{"damage":5,"enemies":"downfall:FleeingMerchant","floor":28,"turns":4},{"damage":15,"enemies":"theJungle:SlimyTreeVines","floor":29,"turns":8},{"damage":38,"enemies":"theJungle:Cassacara","floor":30,"turns":7},{"damage":0,"enemies":"theJungle:Lyon","floor":31,"turns":5},{"damage":15,"enemies":"theJungle:JungleHuntersEncounter","floor":32,"turns":5},{"damage":22,"enemies":"SI_MIRROR_ARCHETYPE","floor":33,"turns":8}],"seed_played":"-4277560203871069229","potions_obtained":[{"floor":2,"key":"EssenceOfSteel"},{"floor":5,"key":"SteroidPotion"},{"floor":11,"key":"FairyPotion"},{"floor":14,"key":"FearPotion"},{"floor":15,"key":"DuplicationPotion"},{"floor":16,"key":"Fire Potion"},{"floor":19,"key":"Energy Potion"},{"floor":20,"key":"BlessingOfTheForge"},{"floor":21,"key":"champ:CounterPotion"},{"floor":23,"key":"SpeedPotion"},{"floor":26,"key":"sneckomod:MuddlingPotion"},{"floor":27,"key":"FearPotion"},{"floor":28,"key":"PowerPotion"},{"floor":29,"key":"Venom Potion"},{"floor":30,"key":"DuplicationPotion"},{"floor":31,"key":"champ:CounterPotion"},{"floor":32,"key":"ColorlessPotion"}],"is_trial":false,"path_per_floor":["R","M","M","$","M","E","T","M","$","R","E","R","E","M","M","B",null,"T","?","?","?","?","?","T","T","?","?","T","?","E","?","?","B"],"character_chosen":"GUARDIAN","items_purchased":["Guardian:TimeCapacitor","Gremlin Food","Guardian:SpikerProtocol"],"campfire_rested":2,"item_purchase_floors":[9,28,28],"current_hp_per_floor":[80,75,66,56,48,33,33,24,23,47,41,65,53,51,44,10,84,84,74,40,46,84,73,73,73,51,33,28,21,27,29,14,0,0,0],"gold":175,"neow_bonus":"BOSS_RELIC","is_daily":false,"chose_seed":false,"campfire_upgraded":2,"win_rate":0.0,"timestamp":1612736246,"path_taken":["R","M","M","$","M","E","T","?","?","R","E","R","E","?","M","BOSS","T","?","?","?","?","?","T","T","?","?","T","?","E","?","?","BOSS"],"items_purchased_type":["Card","Relic","Card"],"build_version":"2020-12-22","purchased_purges":1,"victory":false,"max_hp_per_floor":[80,80,80,80,80,80,80,80,80,80,82,82,82,84,84,84,84,84,84,84,84,84,86,86,86,88,90,90,92,92,94,94,94,94,94],"card_choices":[{"not_picked":["Guardian:BronzeArmor","Guardian:ChargeCore"],"picked":"Guardian:Gem_Blue","floor":2},{"not_picked":["Guardian:Orbwalk","Guardian:Preprogram"],"picked":"Guardian:Gem_Red","floor":3},{"not_picked":["Guardian:Incinerate","Guardian:TemporalStrike"],"picked":"Guardian:TimeCapacitor","floor":4},{"not_picked":["Guardian:TimeCapacitor","Guardian:Orbwalk"],"picked":"Guardian:DecasProtection","floor":5},{"not_picked":["Guardian:PolyBeam","Guardian:MultiBeam"],"picked":"Guardian:RollAttack","floor":6},{"not_picked":["Guardian:ShieldSpikes","Guardian:PrimingBeam"],"picked":"Guardian:Gem_Cyan","floor":8},{"not_picked":["Guardian:Reroute","Guardian:PrimingBeam"],"picked":"Guardian:Clone","floor":9},{"not_picked":["Guardian:TemporalShield","Guardian:Gem_Green","Guardian:Gem_Blue"],"picked":"Singing Bowl","floor":11},{"not_picked":["Guardian:Repulse","Guardian:RollAttack"],"picked":"Guardian:SpikerProtocol","floor":13},{"not_picked":["Guardian:GuardianWhirl","Guardian:WalkerClaw","Guardian:EvasiveProtocol"],"picked":"Singing Bowl","floor":14},{"not_picked":["Guardian:PrismaticBeam","Guardian:TemporalShield"],"picked":"Guardian:Gem_Fragmented","floor":15},{"not_picked":["Guardian:StasisStrike","Guardian:StasisField"],"picked":"Guardian:Gem_Orange","floor":16},{"not_picked":["Guardian:TemporalShield","Guardian:Incinerate"],"picked":"Guardian:CrystalBeam","floor":19},{"not_picked":["Guardian:Repulse","Guardian:WalkerClaw"],"picked":"Guardian:Gem_Red","floor":20},{"not_picked":["Guardian:CrystalBeam","Guardian:PrimingBeam"],"picked":"Guardian:ShieldCharger+1","floor":21},{"not_picked":["Guardian:WalkerClaw","Guardian:Gem_Lightblue","Guardian:MultiBeam+1"],"picked":"Singing Bowl","floor":23},{"not_picked":["Guardian:Reroute","Guardian:TemporalStrike","Guardian:Gem_Cyan"],"picked":"Singing Bowl","floor":26},{"not_picked":["Guardian:StasisStrike","Guardian:ChargeCore","Guardian:Suspension"],"picked":"Singing Bowl","floor":27},{"not_picked":["Guardian:PrismaticBeam","Guardian:Recover"],"picked":"Guardian:Gem_Red","floor":28},{"not_picked":["Guardian:TimeBomb","Guardian:Gem_Lightblue","Guardian:Planning"],"picked":"Singing Bowl","floor":29},{"not_picked":["Guardian:DonusPower+1","Guardian:SentryBeam"],"picked":"Guardian:TemporalShield+1","floor":30},{"not_picked":["Guardian:ChargeCore","Guardian:FastForward","Guardian:WalkerClaw+1"],"picked":"Singing Bowl","floor":31},{"not_picked":["Guardian:ShieldCharger","Guardian:FloatingOrbs"],"picked":"Guardian:TemporalShield+1","floor":32}],"player_experience":2229648,"relics_obtained":[{"floor":1,"key":"conspire:Boomerang"},{"floor":6,"key":"Bronze Scales"},{"floor":7,"key":"Happy Flower"},{"floor":11,"key":"Singing Bowl"},{"floor":13,"key":"White Beast Statue"},{"floor":24,"key":"Quantum Egg"},{"floor":30,"key":"Onion Ring"}],"event_choices":[{"damage_healed":38,"gold_gain":0,"player_choice":"Full Heal","damage_taken":0,"max_hp_gain":0,"max_hp_loss":0,"event_name":"Wheel of Change","floor":22,"gold_loss":0}],"is_beta":false,"boss_relics":[{"not_picked":["Kintsugi","ChewingGum"],"picked":"Painkiller Herb"}],"items_purged_floors":[4],"is_endless":false,"potions_floor_spawned":[2,5,11,14,15,16,19,20,21,23,26,27,28,29,30,31,32],"killed_by":"SI_MIRROR_ARCHETYPE","ascension_level":0}}