{"host":"ej72cplobca8grby","time":1612722217,"event":{"mods":["BaseMod","Downfall","Minty Spire (QoL Compilation)","StSLib"],"gold_per_floor":[99,118,118,130,143,53,53,88,98,115,115,0,27,46,58,153,153,153,169,169,81,81,98,98,123,23,39,139,150,50,50,63,63,63,63],"floor_reached":33,"language":"ENG","playtime":3539,"items_purged":["champ:Strike","champ:Strike"],"score":279,"play_id":"ae33ebdc-028f-4c5e-951f-273d10336933","local_time":"20210207202337","is_ascension_mode":false,"campfire_choices":[{"data":"champ:Taunt","floor":1.0,"key":"SMITH"},{"data":"champ:UltimateStance","floor":11.0,"key":"SMITH"},{"data":"champ:UltimateStance","floor":18,"key":"SMITH"},{"data":"champ:ShieldSlam","floor":26,"key":"SMITH"},{"data":"champ:ShieldSlam","floor":30,"key":"SMITH"}],"circlet_count":0,"master_deck":["champ:Strike","champ:Defend","champ:Defend","champ:Defend","champ:Defend","champ:Execute","champ:Taunt+1","champ:DefensiveStyle","champ:CrookedStrike","champ:StanceDance","champ:UltimateStance+1","champ:Circumvent","champ:BerserkerStyle","champ:StanceDance","champ:BerserkerStyle","champ:Backstep","champ:ArenaPreparation","champ:UltimateStance+1","champ:FalseCounter","champ:ShieldSlam+1","champ:ShieldSlam+1","champ:ShieldSlam","champ:AdrenalArmor"],"relics":["champ:ChampionCrownUpgraded","Bag of Marbles","Omamori","champ:FightingForDummies","Necronomicon","Guardian:PocketSentry","Pen Nib","downfall:HeartBlessingBlue","champ:BlackKnightHelmet","Matryoshka","downfall:HeartBlessingGreen"],"acts_visited":["TheCity"],"potions_floor_usage":[33,33],"damage_taken":[{"damage":25.0,"enemies":"Jaw Worm","floor":2.0,"turns":7.0},{"damage":10.0,"enemies":"Cultist","floor":4.0,"turns":4.0},{"damage":0.0,"enemies":"2 Louse","floor":5.0,"turns":3.0},{"damage":10.0,"enemies":"downfall:FleeingMerchant","floor":6.0,"turns":4.0},{"damage":35.0,"enemies":"Gremlin Nob","floor":8.0,"turns":4.0},{"damage":10.0,"enemies":"2 Fungi Beasts","floor":9.0,"turns":4.0},{"damage":49.0,"enemies":"Large Slime","floor":10.0,"turns":7.0},{"damage":35.0,"enemies":"downfall:FleeingMerchant","floor":12.0,"turns":4.0},{"damage":27.0,"enemies":"Lagavulin","floor":13.0,"turns":7.0},{"damage":0.0,"enemies":"2 Fungi Beasts","floor":14.0,"turns":4.0},{"damage":28.0,"enemies":"3 Louse","floor":15.0,"turns":3.0},{"damage":132,"enemies":"DF_ARCHETYPE_STREAMLINE","floor":16,"turns":13},{"damage":55,"enemies":"Spheric Guardian","floor":19,"turns":5},{"damage":70,"enemies":"downfall:FleeingMerchant","floor":21,"turns":4},{"damage":101,"enemies":"Centurion and Healer","floor":23,"turns":6},{"damage":140,"enemies":"Slavers","floor":25,"turns":7},{"damage":64,"enemies":"Cultist and Chosen","floor":27,"turns":3},{"damage":65,"enemies":"Cultist and Chosen","floor":28,"turns":4},{"damage":67,"enemies":"3 Cultists","floor":29,"turns":4},{"damage":165,"enemies":"Centurion and Healer","floor":32,"turns":9},{"damage":81,"enemies":"IC_MUSHROOM_ARCHETYPE","floor":33,"turns":4}],"seed_played":"-7860907605577840856","potions_obtained":[{"floor":2.0,"key":"FearPotion"},{"floor":3.0,"key":"FairyPotion"},{"floor":3.0,"key":"Regen Potion"},{"floor":4.0,"key":"Block Potion"},{"floor":8.0,"key":"sneckomod:MuddlingPotion"},{"floor":13.0,"key":"Block Potion"},{"floor":14.0,"key":"champ:CounterPotion"},{"floor":15.0,"key":"BlessingOfTheForge"},{"floor":16,"key":"SteroidPotion"},{"floor":19,"key":"PowerPotion"},{"floor":23,"key":"Fire Potion"},{"floor":25,"key":"Swift Potion"},{"floor":31,"key":"CultistPotion"}],"is_trial":false,"path_per_floor":["R","M","?","M","M","$","T","E","M","M","R","$","E","M","M","B",null,"R","M","?","$","?","M","T","E","R","M","?","M","R","?","M","B"],"character_chosen":"THE_CHAMP","items_purchased":["champ:FalseCounter"],"campfire_rested":0,"item_purchase_floors":[21],"current_hp_per_floor":[90,90,90,90,90,90,90,80,80,58,58,48,45,45,45,20,90,90,82,82,73,57,57,57,35,45,45,35,35,35,35,35,0,0,0],"gold":63,"neow_bonus":"REMOVE_CARD","is_daily":false,"chose_seed":false,"campfire_upgraded":5,"win_rate":0.0,"timestamp":1612722217,"path_taken":["R","M","?","M","?","?","T","E","M","M","R","$","E","M","M","BOSS","R","M","?","$","?","M","T","E","R","M","?","M","R","?","M","BOSS"],"items_purchased_type":["Card"],"build_version":"2020-12-22","purchased_purges":2,"victory":false,"max_hp_per_floor":[90,90,90,90,90,90,90,90,90,90,90,90,90,90,90,90,90,90,90,90,90,90,90,90,90,100,100,100,100,100,100,100,100,100,100],"card_choices":[{"not_picked":["champ:BringItOn","champ:StanceDance"],"picked":"champ:DefensiveStyle","floor":2.0},{"not_picked":["champ:CrownThrow","champ:BladeFlurry"],"picked":"champ:CrookedStrike","floor":4.0},{"not_picked":["champ:AdrenalArmor","champ:PerfectedStrike"],"picked":"champ:StanceDance","floor":5.0},{"not_picked":["champ:SkillfulDodge","champ:Lariat"],"picked":"champ:UltimateStance","floor":6.0},{"not_picked":["champ:ViciousMockery","champ:CrookedStrike"],"picked":"champ:Circumvent","floor":8.0},{"not_picked":["champ:GladiatorStyle","champ:Endure"],"picked":"champ:BerserkerStyle","floor":9.0},{"not_picked":["champ:GutPunch","champ:Circumvent"],"picked":"champ:StanceDance","floor":10.0},{"not_picked":["champ:FocusedBerserking","champ:RisingSlash"],"picked":"champ:BerserkerStyle","floor":12.0},{"not_picked":["champ:StanceDance","champ:FalseCounter"],"picked":"champ:Backstep","floor":13.0},{"not_picked":["champ:PerfectedStrike","champ:CalledShot"],"picked":"champ:ArenaPreparation","floor":14.0},{"not_picked":["champ:Shatter","champ:StanceDance","champ:BladeFlurry"],"picked":"SKIP","floor":15.0},{"not_picked":["champ:ShieldThrow","champ:HeavySlash"],"picked":"champ:UltimateStance","floor":16},{"not_picked":["champ:FlashCut+1","champ:FaceSlap","champ:ShieldWall"],"picked":"SKIP","floor":19},{"not_picked":["champ:ArenaPreparation","champ:Circumvent","champ:SetATrap"],"picked":"SKIP","floor":21},{"not_picked":["champ:BerserkersShout","champ:BladeFlurry+1"],"picked":"champ:ShieldSlam","floor":23},{"not_picked":["champ:Haymaker","champ:PreemptiveStrike+1"],"picked":"champ:ShieldSlam","floor":25},{"not_picked":["champ:BerserkerStyle","champ:CrownThrow"],"picked":"champ:ShieldSlam","floor":27},{"not_picked":["champ:SkillfulDodge","champ:ArenaPreparation"],"picked":"champ:AdrenalArmor","floor":28},{"not_picked":["champ:BerserkersShout+1","champ:Lariat","champ:FaceSlap"],"picked":"SKIP","floor":29},{"not_picked":["champ:Lariat","champ:Circumvent","champ:SetATrap"],"picked":"SKIP","floor":32}],"player_experience":1174452,"relics_obtained":[{"floor":8.0,"key":"Bag of Marbles"},{"floor":13.0,"key":"Omamori"},{"floor":22,"key":"Necronomicon"},{"floor":24,"key":"Guardian:PocketSentry"},{"floor":25,"key":"Pen Nib"},{"floor":28,"key":"champ:BlackKnightHelmet"},{"floor":28,"key":"Matryoshka"}],"event_choices":[{"damage_healed":0.0,"max_hp_gain":0.0,"max_hp_loss":0.0,"gold_gain":0.0,"event_name":"Lab","player_choice":"Got Potions","floor":3.0,"gold_loss":0.0,"damage_taken":0.0}],"is_beta":false,"boss_relics":[{"not_picked":["bronze:MakeshiftBattery","Tiny House"],"picked":"champ:ChampionCrownUpgraded"}],"items_purged_floors":[6,12],"is_endless":false,"potions_floor_spawned":[2,4,8,13,14,15,16,19,23,25,29,32],"killed_by":"IC_MUSHROOM_ARCHETYPE","ascension_level":0}}