{"host":"4lch21uqe3ag08cj","time":1612742176,"event":{"mods":["AchievementEnabler","BaseMod","Block Reminder","Colored Map","Colored Powertips","Minty Spire (QoL Compilation)","Permanent Neow","Relic Stats"],"gold_per_floor":[19,37,37,37,54,54,80,80,80,93,105,140,155,182,182,283,283,283,283,283,283,283,283,283,283,283,283,283,283,283,283,283,283,283,283,130,0,0,0,0,0,0,0,0,0,0,0,0,0,0,0,0,0,0,0],"floor_reached":56,"language":"ENG","playtime":3034,"items_purged":["Writhe"],"score":1419,"play_id":"0fb4123e-bdb1-497d-ad29-37f9845604c6","local_time":"20210207205616","is_ascension_mode":true,"campfire_choices":[{"data":"Armaments","floor":6,"key":"SMITH"},{"data":"1","floor":8,"key":"LIFT"},{"data":"2","floor":15,"key":"LIFT"},{"data":"True Grit","floor":24,"key":"SMITH"},{"data":"3","floor":27,"key":"LIFT"},{"data":"Limit Break","floor":29,"key":"SMITH"},{"data":"Offering","floor":32,"key":"SMITH"},{"data":"Offering","floor":41,"key":"SMITH"},{"floor":44,"key":"RECALL"},{"data":"Feel No Pain","floor":49,"key":"SMITH"},{"data":"Feel No Pain","floor":52,"key":"SMITH"}],"circlet_count":0,"master_deck":["Bash+1","Cleave+1","Shrug It Off","Armaments+1","Feel No Pain+1","Pommel Strike","Uppercut","Carnage","Limit Break+1","Bloodletting","Reaper","Sword Boomerang","True Grit+1","Ghostly Armor+1","Pummel+1","Offering+1","Burning Pact+1","Offering+1","Ghostly Armor","Flame Barrier","Intimidate","Limit Break","Demon Form","Reckless Charge","Pummel","Whirlwind","Battle Trance+1","Feel No Pain+1","Madness","Madness","Sword Boomerang+1","Havoc+1","Barricade"],"relics":["Burning Blood","CaptainsWheel","Girya","Bottled Lightning","White Beast Statue","Ectoplasm","Nilry\u0027s Codex","PreservedInsect","Letter Opener","InkBottle","Champion Belt","Gremlin Horn","Dead Branch","Pandora\u0027s Box","Red Mask","Whetstone","Oddly Smooth Stone","Ice Cream","Singing Bowl","Blue Candle"],"acts_visited":["Exordium","TheCity","TheBeyond","TheEnding"],"potions_floor_usage":[12,14,21,22,23,23,31,33,33,42,50,55,55,55],"damage_taken":[{"damage":7,"enemies":"2 Louse","floor":1,"turns":3},{"damage":5,"enemies":"Small Slimes","floor":2,"turns":3},{"damage":0,"enemies":"Jaw Worm","floor":5,"turns":4},{"damage":11,"enemies":"3 Sentries","floor":7,"turns":8},{"damage":9,"enemies":"Exordium Wildlife","floor":10,"turns":4},{"damage":7,"enemies":"3 Louse","floor":11,"turns":3},{"damage":1,"enemies":"Lagavulin","floor":12,"turns":5},{"damage":0,"enemies":"Large Slime","floor":13,"turns":4},{"damage":10,"enemies":"Gremlin Nob","floor":14,"turns":3},{"damage":49,"enemies":"The Guardian","floor":16,"turns":11},{"damage":15,"enemies":"Shell Parasite","floor":18,"turns":4},{"damage":5,"enemies":"3 Byrds","floor":21,"turns":4},{"damage":19,"enemies":"Cultist and Chosen","floor":22,"turns":6},{"damage":9,"enemies":"Slavers","floor":23,"turns":4},{"damage":24,"enemies":"3 Cultists","floor":25,"turns":5},{"damage":13,"enemies":"Colosseum Slavers","floor":28,"turns":2},{"damage":2,"enemies":"Colosseum Nobs","floor":28,"turns":2},{"damage":0,"enemies":"Snecko","floor":30,"turns":2},{"damage":9,"enemies":"Book of Stabbing","floor":31,"turns":3},{"damage":22,"enemies":"Automaton","floor":33,"turns":8},{"damage":6,"enemies":"Orb Walker","floor":35,"turns":1},{"damage":6,"enemies":"3 Shapes","floor":39,"turns":1},{"damage":5,"enemies":"Giant Head","floor":40,"turns":5},{"damage":4,"enemies":"3 Darklings","floor":42,"turns":2},{"damage":15,"enemies":"4 Shapes","floor":45,"turns":2},{"damage":16,"enemies":"2 Orb Walkers","floor":46,"turns":3},{"damage":6,"enemies":"Reptomancer","floor":47,"turns":2},{"damage":17,"enemies":"Awakened One","floor":50,"turns":6},{"damage":12,"enemies":"Shield and Spear","floor":54,"turns":2},{"damage":70,"enemies":"The Heart","floor":55,"turns":6}],"seed_played":"-4759062273852845832","potions_obtained":[{"floor":5,"key":"Block Potion"},{"floor":10,"key":"AttackPotion"},{"floor":13,"key":"SteroidPotion"},{"floor":16,"key":"SkillPotion"},{"floor":18,"key":"BloodPotion"},{"floor":21,"key":"ColorlessPotion"},{"floor":22,"key":"DistilledChaos"},{"floor":23,"key":"HeartOfIron"},{"floor":25,"key":"Dexterity Potion"},{"floor":28,"key":"SteroidPotion"},{"floor":31,"key":"DistilledChaos"},{"floor":33,"key":"AttackPotion"},{"floor":35,"key":"PowerPotion"},{"floor":42,"key":"SkillPotion"},{"floor":54,"key":"Fire Potion"}],"is_trial":false,"path_per_floor":["M","M","?","?","M","R","E","R","T","M","M","E","M","E","R","B",null,"M","?","?","M","M","E","R","M","T","R","?","R","M","E","R","B",null,"M","$","?","?","M","E","R","M","T","R","M","?","E","?","R","B",null,"R","$","E","B",null],"character_chosen":"IRONCLAD","items_purchased":["Feel No Pain"],"campfire_rested":0,"item_purchase_floors":[36],"current_hp_per_floor":[79,80,73,78,84,84,79,79,79,76,75,80,85,81,81,38,85,76,60,60,70,69,72,72,78,78,78,85,85,85,82,82,78,85,85,85,85,74,85,85,85,85,85,85,82,85,87,89,89,78,89,89,89,89,25],"gold":0,"neow_bonus":"ONE_RARE_RELIC","is_daily":false,"chose_seed":false,"campfire_upgraded":7,"win_rate":0.0,"timestamp":1612742176,"path_taken":["M","M","?","?","M","R","E","R","T","M","M","E","M","E","R","BOSS","M","?","?","M","M","E","R","M","T","R","?","R","M","E","R","BOSS","M","$","?","?","M","E","R","M","T","R","M","?","E","?","R","BOSS","R","$","E","BOSS"],"items_purchased_type":["Card"],"build_version":"2020-12-22","purchased_purges":1,"victory":true,"max_hp_per_floor":[80,80,80,85,85,85,85,85,85,85,85,85,85,85,85,85,85,85,85,85,85,85,85,85,85,85,85,85,85,85,85,85,85,85,85,85,85,85,85,85,85,85,85,85,85,85,87,89,89,89,89,89,89,89,89],"relic_stats":{"Gremlin Horn":[13,14],"Singing Bowl":4,"counters":[30,118],"Dead Branch":[102],"Blue Candle":[0],"PreservedInsect":364,"Letter Opener":[205],"Whetstone":["Bash","Cleave"],"Burning Blood":146,"Pandora\u0027s Box":["Ghostly Armor","Flame Barrier","Intimidate","Limit Break","Demon Form","Reckless Charge","Pummel","Whirlwind"],"Ectoplasm":638,"Champion Belt":[12],"obtain_stats":[{"Ice Cream":46,"Girya":7,"Gremlin Horn":28,"Singing Bowl":47,"Nilry\u0027s Codex":19,"Dead Branch":31,"Blue Candle":54,"Oddly Smooth Stone":43,"PreservedInsect":20,"Letter Opener":23,"Whetstone":40,"Burning Blood":0,"White Beast Statue":14,"CaptainsWheel":0,"Pandora\u0027s Box":34,"Ectoplasm":17,"Red Mask":37,"Bottled Lightning":12,"Champion Belt":28,"InkBottle":26},{"Ice Cream":26,"Girya":4,"Gremlin Horn":17,"Singing Bowl":27,"Nilry\u0027s Codex":11,"Dead Branch":19,"Blue Candle":29,"Oddly Smooth Stone":24,"PreservedInsect":11,"Letter Opener":14,"Whetstone":23,"Burning Blood":0,"White Beast Statue":9,"CaptainsWheel":0,"Pandora\u0027s Box":20,"Ectoplasm":10,"Red Mask":21,"Bottled Lightning":7,"Champion Belt":17,"InkBottle":15},{"Ice Cream":102,"Girya":18,"Gremlin Horn":75,"Singing Bowl":104,"Nilry\u0027s Codex":52,"Dead Branch":80,"Blue Candle":112,"Oddly Smooth Stone":97,"PreservedInsect":52,"Letter Opener":66,"Whetstone":95,"Burning Blood":0,"White Beast Statue":37,"CaptainsWheel":0,"Pandora\u0027s Box":88,"Ectoplasm":48,"Red Mask":89,"Bottled Lightning":30,"Champion Belt":75,"InkBottle":71}],"InkBottle":[21]},"card_choices":[{"not_picked":["Disarm","Heavy Blade"],"picked":"Cleave","floor":1},{"not_picked":["Wild Strike","Iron Wave"],"picked":"Shrug It Off","floor":2},{"not_picked":["Seeing Red","Wild Strike"],"picked":"Armaments","floor":5},{"not_picked":["Rampage","Shrug It Off"],"picked":"Feel No Pain","floor":7},{"not_picked":["Spot Weakness","Disarm"],"picked":"Pommel Strike","floor":10},{"not_picked":["Carnage","Cleave"],"picked":"Uppercut","floor":11},{"not_picked":["Headbutt","Armaments"],"picked":"Carnage","floor":12},{"not_picked":["Headbutt","Iron Wave"],"picked":"Limit Break","floor":13},{"not_picked":["Combust","Disarm"],"picked":"Bloodletting","floor":14},{"not_picked":["Fiend Fire","Impervious"],"picked":"Reaper","floor":16},{"not_picked":["Combust","Perfected Strike"],"picked":"Sword Boomerang","floor":18},{"not_picked":["Perfected Strike+1","Pommel Strike"],"picked":"True Grit","floor":21},{"not_picked":["Pommel Strike","Searing Blow"],"picked":"Ghostly Armor+1","floor":22},{"not_picked":["Headbutt","Wild Strike","Flex"],"picked":"SKIP","floor":23},{"not_picked":["Fire Breathing","Reckless Charge"],"picked":"Pummel+1","floor":25},{"not_picked":["Flex+1","Burning Pact"],"picked":"Offering","floor":28},{"not_picked":["Body Slam","Combust","Shrug It Off"],"picked":"SKIP","floor":30},{"not_picked":["Hemokinesis+1","Anger"],"picked":"Burning Pact+1","floor":31},{"not_picked":["Brutality","Immolate"],"picked":"Offering","floor":33},{"not_picked":["Pommel Strike+1","Clothesline+1"],"picked":"Battle Trance+1","floor":35},{"not_picked":["Cleave","Warcry+1"],"picked":"Sword Boomerang+1","floor":39},{"not_picked":["Immolate","Intimidate"],"picked":"Havoc+1","floor":40},{"not_picked":["Shrug It Off+1","Ghostly Armor+1","Iron Wave+1"],"picked":"SKIP","floor":42},{"not_picked":["Shrug It Off","Cleave+1","Wild Strike"],"picked":"SKIP","floor":45},{"not_picked":["Pommel Strike+1","Flex+1","Shrug It Off"],"picked":"Singing Bowl","floor":47},{"not_picked":["Enlightenment","Good Instincts","Dramatic Entrance"],"picked":"Singing Bowl","floor":48},{"not_picked":["Disarm+1","Perfected Strike"],"picked":"Barricade","floor":54}],"player_experience":47841,"relics_obtained":[{"floor":7,"key":"Girya"},{"floor":12,"key":"Bottled Lightning"},{"floor":14,"key":"White Beast Statue"},{"floor":19,"key":"Nilry\u0027s Codex"},{"floor":23,"key":"Letter Opener"},{"floor":26,"key":"InkBottle"},{"floor":28,"key":"Champion Belt"},{"floor":28,"key":"Gremlin Horn"},{"floor":31,"key":"Dead Branch"},{"floor":40,"key":"Whetstone"},{"floor":43,"key":"Oddly Smooth Stone"},{"floor":46,"key":"Ice Cream"},{"floor":47,"key":"Singing Bowl"},{"floor":54,"key":"Blue Candle"}],"event_choices":[{"cards_removed":["Strike_R"],"damage_healed":0,"gold_gain":0,"player_choice":"Card Removal","damage_taken":7,"max_hp_gain":0,"max_hp_loss":0,"event_name":"Golden Wing","floor":3,"gold_loss":0},{"damage_healed":0,"gold_gain":0,"player_choice":"Donut","damage_taken":0,"max_hp_gain":5,"max_hp_loss":0,"event_name":"Big Fish","floor":4,"gold_loss":0},{"damage_healed":0,"gold_gain":0,"player_choice":"Obtained Book","damage_taken":16,"max_hp_gain":0,"max_hp_loss":0,"event_name":"Cursed Tome","floor":19,"gold_loss":0},{"damage_healed":0,"gold_gain":0,"player_choice":"Opened","damage_taken":0,"relics_obtained":["PreservedInsect"],"max_hp_gain":0,"max_hp_loss":0,"event_name":"The Mausoleum","floor":20,"gold_loss":0,"cards_obtained":["Writhe"]},{"damage_healed":0,"gold_gain":0,"player_choice":"Fight","damage_taken":0,"max_hp_gain":0,"max_hp_loss":0,"event_name":"Colosseum","floor":28,"gold_loss":0},{"damage_healed":0,"gold_gain":0,"player_choice":"Fought Nobs","damage_taken":0,"max_hp_gain":0,"max_hp_loss":0,"event_name":"Colosseum","floor":28,"gold_loss":0},{"damage_healed":0,"gold_gain":0,"player_choice":"Paid","damage_taken":0,"relics_obtained":["Red Mask"],"max_hp_gain":0,"max_hp_loss":0,"event_name":"Tomb of Lord Red Mask","floor":37,"gold_loss":130},{"damage_healed":0,"gold_gain":0,"player_choice":"Embrace Madness","damage_taken":11,"max_hp_gain":0,"max_hp_loss":0,"event_name":"Winding Halls","floor":38,"gold_loss":0,"cards_obtained":["Madness","Madness"]},{"damage_healed":0,"gold_gain":0,"player_choice":"Fight","damage_taken":0,"max_hp_gain":0,"max_hp_loss":0,"event_name":"Mysterious Sphere","floor":46,"gold_loss":0},{"damage_healed":0,"gold_gain":0,"player_choice":"Memory 1","damage_taken":0,"max_hp_gain":0,"max_hp_loss":0,"event_name":"SensoryStone","floor":48,"gold_loss":0}],"is_beta":false,"boss_relics":[{"not_picked":["Tiny House","Runic Cube"],"picked":"Ectoplasm"},{"not_picked":["Mark of Pain","Runic Dome"],"picked":"Pandora\u0027s Box"}],"items_purged_floors":[36],"is_endless":false,"potions_floor_spawned":[5,10,13,16,18,21,22,23,25,28,28,30,31,33,35,39,40,42,45,46,47,54],"ascension_level":2}}