{"host":"o4p7qgaf1xspajzr","time":1612657476,"event":{"mods":["BaseMod","Block Reminder","Colored Map","Infinite Spire","Minty Spire (QoL Compilation)","Replay The Spire","StSLib","The Jungle"],"gold_per_floor":[116,134,8,8,20,55,75,103,103,103,135,191,218,28,28,124,124,135,235,254,267,192,222,222,236,283,283,283,283,283,299,325,225,225,325,325,340,340,340,340,451,451,481,481,481,510,527,527,543,280,280,280,280],"floor_reached":52,"language":"ENG","playtime":1701,"items_purged":["Strike_G","Overencumbered","Strike_G","Hallucinations"],"score":746,"play_id":"b04a7c9b-0b1b-4c26-927b-67f3eebdabd6","local_time":"20210207002436","is_ascension_mode":true,"campfire_choices":[{"data":"1","floor":10,"key":"LIFT"},{"floor":15,"key":"REST"},{"data":"2","floor":15,"key":"LIFT"},{"floor":24,"key":"REST"},{"data":"3","floor":24,"key":"LIFT"},{"data":"Storm of Steel","floor":27,"key":"SMITH"},{"data":"ReplayTheSpireMod:Scrap Shanks","floor":34,"key":"SMITH"},{"data":"infinitespire:Execution","floor":42,"key":"SMITH"},{"floor":44,"key":"REST"},{"data":"After Image","floor":44,"key":"SMITH"},{"floor":48,"key":"REST"},{"floor":51,"key":"REST"},{"floor":51,"key":"RECALL"}],"circlet_count":0,"master_deck":["Strike_G","Strike_G","Defend_G","Defend_G","Defend_G+1","Defend_G+1","Survivor","Neutralize+1","Blade Dance","Accuracy","Noxious Fumes","Backstab","Escape Plan","ReplayTheSpireMod:From All Sides+1","Hidden Blade","Backflip","ReplayTheSpireMod:Scrap Shanks+1","Storm of Steel+1","Blade Dance","Accuracy+1","Accuracy","ReplayTheSpireMod:Scrap Shanks","Footwork","After Image+1","Infinite Blades","infinitespire:Execution+1","infinitespire:TheBestDefense","Replay:Poison Smokescreen","Blade Dance","ReplayTheSpireMod:Restless Dread","infinitespire:Fortify","Deflect+1","Adrenaline"],"relics":["Ring of the Snake","NeowsBlessing","ReplayTheSpireMod:Shallot","Mango","Girya","infinitespire:Magic Flask","Bronze Scales","Tough Bandages","Bag of Marbles","Cursed Key","infinitespire:Joker Card","Orichalcum","HoveringKite","Whetstone","War Paint","Frozen Egg 2","Quantum Egg"],"acts_visited":["Exordium","TheCity","TheBeyond"],"potions_floor_usage":[8,11,13,16,35,43,52],"damage_taken":[{"damage":0,"enemies":"Small Slimes","floor":1,"turns":1},{"damage":0,"enemies":"Cultist","floor":2,"turns":1},{"damage":0,"enemies":"Jaw Worm","floor":5,"turns":1},{"damage":25,"enemies":"Gremlin Nob","floor":6,"turns":4},{"damage":0,"enemies":"Exordium Wildlife","floor":7,"turns":3},{"damage":4,"enemies":"Lagavulin","floor":8,"turns":5},{"damage":9,"enemies":"3 Sentries","floor":11,"turns":6},{"damage":9,"enemies":"Lagavulin Event","floor":12,"turns":5},{"damage":20,"enemies":"Gremlin Nob","floor":13,"turns":4},{"damage":17,"enemies":"Hexaghost","floor":16,"turns":7},{"damage":0,"enemies":"Spheric Guardian","floor":18,"turns":3},{"damage":0,"enemies":"3 Byrds","floor":20,"turns":2},{"damage":0,"enemies":"Centurion and Healer","floor":21,"turns":2},{"damage":6,"enemies":"Nightmare","floor":23,"turns":4},{"damage":0,"enemies":"Sentry and Sphere","floor":25,"turns":2},{"damage":6,"enemies":"Snake Plant","floor":31,"turns":3},{"damage":28,"enemies":"Replay:Snechameleon","floor":32,"turns":3},{"damage":10,"enemies":"Champ","floor":35,"turns":5},{"damage":8,"enemies":"Orb Walker","floor":37,"turns":3},{"damage":26,"enemies":"Reptomancer","floor":43,"turns":3},{"damage":38,"enemies":"Nightmare","floor":46,"turns":6},{"damage":2,"enemies":"3 Shapes","floor":47,"turns":4},{"damage":0,"enemies":"Jaw Worm Horde","floor":49,"turns":2},{"damage":52,"enemies":"infinitespire:MassOfShapes","floor":52,"turns":5}],"seed_played":"923638450314126414","potions_obtained":[{"floor":1,"key":"Strength Potion"},{"floor":6,"key":"CultistPotion"},{"floor":11,"key":"Regen Potion"},{"floor":12,"key":"Weak Potion"},{"floor":13,"key":"Block Potion"},{"floor":20,"key":"Venom Potion"},{"floor":31,"key":"Milkshake"},{"floor":35,"key":"SteroidPotion"},{"floor":47,"key":"Dexterity Potion"}],"is_trial":false,"path_per_floor":["M","M","$","?","M","E","M","E","T","R","E","?","E","$","R","B",null,"M","?","M","M","$","NM","R","M","T","R","PTL","PTL","?","M","E","$","R","B",null,"M","?","?","AVR","?","R","E","R","T","NM","M","R","M","$","R","B"],"character_chosen":"THE_SILENT","items_purchased":["Accuracy","PowerPotion","ReplayTheSpireMod:Scrap Shanks","Bag of Marbles","Adrenaline"],"campfire_rested":5,"item_purchase_floors":[3,3,14,14,50],"current_hp_per_floor":[63,63,63,63,63,38,38,48,48,48,39,30,22,22,47,30,71,71,71,71,71,71,65,84,84,84,84,84,84,84,78,50,50,50,40,73,65,45,45,45,45,45,19,43,43,5,3,27,27,27,51,0,0],"gold":280,"neow_bonus":"THREE_ENEMY_KILL","is_daily":false,"chose_seed":false,"campfire_upgraded":4,"win_rate":0.0,"timestamp":1612657476,"path_taken":["M","M","$","?","M","E","?","E","T","R","E","?","E","?","R","BOSS","M","?","M","?","?","NM","R","M","T","R","PTL","PTL","?","M","E","$","R","BOSS","M","?","?","AVR","?","R","E","R","T","NM","M","R","?","$","R","BOSS"],"items_purchased_type":["Card","Potion","Card","Relic","Card"],"build_version":"2020-12-22","purchased_purges":4,"victory":false,"max_hp_per_floor":[70,70,70,70,70,70,70,84,84,84,84,84,84,84,84,84,84,84,84,84,84,84,84,84,84,84,84,84,84,84,84,84,84,84,84,84,84,84,80,80,80,80,80,80,80,80,80,80,80,80,80,80,80],"card_choices":[{"not_picked":["Dagger Throw","Caltrops","Bane"],"picked":"SKIP","floor":1},{"not_picked":["Distraction","Leg Sweep"],"picked":"Blade Dance","floor":2},{"not_picked":["Hidden Blade","Deadly Poison"],"picked":"Backstab","floor":5},{"not_picked":["Outmaneuver","Blur"],"picked":"Escape Plan","floor":6},{"not_picked":["Underhanded Strike","Flying Knee","Dagger Spray"],"picked":"SKIP","floor":7},{"not_picked":["Flechettes","Distraction"],"picked":"ReplayTheSpireMod:From All Sides","floor":8},{"not_picked":["Bane","Quick Slash"],"picked":"Hidden Blade","floor":11},{"not_picked":["Sneak Up","Bane"],"picked":"Backflip","floor":12},{"not_picked":["Heel Hook","Underhanded Strike","Flying Knee"],"picked":"SKIP","floor":13},{"not_picked":["Bullet Time","Corpse Explosion"],"picked":"Storm of Steel","floor":16},{"not_picked":["Bane","Sucker Punch"],"picked":"Blade Dance","floor":18},{"not_picked":["Deflect+1","Blade Dance+1"],"picked":"Accuracy+1","floor":20},{"not_picked":["Deflect","Blade Dance+1"],"picked":"Accuracy","floor":21},{"not_picked":["Quick Slash+1","Riddle With Holes+1","Poisoned Stab"],"picked":"SKIP","floor":23},{"not_picked":["Setup","Choke+1","Underhanded Strike+1"],"picked":"SKIP","floor":25},{"not_picked":["Dagger Spray+1","Underhanded Strike","ReplayTheSpireMod:Tripwire+1"],"picked":"SKIP","floor":31},{"not_picked":["Sucker Punch","ReplayTheSpireMod:Tripwire"],"picked":"Footwork","floor":32},{"not_picked":["Wraith Form v2","Atom Bomb"],"picked":"After Image","floor":35},{"not_picked":["Backflip+1","PiercingWail+1"],"picked":"Infinite Blades","floor":37},{"not_picked":["infinitespire:Oblivion","infinitespire:Punishment"],"picked":"infinitespire:Execution","floor":38},{"not_picked":["Backflip","Dagger Spray+1"],"picked":"Replay:Poison Smokescreen","floor":41},{"not_picked":["Die Die Die","Infinite Blades+1"],"picked":"Blade Dance","floor":43},{"not_picked":["infinitespire:SealOfDarkness+","infinitespire:NeuralNetwork"],"picked":"infinitespire:Fortify","floor":46},{"not_picked":["Dash","Distraction"],"picked":"Deflect+1","floor":46},{"not_picked":["Hidden Blade+1","Underhanded Strike","Dagger Throw"],"picked":"SKIP","floor":47},{"not_picked":["Poisoned Stab+1","Deadly Poison+1","Sucker Punch+1"],"picked":"SKIP","floor":49}],"player_experience":218145,"relics_obtained":[{"floor":6,"key":"ReplayTheSpireMod:Shallot"},{"floor":8,"key":"Mango"},{"floor":9,"key":"Girya"},{"floor":11,"key":"infinitespire:Magic Flask"},{"floor":13,"key":"Tough Bandages"},{"floor":23,"key":"infinitespire:Joker Card"},{"floor":32,"key":"Orichalcum"},{"floor":41,"key":"Whetstone"},{"floor":43,"key":"War Paint"},{"floor":45,"key":"Frozen Egg 2"},{"floor":46,"key":"Quantum Egg"}],"event_choices":[{"damage_healed":0,"gold_gain":0,"cards_transformed":["Strike_G"],"player_choice":"Transformed","damage_taken":0,"max_hp_gain":0,"max_hp_loss":0,"event_name":"Transmorgrifier","floor":4,"gold_loss":0,"cards_obtained":["Noxious Fumes"]},{"damage_healed":0,"gold_gain":0,"player_choice":"Searched \u00272\u0027 times","damage_taken":0,"relics_obtained":["Bronze Scales"],"max_hp_gain":0,"max_hp_loss":0,"event_name":"Dead Adventurer","floor":12,"gold_loss":0},{"damage_healed":0,"gold_gain":100,"player_choice":"Pray","damage_taken":0,"max_hp_gain":0,"max_hp_loss":0,"event_name":"Golden Shrine","floor":19,"gold_loss":0},{"damage_healed":0,"gold_gain":0,"cards_transformed":["Defend_G"],"player_choice":"Transformed","damage_taken":0,"max_hp_gain":0,"max_hp_loss":0,"event_name":"Transmorgrifier","floor":30,"gold_loss":0,"cards_obtained":["ReplayTheSpireMod:Scrap Shanks"]},{"damage_healed":0,"gold_gain":0,"player_choice":"Max HP","damage_taken":0,"max_hp_gain":0,"max_hp_loss":4,"event_name":"Winding Halls","floor":39,"gold_loss":0}],"is_beta":false,"boss_relics":[{"not_picked":["SlaversCollar","ReplayTheSpireMod:SealedPack"],"picked":"Cursed Key"},{"not_picked":["Calling Bell","Tiny House"],"picked":"HoveringKite"}],"items_purged_floors":[22,33,40,50],"is_endless":true,"potions_floor_spawned":[1,6,7,11,12,13,20,21,31,32,35,47,49],"killed_by":"infinitespire:MassOfShapes","ascension_level":6}}