{"host":"mnpd8gh7cwxsn5kh","time":1612696432,"event":{"mods":["BaseMod","Bestiary","Block Reminder","Colored Map","Colored Powertips","Highlight Path","Minty Spire (QoL Compilation)","Relic Sorter","Relic Stats"],"gold_per_floor":[118,118,128,9,27,27,61,61,84,100,128,148,148,178,178,178,178],"floor_reached":16,"language":"ENG","playtime":1296,"items_purged":[],"score":186,"play_id":"cb943f93-2363-4315-b5cd-78ca3d0ad1ab","local_time":"20210207121352","is_ascension_mode":true,"campfire_choices":[{"data":"Dash","floor":6,"key":"SMITH"},{"floor":8,"key":"REST"},{"floor":13,"key":"REST"},{"data":"Doppelganger","floor":15,"key":"SMITH"}],"circlet_count":0,"master_deck":["AscendersBane","Strike_G","Strike_G","Strike_G","Strike_G","Defend_G","Defend_G","Defend_G","Defend_G","Defend_G","Survivor","Neutralize+1","PiercingWail","Flying Knee","Dash+1","Quick Slash","Backflip","Doppelganger+1"],"relics":["Ring of the Snake","Bag of Marbles","Nunchaku","Potion Belt","Darkstone Periapt"],"acts_visited":["Exordium"],"potions_floor_usage":[3,16],"damage_taken":[{"damage":1,"enemies":"Jaw Worm","floor":1,"turns":8},{"damage":0,"enemies":"Cultist","floor":3,"turns":6},{"damage":0,"enemies":"2 Louse","floor":5,"turns":3},{"damage":37,"enemies":"Lagavulin","floor":7,"turns":13},{"damage":1,"enemies":"Gremlin Gang","floor":10,"turns":5},{"damage":5,"enemies":"Gremlin Nob","floor":11,"turns":4},{"damage":5,"enemies":"Lots of Slimes","floor":12,"turns":4},{"damage":8,"enemies":"Lagavulin","floor":14,"turns":8},{"damage":84,"enemies":"Slime Boss","floor":16,"turns":17}],"seed_played":"-5571122880179504735","potions_obtained":[{"floor":1,"key":"Swift Potion"},{"floor":10,"key":"FairyPotion"},{"floor":14,"key":"Block Potion"}],"is_trial":false,"path_per_floor":["M","?","M","$","M","R","E","R","T","M","E","M","R","E","R","B"],"character_chosen":"THE_SILENT","items_purchased":["Dash","Quick Slash"],"campfire_rested":2,"item_purchase_floors":[4,4],"current_hp_per_floor":[62,62,62,62,62,62,25,46,46,45,40,35,56,48,48,0,0],"gold":178,"neow_bonus":"UPGRADE_CARD","is_daily":false,"chose_seed":false,"campfire_upgraded":2,"win_rate":0.0,"timestamp":1612696432,"path_taken":["M","?","M","?","M","R","E","R","T","?","E","M","R","E","R","BOSS"],"items_purchased_type":["Card","Card"],"build_version":"2020-12-22","purchased_purges":0,"victory":false,"max_hp_per_floor":[70,70,70,70,70,70,70,70,70,70,70,70,70,70,70,70,70],"relic_stats":{"Darkstone Periapt":0,"Nunchaku":[7],"counters":[9,68],"obtain_stats":[{"Potion Belt":11,"Darkstone Periapt":14,"Nunchaku":9,"Bag of Marbles":7,"Ring of the Snake":0},{"Potion Belt":6,"Darkstone Periapt":8,"Nunchaku":4,"Bag of Marbles":4,"Ring of the Snake":0},{"Potion Belt":39,"Darkstone Periapt":51,"Nunchaku":30,"Bag of Marbles":30,"Ring of the Snake":0}],"Ring of the Snake":[18]},"card_choices":[{"not_picked":["Crippling Poison","Acrobatics"],"picked":"PiercingWail","floor":1},{"not_picked":["Choke","Deadly Poison"],"picked":"Flying Knee","floor":3},{"not_picked":["Reflex","Sucker Punch"],"picked":"Backflip","floor":5},{"not_picked":["Sucker Punch","Outmaneuver","Bane"],"picked":"SKIP","floor":7},{"not_picked":["Sucker Punch","Heel Hook","Deflect"],"picked":"SKIP","floor":10},{"not_picked":["Sucker Punch","Deflect","Underhanded Strike"],"picked":"SKIP","floor":11},{"not_picked":["Dodge and Roll","Deadly Poison","Bane"],"picked":"SKIP","floor":12},{"not_picked":["Quick Slash","Escape Plan"],"picked":"Doppelganger","floor":14}],"player_experience":372150,"relics_obtained":[{"floor":7,"key":"Bag of Marbles"},{"floor":9,"key":"Nunchaku"},{"floor":11,"key":"Potion Belt"},{"floor":14,"key":"Darkstone Periapt"}],"event_choices":[{"cards_removed":["Strike_G"],"damage_healed":0,"gold_gain":0,"player_choice":"Purged","damage_taken":0,"max_hp_gain":0,"max_hp_loss":0,"event_name":"Purifier","floor":2,"gold_loss":0}],"is_beta":false,"boss_relics":[],"items_purged_floors":[],"is_endless":false,"potions_floor_spawned":[1,10,14],"killed_by":"Slime Boss","ascension_level":11}}