{"host":"fv1cjvqplxezqiss","time":1612712525,"event":{"mods":["BaseMod","Colored Map","Minty Spire (QoL Compilation)","StSLib"],"gold_per_floor":[113,113,38,54,66,66,86,98,179,189,205,205,205,218,218,321,321,337,347,262,162,180,212,212,212,212,212,222,222,222],"floor_reached":29,"language":"ENG","playtime":1264,"items_purged":["Defend_B","Strike_B"],"score":434,"play_id":"ea33baa7-f513-4e99-8060-a4c84b4fcbad","local_time":"20210207104205","is_ascension_mode":true,"campfire_choices":[{"data":"Hologram","floor":6.0,"key":"SMITH"},{"data":"Zap","floor":13.0,"key":"SMITH"},{"data":"Streamline","floor":15.0,"key":"SMITH"},{"floor":24,"key":"REST"}],"circlet_count":0,"master_deck":["AscendersBane","Strike_B","Defend_B","Zap+1","Dualcast","Hologram+1","Skim","Ball Lightning","Conserve Battery","Glacier","Ball Lightning","Streamline+1","Capacitor","Echo Form","Leap+1","Rebound+1","Turbo","Self Repair","Reboot","Meteor Strike"],"relics":["Cracked Core","NeowsBlessing","Kunai","Emotion Chip","Black Star","Orichalcum","Bag of Marbles","InkBottle","Centennial Puzzle"],"acts_visited":["Exordium","TheCity"],"potions_floor_usage":[23,23],"damage_taken":[{"damage":0.0,"enemies":"Small Slimes","floor":1.0,"turns":1.0},{"damage":0.0,"enemies":"Jaw Worm","floor":4.0,"turns":1.0},{"damage":0.0,"enemies":"Cultist","floor":5.0,"turns":1.0},{"damage":6.0,"enemies":"Blue Slaver","floor":7.0,"turns":3.0},{"damage":8.0,"enemies":"Large Slime","floor":8.0,"turns":4.0},{"damage":12.0,"enemies":"3 Louse","floor":10.0,"turns":4.0},{"damage":0.0,"enemies":"Looter","floor":11.0,"turns":3.0},{"damage":1.0,"enemies":"2 Fungi Beasts","floor":14.0,"turns":3.0},{"damage":0.0,"enemies":"Slime Boss","floor":16.0,"turns":7.0},{"damage":27,"enemies":"Chosen","floor":18,"turns":5},{"damage":4,"enemies":"Spheric Guardian","floor":19,"turns":3},{"damage":14,"enemies":"Chosen and Byrds","floor":22,"turns":7},{"damage":11,"enemies":"Gremlin Leader","floor":23,"turns":8},{"damage":11,"enemies":"Centurion and Healer","floor":28,"turns":6},{"damage":29,"enemies":"Book of Stabbing","floor":29,"turns":5}],"seed_played":"-4001385426358878779","potions_obtained":[{"floor":1.0,"key":"Weak Potion"},{"floor":4.0,"key":"SneckoOil"},{"floor":8.0,"key":"SteroidPotion"},{"floor":10.0,"key":"SpeedPotion"},{"floor":18,"key":"Dexterity Potion"},{"floor":22,"key":"Weak Potion"},{"floor":28,"key":"SpeedPotion"}],"is_trial":false,"path_per_floor":["M","?","$","M","M","R","M","M","T","M","M","?","R","M","R","B",null,"M","M","?","$","M","E","R","?","T","?","M","E"],"character_chosen":"DEFECT","items_purchased":[],"campfire_rested":1,"item_purchase_floors":[],"current_hp_per_floor":[68,61,61,61,61,61,55,47,47,35,35,10,10,9,9,9,59,32,28,28,28,14,3,25,25,25,25,21,0,0],"gold":222,"neow_bonus":"THREE_ENEMY_KILL","is_daily":false,"chose_seed":false,"campfire_upgraded":3,"win_rate":0.0,"timestamp":1612712525,"path_taken":["M","?","?","?","M","R","M","M","T","M","M","?","R","M","R","BOSS","M","M","?","$","M","E","R","?","T","?","M","E"],"items_purchased_type":[],"build_version":"2020-12-22","purchased_purges":2,"victory":false,"max_hp_per_floor":[75,75,75,75,75,75,75,75,75,75,75,75,75,75,75,75,75,75,75,75,75,75,75,75,75,75,75,75,75,75],"card_choices":[{"not_picked":["Stack","Chill"],"picked":"Hologram","floor":1.0},{"not_picked":["Turbo","Melter"],"picked":"Skim","floor":4.0},{"not_picked":["Stack","Barrage"],"picked":"Ball Lightning","floor":5.0},{"not_picked":["Recycle","Turbo"],"picked":"Conserve Battery","floor":7.0},{"not_picked":["Cold Snap","Aggregate"],"picked":"Glacier","floor":8.0},{"not_picked":["Recycle","Steam"],"picked":"Ball Lightning","floor":10.0},{"not_picked":["Redo","Stack"],"picked":"Streamline","floor":11.0},{"not_picked":["Rebound","Cold Snap"],"picked":"Capacitor","floor":14.0},{"not_picked":["Rainbow","Core Surge"],"picked":"Echo Form","floor":16.0},{"not_picked":["Coolheaded+1","Gash+1"],"picked":"Leap+1","floor":18},{"not_picked":["Barrage","Reinforced Body"],"picked":"Rebound+1","floor":19},{"not_picked":["Coolheaded+1","Compile Driver"],"picked":"Turbo","floor":22},{"not_picked":["Reboot","Ball Lightning"],"picked":"Self Repair","floor":23},{"not_picked":["Beam Cell","Sweeping Beam","Conserve Battery"],"picked":"SKIP","floor":28}],"player_experience":627640,"relics_obtained":[{"floor":9.0,"key":"Kunai"},{"floor":23,"key":"Bag of Marbles"},{"floor":23,"key":"InkBottle"},{"floor":26,"key":"Centennial Puzzle"}],"event_choices":[{"cards_removed":["Strike_B"],"damage_healed":0.0,"max_hp_gain":0.0,"max_hp_loss":0.0,"gold_gain":0.0,"event_name":"Golden Wing","player_choice":"Card Removal","floor":2.0,"gold_loss":0.0,"damage_taken":7.0},{"damage_healed":0.0,"max_hp_gain":0.0,"max_hp_loss":0.0,"gold_gain":0.0,"event_name":"Scrap Ooze","player_choice":"Success","floor":12.0,"gold_loss":0.0,"damage_taken":25.0,"relics_obtained":["Emotion Chip"]},{"damage_healed":0,"gold_gain":0,"player_choice":"Obtained Relic","damage_taken":0,"relics_obtained":["Orichalcum"],"max_hp_gain":0,"max_hp_loss":0,"event_name":"Addict","floor":20,"gold_loss":85},{"damage_healed":0,"gold_gain":0,"cards_transformed":["Defend_B","Defend_B"],"player_choice":"Became Test Subject","damage_taken":0,"max_hp_gain":0,"max_hp_loss":0,"event_name":"Drug Dealer","floor":25,"gold_loss":0,"cards_obtained":["Reboot","Meteor Strike"]},{"cards_removed":["Strike_B"],"damage_healed":0,"gold_gain":0,"player_choice":"Elegance","damage_taken":0,"max_hp_gain":0,"max_hp_loss":0,"event_name":"Back to Basics","floor":27,"gold_loss":0}],"is_beta":false,"boss_relics":[{"not_picked":["Calling Bell","Runic Pyramid"],"picked":"Black Star"}],"items_purged_floors":[3,21],"is_endless":false,"potions_floor_spawned":[1,4,8,10,18,22,28],"killed_by":"Book of Stabbing","ascension_level":10}}