{"host":"eulinuz724l58ltv","time":1612738960,"event":{"mods":["BaseMod","Colored Map","Colored Powertips","Highlight Path","Minty Spire (QoL Compilation)"],"gold_per_floor":[119,294,294,313,3,34,34,34,34,53,53,64,64,121,121,216,216,233,253,253,267,267,267],"floor_reached":22,"language":"ENG","playtime":3841,"items_purged":[],"score":240,"play_id":"c857dd95-a676-48d8-ba6b-bef70e1b2fdb","local_time":"20210208000240","is_ascension_mode":true,"campfire_choices":[{"data":"Perfected Strike","floor":7,"key":"SMITH"},{"data":"Searing Blow","floor":11,"key":"SMITH"},{"data":"Searing Blow+1","floor":13,"key":"SMITH"},{"floor":15,"key":"REST"}],"circlet_count":0,"master_deck":["Strike_R","Strike_R","Strike_R","Strike_R","Strike_R","Defend_R","Defend_R","Defend_R","Defend_R","Bash","Perfected Strike+1","Doubt","Anger","Intimidate","Searing Blow+2","Uppercut","Flex","Thunderclap","Limit Break","Perfected Strike","Twin Strike+1","Rampage"],"relics":["Burning Blood","NeowsBlessing","Sundial","Ornamental Fan","Bottled Flame","Smiling Mask","Philosopher\u0027s Stone"],"acts_visited":["Exordium","TheCity"],"potions_floor_usage":[],"damage_taken":[{"damage":0,"enemies":"2 Louse","floor":1,"turns":1},{"damage":0,"enemies":"Jaw Worm","floor":4,"turns":1},{"damage":0,"enemies":"Lagavulin","floor":6,"turns":1},{"damage":0,"enemies":"Small Slimes","floor":10,"turns":2},{"damage":0,"enemies":"2 Fungi Beasts","floor":12,"turns":2},{"damage":43,"enemies":"Lagavulin Event","floor":14,"turns":6},{"damage":38,"enemies":"Hexaghost","floor":16,"turns":9},{"damage":32,"enemies":"2 Thieves","floor":18,"turns":5},{"damage":45,"enemies":"3 Byrds","floor":19,"turns":6},{"damage":32,"enemies":"Sentry and Sphere","floor":21,"turns":4},{"damage":15,"enemies":"Masked Bandits","floor":22,"turns":2}],"seed_played":"-1525497429384524415","potions_obtained":[{"floor":4,"key":"BlessingOfTheForge"},{"floor":10,"key":"Ancient Potion"},{"floor":12,"key":"Dexterity Potion"},{"floor":21,"key":"LiquidMemories"}],"is_trial":false,"path_per_floor":["M","?","?","M","$","E","R","$","T","M","R","M","R","?","R","B",null,"M","M","?","M","?"],"character_chosen":"IRONCLAD","items_purchased":["Sundial","Intimidate"],"campfire_rested":1,"item_purchase_floors":[5,5],"current_hp_per_floor":[80,80,80,80,80,80,80,80,80,80,80,80,80,43,67,35,80,54,15,41,15,0,0],"gold":267,"neow_bonus":"THREE_ENEMY_KILL","is_daily":false,"chose_seed":false,"campfire_upgraded":3,"win_rate":0.0,"timestamp":1612738960,"path_taken":["M","?","?","?","$","E","R","$","T","M","R","M","R","?","R","BOSS","M","M","?","M","?"],"items_purchased_type":["Relic","Card"],"build_version":"2020-12-22","purchased_purges":0,"victory":false,"max_hp_per_floor":[80,80,80,80,80,80,80,80,80,80,80,80,80,80,80,80,80,80,80,80,80,80,80],"card_choices":[{"not_picked":["Shrug It Off","Sword Boomerang"],"picked":"Perfected Strike","floor":1},{"not_picked":["Wild Strike","Whirlwind"],"picked":"Anger","floor":4},{"not_picked":["True Grit","Rage"],"picked":"Searing Blow","floor":6},{"not_picked":["Burning Pact","Body Slam"],"picked":"Uppercut","floor":10},{"not_picked":["Blood for Blood","Twin Strike"],"picked":"Flex","floor":12},{"not_picked":["Anger","Dropkick"],"picked":"Thunderclap","floor":14},{"not_picked":["Fiend Fire","Demon Form"],"picked":"Limit Break","floor":16},{"not_picked":["Evolve","True Grit"],"picked":"Perfected Strike","floor":18},{"not_picked":["Metallicize","Body Slam"],"picked":"Twin Strike+1","floor":19},{"not_picked":["Clash+1","Searing Blow"],"picked":"Rampage","floor":21}],"player_experience":894781,"relics_obtained":[{"floor":6,"key":"Ornamental Fan"},{"floor":9,"key":"Bottled Flame"},{"floor":14,"key":"Smiling Mask"}],"event_choices":[{"damage_healed":0,"gold_gain":175,"player_choice":"AGREE","damage_taken":0,"max_hp_gain":0,"max_hp_loss":0,"event_name":"Liars Game","floor":2,"gold_loss":0,"cards_obtained":["Doubt"]},{"damage_healed":0,"gold_gain":0,"player_choice":"Ignored","damage_taken":0,"max_hp_gain":0,"max_hp_loss":0,"event_name":"Golden Wing","floor":3,"gold_loss":0},{"damage_healed":0,"gold_gain":30,"player_choice":"Searched \u00272\u0027 times","damage_taken":0,"max_hp_gain":0,"max_hp_loss":0,"event_name":"Dead Adventurer","floor":14,"gold_loss":0},{"damage_healed":26,"gold_gain":0,"player_choice":"Heal","damage_taken":0,"max_hp_gain":0,"max_hp_loss":0,"event_name":"The Library","floor":20,"gold_loss":0},{"damage_healed":0,"gold_gain":0,"player_choice":"Fought Bandits","damage_taken":0,"max_hp_gain":0,"max_hp_loss":0,"event_name":"Masked Bandits","floor":22,"gold_loss":0}],"is_beta":false,"boss_relics":[{"not_picked":["Snecko Eye","Pandora\u0027s Box"],"picked":"Philosopher\u0027s Stone"}],"items_purged_floors":[],"is_endless":false,"potions_floor_spawned":[4,10,12,19,21],"killed_by":"Masked Bandits","ascension_level":3}}