{"host":"md0dejzd6k70gl1f","time":1612735798,"event":{"mods":["BaseMod","Bestiary","Minty Spire (QoL Compilation)","Quick Restart"],"gold_per_floor":[111,186,203,16,28,28,62,78,78,110,175,204,204,223,223,223,223],"floor_reached":16,"language":"ENG","playtime":595,"items_purged":[],"score":218,"play_id":"f81a503f-f301-4d57-a233-0222eb70632d","local_time":"20210207230958","is_ascension_mode":true,"campfire_choices":[{"data":"Rainbow","floor":6,"key":"SMITH"},{"floor":15,"key":"REST"}],"circlet_count":0,"master_deck":["AscendersBane","Strike_B","Strike_B","Strike_B","Strike_B+1","Defend_B","Defend_B","Defend_B","Defend_B","Zap+1","Dualcast","Rainbow+1","Compile Driver","Hologram+1","BootSequence+1","FTL","Conserve Battery","Tempest","FTL","Steam"],"relics":["Cracked Core","War Paint","Gremlin Horn","Ornamental Fan","Question Card","Happy Flower","Orichalcum"],"acts_visited":["Exordium"],"potions_floor_usage":[10,10,11,12],"damage_taken":[{"damage":0,"enemies":"Small Slimes","floor":1,"turns":3},{"damage":10,"enemies":"2 Louse","floor":3,"turns":2},{"damage":0,"enemies":"Jaw Worm","floor":5,"turns":3},{"damage":13,"enemies":"Lagavulin","floor":7,"turns":5},{"damage":5,"enemies":"2 Fungi Beasts","floor":8,"turns":3},{"damage":0,"enemies":"3 Sentries","floor":10,"turns":3},{"damage":1,"enemies":"3 Sentries","floor":11,"turns":5},{"damage":10,"enemies":"Lagavulin","floor":12,"turns":5},{"damage":0,"enemies":"3 Louse","floor":14,"turns":2},{"damage":25,"enemies":"Hexaghost","floor":16,"turns":9}],"seed_played":"-1759450245918305447","potions_obtained":[{"floor":3,"key":"LiquidMemories"},{"floor":5,"key":"AttackPotion"},{"floor":7,"key":"Strength Potion"},{"floor":11,"key":"DuplicationPotion"}],"is_trial":false,"path_per_floor":["M","?","M","$","M","R","E","M","T","E","?","E","?","M","R","B"],"character_chosen":"DEFECT","items_purchased":["BootSequence","War Paint"],"campfire_rested":1,"item_purchase_floors":[4,4],"current_hp_per_floor":[68,57,47,47,47,47,34,29,29,29,28,18,3,3,25,0,0],"gold":223,"neow_bonus":"ONE_RANDOM_RARE_CARD","is_daily":false,"chose_seed":false,"campfire_upgraded":1,"win_rate":0.0,"timestamp":1612735798,"path_taken":["M","?","M","$","M","R","E","M","T","E","?","E","?","M","R","BOSS"],"items_purchased_type":["Card","Relic"],"build_version":"2020-12-22","purchased_purges":0,"victory":false,"max_hp_per_floor":[75,75,75,75,75,75,75,75,75,75,75,75,75,75,75,75,75],"card_choices":[{"not_picked":["Steam","Lockon"],"picked":"Compile Driver","floor":1},{"not_picked":["Go for the Eyes","Hello World"],"picked":"Hologram","floor":3},{"not_picked":["Stack","Gash"],"picked":"FTL","floor":5},{"not_picked":["Melter","Storm"],"picked":"Conserve Battery","floor":7},{"not_picked":["Stack","Hologram","Storm"],"picked":"SKIP","floor":8},{"not_picked":["Rebound","Stack"],"picked":"Tempest","floor":10},{"not_picked":["Redo","Scrape","Barrage"],"picked":"FTL","floor":11},{"not_picked":["Barrage","Conserve Battery","Heatsinks","Double Energy"],"picked":"SKIP","floor":12},{"not_picked":["Coolheaded","Melter","Conserve Battery"],"picked":"Steam","floor":14}],"player_experience":495595,"relics_obtained":[{"floor":7,"key":"Gremlin Horn"},{"floor":9,"key":"Ornamental Fan"},{"floor":10,"key":"Question Card"},{"floor":11,"key":"Happy Flower"},{"floor":12,"key":"Orichalcum"}],"event_choices":[{"damage_healed":0,"gold_gain":75,"player_choice":"Gather Gold","damage_taken":11,"max_hp_gain":0,"max_hp_loss":0,"event_name":"World of Goop","floor":2,"gold_loss":0},{"damage_healed":0,"gold_gain":30,"player_choice":"Searched \u00272\u0027 times","damage_taken":0,"max_hp_gain":0,"max_hp_loss":0,"event_name":"Dead Adventurer","floor":11,"gold_loss":0},{"damage_healed":0,"gold_gain":0,"player_choice":"Entered Light","damage_taken":15,"max_hp_gain":0,"max_hp_loss":0,"event_name":"Shining Light","floor":13,"gold_loss":0,"cards_upgraded":["Strike_B","Zap"]}],"is_beta":false,"boss_relics":[],"items_purged_floors":[],"is_endless":false,"potions_floor_spawned":[3,5,7,11],"killed_by":"Hexaghost","ascension_level":10}}