{"host":"51f0ad793vly1w6u","time":1612692219,"event":{"mods":["BaseMod","Colored Map","DeckTracker","Minty Spire (QoL Compilation)","Replay The Spire","StSLib","SuperFastMode"],"gold_per_floor":[117,137,152,167,186,186,219,219,219,54,54,75,75,108,108,233,233,247,247,265,21,21,21,21,59,59,79,59,59,14,39,39,167,167,192,215,215,95,5,5,46,67,92,108,127,142,92,92,92,92],"floor_reached":51,"language":"KOR","playtime":1171,"items_purged":["Strike_R","Strike_R"],"score":978,"play_id":"38defcdc-392e-4d34-8663-81efb61728b1","local_time":"20210207190339","is_ascension_mode":true,"campfire_choices":[{"data":"Hemokinesis","floor":6.0,"key":"SMITH"},{"data":"ReplayTheSpireMod:Muscle Training","floor":8.0,"key":"SMITH"},{"data":"Apotheosis","floor":13.0,"key":"SMITH"},{"data":"Bash","floor":15.0,"key":"SMITH"},{"data":"Offering","floor":23.0,"key":"SMITH"},{"data":"Barricade","floor":29.0,"key":"SMITH"},{"floor":32.0,"key":"REST"},{"data":"Exhume","floor":40,"key":"SMITH"},{"floor":49,"key":"REST"}],"circlet_count":0,"master_deck":["Strike_R+1","Defend_R","Defend_R+1","Defend_R","Defend_R+1","Bash+1","Anger","Hemokinesis+1","ReplayTheSpireMod:Muscle Training+1","Apotheosis+1","Power Through","Offering+1","Life Link+1","Necronomicurse","True Grit+1","Barricade+1","Second Wind","Shrug It Off","Body Slam","Shrug It Off+1","Exhume+1","Entrench","Evolve+1","Dark Embrace+1"],"relics":["Black Blood","Eternal Feather","Replay:Ringing Soul","Golden Idol","Smiling Mask","Necronomicon","Replay:Bottled Flurry","Iron Hammer","Mark of Pain","Dream Catcher","Simple Rune"],"acts_visited":["Exordium","TheCity","TheBeyond"],"potions_floor_usage":[41,41,45,50],"damage_taken":[{"damage":3.0,"enemies":"Small Slimes","floor":1.0,"turns":3.0},{"damage":4.0,"enemies":"Jaw Worm","floor":2.0,"turns":3.0},{"damage":7.0,"enemies":"2 Louse","floor":3.0,"turns":2.0},{"damage":17.0,"enemies":"Large Slime","floor":4.0,"turns":4.0},{"damage":12.0,"enemies":"Lots of Slimes","floor":5.0,"turns":4.0},{"damage":20.0,"enemies":"3 Sentries","floor":7.0,"turns":6.0},{"damage":7.0,"enemies":"2 Fungi Beasts","floor":12.0,"turns":4.0},{"damage":20.0,"enemies":"Lagavulin","floor":14.0,"turns":5.0},{"damage":40.0,"enemies":"Fading Forest","floor":16.0,"turns":11.0},{"damage":20.0,"enemies":"Spheric Guardian","floor":18.0,"turns":3.0},{"damage":9.0,"enemies":"Chosen","floor":20.0,"turns":4.0},{"damage":19.0,"enemies":"Book of Stabbing","floor":25.0,"turns":4.0},{"damage":33.0,"enemies":"Centurion and Healer","floor":27.0,"turns":7.0},{"damage":21.0,"enemies":"Chosen and Byrds","floor":31.0,"turns":8.0},{"damage":46.0,"enemies":"Champ","floor":33.0,"turns":15.0},{"damage":22.0,"enemies":"3 Darklings","floor":35.0,"turns":7.0},{"damage":17.0,"enemies":"3 Shapes","floor":36.0,"turns":5.0},{"damage":66,"enemies":"Reptomancer","floor":41,"turns":5},{"damage":30,"enemies":"Maw","floor":42,"turns":8},{"damage":40,"enemies":"Spire Growth","floor":44,"turns":5},{"damage":0,"enemies":"Jaw Worm Horde","floor":45,"turns":6},{"damage":48,"enemies":"Transient","floor":46,"turns":5},{"damage":12,"enemies":"Awakened One","floor":50,"turns":7}],"seed_played":"4421967487897253382","potions_obtained":[{"floor":3.0,"key":"FairyPotion"},{"floor":4.0,"key":"Languid Potion"},{"floor":5.0,"key":"Fire Potion"},{"floor":7.0,"key":"Elixir"},{"floor":12.0,"key":"EssenceOfSteel"},{"floor":14.0,"key":"HeartOfIron"},{"floor":20.0,"key":"SkillPotion"},{"floor":25.0,"key":"FearPotion"},{"floor":28.0,"key":"Explosive Potion"},{"floor":36.0,"key":"Strength Potion"},{"floor":44,"key":"LifebloodPotion"},{"floor":46,"key":"Milkshake"}],"is_trial":false,"path_per_floor":["M","M","M","M","M","R","E","R","T","$","?","M","R","E","R","B",null,"M","?","M","$","?","R","?","E","T","M","?","R","$","M","R","B",null,"M","M","?","$","?","R","E","M","T","M","M","M","$","?","R","B",null],"character_chosen":"IRONCLAD","items_purchased":["Apotheosis","Barricade","Second Wind","Shrug It Off","Body Slam","Evolve"],"campfire_rested":2,"item_purchase_floors":[10,21,21,21,30,38],"current_hp_per_floor":[85,85,84,73,67,67,53,59,59,62,62,61,67,56,65,50,87,82,69,75,78,78,90,90,83,83,62,62,74,77,71,105,74,108,101,96,96,99,99,111,57,39,39,49,61,25,25,25,72,72],"gold":92,"neow_bonus":"RANDOM_EVENT","is_daily":false,"chose_seed":false,"campfire_upgraded":7,"win_rate":0.0,"timestamp":1612692219,"path_taken":["M","M","M","M","M","R","E","R","T","$","?","M","R","E","R","BOSS","M","?","M","$","?","R","?","E","T","?","?","R","$","M","R","BOSS","M","?","?","$","?","R","E","M","T","M","M","?","$","?","R","BOSS"],"items_purchased_type":["Card","Card","Card","Card","Card","Card"],"build_version":"2020-12-22","purchased_purges":2,"victory":true,"max_hp_per_floor":[85,85,85,85,85,85,85,85,85,88,81,81,81,84,84,87,87,90,93,96,99,99,99,99,99,99,99,99,99,102,105,105,108,108,111,111,111,114,114,114,114,114,114,117,117,117,117,117,117,117],"card_choices":[{"not_picked":["Thunderclap","Iron Wave"],"picked":"Anger","floor":1.0},{"not_picked":["Infernal Blade","Havoc"],"picked":"Hemokinesis","floor":2.0},{"not_picked":["Havoc","ReplayTheSpireMod:LeadingStrike","Dropkick"],"picked":"SKIP","floor":3.0},{"not_picked":["Heavy Blade","Headbutt","Body Slam"],"picked":"SKIP","floor":4.0},{"not_picked":["Demonic Infusion","Run Through"],"picked":"ReplayTheSpireMod:Muscle Training","floor":5.0},{"not_picked":["Thunderclap","Flex","Life Link"],"picked":"SKIP","floor":7.0},{"not_picked":["Replay:Undeath\u0027s Touch","ReplayReversal","Twin Strike"],"picked":"SKIP","floor":12.0},{"not_picked":["Clothesline","Warcry"],"picked":"Power Through","floor":14.0},{"not_picked":["Immolate","Juggernaut"],"picked":"Offering","floor":16.0},{"not_picked":["Thunderclap","Massacre"],"picked":"Life Link+1","floor":18.0},{"not_picked":["Rage","ReplayTheSpireMod:Stacked+1"],"picked":"True Grit+1","floor":20.0},{"not_picked":["Heavy Blade","Ghostly Armor","Rupture"],"picked":"SKIP","floor":25.0},{"not_picked":["Flex","True Grit","Seeing Red"],"picked":"SKIP","floor":27.0},{"not_picked":["Run Through","Body Slam"],"picked":"Shrug It Off+1","floor":31.0},{"not_picked":["Barricade","Double Tap"],"picked":"Exhume","floor":33.0},{"not_picked":["Second Wind","Cleave+1"],"picked":"Entrench","floor":35.0},{"not_picked":["Combust","Headbutt","Thunderclap"],"picked":"SKIP","floor":36.0},{"not_picked":["Combust+1","Massacre+1","Reckless Charge"],"picked":"SKIP","floor":41},{"not_picked":["Combust+1","Thunderclap+1","Headbutt"],"picked":"SKIP","floor":42},{"not_picked":["Pommel Strike","Warcry"],"picked":"Dark Embrace+1","floor":44},{"not_picked":["ReplayTheSpireMod:Muscle Training","Anger+1","Warcry"],"picked":"SKIP","floor":45},{"not_picked":["Cleave+1","Perfected Strike","Havoc"],"picked":"SKIP","floor":46}],"player_experience":1449389,"relics_obtained":[{"floor":7.0,"key":"Eternal Feather"},{"floor":9.0,"key":"Replay:Ringing Soul"},{"floor":14.0,"key":"Smiling Mask"},{"floor":19.0,"key":"Necronomicon"},{"floor":25.0,"key":"Replay:Bottled Flurry"},{"floor":26.0,"key":"Iron Hammer"},{"floor":41,"key":"Dream Catcher"},{"floor":43,"key":"Simple Rune"}],"event_choices":[{"damage_healed":0.0,"max_hp_gain":5.0,"max_hp_loss":0.0,"gold_gain":0.0,"event_name":"Big Fish","player_choice":"Donut","floor":0.0,"gold_loss":0.0,"damage_taken":0.0},{"damage_healed":0.0,"max_hp_gain":0.0,"max_hp_loss":7.0,"gold_gain":0.0,"event_name":"Golden Idol","player_choice":"Lose Max HP","floor":11.0,"gold_loss":0.0,"damage_taken":0.0,"relics_obtained":["Golden Idol"]},{"damage_healed":0.0,"max_hp_gain":0.0,"max_hp_loss":0.0,"gold_gain":0.0,"event_name":"Cursed Tome","player_choice":"Obtained Book","floor":19.0,"gold_loss":0.0,"damage_taken":16.0},{"cards_removed":["Strike_R"],"damage_healed":0.0,"max_hp_gain":0.0,"max_hp_loss":0.0,"gold_gain":0.0,"event_name":"Back to Basics","player_choice":"Elegance","floor":22.0,"gold_loss":0.0,"damage_taken":0.0},{"damage_healed":0.0,"max_hp_gain":0.0,"max_hp_loss":0.0,"gold_gain":0.0,"event_name":"Match and Keep!","player_choice":"0 cards matched","floor":24.0,"gold_loss":0.0,"damage_taken":0.0,"cards_obtained":[]},{"damage_healed":0.0,"max_hp_gain":0.0,"max_hp_loss":0.0,"gold_gain":0.0,"event_name":"The Woman in Blue","player_choice":"Bought 1 Potion","floor":28.0,"gold_loss":0.0,"damage_taken":0.0},{"damage_healed":0.0,"max_hp_gain":0.0,"max_hp_loss":0.0,"gold_gain":0.0,"event_name":"Tomb of Lord Red Mask","player_choice":"Ignored","floor":37.0,"gold_loss":0.0,"damage_taken":0.0},{"cards_removed":["Strike_R"],"damage_healed":0,"gold_gain":0,"player_choice":"Upgrade and Remove","damage_taken":0,"max_hp_gain":0,"max_hp_loss":0,"event_name":"Designer","floor":39,"gold_loss":90,"cards_upgraded":["Strike_R"]},{"damage_healed":0,"gold_gain":0,"player_choice":"Forge","damage_taken":0,"max_hp_gain":0,"max_hp_loss":0,"event_name":"Accursed Blacksmith","floor":48,"gold_loss":0,"cards_upgraded":["Evolve"]}],"is_beta":false,"boss_relics":[{"not_picked":["Cursed Key","Abe\u0027s Treasure"],"picked":"Black Blood"},{"not_picked":["SlaversCollar","Replay:Drink Me"],"picked":"Mark of Pain"}],"items_purged_floors":[38,47],"is_endless":false,"potions_floor_spawned":[3,4,5,7,12,14,20,25,36,44,46],"ascension_level":4}}