{"host":"ylxam20yo7j5dy26","time":1612688025,"event":{"mods":["100% Spire Juice","ATMod(°¢èªMod)","Act Like it!","Aspiration","BaseMod","BetterRewards","Conspire","Defuse TimeMaze Blight","Downfall","Energized Spire","Gensokyo","GungeonMod","Hubris","Infinite Spire","Jedi Mod","KomeijiMod","Marisa£¨ìFÓê¡¡Ä§ÀíÉ³£©","Minty Spire (QoL Compilation)","MostiFishMod","Quarter Circle Forward PUNCH!","Quick Restart","Red Circlet Mod","Reimu£¨²©ÀöÁéÃÎ£©","Reliquary","Remilia£¨ÀÙÃ×ÀòÑÇ£©","Replay The Spire","Robot Space Explorer","RumiaBox-Â¶Ã×æ«µÄÉñÃØºÐ×Ó","Spicy Shops","StSLib","TestMod","The Animator","The Jungle","The Runesmith","¡¾¹¦ÄÜMod¡¿»ìãçÖ®»·ÐÞ¸´²¹¶¡","¡¾ÒÅÎï¿¨ÅÆ¡¿REMEMod"],"gold_per_floor":[99,118,118,136,150,150,150,164,181,236,306,336,389,389,482,537,603,3132,3174,3378,3378,3378,3406,3438,3663,3714,3714,3714,3792,3792,3792,3792,3792,3792,3792,3894,3930,4005,4005,2513,2440,2487,2614,2747,2747,2777,2976,2976,2876,2921,2946,2861,2753,2753,2778,2842,2903,2903,2943,2943,2963,3017,3079,3219],"floor_reached":65,"language":"ZHS","playtime":3453,"items_purged":[],"score":2579,"play_id":"8704d5fc-41dd-45e4-83e6-4d0bff8aeb66","local_time":"20210207165345","daily_mods":["SealedDeck","Time Dilation","Flight","downfall:ChampStances","Elite Swarm"],"is_ascension_mode":true,"campfire_choices":[{"floor":1,"key":"DIG"},{"floor":49,"key":"DIG"}],"circlet_count":0,"master_deck":["AscendersBane","champ:AdrenalArmor+1","champ:CalledShot+1","champ:PreciseThrust","champ:RageSigil","champ:BerserkersShout","champ:CalledShot","champ:StanceDance","champ:PreciseThrust","champ:AdrenalArmor","champ:AdrenalArmor+1","champ:FocusedBerserking","champ:FanOfKnives","champ:FaceSlap","champ:UltimateStance+1","champ:DeathBlow","champ:RageSigil","infinitespire:DeathsTouch"],"relics":["Unceasing Top","AT_ATBox","DaveBox","REME_ComplimentaryCards","jedi:maincommand","testmod-TestBox","champ:ChampStancesModRelic","Membership Card","testmod-ChristmasGift","AT_SeraphEmbrace","MagicDraw4","AT_BellowingDragoncrestRing","Replay:Bandana","hubris:TenFootPole","DemoMod:GlassGuonStoneRelic","SecretRecord","hubris:Potato","REME_OnlineShoppingPlatform","The Courier","reliquary:TatteredRug","DemoMod:Orange","MagicDraw3","testmod-Register","testmod-Justice","AT_TheCollector","testmod-Nyarlathotep","Oddly Smooth Stone","Golden Egg","hubris:CrystalStatue","Omamori","AT_BladeRuinedKing","ReplayTheSpireMod:Spearhead","reliquary:Stiletto","MealTicket","Bag of Marbles","Onion Ring","Chameleon Ring","champ:SignatureFinisher","testmod-IndustrialRevolution","MoreBug","Replay:Grab Bag","energizedSpire:RedRose","energizedSpire:MagnifyingGlass","DemoMod:RiddleOfLead","conspire:RunicOctahedron","Gungnir","Shuriken","reliquary:Knoch","reliquary:Buckler","hubris:EvacipatedBox","hubris:FruitBowl","hubris:KleinBottle","Kunai","Calipers","hubris:Macrotransations","jedi:heavyjacket","AT_RedNoBalance","SynthV:MejaisSoulstealer","PreservedInsect","DemoMod:MonsterBlood","aspiration:HatOfInfinitePower","Strawberry","DemoMod:PinkGuonStone","aspiration:Nostalgia","Guardian:ModeShifter","StrikeDummy","testmod-TurbochargingSystem","Counterbalance","hubris:Spice","Potion Belt","RhineSuit","downfall:HeartBlessingGreen","AT_ChloranthyRing","HandDrill","aspiration:KaomsHeart"],"acts_visited":["Exordium","TheCity","TheBeyond"],"potions_floor_usage":[3,10,10,10,10,12,12,12,17,17,17,17,18,18,18,18],"damage_taken":[{"damage":30,"enemies":"Small Slimes","floor":2,"turns":2},{"damage":15,"enemies":"Cultist","floor":4,"turns":1},{"damage":25,"enemies":"Jaw Worm","floor":5,"turns":2},{"damage":20,"enemies":"3 Louse","floor":8,"turns":2},{"damage":10,"enemies":"Gremlin Gang","floor":9,"turns":1},{"damage":53,"enemies":"3 Sentries","floor":10,"turns":4},{"damage":15,"enemies":"Lagavulin","floor":12,"turns":1},{"damage":0,"enemies":"2 Fungi Beasts","floor":13,"turns":1},{"damage":45,"enemies":"3 Sentries","floor":15,"turns":3},{"damage":25,"enemies":"Gremlin Nob","floor":16,"turns":2},{"damage":25,"enemies":"Lagavulin","floor":17,"turns":2},{"damage":0,"enemies":"downfall:FleeingMerchant","floor":18,"turns":6},{"damage":0,"enemies":"Lots of Slimes","floor":19,"turns":1},{"damage":0,"enemies":"SI_SHIV_ARCHETYPE","floor":20,"turns":1},{"damage":0,"enemies":"conspire:FuzzyDice","floor":23,"turns":1},{"damage":0,"enemies":"Shelled Parasite and Fungi","floor":24,"turns":1},{"damage":0,"enemies":"IC_STATUS_ARCHETYPE","floor":25,"turns":1},{"damage":0,"enemies":"conspire:HollyBat","floor":36,"turns":2},{"damage":0,"enemies":"Snecko","floor":37,"turns":1},{"damage":0,"enemies":"conspire:Head Lice","floor":41,"turns":1},{"damage":0,"enemies":"REME_1_Revenger","floor":42,"turns":1},{"damage":0,"enemies":"Sentry and Sphere","floor":43,"turns":1},{"damage":0,"enemies":"Book of Stabbing","floor":44,"turns":1},{"damage":0,"enemies":"Centurion and Healer","floor":46,"turns":1},{"damage":0,"enemies":"WA_ARCHETYPE_CALM","floor":47,"turns":1},{"damage":0,"enemies":"3 Darklings","floor":50,"turns":1},{"damage":0,"enemies":"Orb Walker","floor":51,"turns":1},{"damage":0,"enemies":"Transient","floor":56,"turns":1},{"damage":0,"enemies":"Jaw Worm Horde","floor":57,"turns":1},{"damage":0,"enemies":"Spire Growth","floor":59,"turns":1},{"damage":0,"enemies":"Writhing Mass","floor":61,"turns":1},{"damage":0,"enemies":"Maw","floor":62,"turns":1},{"damage":0,"enemies":"Transient","floor":63,"turns":1},{"damage":0,"enemies":"DF_ARCHETYPE_ORBS","floor":64,"turns":1}],"seed_played":"-1480568149899700595","potions_obtained":[{"floor":3,"key":"testmod-SpacePotion"},{"floor":3,"key":"Toxic Potion"},{"floor":5,"key":"champ:CounterPotion"},{"floor":10,"key":"Weak Potion"},{"floor":44,"key":"LifebloodPotion"},{"floor":57,"key":"jedi:StrikingPotion"}],"is_trial":true,"path_per_floor":["R","M","?","M","M","M","M","M","M","E","T","E","M","?","E","E","E","$","M","B",null,"R","M","M","?","T","?","$","?","?","?","?","?","PTL","PTL","M","M","T","?","$","E","E","M","E","?","M","B",null,"R","M","M","$","?","?","T","M","M","$","M","?","M","M","M","B",null],"character_chosen":"THE_CHAMP","items_purchased":["jedi:command_shop","jedi:command_uncommon","jedi:command_common","jedi:command_rare","jedi:command_uncommon","jedi:command_shop","jedi:command_uncommon","jedi:command_rare","jedi:command_rare","jedi:command_common","jedi:command_uncommon","jedi:command_uncommon","jedi:command_common","jedi:command_common","jedi:command_common","jedi:command_common","jedi:command_common","jedi:command_common","jedi:command_uncommon","jedi:command_uncommon","jedi:command_rare","jedi:command_common","jedi:command_rare","hubris:EvacipatedBox","hubris:FruitBowl","hubris:KleinBottle","hubris:Macrotransations","jedi:command_shop","jedi:command_common","jedi:command_common","jedi:command_rare","jedi:command_common","jedi:command_uncommon","jedi:command_shop","jedi:command_uncommon","jedi:command_common","jedi:command_shop","jedi:command_shop","jedi:command_uncommon","jedi:command_uncommon","jedi:command_common","jedi:command_uncommon","jedi:command_common","jedi:command_uncommon"],"campfire_rested":0,"item_purchase_floors":[18,18,18,18,18,18,18,18,18,18,18,18,18,18,18,18,18,18,18,18,18,18,18,28,28,28,32,40,40,40,40,40,40,40,40,40,52,52,52,52,52,52,52,53],"current_hp_per_floor":[73,76,76,76,78,78,78,78,81,69,69,77,79,79,81,81,81,93,93,93,103,103,103,103,103,103,103,46,46,46,46,27,27,27,27,103,103,103,103,133,71,86,134,140,140,145,145,145,145,145,145,295,295,295,295,295,295,295,295,293,295,295,295,295],"gold":3219,"neow_bonus":"","is_daily":false,"chose_seed":false,"campfire_upgraded":0,"win_rate":0.0,"timestamp":1612688025,"path_taken":["R","M","?","M","M","M","M","M","M","E","T","E","?","?","E","E","E","$","M","BOSS","R","M","M","?","?","?","?","?","?","?","?","?","PTL","PTL","M","M","T","?","$","E","E","?","E","?","M","BOSS","R","M","M","?","?","?","T","?","?","?","?","?","?","M","M","BOSS"],"items_purchased_type":["Relic","Relic","Relic","Relic","Relic","Relic","Relic","Relic","Relic","Relic","Relic","Relic","Relic","Relic","Relic","Relic","Relic","Relic","Relic","Relic","Relic","Relic","Relic","Relic","Relic","Relic","Relic","Relic","Relic","Relic","Relic","Relic","Relic","Relic","Relic","Relic","Relic","Relic","Relic","Relic","Relic","Relic","Relic","Relic"],"build_version":"2020-12-22","purchased_purges":0,"victory":true,"max_hp_per_floor":[81,81,81,81,81,81,81,81,81,81,81,81,81,81,81,81,81,93,93,93,103,103,103,103,103,103,103,103,103,103,103,103,103,103,103,103,103,103,103,133,133,145,145,145,145,145,145,145,145,145,145,295,295,295,295,295,295,295,295,295,295,295,295,295],"card_choices":[{"not_picked":["champ:BladeFlurry","champ:CrownThrow"],"picked":"champ:FocusedBerserking","floor":2},{"not_picked":["champ:Lariat","champ:Backstep","champ:GutPunch"],"picked":"SKIP","floor":4},{"not_picked":["champ:FalseCounter","champ:ShieldSigil","champ:SteelEdge"],"picked":"SKIP","floor":5},{"not_picked":["champ:GutPunch","champ:FalseCounter"],"picked":"champ:FanOfKnives","floor":8},{"not_picked":["champ:PreciseThrust","champ:BerserkersShout"],"picked":"champ:FaceSlap","floor":9},{"not_picked":["champ:DancingMaster","champ:Improvising"],"picked":"champ:UltimateStance","floor":10},{"not_picked":["champ:LastStand","champ:HeavySlash","champ:UltimateStance"],"picked":"SKIP","floor":12},{"not_picked":["champ:TornadoPunch","champ:Parry","champ:SetATrap"],"picked":"SKIP","floor":13},{"not_picked":["champ:EnchantShield","champ:Devastate","champ:UltimateStance"],"picked":"SKIP","floor":15},{"not_picked":["champ:DancingMaster","champ:VampiricStrike","champ:CheapShot"],"picked":"SKIP","floor":16},{"not_picked":["champ:VampiricStrike","champ:CheapShot","champ:MurderStrike"],"picked":"SKIP","floor":17},{"not_picked":["champ:Duel","champ:FancyFootwork","champ:FanOfKnives"],"picked":"SKIP","floor":18},{"not_picked":["champ:Backstep","champ:Shatter"],"picked":"champ:DeathBlow","floor":19},{"not_picked":["champ:DeathBlow","champ:EndlessRage","champ:PreemptiveStrike"],"picked":"SKIP","floor":23},{"not_picked":["champ:BringItOn","champ:Backstep","champ:CalledShot"],"picked":"SKIP","floor":24},{"not_picked":["champ:DefensiveShout","champ:RisingSlash+1"],"picked":"champ:RageSigil","floor":25},{"not_picked":["infinitespire:TheBestDefense","ReplayTheSpireMod:Haul"],"picked":"infinitespire:DeathsTouch","floor":28},{"not_picked":["champ:AdrenalArmor","champ:StanceDance","champ:Circumvent+1"],"picked":"SKIP","floor":36},{"not_picked":["champ:FaceSlap","champ:ShieldSlam","champ:RageSigil"],"picked":"SKIP","floor":37},{"not_picked":["champ:SteelEdge","champ:SwordThrow","champ:IgnorePain"],"picked":"SKIP","floor":41},{"not_picked":["champ:LastStand","champ:HeavySlash","champ:VampiricStrike"],"picked":"SKIP","floor":42},{"not_picked":["champ:DeathBlow","champ:Haymaker","champ:SkillfulDodge"],"picked":"SKIP","floor":43},{"not_picked":["champ:StrikeOfGenius","champ:HoldFirm","champ:ShieldThrow"],"picked":"SKIP","floor":44},{"not_picked":["champ:ArenaPreparation","champ:Parry","champ:Lariat"],"picked":"SKIP","floor":46},{"not_picked":["champ:BladeFlurry","champ:DeathBlow+1","champ:DefensiveShout"],"picked":"SKIP","floor":50},{"not_picked":["champ:Endure+1","champ:DefensiveStyle","champ:Haymaker"],"picked":"SKIP","floor":51},{"not_picked":["champ:ShieldSlam+1","champ:DefensiveStyle","champ:SetATrap"],"picked":"SKIP","floor":56},{"not_picked":["champ:ArenaPreparation","champ:BladeFlurry","champ:PerfectedStrike"],"picked":"SKIP","floor":57},{"not_picked":["champ:FanOfKnives","champ:FocusedDefense","champ:Circumvent+1"],"picked":"SKIP","floor":59},{"not_picked":["champ:Parry","champ:UltimateStance","champ:GutPunch"],"picked":"SKIP","floor":61},{"not_picked":["champ:BerserkersShout","champ:Parry","champ:AdrenalArmor"],"picked":"SKIP","floor":62},{"not_picked":["champ:HeartStrike","champ:TornadoPunch+1","champ:Parry+1"],"picked":"SKIP","floor":63}],"player_experience":219561,"relics_obtained":[{"floor":1,"key":"jedi:command_common"},{"floor":10,"key":"jedi:command_uncommon"},{"floor":11,"key":"jedi:command_uncommon"},{"floor":12,"key":"jedi:command_common"},{"floor":15,"key":"jedi:command_common"},{"floor":16,"key":"jedi:command_rare"},{"floor":17,"key":"jedi:command_rare"},{"floor":25,"key":"jedi:command_rare"},{"floor":25,"key":"jedi:command_uncommon"},{"floor":26,"key":"jedi:command_common"},{"floor":27,"key":"jedi:command_common"},{"floor":29,"key":"jedi:command_uncommon"},{"floor":31,"key":"jedi:command_rare"},{"floor":33,"key":"jedi:command_uncommon"},{"floor":38,"key":"jedi:command_uncommon"},{"floor":41,"key":"jedi:command_rare"},{"floor":42,"key":"jedi:command_rare"},{"floor":44,"key":"jedi:command_common"},{"floor":49,"key":"jedi:command_common"},{"floor":55,"key":"jedi:command_common"}],"event_choices":[{"damage_healed":0,"gold_gain":0,"player_choice":"Got Potions","damage_taken":0,"max_hp_gain":0,"max_hp_loss":0,"event_name":"Lab","floor":3,"gold_loss":0}],"is_beta":false,"boss_relics":[{"not_picked":["jedi:command_boss","jedi:command_boss"],"picked":"jedi:command_boss"},{"not_picked":["Fusion Hammer","energizedSpire:OgreHead"],"picked":"energizedSpire:RedRose"},{"not_picked":["Busted Crown","infinitespire:Cupcake"],"picked":"energizedSpire:MagnifyingGlass"},{"not_picked":["testmod-BloodSacrificeSpiritualization","DemoMod:WaxWing"],"picked":"DemoMod:RiddleOfLead"},{"not_picked":["hubris:Stopwatch","REME_DuelDisc"],"picked":"conspire:RunicOctahedron"},{"not_picked":["jedi:command_boss","jedi:command_boss","jedi:command_boss"],"picked":"jedi:command_boss"}],"items_purged_floors":[],"is_endless":false,"potions_floor_spawned":[5,10,16,17,20,23,36,37,42,44,46,57,59,62],"ascension_level":20}}