{"host":"2fgwwnzqc97k7iys","time":1612662406,"event":{"mods":["BaseMod","Colored Map","Minty Spire (QoL Compilation)","Quick Restart","Relic Stats"],"gold_per_floor":[114,64,64,77,77,115,115,115,115,115,115],"floor_reached":10,"language":"ENG","playtime":1750,"items_purged":[],"score":129,"play_id":"3c988795-2831-4d0d-9e68-8cf4ae9315fd","local_time":"20210206194646","is_ascension_mode":true,"campfire_choices":[{"data":"Eruption","floor":7,"key":"SMITH"}],"circlet_count":0,"master_deck":["Strike_P","Strike_P","Defend_P","Defend_P","Defend_P","Defend_P","Eruption+1","Vigilance","BowlingBash","FlurryOfBlows","FlurryOfBlows"],"relics":["PureWater","NeowsBlessing","Golden Idol","Mummified Hand","Sundial"],"acts_visited":["Exordium"],"potions_floor_usage":[],"damage_taken":[{"damage":0.0,"enemies":"Jaw Worm","floor":1.0,"turns":1.0},{"damage":0.0,"enemies":"2 Louse","floor":4.0,"turns":1.0},{"damage":0.0,"enemies":"3 Sentries","floor":6.0,"turns":2.0},{"damage":65,"enemies":"Gremlin Nob","floor":10,"turns":3}],"seed_played":"-8529298161261664184","potions_obtained":[{"floor":6,"key":"BlessingOfTheForge"}],"is_trial":false,"path_per_floor":["M","?","?","M","?","E","R","?","T","E"],"character_chosen":"WATCHER","items_purchased":[],"campfire_rested":0,"item_purchase_floors":[],"current_hp_per_floor":[65,65,65,65,65,65,65,65,65,0,0],"gold":115,"neow_bonus":"THREE_ENEMY_KILL","is_daily":false,"chose_seed":false,"campfire_upgraded":1,"win_rate":0.0,"timestamp":1612662406,"path_taken":["M","?","?","M","?","E","R","?","T","E"],"items_purchased_type":[],"build_version":"2020-12-22","purchased_purges":0,"victory":false,"max_hp_per_floor":[72,72,72,72,67,67,67,67,67,67,67],"relic_stats":{"counters":[4,7],"Golden Idol":16,"Mummified Hand":[0],"Sundial":[0],"obtain_stats":[{"NeowsBlessing":0,"Golden Idol":5,"Mummified Hand":6,"Sundial":9,"PureWater":0},{"NeowsBlessing":0,"Golden Idol":2,"Mummified Hand":3,"Sundial":3,"PureWater":0},{"NeowsBlessing":0,"Golden Idol":2,"Mummified Hand":4,"Sundial":4,"PureWater":0}]},"card_choices":[{"not_picked":["JustLucky","SashWhip"],"picked":"BowlingBash","floor":1.0},{"not_picked":["CrushJoints","Perseverance"],"picked":"FlurryOfBlows","floor":4.0},{"not_picked":["WaveOfTheHand","ThirdEye"],"picked":"FlurryOfBlows","floor":6}],"player_experience":543589,"relics_obtained":[{"floor":6,"key":"Mummified Hand"},{"floor":9,"key":"Sundial"}],"event_choices":[{"cards_removed":["Strike_P"],"damage_healed":0.0,"max_hp_gain":0.0,"max_hp_loss":0.0,"gold_gain":0.0,"event_name":"The Cleric","player_choice":"Card Removal","floor":2.0,"gold_loss":50.0,"damage_taken":0.0},{"cards_removed":["Strike_P"],"damage_healed":0.0,"max_hp_gain":0.0,"max_hp_loss":0.0,"gold_gain":0.0,"event_name":"Living Wall","player_choice":"Forget","floor":3.0,"gold_loss":0.0,"damage_taken":0.0},{"damage_healed":0.0,"max_hp_gain":0.0,"max_hp_loss":5.0,"gold_gain":0.0,"event_name":"Golden Idol","player_choice":"Lose Max HP","floor":5.0,"gold_loss":0.0,"damage_taken":0.0,"relics_obtained":["Golden Idol"]},{"damage_healed":0,"gold_gain":0,"player_choice":"Ignored","damage_taken":0,"max_hp_gain":0,"max_hp_loss":0,"event_name":"Liars Game","floor":8,"gold_loss":0}],"is_beta":false,"boss_relics":[],"items_purged_floors":[],"is_endless":false,"potions_floor_spawned":[6],"killed_by":"Gremlin Nob","ascension_level":9}}