{"host":"vyjryxuuuxkt43k4","time":1612708470,"event":{"mods":["AchievementEnabler","BaseMod","Colored Map","DeckTracker","Keyboard Shortcuts","Minty Spire (QoL Compilation)","Permanent Neow","Quick Restart","StSLib","SuperFastMode","everything is the same but u backflip on backflip"],"gold_per_floor":[216,291,291,441,460,460,49,49,49,62,62,87,87,103,103,202,202,217,52,73,73,73,114,114,150,150,174,16,16,40,81,81,172,172,187,212,545,558,132,158,158,188,188,188,213,238,250,313,313,313],"floor_reached":51,"language":"KOR","playtime":2142,"items_purged":["Doubt","Strike_P"],"score":1476,"play_id":"ad4ad2f4-17e7-4917-80e3-463e77471abb","local_time":"20210207233430","is_ascension_mode":true,"campfire_choices":[{"data":"Eruption","floor":6.0,"key":"SMITH"},{"floor":8.0,"key":"REST"},{"data":"FollowUp","floor":11.0,"key":"SMITH"},{"data":"Ragnarok","floor":13.0,"key":"SMITH"},{"data":"WreathOfFlame","floor":15.0,"key":"SMITH"},{"data":"Vault","floor":24.0,"key":"SMITH"},{"data":"1","floor":32.0,"key":"LIFT"},{"floor":41.0,"key":"REST"},{"data":"2","floor":44.0,"key":"LIFT"},{"floor":49.0,"key":"REST"}],"circlet_count":0,"master_deck":["AscendersBane","Defend_P","Defend_P","Defend_P","Eruption+1","Vigilance","EmptyBody","FollowUp+1","Ragnarok+1","WreathOfFlame+1","Vault+1","BattleHymn","InnerPeace","Adaptation+1","WaveOfTheHand+1","Scrawl","CutThroughFate+1","Establishment","Halt","Wallop+1","Scrawl","FearNoEvil","Indignation+1"],"relics":["PureWater","TheAbacus","Tiny Chest","Singing Bowl","Velvet Choker","Akabeko","Happy Flower","Letter Opener","Potion Belt","MealTicket","Membership Card","Girya","Empty Cage","Gambling Chip","ClockworkSouvenir","Mummified Hand","Kunai","Bag of Marbles","GoldenEye","CeramicFish","StoneCalendar"],"acts_visited":["Exordium","TheCity","TheBeyond"],"potions_floor_usage":[50],"damage_taken":[{"damage":1.0,"enemies":"2 Louse","floor":1.0,"turns":4.0},{"damage":8.0,"enemies":"Small Slimes","floor":5.0,"turns":5.0},{"damage":0.0,"enemies":"Jaw Worm","floor":10.0,"turns":4.0},{"damage":0.0,"enemies":"Exordium Wildlife","floor":12.0,"turns":2.0},{"damage":0.0,"enemies":"2 Fungi Beasts","floor":14.0,"turns":2.0},{"damage":5.0,"enemies":"The Guardian","floor":16.0,"turns":7.0},{"damage":0.0,"enemies":"Shell Parasite","floor":18.0,"turns":1.0},{"damage":4.0,"enemies":"3 Byrds","floor":20.0,"turns":5.0},{"damage":9.0,"enemies":"Book of Stabbing","floor":23.0,"turns":3.0},{"damage":0.0,"enemies":"Gremlin Leader","floor":25.0,"turns":4.0},{"damage":1.0,"enemies":"Centurion and Healer","floor":30.0,"turns":4.0},{"damage":7.0,"enemies":"Slavers","floor":31.0,"turns":3.0},{"damage":32.0,"enemies":"Automaton","floor":33.0,"turns":5.0},{"damage":15.0,"enemies":"3 Darklings","floor":35.0,"turns":2.0},{"damage":1.0,"enemies":"3 Shapes","floor":36.0,"turns":4.0},{"damage":27.0,"enemies":"Writhing Mass","floor":38.0,"turns":3.0},{"damage":28.0,"enemies":"Reptomancer","floor":40.0,"turns":5.0},{"damage":1.0,"enemies":"Giant Head","floor":42.0,"turns":6.0},{"damage":0.0,"enemies":"Mind Bloom Boss Battle","floor":45.0,"turns":3.0},{"damage":0.0,"enemies":"Transient","floor":47.0,"turns":7.0},{"damage":0.0,"enemies":"2 Orb Walkers","floor":48.0,"turns":2.0},{"damage":57,"enemies":"Awakened One","floor":50,"turns":8}],"seed_played":"-6621479814228417934","potions_obtained":[{"floor":5.0,"key":"PowerPotion"},{"floor":12.0,"key":"Strength Potion"},{"floor":20.0,"key":"AttackPotion"},{"floor":22.0,"key":"DuplicationPotion"},{"floor":31.0,"key":"Explosive Potion"},{"floor":33.0,"key":"Ancient Potion"},{"floor":35.0,"key":"Fire Potion"},{"floor":42.0,"key":"Fire Potion"},{"floor":45.0,"key":"EssenceOfSteel"}],"is_trial":false,"path_per_floor":["M","?","?","?","M","R","$","R","T","M","R","M","R","M","R","B",null,"M","$","M","?","?","E","R","E","T","T","$","?","M","E","R","B",null,"M","M","?","M","$","E","R","E","T","R","?","T","M","?","R","B",null],"character_chosen":"WATCHER","items_purchased":["TheAbacus","Tiny Chest","Akabeko","Membership Card","Gambling Chip","ClockworkSouvenir","Fruit Juice","SkillPotion","DistilledChaos"],"campfire_rested":3,"item_purchase_floors":[7,7,19,28,39,39,39,39,39],"current_hp_per_floor":[60,49,26,26,18,18,18,38,38,38,38,40,40,40,40,35,61,63,63,61,61,61,52,52,52,52,52,67,67,68,61,61,29,64,49,48,48,21,41,15,39,40,40,40,40,40,42,42,68,11],"gold":313,"neow_bonus":"HUNDRED_GOLD","is_daily":false,"chose_seed":false,"campfire_upgraded":5,"win_rate":0.0,"timestamp":1612708470,"path_taken":["M","?","?","?","M","R","$","R","T","?","R","M","R","M","R","BOSS","M","$","M","?","?","E","R","E","T","?","$","?","M","E","R","BOSS","M","M","?","M","$","E","R","E","T","R","?","?","M","?","R","BOSS"],"items_purchased_type":["Relic","Relic","Relic","Relic","Relic","Relic","Potion","Potion","Potion"],"build_version":"2020-12-22","purchased_purges":2,"victory":true,"max_hp_per_floor":[68,68,68,68,68,68,68,68,68,68,68,70,70,70,70,70,70,72,72,74,74,74,74,74,74,74,74,74,74,76,76,76,76,76,76,76,76,76,81,83,83,85,85,85,85,85,87,87,87,87],"card_choices":[{"not_picked":["FlurryOfBlows","SashWhip"],"picked":"EmptyBody","floor":1.0},{"not_picked":["ThirdEye","BowlingBash"],"picked":"FollowUp","floor":5.0},{"not_picked":["FollowUp","BattleHymn"],"picked":"Ragnarok","floor":10.0},{"not_picked":["BowlingBash","PathToVictory","ThirdEye"],"picked":"Singing Bowl","floor":12.0},{"not_picked":["BowlingBash","Worship"],"picked":"WreathOfFlame","floor":14.0},{"not_picked":["DeusExMachina","Omniscience"],"picked":"Vault","floor":16.0},{"not_picked":["FlurryOfBlows","Wireheading","CrushJoints"],"picked":"Singing Bowl","floor":18.0},{"not_picked":["EmptyMind","WaveOfTheHand","Evaluate+1"],"picked":"Singing Bowl","floor":20.0},{"not_picked":["Collect","PathToVictory"],"picked":"Adaptation+1","floor":23.0},{"not_picked":["Prostrate","Consecrate"],"picked":"WaveOfTheHand+1","floor":25.0},{"not_picked":["WindmillStrike+1","Conclude","PathToVictory"],"picked":"Singing Bowl","floor":30.0},{"not_picked":["ReachHeaven+1","JustLucky"],"picked":"CutThroughFate+1","floor":31.0},{"not_picked":["Brilliance","LessonLearned"],"picked":"Establishment","floor":33.0},{"not_picked":["ThirdEye","CrushJoints"],"picked":"Halt","floor":35.0},{"not_picked":["EmptyBody","Vengeance"],"picked":"Wallop+1","floor":36.0},{"not_picked":["Consecrate+1","EmptyFist"],"picked":"Scrawl","floor":38.0},{"not_picked":["BowlingBash+1","FlyingSleeves","JustLucky"],"picked":"Singing Bowl","floor":40.0},{"not_picked":["Halt","Scrawl","Consecrate+1"],"picked":"Singing Bowl","floor":42.0},{"not_picked":["ThirdEye","Swivel"],"picked":"FearNoEvil","floor":45.0},{"not_picked":["PathToVictory","Halt","Weave+1"],"picked":"Singing Bowl","floor":47.0},{"not_picked":["ClearTheMind","Study"],"picked":"Indignation+1","floor":48.0}],"player_experience":817559,"relics_obtained":[{"floor":9.0,"key":"Singing Bowl"},{"floor":23.0,"key":"Happy Flower"},{"floor":25.0,"key":"Letter Opener"},{"floor":26.0,"key":"Potion Belt"},{"floor":27.0,"key":"MealTicket"},{"floor":31.0,"key":"Girya"},{"floor":40.0,"key":"Mummified Hand"},{"floor":42.0,"key":"Kunai"},{"floor":43.0,"key":"Bag of Marbles"},{"floor":45.0,"key":"GoldenEye"},{"floor":46.0,"key":"CeramicFish"},{"floor":48.0,"key":"StoneCalendar"}],"event_choices":[{"damage_healed":0.0,"max_hp_gain":0.0,"max_hp_loss":0.0,"gold_gain":75.0,"event_name":"World of Goop","player_choice":"Gather Gold","floor":2.0,"gold_loss":0.0,"damage_taken":11.0},{"damage_healed":0.0,"max_hp_gain":0.0,"max_hp_loss":0.0,"gold_gain":0.0,"event_name":"Golden Idol","player_choice":"Take Damage","floor":3.0,"gold_loss":0.0,"damage_taken":23.0,"relics_obtained":["Golden Idol"]},{"damage_healed":0.0,"max_hp_gain":0.0,"max_hp_loss":0.0,"gold_gain":150.0,"event_name":"Liars Game","player_choice":"AGREE","floor":4.0,"gold_loss":0.0,"damage_taken":0.0,"cards_obtained":["Doubt"]},{"damage_healed":0.0,"max_hp_gain":0.0,"max_hp_loss":0.0,"gold_gain":0.0,"cards_transformed":["Strike_P","Strike_P"],"event_name":"Drug Dealer","player_choice":"Became Test Subject","floor":21.0,"gold_loss":0.0,"damage_taken":0.0,"cards_obtained":["BattleHymn","InnerPeace"]},{"damage_healed":0.0,"max_hp_gain":0.0,"max_hp_loss":0.0,"gold_gain":0.0,"event_name":"Lab","player_choice":"Got Potions","floor":22.0,"gold_loss":0.0,"damage_taken":0.0},{"damage_healed":0.0,"max_hp_gain":0.0,"max_hp_loss":0.0,"gold_gain":0.0,"event_name":"The Library","player_choice":"Read","floor":29.0,"gold_loss":0.0,"damage_taken":0.0,"cards_obtained":["Scrawl"]},{"damage_healed":0.0,"max_hp_gain":0.0,"max_hp_loss":0.0,"gold_gain":333.0,"event_name":"The Moai Head","player_choice":"Gave Idol","floor":37.0,"relics_lost":["Golden Idol"],"gold_loss":0.0,"damage_taken":0.0},{"damage_healed":0.0,"max_hp_gain":0.0,"max_hp_loss":0.0,"gold_gain":0.0,"event_name":"MindBloom","player_choice":"Fight","floor":45.0,"gold_loss":0.0,"damage_taken":0.0},{"damage_healed":0.0,"max_hp_gain":0.0,"max_hp_loss":0.0,"gold_gain":0.0,"event_name":"Mysterious Sphere","player_choice":"Fight","floor":48.0,"gold_loss":0.0,"damage_taken":0.0}],"is_beta":false,"boss_relics":[{"not_picked":["Runic Dome","Busted Crown"],"picked":"Velvet Choker"},{"not_picked":["HolyWater","SlaversCollar"],"picked":"Empty Cage"}],"items_purged_floors":[7,39],"is_endless":false,"potions_floor_spawned":[5,12,20,31,33,35,42,45],"ascension_level":18}}