{"host":"rk1e5mmpnpniq13w","time":1612675582,"event":{"mods":["BaseMod","Colored Powertips","Downfall","Hubris","Minty Spire (QoL Compilation)","Replay The Spire","StSLib","The Bug Knight","The Cursed","The Disciple","The Servant 0.9.4"],"gold_per_floor":[109,121,134,134,146,172,172,206,259,278,290,302,314,354,366,474,486,516,546,576,606,618,630,668,696,756,502,531,531,559,570,570,671,671,686,706,606,357,367,396,396,431,477,477,497,497,524,524,524,621,621,632,652,652,652,677,677,459,459,459,487,498,525,543,571,571,667,667,686,715,640,228,245,245,275,275,301,315,341,357,390,401,401,498,498,511,355,355,367,367,398,424,451,476,488,513,513,531,546,546,650,650,663,203,203,153,173,201,201,232,260,273,273,307,335,347,347,446,446,464,484,509,521,521,547,547,547,557,557,557,662,662,680,730,730,748,762,787,787,818,818,319,319,438,438,458,22,48,86,86,127,127,169,188,188,206,224,224,353,353,353,353],"floor_reached":171,"language":"ENG","playtime":9050,"items_purged":["Strike_R","Strike_R","Hallucinations","Defend_R+1","downfall:Haunted","downfall:Haunted","Guardian:Gem_Synthetic","Violence+1"],"score":6120,"play_id":"cf8674a1-f8e4-4481-b049-5f7d70f73359","local_time":"20210207002622","daily_mods":["Vintage","Heirloom","Time Dilation","Flight","DeadlyEvents","Elite Swarm","Uncertain Future"],"is_ascension_mode":false,"campfire_choices":[{"data":"Immolate","floor":7.0,"key":"SMITH"},{"data":"Bash","floor":11.0,"key":"SMITH"},{"data":"Demon Form","floor":15.0,"key":"SMITH"},{"data":"Double Tap","floor":23.0,"key":"SMITH"},{"data":"hubris:StunningStrike","floor":29.0,"key":"SMITH"},{"data":"Reaper","floor":32.0,"key":"SMITH"},{"data":"Berserk","floor":32.0,"key":"SMITH"},{"data":"Barricade","floor":41.0,"key":"SMITH"},{"data":"Shrug It Off","floor":41.0,"key":"SMITH"},{"data":"Limit Break","floor":44.0,"key":"SMITH"},{"data":"Berserk","floor":44.0,"key":"SMITH"},{"data":"Flame Barrier","floor":49.0,"key":"SMITH"},{"data":"Demonic Infusion","floor":49.0,"key":"SMITH"},{"data":"Impervious","floor":57.0,"key":"SMITH"},{"data":"Defend_R","floor":57.0,"key":"SMITH"},{"data":"Defend_R","floor":59.0,"key":"SMITH"},{"data":"Strike_R","floor":59.0,"key":"SMITH"},{"data":"Strike_R","floor":66.0,"key":"SMITH"},{"data":"Guardian:ConstructionForm","floor":97.0,"key":"SMITH"},{"data":"ConjureBlade","floor":125,"key":"SMITH"}],"circlet_count":1,"master_deck":["Bash+1","Immolate+1","hubris:StunningStrike+1","Demon Form+1","Double Tap+1","Demonic Infusion+1","Barricade+1","Limit Break+1","Flame Barrier+1","Impervious+1","ReplayTheSpireMod:LeadingStrike+1","Evolve+1","Guardian:ConstructionForm+1","hubris:DuctTapeCard","Pommel Strike+1","ConjureBlade+1"],"relics":["Unceasing Top","Mirror","Orichalcum","Strawberry","hubris:Towel","FossilizedHelix","Replay:WaspNest","Circlet","hubris:OldNail","Lantern","MawBank","ReplayTheSpireMod:Spearhead","SlaversCollar","Pear","Gremlin Food","Lizard Tail","Vajra","hubris:BottledHeart","War Paint","hubris:BottledRain","PreservedInsect","HollowMod:JonisBlessing","ReplayTheSpireMod:Lightbulb","Replay:Arrowhead","Bag of Preparation","hubris:ScarierMask","Pet Ghost","hubris:TenFootPole","HandDrill","champ:DeflectingBracers","Molten Egg 2","Smiling Mask","Oddly Smooth Stone","Mummified Hand","hubris:Metronome","Ring of Peace","Ring of Fury","Replay:Grab Bag","Coffee Dripper","hubris:VirtuousBlindfold","Ring of Chaos","Tiny Chest","Garlic","hubris:IronBody","ReplayTheSpireMod:CursedCoin","Singing Bowl","Matryoshka","HollowMod:StagPassRelic","Replay:Drink Me","hubris:CrystalStatue","Another Sword","Onion Ring","TungstenRod","Slimebound:StickyStick","Pen Nib","sneckomod:SneckoTalon","Kunai","PrismaticShard","HollowMod:LifeEnderRelic","Du-Vu Doll","Replay:Bottled Eggs","hubris:DuctTape","Red Skull","Torii","Brimstone","hexamod:CandleOfCauterizing","hubris:ChampionShield","Bottled Lightning","hubris:Teleporter","Honey Jar","Blood Vial","Replay:Rubber Ducky","Replay:Bottled Steam","Bronze Scales","hubris:Icosahedron","Runic Dome","hubris:SlimyHat","Pondfish Scales","Guardian:PocketSentry","Durian","Replay:Bandana","Ancient Tea Set","champ:Barbells","Painkiller Herb","hexamod:BolsterEngine","Frozen Eye","Bottled Tornado","HornCleat","ReplayFunnel","CeramicFish","Replay:Kaleidoscope","hubris:Backtick","The Specimen"],"acts_visited":["Exordium","TheCity","TheBeyond","Exordium","TheCity","TheBeyond","Exordium","TheCity","TheBeyond","Exordium","TheCity"],"potions_floor_usage":[],"damage_taken":[{"damage":6.0,"enemies":"Cultist","floor":1.0,"turns":5.0},{"damage":2.0,"enemies":"Jaw Worm","floor":2.0,"turns":6.0},{"damage":0.0,"enemies":"Small Slimes","floor":3.0,"turns":3.0},{"damage":5.0,"enemies":"Gremlin Gang","floor":5.0,"turns":4.0},{"damage":12.0,"enemies":"Lagavulin","floor":6.0,"turns":6.0},{"damage":0.0,"enemies":"Gremlin Nob","floor":8.0,"turns":3.0},{"damage":0.0,"enemies":"Looter","floor":10.0,"turns":3.0},{"damage":0.0,"enemies":"Lagavulin","floor":14.0,"turns":5.0},{"damage":0.0,"enemies":"Slime Boss","floor":16.0,"turns":8.0},{"damage":6.0,"enemies":"3 Byrds","floor":18.0,"turns":3.0},{"damage":33.0,"enemies":"Spheric Guardian","floor":19.0,"turns":6.0},{"damage":0.0,"enemies":"3 Cultists","floor":20.0,"turns":2.0},{"damage":0.0,"enemies":"Snecko","floor":21.0,"turns":3.0},{"damage":0.0,"enemies":"Slavers","floor":24.0,"turns":4.0},{"damage":0.0,"enemies":"Snake Plant","floor":25.0,"turns":6.0},{"damage":0.0,"enemies":"Book of Stabbing","floor":28.0,"turns":6.0},{"damage":0.0,"enemies":"Gremlin Leader","floor":30.0,"turns":3.0},{"damage":0.0,"enemies":"Cultist and Chosen","floor":31.0,"turns":6.0},{"damage":0.0,"enemies":"Champ","floor":33.0,"turns":8.0},{"damage":0.0,"enemies":"Orb Walker","floor":35.0,"turns":2.0},{"damage":0.0,"enemies":"3 Darklings","floor":36.0,"turns":3.0},{"damage":0.0,"enemies":"4 Shapes","floor":39.0,"turns":1.0},{"damage":0.0,"enemies":"Nemesis","floor":40.0,"turns":4.0},{"damage":0.0,"enemies":"Giant Head","floor":42.0,"turns":4.0},{"damage":0.0,"enemies":"Transient","floor":45.0,"turns":5.0},{"damage":0.0,"enemies":"Nemesis","floor":47.0,"turns":3.0},{"damage":0.0,"enemies":"Time Eater","floor":50.0,"turns":5.0},{"damage":0.0,"enemies":"Cultist","floor":52.0,"turns":1.0},{"damage":0.0,"enemies":"2 Louse","floor":53.0,"turns":1.0},{"damage":0.0,"enemies":"Lagavulin","floor":56.0,"turns":1.0},{"damage":0.0,"enemies":"3 Sentries","floor":61.0,"turns":1.0},{"damage":0.0,"enemies":"Small Slimes","floor":62.0,"turns":1.0},{"damage":0.0,"enemies":"Lagavulin","floor":63.0,"turns":2.0},{"damage":0.0,"enemies":"Blue Slaver","floor":64.0,"turns":1.0},{"damage":0.0,"enemies":"Gremlin Nob","floor":65.0,"turns":1.0},{"damage":0.0,"enemies":"Hexaghost","floor":67.0,"turns":4.0},{"damage":0.0,"enemies":"3 Byrds","floor":69.0,"turns":1.0},{"damage":0.0,"enemies":"Slavers","floor":70.0,"turns":1.0},{"damage":0.0,"enemies":"Shell Parasite","floor":73.0,"turns":2.0},{"damage":0.0,"enemies":"Gremlin Leader","floor":75.0,"turns":1.0},{"damage":0.0,"enemies":"Slavers","floor":77.0,"turns":1.0},{"damage":0.0,"enemies":"3 Cultists","floor":78.0,"turns":1.0},{"damage":0.0,"enemies":"Gremlin Leader","floor":79.0,"turns":2.0},{"damage":0.0,"enemies":"Cultist and Chosen","floor":80.0,"turns":2.0},{"damage":0.0,"enemies":"Slavers","floor":81.0,"turns":2.0},{"damage":0.0,"enemies":"Sentry and Sphere","floor":82.0,"turns":1.0},{"damage":0.0,"enemies":"Collector","floor":84.0,"turns":2.0},{"damage":0.0,"enemies":"3 Shapes","floor":86.0,"turns":1.0},{"damage":0.0,"enemies":"3 Darklings","floor":89.0,"turns":2.0},{"damage":0.0,"enemies":"Giant Head","floor":91.0,"turns":2.0},{"damage":0.0,"enemies":"Reptomancer","floor":92.0,"turns":1.0},{"damage":0.0,"enemies":"Nemesis","floor":93.0,"turns":1.0},{"damage":0.0,"enemies":"Giant Head","floor":94.0,"turns":2.0},{"damage":0.0,"enemies":"Writhing Mass","floor":95.0,"turns":1.0},{"damage":0.0,"enemies":"Reptomancer","floor":96.0,"turns":1.0},{"damage":0.0,"enemies":"Transient","floor":98.0,"turns":3.0},{"damage":0.0,"enemies":"3 Darklings","floor":99.0,"turns":1.0},{"damage":0.0,"enemies":"Time Eater","floor":101.0,"turns":3.0},{"damage":0,"enemies":"Small Slimes","floor":103,"turns":2},{"damage":0,"enemies":"Cultist","floor":107,"turns":2},{"damage":0,"enemies":"3 Sentries","floor":108,"turns":1},{"damage":0,"enemies":"Gremlin Nob","floor":110,"turns":2},{"damage":0,"enemies":"3 Sentries","floor":111,"turns":2},{"damage":0,"enemies":"2 Louse","floor":112,"turns":1},{"damage":0,"enemies":"Lagavulin","floor":114,"turns":1},{"damage":0,"enemies":"3 Sentries","floor":115,"turns":1},{"damage":0,"enemies":"Looter","floor":116,"turns":1},{"damage":0,"enemies":"The Guardian","floor":118,"turns":3},{"damage":0,"enemies":"Shell Parasite","floor":120,"turns":1},{"damage":0,"enemies":"Spheric Guardian","floor":122,"turns":1},{"damage":0,"enemies":"Slavers","floor":123,"turns":1},{"damage":0,"enemies":"Snecko","floor":124,"turns":2},{"damage":0,"enemies":"Gremlin Leader","floor":126,"turns":1},{"damage":0,"enemies":"Sentry and Sphere","floor":131,"turns":2},{"damage":0,"enemies":"Collector","floor":135,"turns":2},{"damage":0,"enemies":"3 Shapes","floor":137,"turns":2},{"damage":0,"enemies":"Mind Bloom Boss Battle","floor":138,"turns":2},{"damage":0,"enemies":"Orb Walker","floor":141,"turns":1},{"damage":0,"enemies":"Writhing Mass","floor":143,"turns":1},{"damage":0,"enemies":"R_Hoarder","floor":144,"turns":2},{"damage":0,"enemies":"Nemesis","floor":147,"turns":1},{"damage":0,"enemies":"hubris:GrandSnecko","floor":152,"turns":2},{"damage":0,"enemies":"Small Slimes","floor":154,"turns":1},{"damage":0,"enemies":"Cultist","floor":156,"turns":1},{"damage":0,"enemies":"Lagavulin","floor":157,"turns":1},{"damage":0,"enemies":"3 Sentries","floor":159,"turns":1},{"damage":0,"enemies":"Lagavulin","floor":162,"turns":2},{"damage":0,"enemies":"2 Louse","floor":163,"turns":1},{"damage":0,"enemies":"Looter","floor":166,"turns":1},{"damage":0,"enemies":"3 Louse","floor":167,"turns":1},{"damage":0,"enemies":"Fading Forest","floor":169,"turns":2},{"damage":0,"enemies":"Chosen","floor":171,"turns":1}],"seed_played":"-1145898054803586329","potions_obtained":[{"floor":1.0,"key":"Weak Potion"},{"floor":2.0,"key":"Slimebound:ThreeZeroPotion"},{"floor":5.0,"key":"SteroidPotion"},{"floor":13.0,"key":"Block Potion"},{"floor":13.0,"key":"Ancient Potion"},{"floor":16.0,"key":"Explosive Potion"},{"floor":21.0,"key":"champ:CounterPotion"},{"floor":24.0,"key":"ColorlessPotion"},{"floor":30.0,"key":"Strength Potion"},{"floor":47.0,"key":"Energy Potion"},{"floor":52.0,"key":"hexamod:SoulburnPotion"},{"floor":53.0,"key":"sneckomod:MuddlingPotion"},{"floor":69.0,"key":"DistilledChaos"},{"floor":89.0,"key":"Fruit Juice"},{"floor":92.0,"key":"Reflective Coating"},{"floor":101.0,"key":"Energy Potion"},{"floor":112,"key":"Adrenaline Potion"},{"floor":122,"key":"Elixir"},{"floor":124,"key":"Dexterity Potion"},{"floor":138,"key":"LiquidMemories"},{"floor":166,"key":"EntropicBrew"}],"is_trial":true,"path_per_floor":["M","M","M","?","M","E","R","E","T","M","R","$","?","E","R","B",null,"M","M","M","M","?","R","E","M","T","$","E","R","E","M","R","B",null,"M","M","NS","$","M","E","R","E","T","R","M","?","E","?","R","B",null,"M","M","?","?","E","R","$","R","T","E","M","E","M","E","R","B",null,"M","E","?","$","M","R","E","R","E","M","E","M","E","M","R","B",null,"M","$","NS","M","?","E","E","E","E","M","E","R","M","M","R","B",null,"M","$","?","$","M","E","R","E","E","M","R","E","E","M","R","B",null,"M","M","E","M","R","E","R","?","M","?","R","B",null,"M","?","NS","M","M","E","R","E","R","$","R","B",null,"?","T","?","E","?","E","T","E","?","T","?","?","T","B",null,"?"],"character_chosen":"IRONCLAD","items_purchased":["Shrug It Off","HollowMod:JonisBlessing","HandDrill","hubris:IronBody","ReplayTheSpireMod:CursedCoin","ReplayTheSpireMod:LeadingStrike+1","Another Sword","Evolve","PrismaticShard","Brimstone","hexamod:CandleOfCauterizing","Replay:Bandana","Ancient Tea Set","champ:Barbells","Frozen Eye","Bottled Tornado"],"campfire_rested":0,"item_purchase_floors":[27,27,38,58,58,58,72,72,87,104,104,150,150,150,155,155],"current_hp_per_floor":[74,72,79,79,74,62,62,71,71,71,71,71,71,85,85,87,87,91,58,58,58,1,1,1,1,1,1,1,1,1,1,1,1,1,1,1,1,1,1,1,1,1,1,1,1,1,1,1,1,1,1,1,1,1,1,1,1,1,1,1,1,1,1,1,1,1,1,1,1,1,1,1,1,1,1,1,1,1,1,1,1,1,1,1,1,1,1,1,1,1,1,1,1,1,1,1,1,1,1,1,1,1,1,1,1,1,1,1,1,1,1,1,1,1,1,1,1,1,1,1,1,1,1,1,1,1,1,1,1,1,1,1,1,1,1,1,1,1,1,1,1,1,1,1,1,1,1,1,1,1,1,1,1,1,1,1,1,1,1,1,1,1],"gold":353,"neow_bonus":"","is_daily":false,"chose_seed":false,"campfire_upgraded":20,"win_rate":0.0,"timestamp":1612675582,"path_taken":["M","M","?","?","M","E","R","E","T","M","R","$","?","E","R","BOSS","M","M","M","?","?","R","E","?","T","$","E","R","E","M","R","BOSS","M","M","NS","$","M","E","R","E","T","R","M","?","E","?","R","BOSS","M","M","?","?","?","R","$","R","T","E","M","E","M","E","R","BOSS","M","?","?","$","M","R","E","R","E","M","E","?","E","M","R","BOSS","M","$","NS","M","?","E","?","E","E","M","E","R","M","M","R","BOSS","M","$","?","?","M","E","R","E","E","M","R","?","E","M","R","BOSS","M","M","?","M","R","E","R","?","M","?","R","BOSS","M","?","NS","M","M","E","R","E","R","$","R","BOSS","?","T","?","?","?","E","T","E","?","T","?","?","T","BOSS","?"],"items_purchased_type":["Card","Relic","Relic","Relic","Relic","Card","Relic","Card","Relic","Relic","Relic","Relic","Relic","Relic","Relic","Relic"],"build_version":"2020-12-22","purchased_purges":8,"victory":false,"max_hp_per_floor":[80,80,87,87,87,87,87,87,87,87,87,87,87,87,87,87,87,97,97,97,97,1,1,1,1,1,1,1,1,1,1,1,1,1,1,1,1,1,1,1,1,1,1,1,1,1,1,1,1,1,1,1,1,1,1,1,1,1,1,1,1,1,1,1,1,1,1,1,1,1,1,1,1,1,1,1,1,1,1,1,1,1,1,1,1,1,1,1,1,1,1,1,1,1,1,1,1,1,1,1,1,1,1,1,1,1,1,1,1,1,1,1,1,1,1,1,1,1,1,1,1,1,1,1,1,1,1,1,1,1,1,1,1,1,1,1,1,1,1,1,1,1,1,1,1,1,1,1,1,1,1,1,1,1,1,1,1,1,1,1,1,1],"card_choices":[{"not_picked":["Eclipse","Double Tap"],"picked":"Immolate","floor":6.0},{"not_picked":["Brutality","Reaper"],"picked":"hubris:StunningStrike","floor":8.0},{"not_picked":["Brutality","hubris:StunningStrike"],"picked":"Demon Form","floor":14.0},{"not_picked":["Juggernaut","Eclipse"],"picked":"Double Tap","floor":16.0},{"not_picked":["Bludgeon","Fiend Fire"],"picked":"Demonic Infusion","floor":24.0},{"not_picked":["Demon Form","Immolate"],"picked":"Berserk","floor":28.0},{"not_picked":["Hemogenesis","Barricade"],"picked":"Reaper","floor":30.0},{"not_picked":["hubris:StunningStrike","Replay:Many Hands"],"picked":"Berserk","floor":33.0},{"not_picked":["Replay:Many Hands","Reaper+1"],"picked":"Barricade","floor":40.0},{"not_picked":["Double Tap","Hemogenesis+1"],"picked":"Limit Break","floor":42.0},{"not_picked":["Bludgeon+1","Exhume","Immolate+1"],"picked":"SKIP","floor":47.0},{"not_picked":["Eclipse","Demonic Infusion"],"picked":"Impervious","floor":50.0},{"not_picked":["Brutality","Demonic Infusion","Barricade"],"picked":"SKIP","floor":56.0},{"not_picked":["Fiend Fire+1","Berserk","Demon Form"],"picked":"Singing Bowl","floor":61.0},{"not_picked":["Fiend Fire+1","Limit Break","Corruption"],"picked":"Singing Bowl","floor":63.0},{"not_picked":["Corruption","Double Tap","Offering"],"picked":"Singing Bowl","floor":65.0},{"not_picked":["Hemogenesis+1","Impervious","Offering"],"picked":"Singing Bowl","floor":67.0},{"not_picked":["Hemogenesis+1","Bludgeon+1"],"picked":"Feed+1","floor":70.0},{"not_picked":["hubris:StunningStrike+1","Fiend Fire+1","Exhume"],"picked":"Singing Bowl","floor":75.0},{"not_picked":["Eclipse","Bludgeon+1","Barricade"],"picked":"Singing Bowl","floor":77.0},{"not_picked":["Fiend Fire+1","Immolate+1","Demon Form"],"picked":"Singing Bowl","floor":79.0},{"not_picked":["Replay:Many Hands","Barricade","Fiend Fire+1"],"picked":"Singing Bowl","floor":81.0},{"not_picked":["Eclipse","Reaper+1","hubris:StunningStrike+1"],"picked":"Singing Bowl","floor":84.0},{"not_picked":["The Bomb","Slimebound:MinionMaster"],"picked":"Guardian:ConstructionForm","floor":91.0},{"not_picked":["Electrodynamics","sneckomod:SerpentMind","Ragnarok+1"],"picked":"Singing Bowl","floor":92.0},{"not_picked":["bronze:CleanCode","bronze:AlphaBuild+1","Guardian:ConstructionForm"],"picked":"Singing Bowl","floor":93.0},{"not_picked":["Die Die Die+1","Multi-Cast","Hemogenesis+1"],"picked":"Singing Bowl","floor":94.0},{"not_picked":["Doppelganger","hubris:StunningStrike+1","Midas Touch"],"picked":"Singing Bowl","floor":96.0},{"not_picked":["Slimebound:OneTwoCombo+1","Hyperbeam+1","sneckomod:UnknownRareSkill"],"picked":"Singing Bowl","floor":101.0},{"not_picked":["hubris:Prefetch","Hemogenesis+1","OverTime+1"],"picked":"Singing Bowl","floor":108},{"not_picked":["Double Tap","champ:IgnorePain","TheWorld"],"picked":"Singing Bowl","floor":110},{"not_picked":["Violence","champ:GladiatorForm","champ:StrikeOfGenius"],"picked":"Singing Bowl","floor":111},{"not_picked":["TheCursedMod:ManaCirculation","HollowMod:LifebloodCore","TheCursedMod:DarkBarrier"],"picked":"Singing Bowl","floor":114},{"not_picked":["FlawlessForm","hexamod:ApocalypseNow","Guardian:RevengeProtocol"],"picked":"Singing Bowl","floor":115},{"not_picked":["LightFlow+1","champ:EnchantSword","Die Die Die+1"],"picked":"Singing Bowl","floor":118},{"not_picked":["FlawlessForm","Scrawl","BackFourSeconds","ConjureBlade"],"picked":"Singing Bowl","floor":123},{"not_picked":["Guardian:StasisEngine","Bludgeon+1","BackFourSeconds"],"picked":"Guardian:Gem_Synthetic","floor":126},{"not_picked":["champ:UltimateStance","LessonLearned+1","hexamod:ApocalypticArmor"],"picked":"Violence","floor":135},{"not_picked":["TheCursedMod:CircleOfFlame","Aggregate+1","Twin Strike+1","hexamod:BacktrackSmack+1"],"picked":"Singing Bowl","floor":138},{"not_picked":["Mayhem","TheCursedMod:CircleOfAbyss","bronze:HyperBeam+1","Panache"],"picked":"Singing Bowl","floor":144},{"not_picked":["Demonic Infusion","TheCursedMod:DemonicPact","HollowMod:WhiteLadysBlessing","Slimebound:FirmFortitude"],"picked":"Singing Bowl","floor":147},{"not_picked":["Transmutation","HollowMod:Weaversong","Apotheosis","Slimebound:FirmFortitude"],"picked":"Singing Bowl","floor":152},{"not_picked":["HollowMod:LifebloodCore","hexamod:ApocalypticArmor","Replay:Bag of Tricks","bronze:SpaghettiCode"],"picked":"Singing Bowl","floor":157},{"not_picked":["hexamod:ForkedFlame+1","bronze:TinkerersToolbox","Slimebound:Recycling","Exhume"],"picked":"Singing Bowl","floor":159},{"not_picked":["Slimebound:LeechLife+1","Sunlight+1","hubris:DoWhile","FlawlessForm"],"picked":"Singing Bowl","floor":162},{"not_picked":["expansioncontent:QuickStudy","HollowMod:SoulMaster","Electrodynamics","hexamod:UnleashSpirits+1"],"picked":"Singing Bowl","floor":169}],"player_experience":489971,"relics_obtained":[{"floor":1.0,"key":"Mirror"},{"floor":2.0,"key":"Orichalcum"},{"floor":3.0,"key":"Strawberry"},{"floor":5.0,"key":"FossilizedHelix"},{"floor":6.0,"key":"Replay:WaspNest"},{"floor":8.0,"key":"hubris:OldNail"},{"floor":9.0,"key":"Lantern"},{"floor":10.0,"key":"MawBank"},{"floor":14.0,"key":"ReplayTheSpireMod:Spearhead"},{"floor":18.0,"key":"Pear"},{"floor":19.0,"key":"Gremlin Food"},{"floor":20.0,"key":"Lizard Tail"},{"floor":21.0,"key":"Vajra"},{"floor":24.0,"key":"War Paint"},{"floor":25.0,"key":"hubris:BottledRain"},{"floor":26.0,"key":"PreservedInsect"},{"floor":28.0,"key":"ReplayTheSpireMod:Lightbulb"},{"floor":30.0,"key":"Replay:Arrowhead"},{"floor":31.0,"key":"Bag of Preparation"},{"floor":35.0,"key":"Pet Ghost"},{"floor":36.0,"key":"hubris:TenFootPole"},{"floor":39.0,"key":"champ:DeflectingBracers"},{"floor":40.0,"key":"Molten Egg 2"},{"floor":42.0,"key":"Smiling Mask"},{"floor":43.0,"key":"Oddly Smooth Stone"},{"floor":45.0,"key":"Mummified Hand"},{"floor":47.0,"key":"hubris:Metronome"},{"floor":48.0,"key":"Ring of Peace"},{"floor":48.0,"key":"Ring of Fury"},{"floor":52.0,"key":"Tiny Chest"},{"floor":53.0,"key":"Garlic"},{"floor":60.0,"key":"Singing Bowl"},{"floor":62.0,"key":"Matryoshka"},{"floor":64.0,"key":"HollowMod:StagPassRelic"},{"floor":69.0,"key":"hubris:CrystalStatue"},{"floor":73.0,"key":"Onion Ring"},{"floor":78.0,"key":"TungstenRod"},{"floor":80.0,"key":"Slimebound:StickyStick"},{"floor":82.0,"key":"Pen Nib"},{"floor":86.0,"key":"Kunai"},{"floor":89.0,"key":"HollowMod:LifeEnderRelic"},{"floor":95.0,"key":"Replay:Bottled Eggs"},{"floor":98.0,"key":"hubris:DuctTape"},{"floor":99.0,"key":"Red Skull"},{"floor":103,"key":"Torii"},{"floor":107,"key":"hubris:ChampionShield"},{"floor":112,"key":"Bottled Lightning"},{"floor":116,"key":"hubris:Teleporter"},{"floor":120,"key":"Blood Vial"},{"floor":122,"key":"Replay:Rubber Ducky"},{"floor":124,"key":"Replay:Bottled Steam"},{"floor":131,"key":"Bronze Scales"},{"floor":137,"key":"hubris:SlimyHat"},{"floor":138,"key":"Pondfish Scales"},{"floor":141,"key":"Guardian:PocketSentry"},{"floor":143,"key":"Durian"},{"floor":154,"key":"hexamod:BolsterEngine"},{"floor":156,"key":"HornCleat"},{"floor":163,"key":"ReplayFunnel"},{"floor":166,"key":"CeramicFish"},{"floor":167,"key":"Replay:Kaleidoscope"}],"event_choices":[{"damage_healed":0.0,"max_hp_gain":0.0,"max_hp_loss":0.0,"gold_gain":0.0,"event_name":"Lab","player_choice":"Got Potions","floor":13.0,"gold_loss":0.0,"damage_taken":0.0},{"damage_healed":0.0,"max_hp_gain":5.0,"max_hp_loss":0.0,"gold_gain":0.0,"event_name":"Big Fish","player_choice":"Donut","floor":54.0,"gold_loss":0.0,"damage_taken":0.0},{"cards_removed":["Strike_R"],"damage_healed":0.0,"max_hp_gain":0.0,"max_hp_loss":0.0,"gold_gain":0.0,"event_name":"Purifier","player_choice":"Purged","floor":55.0,"gold_loss":0.0,"damage_taken":0.0},{"cards_removed":["Defend_R"],"damage_healed":0.0,"max_hp_gain":0.0,"max_hp_loss":0.0,"gold_gain":0.0,"event_name":"Beggar","player_choice":"Gave Gold","floor":71.0,"gold_loss":75.0,"damage_taken":0.0},{"damage_healed":0,"gold_gain":0,"player_choice":"Ignored","damage_taken":0,"max_hp_gain":0,"max_hp_loss":0,"event_name":"Cursed Tome","floor":129,"gold_loss":0},{"damage_healed":0,"gold_gain":0,"player_choice":"Fight","damage_taken":0,"max_hp_gain":0,"max_hp_loss":0,"event_name":"MindBloom","floor":138,"gold_loss":0}],"is_beta":false,"boss_relics":[{"not_picked":["Tiny House","Painkiller Herb"],"picked":"SlaversCollar"},{"not_picked":["hubris:TerracottaHorce","hubris:GrandSneckoEye"],"picked":"hubris:ScarierMask"},{"not_picked":["Runic Dome","Ooze Armor"],"picked":"Replay:Grab Bag"},{"not_picked":["ReplayTheSpireMod:DimensionalGlitch","Abe\u0027s Treasure"],"picked":"Coffee Dripper"},{"not_picked":["Fusion Hammer","bronze:MakeshiftBattery"],"picked":"hubris:VirtuousBlindfold"},{"not_picked":["Kintsugi","Astrolabe"],"picked":"Ring of Chaos"},{"not_picked":["hubris:RunicObelisk","hubris:TerracottaHorce"],"picked":"Replay:Drink Me"},{"not_picked":["hubris:Stopwatch","hubris:BlackHole"],"picked":"sneckomod:SneckoTalon"},{"not_picked":["Abe\u0027s Treasure","Electric Blood","hubris:CrackedHourglass"]},{"not_picked":["Pandora\u0027s Box","hubris:TerracottaHorce"],"picked":"Honey Jar"},{"not_picked":["Philosopher\u0027s Stone","Replay:Bronze Core"],"picked":"Runic Dome"},{"not_picked":["Circlet","hubris:RunicObelisk"],"picked":"Painkiller Herb"},{"not_picked":["hubris:CrackedHourglass","Cursed Key"],"picked":"hubris:Backtick"}],"items_purged_floors":[27,38,58,72,104,106,150,155],"is_endless":true,"potions_floor_spawned":[1,2,5,16,21,24,28,30,33,42,45,47,50,52,53,61,64,67,69,75,77,82,84,89,92,94,95,98,99,101,110,111,112,116,118,122,124,138,143,152,156,157,166,169],"killed_by":"Chosen","ascension_level":0}}