{"host":"t4313i2190y6fz3q","time":1612733804,"event":{"mods":["2.2 Compatiblity","AchievementEnabler","Act Like it!","BaseMod","Colored Powertips","Minty Spire (QoL Compilation)","Permanent Neow","Quick Restart","Rare Cards Sparkle","StSLib"],"gold_per_floor":[109,109,109,128,148,174,174,174,174],"floor_reached":8,"language":"ENG","playtime":216,"items_purged":[],"score":112,"play_id":"9d3513dc-37ee-4c2f-8771-fb318eb8608c","local_time":"20210207133644","is_ascension_mode":true,"campfire_choices":[{"floor":7,"key":"REST"}],"circlet_count":0,"master_deck":["AscendersBane","Strike_P","Strike_P","Strike_P","Strike_P","Defend_P","Defend_P","Defend_P","Defend_P","Eruption","Vigilance","CarveReality","CrushJoints","FollowUp","Ragnarok"],"relics":["SlaversCollar","Potion Belt","Singing Bowl"],"acts_visited":["Exordium"],"potions_floor_usage":[6,6],"damage_taken":[{"damage":1.0,"enemies":"Small Slimes","floor":1.0,"turns":3.0},{"damage":2.0,"enemies":"Jaw Worm","floor":4.0,"turns":3.0},{"damage":7,"enemies":"2 Louse","floor":5,"turns":4},{"damage":21,"enemies":"3 Sentries","floor":6,"turns":6},{"damage":10,"enemies":"Lagavulin","floor":8,"turns":3}],"seed_played":"-3596058087344550971","potions_obtained":[{"floor":1.0,"key":"Weak Potion"},{"floor":5,"key":"Dexterity Potion"}],"is_trial":false,"path_per_floor":["M","?","?","M","M","E","R","E"],"character_chosen":"WATCHER","items_purchased":[],"campfire_rested":1,"item_purchase_floors":[],"current_hp_per_floor":[60,60,34,32,25,4,24,14,14],"gold":174,"neow_bonus":"BOSS_RELIC","is_daily":false,"chose_seed":false,"campfire_upgraded":0,"win_rate":0.0,"timestamp":1612733804,"path_taken":["M","?","?","M","M","E","R","E"],"items_purchased_type":[],"build_version":"2020-12-22","purchased_purges":0,"victory":false,"max_hp_per_floor":[68,68,68,68,68,68,68,68,68],"card_choices":[{"not_picked":["EmptyMind","ForeignInfluence"],"picked":"CarveReality","floor":1.0},{"not_picked":["ThirdEye","Crescendo"],"picked":"CrushJoints","floor":4.0},{"not_picked":["Evaluate","FlurryOfBlows"],"picked":"FollowUp","floor":5},{"not_picked":["FollowUp","ClearTheMind"],"picked":"Ragnarok","floor":6}],"player_experience":190897,"relics_obtained":[{"floor":6,"key":"Singing Bowl"}],"event_choices":[{"damage_healed":0.0,"max_hp_gain":0.0,"max_hp_loss":0.0,"gold_gain":0.0,"event_name":"The Cleric","player_choice":"Leave","floor":2.0,"gold_loss":0.0,"damage_taken":0.0},{"damage_healed":0.0,"max_hp_gain":0.0,"max_hp_loss":0.0,"gold_gain":0.0,"event_name":"Scrap Ooze","player_choice":"Success","floor":3.0,"gold_loss":0.0,"damage_taken":26.0,"relics_obtained":["Potion Belt"]}],"is_beta":false,"boss_relics":[],"items_purged_floors":[],"is_endless":false,"potions_floor_spawned":[1,5],"killed_by":"Lagavulin","ascension_level":20}}