{"host":"lww1aq5xm6g9guev","time":1612716777,"event":{"mods":["Act Like it!","Arknights","BaseMod","Conspire","Minty Spire (QoL Compilation)","Rare Cards Sparkle","Replay The Spire","StSLib","The Invoker Mod"],"gold_per_floor":[115,115,131,151,151,178,178,267,290,290,307,66,66,101,101,200,200,236,274,39,39,53,53,53,70,120,132,167,92,92,111,111,210,210,228,239,239,256,269,294,294,294,294,77,77,152,65,83,83,83],"floor_reached":51,"language":"ZHS","playtime":1958,"items_purged":["ats:Armor Crushing Shot"],"score":695,"play_id":"e22be008-2c19-4a09-8372-33594485c1d6","local_time":"20210208005257","is_ascension_mode":false,"campfire_choices":[{"data":"ats:Thorns","floor":7,"key":"SMITH"},{"data":"ats:Emotion Absorption","floor":10,"key":"SMITH"},{"data":"HandOfGreed","floor":13,"key":"SMITH"},{"data":"ats:Sashimi Platter","floor":15,"key":"SMITH"},{"data":"ats:Healing Drone","floor":23,"key":"SMITH"},{"data":"ats:Dogmatic Field","floor":30,"key":"SMITH"},{"data":"ats:Calcification","floor":32,"key":"SMITH"},{"data":"ats:Shadow Raid","floor":41,"key":"SMITH"},{"data":"ats:Healing Drone","floor":45,"key":"SMITH"},{"data":"ats:Healing Drone","floor":49,"key":"SMITH"}],"circlet_count":0,"master_deck":["ats:Strike C","ats:Defend+1","ats:Defend","ats:Defend+1","ats:Defend","ats:Emotion Absorption+1","ats:Closed Bolt Burst Fire","ats:Thorns+1","ats:Red Shift","ats:Sashimi Platter+1","ats:Thermite Blade","ats:Composite Medical Shells+1","HandOfGreed+1","ats:Dogmatic Field+1","ats:Support Order","ats:Calcification+1","ats:Healing Drone+1","CommonCold","ats:Steam Pump+1","ats:Assault Order","ats:Dogmatic Field","ats:Shadow Raid+1","ats:Healing Strengthening+1","Madness","Madness","Parasite","ats:Healing Drone+1","Panacea","ats:Mental Burst+1","ats:Healing Drone+1"],"relics":["ats:Sanity Plus","NeowsBlessing","ats:Rhine Circuitry","ats:Originium","Replay:PocketPolymizer","Orichalcum","Bronze Scales","War Paint","Bag of Preparation","Smiling Mask","MealTicket","ats:Tactical Delivery","Strawberry","Oddly Smooth Stone","Bird Faced Urn"],"acts_visited":["Exordium","TheCity","TheBeyond"],"potions_floor_usage":[6,16,19,19,19,50],"damage_taken":[{"damage":0,"enemies":"Small Slimes","floor":1,"turns":1},{"damage":0,"enemies":"Cultist","floor":3,"turns":1},{"damage":0,"enemies":"2 Louse","floor":4,"turns":1},{"damage":12,"enemies":"3 Sentries","floor":6,"turns":9},{"damage":8,"enemies":"Looter","floor":11,"turns":3},{"damage":0,"enemies":"Exordium Wildlife","floor":14,"turns":2},{"damage":26,"enemies":"Fading Forest","floor":16,"turns":11},{"damage":29,"enemies":"2 Thieves","floor":18,"turns":3},{"damage":45,"enemies":"conspire:MimicChest","floor":19,"turns":6},{"damage":13,"enemies":"Chosen","floor":22,"turns":5},{"damage":38,"enemies":"Snake Plant","floor":25,"turns":4},{"damage":5,"enemies":"conspire:HollyBat","floor":27,"turns":10},{"damage":37,"enemies":"Replay:Snechameleon","floor":28,"turns":8},{"damage":25,"enemies":"Snecko","floor":31,"turns":6},{"damage":166,"enemies":"Automaton","floor":33,"turns":13},{"damage":26,"enemies":"Orb Walker","floor":35,"turns":4},{"damage":34,"enemies":"3 Darklings","floor":36,"turns":5},{"damage":72,"enemies":"Writhing Mass","floor":38,"turns":6},{"damage":19,"enemies":"Jaw Worm Horde","floor":39,"turns":3},{"damage":46,"enemies":"R_Hoarder","floor":40,"turns":9},{"damage":52,"enemies":"Mind Bloom Boss Battle","floor":46,"turns":7},{"damage":42,"enemies":"Transient","floor":48,"turns":5},{"damage":251,"enemies":"Awakened One","floor":50,"turns":11}],"seed_played":"5659973767057613774","potions_obtained":[{"floor":1,"key":"SkillPotion"},{"floor":6,"key":"SpeedPotion"},{"floor":14,"key":"DuplicationPotion"},{"floor":16,"key":"SpeedPotion"},{"floor":18,"key":"SteroidPotion"},{"floor":22,"key":"SteroidPotion"},{"floor":25,"key":"GamblersBrew"},{"floor":27,"key":"Adrenaline Potion"}],"is_trial":false,"path_per_floor":["M","?","M","M","T","E","R","?","T","R","M","$","R","M","R","B",null,"M","?","$","?","M","R","?","M","T","M","E","?","R","M","R","B",null,"M","M","?","M","M","E","R","?","T","$","R","?","$","M","R","B",null],"character_chosen":"DOCTOR_CLASS","items_purchased":["ats:Composite Medical Shells+1","HandOfGreed","ats:Calcification","ats:Healing Drone","Oddly Smooth Stone","Panacea"],"campfire_rested":0,"item_purchase_floors":[12,12,20,44,44,47],"current_hp_per_floor":[72,72,72,72,72,66,66,38,38,38,36,36,36,36,36,37,72,52,46,46,72,65,65,65,41,41,72,68,68,68,62,62,38,72,64,59,50,59,68,79,79,79,79,79,79,74,79,46,46,79],"gold":83,"neow_bonus":"THREE_ENEMY_KILL","is_daily":false,"chose_seed":false,"campfire_upgraded":10,"win_rate":0.0,"timestamp":1612716777,"path_taken":["M","?","?","M","?","E","R","?","T","R","M","$","R","M","R","BOSS","M","?","$","?","?","R","?","M","T","M","E","?","R","M","R","BOSS","M","M","?","M","M","E","R","?","T","$","R","?","?","?","R","BOSS"],"items_purchased_type":["Card","Card","Card","Card","Relic","Card"],"build_version":"2020-12-22","purchased_purges":1,"victory":true,"max_hp_per_floor":[72,72,72,72,72,72,72,72,72,72,72,72,72,72,72,72,72,72,72,72,72,72,72,72,72,72,72,72,72,72,72,72,72,72,72,72,72,72,72,79,79,79,79,79,79,79,79,79,79,79],"card_choices":[{"not_picked":["ats:Revitalization","ats:Cat Scratch"],"picked":"ats:Closed Bolt Burst Fire","floor":1},{"not_picked":["ats:Charging Defense","ats:Phantom"],"picked":"ats:Closed Bolt Burst Fire","floor":3},{"not_picked":["ats:Leaping Hammer","ats:Very Hot Blade"],"picked":"ats:Thorns","floor":4},{"not_picked":["ats:Shell Defense","ats:Poison Spread"],"picked":"ats:Red Shift","floor":6},{"not_picked":["ats:Very Hot Blade","ats:Closed Bolt Burst Fire"],"picked":"ats:Sashimi Platter","floor":8},{"not_picked":["ats:Closed Bolt Burst Fire","ats:Counter Healing Mode"],"picked":"ats:Thermite Blade","floor":11},{"not_picked":["ats:Powerful Strike","ats:Encircling Forest","ats:Rapid Magazine"],"picked":"SKIP","floor":14},{"not_picked":["ats:Rat Pack","ats:Wolf Pack"],"picked":"ats:Dogmatic Field","floor":16},{"not_picked":["ats:Thermite Blade","ats:Absolute Focus","ats:Poison Spread"],"picked":"SKIP","floor":18},{"not_picked":["ats:Counter Healing Mode","ats:Closed Bolt Burst Fire+1"],"picked":"ats:Support Order","floor":19},{"not_picked":["ats:Defend Order","ats:Encircling Forest+1"],"picked":"ats:Healing Drone","floor":22},{"not_picked":["ats:Phantom","ats:Blood Oath"],"picked":"ats:Steam Pump+1","floor":25},{"not_picked":["ats:Cat Scratch+1","ats:Powerful Strike+1","ats:Absolute Focus"],"picked":"SKIP","floor":27},{"not_picked":["ats:Ignite+1","ats:Charging Defense","ats:Blood Oath+1"],"picked":"SKIP","floor":28},{"not_picked":["ats:Curse Doll","ats:Ignite","ats:Poison Spread+1"],"picked":"SKIP","floor":31},{"not_picked":["ats:True Silver Slash","ats:Volcano"],"picked":"ats:Dogmatic Field","floor":33},{"not_picked":["ats:Leaping Hammer","ats:Ignite+1"],"picked":"ats:Shadow Raid","floor":35},{"not_picked":["ats:Assault Order+1","ats:Apocalypse+1"],"picked":"ats:Healing Strengthening+1","floor":36},{"not_picked":["ats:Guard Mode","ats:Flexible Camouflage+1","ats:Assault Order"],"picked":"SKIP","floor":38},{"not_picked":["ats:Apocalypse+1","ats:Assault Order","ats:Revitalization+1"],"picked":"SKIP","floor":39},{"not_picked":["ats:Phantom+1","ats:Shell Defense","ats:Curse Doll"],"picked":"SKIP","floor":40},{"not_picked":["ats:Hammer On+1","ats:Neurotoxin"],"picked":"ats:Mental Burst+1","floor":48}],"player_experience":98144,"relics_obtained":[{"floor":5,"key":"ats:Rhine Circuitry"},{"floor":6,"key":"ats:Originium"},{"floor":6,"key":"Replay:PocketPolymizer"},{"floor":8,"key":"Orichalcum"},{"floor":9,"key":"Bronze Scales"},{"floor":19,"key":"War Paint"},{"floor":26,"key":"Smiling Mask"},{"floor":28,"key":"ats:Originium"},{"floor":28,"key":"MealTicket"},{"floor":40,"key":"ats:Originium"},{"floor":40,"key":"Strawberry"},{"floor":46,"key":"Bird Faced Urn"}],"event_choices":[{"cards_removed":["ats:Strike S"],"damage_healed":0,"gold_gain":0,"player_choice":"Card Removal","damage_taken":0,"max_hp_gain":0,"max_hp_loss":0,"event_name":"Wheel of Change","floor":2,"gold_loss":0},{"damage_healed":26,"gold_gain":0,"player_choice":"Full Heal","damage_taken":0,"max_hp_gain":0,"max_hp_loss":0,"event_name":"Wheel of Change","floor":21,"gold_loss":0},{"cards_removed":["ats:Strike V"],"damage_healed":0,"gold_gain":0,"player_choice":"Gave Gold","damage_taken":0,"max_hp_gain":0,"max_hp_loss":0,"event_name":"Beggar","floor":29,"gold_loss":75},{"damage_healed":0,"gold_gain":0,"player_choice":"Embrace Madness","damage_taken":9,"max_hp_gain":0,"max_hp_loss":0,"event_name":"Winding Halls","floor":37,"gold_loss":0,"cards_obtained":["Madness","Madness"]},{"damage_healed":0,"gold_gain":0,"player_choice":"Fight","damage_taken":0,"max_hp_gain":0,"max_hp_loss":0,"event_name":"MindBloom","floor":46,"gold_loss":0}],"is_beta":false,"boss_relics":[{"not_picked":["conspire:RunicOctahedron","Painkiller Herb"],"picked":"ats:Sanity Plus"},{"not_picked":["Astrolabe","Replay:Ancient Bell"],"picked":"ats:Tactical Delivery"}],"items_purged_floors":[20],"is_endless":false,"potions_floor_spawned":[1,6,14,16,18,22,25,27,31,36],"ascension_level":0}}