{"host":"bf5upntvbdompq33","time":1612722857,"event":{"mods":["BaseMod","Colored Map","Colored Powertips","Curses Come First","Minty Spire (QoL Compilation)","StSLib","The Dragon Tamer","The Hierophant","The Marked","The Mystic","The Servant 0.9.4"],"gold_per_floor":[110,110,120,134,149,184,184,184,184],"floor_reached":8,"language":"ENG","playtime":662,"items_purged":[],"score":84,"play_id":"fa9952f4-d7f1-4604-94b0-e6522ce08b4d","local_time":"20210207113417","is_ascension_mode":true,"campfire_choices":[{"data":"Catalyst","floor":7,"key":"SMITH"}],"circlet_count":0,"master_deck":["Strike_G","Strike_G","Strike_G","Strike_G","Strike_G","Defend_G","Defend_G","Defend_G","Defend_G","Defend_G","Survivor","Neutralize","Sadistic Nature","Deadly Poison","Catalyst+1","Backflip","Concentrate","All Out Attack"],"relics":["Ring of the Snake","GremlinMask","Orichalcum"],"acts_visited":["Exordium"],"potions_floor_usage":[5],"damage_taken":[{"damage":2,"enemies":"Jaw Worm","floor":1,"turns":5},{"damage":0,"enemies":"Cultist","floor":3,"turns":3},{"damage":1,"enemies":"2 Louse","floor":4,"turns":3},{"damage":0,"enemies":"Blue Slaver","floor":5,"turns":4},{"damage":28,"enemies":"3 Sentries","floor":6,"turns":13},{"damage":38,"enemies":"Lagavulin","floor":8,"turns":6}],"seed_played":"-4018284982709237104","potions_obtained":[{"floor":3,"key":"Block Potion"},{"floor":4,"key":"FearPotion"}],"is_trial":false,"path_per_floor":["M","?","M","M","M","E","R","E"],"character_chosen":"THE_SILENT","items_purchased":[],"campfire_rested":0,"item_purchase_floors":[],"current_hp_per_floor":[61,61,61,60,60,32,32,0,0],"gold":184,"neow_bonus":"RANDOM_COLORLESS_2","is_daily":false,"chose_seed":false,"campfire_upgraded":1,"win_rate":0.0,"timestamp":1612722857,"path_taken":["M","?","M","?","M","E","R","E"],"items_purchased_type":[],"build_version":"2020-12-22","purchased_purges":0,"victory":false,"max_hp_per_floor":[63,63,63,63,63,63,63,63,63],"card_choices":[{"not_picked":["Secret Weapon","The Bomb"],"picked":"Sadistic Nature","floor":0},{"not_picked":["Dash","Acrobatics"],"picked":"Deadly Poison","floor":1},{"not_picked":["Backflip","Slice"],"picked":"Catalyst","floor":3},{"not_picked":["Dodge and Roll","PiercingWail"],"picked":"Backflip","floor":4},{"not_picked":["Sucker Punch","Masterful Stab"],"picked":"Concentrate","floor":5},{"not_picked":["Tactician","Cloak And Dagger"],"picked":"All Out Attack","floor":6}],"player_experience":1493187,"relics_obtained":[{"floor":6,"key":"Orichalcum"}],"event_choices":[{"damage_healed":0,"gold_gain":0,"player_choice":"Trade","damage_taken":0,"relics_obtained":["GremlinMask"],"max_hp_gain":0,"max_hp_loss":0,"event_name":"FaceTrader","floor":2,"gold_loss":0}],"is_beta":false,"boss_relics":[],"items_purged_floors":[],"is_endless":false,"potions_floor_spawned":[3,4],"killed_by":"Lagavulin","ascension_level":9}}