{"host":"0ueeacaatm8t6jyh","time":1612727022,"event":{"mods":["AchievementEnabler","BaseMod","Colored Powertips","Minty Spire (QoL Compilation)","Quick Restart","Rare Cards Sparkle","Shop Mod","StSLib"],"gold_per_floor":[484,514,571,226,226,319,364,491,491,491,578,210,312,348,348,567,567,606,645,681,186,270,270,348,41,41,146,179,287,351,462,462,699,699,732,780,859,1000,1000,1096,1096,1126,1126,1235,746,746,839,839,839,839,839,839,839,61,160,160],"floor_reached":57,"language":"ZHS","playtime":2052,"items_purged":["Strike_G","Strike_R","Defend_P"],"score":4179,"play_id":"a925049d-592e-4131-9fe9-e4b70ea26bd7","local_time":"20210208034342","daily_mods":["SealedDeck","Chimera","Shiny","Specialized","Vintage","Allstar","Diverse","Colorless Cards","Heirloom","Time Dilation","Flight","DeadlyEvents","Binary","Cursed Run","Elite Swarm","Lethality","Midas","Night Terrors","Terminal","Uncertain Future","Binary"],"is_ascension_mode":true,"campfire_choices":[{"floor":10.0,"key":"RECALL"},{"floor":15.0,"key":"REST"},{"floor":23.0,"key":"REST"},{"floor":32.0,"key":"REST"},{"floor":41.0,"key":"REST"},{"floor":46.0,"key":"DIG"},{"floor":49.0,"key":"DIG"},{"floor":53,"key":"DIG"}],"circlet_count":0,"master_deck":["Demon Form","Wraith Form v2","Echo Form","DevaForm","AscendersBane","Bash","Survivor","Zap","Eruption","Strike_B+1","Defend_R+1","Defend_G","Judgement+1","ConjureBlade","MasterReality","Brilliance+1","Devotion","Blasphemy","Ragnarok+1","LessonLearned","Scrawl","Vault","Alpha","Wish","Omniscience","Establishment","SpiritShield","DevaForm","DeusExMachina","Multi-Cast","Hyperbeam","Thunder Strike","Biased Cognition","Machine Learning","Electrodynamics","Buffer","Rainbow","Seek","Meteor Strike","Echo Form","All For One","Reboot","Amplify","Creative AI","Fission","Core Surge","Venomology","Corpse Explosion","Malaise","Phantasmal Killer","Die Die Die","Adrenaline","Envenom","Doppelganger","Burst","Wraith Form v2","Tools of the Trade","Night Terror","Unload","After Image","Bullet Time","Storm of Steel","Glass Knife","A Thousand Cuts","Grand Finale","Double Tap","Demon Form","Bludgeon","Feed","Limit Break","Corruption","Barricade","Fiend Fire","Berserk","Impervious","Juggernaut","Brutality","Reaper","Exhume","Offering","Immolate","Thinking Ahead","Metamorphosis","Master of Strategy","Magnetism","Chrysalis","Transmutation","HandOfGreed","Mayhem","Apotheosis+1","Secret Weapon","Panache","Violence","Secret Technique","The Bomb","Sadistic Nature","Flechettes+1","Flechettes+1","Flechettes","Flechettes","Flechettes","Uppercut","Turbo","Beam Cell","Evaluate","Conserve Battery","Hologram","Acrobatics","Acrobatics","Prepared","Second Wind+1","Dark Embrace","Regret","Injury","Shame","Clumsy","Decay"],"relics":["Snecko Eye","Unceasing Top","Busted Crown","Old Coin","Potion Belt","Blood Vial","Matryoshka","Membership Card","Ancient Tea Set","Regal Pillow","Mercury Hourglass","Blue Candle","MealTicket","Self Forming Clay","Champion Belt","Bag of Preparation","Mango","Frozen Eye","Singing Bowl","Red Skull","SacredBark","The Courier","StrikeDummy","Charon\u0027s Ashes","Bottled Lightning","Gambling Chip","Paper Frog","Lantern","Centennial Puzzle","Happy Flower","Whetstone","CaptainsWheel","FossilizedHelix","Bag of Marbles","Magic Flower","InkBottle","Oddly Smooth Stone","White Beast Statue","Prayer Wheel","Toxic Egg 2","Runic Cube","Anchor","TungstenRod","Bird Faced Urn","Toy Ornithopter","StoneCalendar","Shuriken","Pocketwatch","Shovel","Turnip","Peace Pipe","Mummified Hand","Ice Cream","Pen Nib","Gremlin Horn","Thread and Needle","Art of War","Sundial","ClockworkSouvenir","Bottled Tornado","HornCleat","Strawberry","Incense Burner","Bottled Flame","Akabeko","Pear","War Paint","Orichalcum"],"acts_visited":["Exordium","TheCity","TheBeyond","TheEnding"],"potions_floor_usage":[56,56,56,56,56],"damage_taken":[{"damage":0.0,"enemies":"2 Louse","floor":1.0,"turns":1.0},{"damage":0.0,"enemies":"Jaw Worm","floor":2.0,"turns":1.0},{"damage":0.0,"enemies":"Cultist","floor":3.0,"turns":1.0},{"damage":0.0,"enemies":"Gremlin Nob","floor":6.0,"turns":2.0},{"damage":0.0,"enemies":"Gremlin Gang","floor":7.0,"turns":3.0},{"damage":2.0,"enemies":"3 Sentries","floor":8.0,"turns":2.0},{"damage":0.0,"enemies":"Gremlin Nob","floor":11.0,"turns":2.0},{"damage":6.0,"enemies":"3 Sentries","floor":13.0,"turns":4.0},{"damage":0.0,"enemies":"Exordium Wildlife","floor":14.0,"turns":1.0},{"damage":4.0,"enemies":"The Guardian","floor":16.0,"turns":3.0},{"damage":0.0,"enemies":"Shell Parasite","floor":18.0,"turns":3.0},{"damage":0.0,"enemies":"Chosen","floor":19.0,"turns":2.0},{"damage":0.0,"enemies":"Snake Plant","floor":20.0,"turns":1.0},{"damage":0.0,"enemies":"Slavers","floor":22.0,"turns":1.0},{"damage":0.0,"enemies":"Gremlin Leader","floor":24.0,"turns":2.0},{"damage":0.0,"enemies":"Book of Stabbing","floor":27.0,"turns":2.0},{"damage":0.0,"enemies":"Centurion and Healer","floor":28.0,"turns":1.0},{"damage":0.0,"enemies":"Slavers","floor":29.0,"turns":1.0},{"damage":0.0,"enemies":"Chosen and Byrds","floor":30.0,"turns":2.0},{"damage":0.0,"enemies":"Snecko","floor":31.0,"turns":2.0},{"damage":10.0,"enemies":"Automaton","floor":33.0,"turns":3.0},{"damage":14.0,"enemies":"3 Shapes","floor":35.0,"turns":1.0},{"damage":0.0,"enemies":"3 Darklings","floor":36.0,"turns":2.0},{"damage":0.0,"enemies":"Maw","floor":37.0,"turns":5.0},{"damage":0.0,"enemies":"Transient","floor":38.0,"turns":4.0},{"damage":0.0,"enemies":"Reptomancer","floor":40.0,"turns":1.0},{"damage":0.0,"enemies":"Writhing Mass","floor":42.0,"turns":1.0},{"damage":0.0,"enemies":"Nemesis","floor":44.0,"turns":3.0},{"damage":0.0,"enemies":"Reptomancer","floor":47.0,"turns":1.0},{"damage":0.0,"enemies":"Awakened One","floor":50.0,"turns":2.0},{"damage":0,"enemies":"Donu and Deca","floor":51,"turns":3},{"damage":0,"enemies":"Shield and Spear","floor":55,"turns":4},{"damage":0,"enemies":"The Heart","floor":56,"turns":7}],"seed_played":"4370958995365814113","potions_obtained":[{"floor":1.0,"key":"Swift Potion"},{"floor":2.0,"key":"Swift Potion"},{"floor":3.0,"key":"Ancient Potion"},{"floor":14.0,"key":"Ancient Potion"},{"floor":37.0,"key":"Ancient Potion"},{"floor":55,"key":"ElixirPotion"}],"is_trial":true,"path_per_floor":["M","M","M","$","?","E","M","E","T","R","E","$","E","M","R","B",null,"M","M","M","$","E","R","E","$","T","E","M","E","M","M","R","B",null,"M","M","M","M","T","E","R","M","T","E","$","R","E","?","R","B","B",null,"R","$","E","B",null],"character_chosen":"IRONCLAD","items_purchased":["Membership Card","Ancient Tea Set","Regal Pillow","Bag of Preparation","Mango","Frozen Eye","Dark Embrace","Bottled Lightning","Gambling Chip","Paper Frog","Lantern","Centennial Puzzle","CaptainsWheel","FossilizedHelix","Peace Pipe","Mummified Hand","Ice Cream","Pen Nib","ClockworkSouvenir","Bottled Tornado","HornCleat","Strawberry","Incense Burner","Bottled Flame","Akabeko","Pear","War Paint"],"campfire_rested":4,"item_purchase_floors":[4,4,4,12,12,12,12,21,21,21,21,21,25,25,45,45,45,45,54,54,54,54,54,54,54,54,54],"current_hp_per_floor":[68,68,70,70,69,68,67,65,65,64,63,76,70,72,68,64,66,65,64,63,62,61,55,54,53,52,51,50,49,52,51,45,35,42,34,37,40,42,41,40,34,33,32,31,30,29,28,26,25,24,23,22,21,37,36,35],"gold":160,"neow_bonus":"","is_daily":false,"chose_seed":false,"campfire_upgraded":0,"win_rate":0.0,"timestamp":1612727022,"path_taken":["M","M","M","$","?","E","M","E","T","R","E","?","?","M","R","BOSS","M","M","?","?","?","R","E","$","T","E","M","E","M","M","R","BOSS","M","M","?","M","?","E","R","M","T","E","$","R","E","?","R","BOSS","BOSS","R","$","E","BOSS"],"items_purchased_type":["Relic","Relic","Relic","Relic","Relic","Relic","Card","Relic","Relic","Relic","Relic","Relic","Relic","Relic","Relic","Relic","Relic","Relic","Relic","Relic","Relic","Relic","Relic","Relic","Relic","Relic","Relic"],"build_version":"2020-12-22","purchased_purges":3,"victory":true,"max_hp_per_floor":[73,72,71,70,69,68,67,66,65,64,63,76,75,74,68,67,66,65,64,63,62,61,55,54,53,52,51,50,49,52,51,45,44,43,45,44,43,42,41,40,34,33,32,31,30,29,28,26,25,24,23,22,21,37,36,35],"card_choices":[],"player_experience":513446,"relics_obtained":[{"floor":1.0,"key":"Potion Belt"},{"floor":2.0,"key":"Blood Vial"},{"floor":3.0,"key":"Matryoshka"},{"floor":6.0,"key":"Mercury Hourglass"},{"floor":7.0,"key":"Blue Candle"},{"floor":8.0,"key":"MealTicket"},{"floor":9.0,"key":"Self Forming Clay"},{"floor":11.0,"key":"Champion Belt"},{"floor":13.0,"key":"Singing Bowl"},{"floor":14.0,"key":"Red Skull"},{"floor":18.0,"key":"The Courier"},{"floor":19.0,"key":"StrikeDummy"},{"floor":20.0,"key":"Charon\u0027s Ashes"},{"floor":22.0,"key":"Happy Flower"},{"floor":24.0,"key":"Whetstone"},{"floor":26.0,"key":"Bag of Marbles"},{"floor":26.0,"key":"Magic Flower"},{"floor":27.0,"key":"InkBottle"},{"floor":28.0,"key":"Oddly Smooth Stone"},{"floor":29.0,"key":"White Beast Statue"},{"floor":30.0,"key":"Prayer Wheel"},{"floor":31.0,"key":"Toxic Egg 2"},{"floor":35.0,"key":"Anchor"},{"floor":36.0,"key":"TungstenRod"},{"floor":37.0,"key":"Bird Faced Urn"},{"floor":38.0,"key":"Toy Ornithopter"},{"floor":39.0,"key":"StoneCalendar"},{"floor":40.0,"key":"Shuriken"},{"floor":42.0,"key":"Pocketwatch"},{"floor":43.0,"key":"Shovel"},{"floor":44.0,"key":"Turnip"},{"floor":46.0,"key":"Gremlin Horn"},{"floor":47.0,"key":"Thread and Needle"},{"floor":49.0,"key":"Art of War"},{"floor":53,"key":"Sundial"},{"floor":55,"key":"Orichalcum"}],"event_choices":[{"damage_healed":0.0,"max_hp_gain":0.0,"max_hp_loss":0.0,"gold_gain":0.0,"event_name":"Living Wall","player_choice":"Grow","floor":5.0,"gold_loss":0.0,"damage_taken":0.0,"cards_upgraded":["Second Wind"]},{"damage_healed":0.0,"max_hp_gain":0.0,"max_hp_loss":1.0,"gold_gain":0.0,"event_name":"Winding Halls","player_choice":"Max HP","floor":48.0,"gold_loss":0.0,"damage_taken":0.0}],"is_beta":false,"boss_relics":[{"not_picked":["Velvet Choker","Coffee Dripper"],"picked":"SacredBark"},{"not_picked":["Runic Pyramid","Fusion Hammer"],"picked":"Runic Cube"}],"items_purged_floors":[21,25,45],"is_endless":false,"potions_floor_spawned":[1,2,3,14,18,20,22,28,30,31,33,35,36,37,38,40,42,44,47,55],"ascension_level":20}}