{"host":"jeq80qtkb0kd43fl","time":1612737589,"event":{"mods":["BaseMod","Downfall","GifTheSpireLib","Minty Spire (QoL Compilation)","StSLib"],"gold_per_floor":[99,110,126,63,48,76,125,25,81,66,82,100,0,18,31,137,137,37,62,89,4,4,412,436,458,458,62,62,80,80,95,109,206,206,206,102,102,126,80,93,164,182,208,208,208,208,208],"floor_reached":45,"language":"ENG","playtime":5549,"items_purged":["hexamod:Strike"],"score":592,"play_id":"d2108b1e-1e3f-4094-9509-13771024a8fa","local_time":"20210207223949","is_ascension_mode":false,"campfire_choices":[{"data":"hexamod:TimeWarp","floor":1,"key":"SMITH"},{"data":"hexamod:InspiringFlames","floor":8,"key":"SMITH"},{"floor":13,"key":"RECALL"},{"data":"hexamod:HexaLevel","floor":18,"key":"SMITH"},{"data":"hexamod:GhostOfSpireFuture","floor":26,"key":"SMITH"},{"floor":30,"key":"REST"},{"data":"hexamod:WildfireWeapon","floor":35,"key":"SMITH"},{"floor":44,"key":"REST"}],"circlet_count":0,"master_deck":["hexamod:Strike","hexamod:Strike+1","hexamod:Defend+1","hexamod:Defend","hexamod:Sear","hexamod:Float+1","hexamod:TimeWarp+1","hexamod:GhostOfSpireFuture+1","hexamod:ChargedBarrage+1","hexamod:InspiringFlames+1","hexamod:AdvancingGuard+1","hexamod:TimeOfNeed+1","hexamod:ThirdSeal","hexamod:FastForward","hexamod:FirstSeal","hexamod:CatchUp+1","hexamod:HeatMetal+1","hexamod:SpectralAdrenaline","hexamod:FifthSeal","hexamod:BurningTouch","hexamod:SecondSeal","hexamod:SearingWound","hexamod:SixthSeal","hexamod:HexaLevel+1","hexamod:FastForward+1","hexamod:ParanormalForm+1","hexamod:ThermalTransfer+1","hexamod:SixthSeal","hexamod:RecurringNightmare+1","hexamod:PhantomFireball","hexamod:ExtraCrispy","hexamod:GhostShield+1","hexamod:GhostOfSpireFuture+1","hexamod:Firestarter+1","hexamod:SkipABeat+1","hexamod:RainOfEmbers","hexamod:ExtraCrispy","hexamod:FourthSeal","hexamod:Incineration+1","hexamod:HeatCrush","hexamod:TimeWarp","hexamod:WildfireWeapon+1","hexamod:ExtraCrispy","expansioncontent:StudyTheSpire","hexamod:InspiringFlames+1","hexamod:NightmareGuise+1","hexamod:Hexaguard+1","hexamod:ExtraCrispy+1","hexamod:FourthSeal","hexamod:Again+1"],"relics":["hexamod:SpiritBrand","Strawberry","downfall:HeartBlessingBlue","Vajra","downfall:HeartBlessingGreen","Astrolabe","downfall:HeartBlessingRed","Old Coin","Mercury Hourglass","Tiny Chest","Chemical X","SacredBark","TheAbacus","Question Card","Molten Egg 2"],"acts_visited":["Exordium","TheCity","TheBeyond"],"potions_floor_usage":[5,16,16,27,27,33,40,40,40,43,43,45],"damage_taken":[{"damage":0,"enemies":"Cultist","floor":2,"turns":2},{"damage":0,"enemies":"Small Slimes","floor":3,"turns":4},{"damage":0,"enemies":"downfall:FleeingMerchant","floor":4,"turns":4},{"damage":2,"enemies":"downfall:FleeingMerchant","floor":5,"turns":4},{"damage":6,"enemies":"Lagavulin","floor":6,"turns":7},{"damage":13,"enemies":"3 Sentries","floor":9,"turns":9},{"damage":15,"enemies":"downfall:FleeingMerchant","floor":10,"turns":4},{"damage":1,"enemies":"Jaw Worm","floor":11,"turns":4},{"damage":8,"enemies":"Red Slaver","floor":12,"turns":3},{"damage":0,"enemies":"Large Slime","floor":14,"turns":4},{"damage":14,"enemies":"Exordium Wildlife","floor":15,"turns":5},{"damage":35,"enemies":"DF_ARCHETYPE_STREAMLINE","floor":16,"turns":9},{"damage":38,"enemies":"3 Byrds","floor":19,"turns":7},{"damage":24,"enemies":"Shell Parasite","floor":20,"turns":6},{"damage":5,"enemies":"downfall:FleeingMerchant","floor":21,"turns":4},{"damage":27,"enemies":"Colosseum Nobs","floor":23,"turns":4},{"damage":7,"enemies":"3 Cultists","floor":25,"turns":6},{"damage":30,"enemies":"downfall:FleeingMerchant","floor":27,"turns":4},{"damage":2,"enemies":"Sentry and Sphere","floor":29,"turns":5},{"damage":16,"enemies":"Snake Plant","floor":31,"turns":3},{"damage":9,"enemies":"Cultist and Chosen","floor":32,"turns":4},{"damage":0,"enemies":"WA_ARCHETYPE_CALM","floor":33,"turns":5},{"damage":25,"enemies":"downfall:FleeingMerchant","floor":36,"turns":3},{"damage":28,"enemies":"3 Shapes","floor":38,"turns":6},{"damage":48,"enemies":"3 Darklings","floor":40,"turns":6},{"damage":27,"enemies":"Maw","floor":42,"turns":7},{"damage":0,"enemies":"4 Shapes","floor":43,"turns":6},{"damage":32,"enemies":"Spire Growth","floor":45,"turns":5}],"seed_played":"2447169892525796937","potions_obtained":[{"floor":2,"key":"LiquidMemories"},{"floor":6,"key":"Ancient Potion"},{"floor":11,"key":"FairyPotion"},{"floor":12,"key":"bronze:BurnAndBuffPotion"},{"floor":14,"key":"Strength Potion"},{"floor":20,"key":"BlessingOfTheForge"},{"floor":25,"key":"hexamod:EctoCoolerPotion"},{"floor":32,"key":"EssenceOfSteel"},{"floor":33,"key":"PowerPotion"},{"floor":36,"key":"SpeedPotion"},{"floor":40,"key":"sneckomod:MuddlingPotion"},{"floor":42,"key":"Block Potion"},{"floor":43,"key":"LiquidMemories"}],"is_trial":false,"path_per_floor":["R","M","M","$","$","E","T","R","?","$","M","M","R","M","M","B",null,"R","M","M","$","?","?","T","M","R","$","?","M","R","M","M","B",null,"R","$","T","M","$","M","T","M","M","R","M"],"character_chosen":"THE_SPIRIT","items_purchased":["hexamod:AdvancingGuard","hexamod:ExtraCrispy","Chemical X","hexamod:RainOfEmbers","DuplicationPotion","hexamod:ExtraCrispy","Regen Potion","TheAbacus","expansioncontent:StudyTheSpire","hexamod:Hexaguard"],"campfire_rested":2,"item_purchase_floors":[4,21,27,27,27,27,36,36,36,39],"current_hp_per_floor":[70,70,70,70,68,69,69,79,66,51,57,56,56,63,56,21,87,87,56,32,34,34,7,7,33,33,3,3,1,27,11,2,2,87,87,62,62,34,34,33,33,6,6,32,0,0,0],"gold":208,"neow_bonus":"TRANSFORM_CARD","is_daily":false,"chose_seed":false,"campfire_upgraded":5,"win_rate":0.0,"timestamp":1612737589,"path_taken":["R","M","M","?","$","E","T","R","?","?","M","M","R","?","M","BOSS","R","M","M","$","?","?","T","M","R","?","?","M","R","?","M","BOSS","R","$","?","M","$","M","T","M","M","R","M"],"items_purchased_type":["Card","Card","Relic","Card","Potion","Card","Potion","Relic","Card","Card"],"build_version":"2020-12-22","purchased_purges":1,"victory":false,"max_hp_per_floor":[70,70,70,70,70,77,77,87,87,87,87,87,87,87,87,87,87,87,87,87,87,87,87,87,87,87,87,87,87,87,87,87,87,87,87,87,87,87,87,87,87,87,87,87,87,87,87],"card_choices":[{"not_picked":["hexamod:ThermalTransfer","hexamod:HeatShield"],"picked":"hexamod:GhostOfSpireFuture","floor":2},{"not_picked":["hexamod:HeatMetal","hexamod:Hexaguard"],"picked":"hexamod:ChargedBarrage","floor":3},{"not_picked":["hexamod:PhantomCloak","hexamod:CatchUp"],"picked":"hexamod:InspiringFlames","floor":4},{"not_picked":["hexamod:GhostShield","hexamod:HeatMetal"],"picked":"hexamod:TimeOfNeed","floor":5},{"not_picked":["hexamod:GhostflameBarrier","hexamod:RadiantFlame"],"picked":"hexamod:ThirdSeal","floor":6},{"not_picked":["hexamod:Haunt","hexamod:SpectersWail"],"picked":"hexamod:Again","floor":9},{"not_picked":["hexamod:Haunt","hexamod:InspiringFlames"],"picked":"hexamod:FastForward","floor":9},{"not_picked":["hexamod:GhostShield","hexamod:BacktrackSmack"],"picked":"hexamod:FirstSeal","floor":10},{"not_picked":["hexamod:GhostLash","hexamod:InspiringFlames"],"picked":"hexamod:CatchUp","floor":11},{"not_picked":["hexamod:BacktrackSmack","hexamod:CatchUp"],"picked":"hexamod:HeatMetal","floor":11},{"not_picked":["hexamod:GhostLash","hexamod:ChargedBarrage"],"picked":"hexamod:SpectralAdrenaline","floor":12},{"not_picked":["hexamod:InspiringFlames","hexamod:Firestarter"],"picked":"hexamod:FifthSeal","floor":14},{"not_picked":["hexamod:GhostLash","hexamod:ShieldOfDarkness"],"picked":"hexamod:BurningTouch","floor":14},{"not_picked":["hexamod:FirstSeal","hexamod:ThirdSeal"],"picked":"hexamod:SecondSeal","floor":15},{"not_picked":["hexamod:PhantomFireball","hexamod:HauntingEcho"],"picked":"hexamod:SearingWound","floor":15},{"not_picked":["hexamod:FirstSeal","hexamod:FourthSeal"],"picked":"hexamod:SixthSeal","floor":16},{"not_picked":["hexamod:WildfireWeapon","hexamod:SixthSeal"],"picked":"hexamod:HexaLevel","floor":16},{"not_picked":["hexamod:ThirdSeal","hexamod:FirstSeal"],"picked":"hexamod:SixthSeal","floor":19},{"not_picked":["hexamod:FirstSeal","hexamod:RetreatToShadows","hexamod:GhostLash"],"picked":"SKIP","floor":19},{"not_picked":["hexamod:CatchUp","hexamod:ShieldOfDarkness"],"picked":"hexamod:RecurringNightmare","floor":20},{"not_picked":["hexamod:Firestarter","hexamod:GhostLash","hexamod:DynamicBlow"],"picked":"SKIP","floor":20},{"not_picked":["hexamod:Hexaguard","hexamod:GhostLash+1"],"picked":"hexamod:PhantomFireball","floor":21},{"not_picked":["hexamod:ThirdSeal","hexamod:NightmareStrike","hexamod:Again+1"],"picked":"SKIP","floor":21},{"not_picked":["hexamod:ParanormalForm","hexamod:Hexaguard"],"picked":"hexamod:GhostShield","floor":23},{"not_picked":["hexamod:SecondSeal","hexamod:SpectralAdrenaline"],"picked":"hexamod:GhostOfSpireFuture+1","floor":25},{"not_picked":["hexamod:EtherealExpedition","hexamod:WildfireWeapon"],"picked":"hexamod:Firestarter+1","floor":27},{"not_picked":["hexamod:GhostShield","hexamod:Hexaguard"],"picked":"hexamod:SkipABeat+1","floor":27},{"not_picked":["hexamod:FastForward","hexamod:SecondSeal"],"picked":"hexamod:Incineration+1","floor":29},{"not_picked":["hexamod:SecondSeal","hexamod:ThirdSeal"],"picked":"hexamod:HeatCrush","floor":31},{"not_picked":["hexamod:HauntingEcho+1","hexamod:RecurringNightmare"],"picked":"hexamod:TimeWarp","floor":32},{"not_picked":["hexamod:SearingWound","hexamod:HexaLevel"],"picked":"hexamod:WildfireWeapon","floor":33},{"not_picked":["hexamod:Again","hexamod:SwordOfDarkness"],"picked":"hexamod:ExtraCrispy","floor":36},{"not_picked":["hexamod:CatchUp+1","hexamod:HeatCrush","hexamod:Hexaguard"],"picked":"hexamod:InspiringFlames+1","floor":38},{"not_picked":["hexamod:BacktrackSmack+1","hexamod:SwordOfDarkness","hexamod:HauntingEcho+1"],"picked":"hexamod:NightmareGuise+1","floor":38},{"not_picked":["hexamod:DynamicBlow","hexamod:Incineration","hexamod:BacktrackSmack+1"],"picked":"hexamod:ExtraCrispy+1","floor":40},{"not_picked":["hexamod:SpectralAdrenaline","hexamod:GhostOfSpirePast+1","hexamod:GhostOfSpireFuture"],"picked":"hexamod:FourthSeal","floor":42},{"not_picked":["hexamod:SwordOfDarkness+1","hexamod:GhostLash+1","hexamod:ShieldOfDarkness+1"],"picked":"hexamod:Again+1","floor":43}],"player_experience":218346,"relics_obtained":[{"floor":6,"key":"Strawberry"},{"floor":9,"key":"Vajra"},{"floor":23,"key":"Old Coin"},{"floor":23,"key":"Mercury Hourglass"},{"floor":24,"key":"Tiny Chest"},{"floor":37,"key":"Question Card"},{"floor":41,"key":"Molten Egg 2"}],"event_choices":[],"is_beta":false,"boss_relics":[{"not_picked":["Fusion Hammer","Empty Cage"],"picked":"Astrolabe"},{"not_picked":["hexamod:IceCube","Runic Dome"],"picked":"SacredBark"}],"items_purged_floors":[36],"is_endless":false,"potions_floor_spawned":[2,6,11,12,14,15,20,25,29,32,38,42,43],"killed_by":"Spire Growth","ascension_level":0}}