{"host":"n9fx05aq4lr38byd","time":1612713339,"event":{"mods":["BaseMod","Bestiary","Minty Spire (QoL Compilation)","Permanent Neow","Relic Stats"],"gold_per_floor":[15,27,39,0,14,14,33,33,33],"floor_reached":8,"language":"ENG","playtime":488,"items_purged":[],"score":98,"play_id":"3078a202-79b8-4fe4-a550-5a2186b37722","local_time":"20210207155539","is_ascension_mode":true,"campfire_choices":[{"data":"Deadly Poison","floor":6,"key":"SMITH"}],"circlet_count":0,"master_deck":["AscendersBane","Strike_G","Strike_G","Strike_G","Defend_G","Defend_G","Defend_G","Defend_G","Defend_G","Survivor","Neutralize","Doppelganger","Leg Sweep","PiercingWail","Caltrops","Escape Plan","Bane","Deadly Poison+1","Flechettes"],"relics":["Ring of the Snake"],"acts_visited":["Exordium"],"potions_floor_usage":[4,8],"damage_taken":[{"damage":1,"enemies":"Jaw Worm","floor":1,"turns":8},{"damage":0,"enemies":"2 Louse","floor":2,"turns":6},{"damage":6,"enemies":"Cultist","floor":3,"turns":6},{"damage":6,"enemies":"Looter","floor":4,"turns":5},{"damage":3,"enemies":"2 Fungi Beasts","floor":5,"turns":6},{"damage":16,"enemies":"Exordium Thugs","floor":7,"turns":7},{"damage":29,"enemies":"3 Sentries","floor":8,"turns":8}],"seed_played":"3818159422462270837","potions_obtained":[{"floor":2,"key":"Dexterity Potion"},{"floor":3,"key":"Explosive Potion"},{"floor":7,"key":"CultistPotion"}],"is_trial":false,"path_per_floor":["M","M","M","M","M","R","M","E"],"character_chosen":"THE_SILENT","items_purchased":[],"campfire_rested":0,"item_purchase_floors":[],"current_hp_per_floor":[58,58,52,46,43,43,27,0,0],"gold":33,"neow_bonus":"TRANSFORM_TWO_CARDS","is_daily":false,"chose_seed":false,"campfire_upgraded":1,"win_rate":0.0,"timestamp":1612713339,"path_taken":["M","M","M","M","M","R","M","E"],"items_purchased_type":[],"build_version":"2020-12-22","purchased_purges":0,"victory":false,"max_hp_per_floor":[66,66,66,66,66,66,66,66,66],"relic_stats":{"counters":[7,46],"obtain_stats":[{"Ring of the Snake":0},{"Ring of the Snake":0},{"Ring of the Snake":0}],"Ring of the Snake":[14]},"card_choices":[{"not_picked":["Dodge and Roll","Distraction"],"picked":"PiercingWail","floor":1},{"not_picked":["Cloak And Dagger","Underhanded Strike"],"picked":"Caltrops","floor":2},{"not_picked":["Tactician","Dodge and Roll"],"picked":"Escape Plan","floor":3},{"not_picked":["Distraction","Backflip"],"picked":"Bane","floor":4},{"not_picked":["Deflect","Acrobatics"],"picked":"Deadly Poison","floor":5},{"not_picked":["Skewer","Accuracy"],"picked":"Flechettes","floor":7}],"player_experience":840816,"relics_obtained":[],"event_choices":[],"is_beta":false,"boss_relics":[],"items_purged_floors":[],"is_endless":false,"potions_floor_spawned":[2,3,7],"killed_by":"3 Sentries","ascension_level":19}}