{"host":"x3688v8yj57o2b0e","time":1612663123,"event":{"mods":["BaseMod","Minty Spire (QoL Compilation)"],"gold_per_floor":[115,130,80,91,108,108,118,161,161,196,215,254,288,329,341,353,353],"floor_reached":16,"language":"ENG","playtime":1956,"items_purged":[],"score":159,"play_id":"0b0a5553-1639-4c19-955e-d5925ada7550","local_time":"20210206205843","is_ascension_mode":true,"campfire_choices":[{"floor":6,"key":"REST"},{"data":"Eruption","floor":15,"key":"SMITH"}],"circlet_count":0,"master_deck":["Strike_P","Strike_P","Strike_P","Defend_P","Defend_P","Defend_P","Defend_P","Eruption+1","Vigilance","EmptyFist","CutThroughFate","FollowUp","EmptyBody","Consecrate","JustLucky","Halt","FlyingSleeves","Consecrate","WheelKick","InnerPeace"],"relics":["Black Star","Regal Pillow","CeramicFish","Anchor","Letter Opener","Darkstone Periapt","Frozen Egg 2","MawBank"],"acts_visited":["Exordium"],"potions_floor_usage":[7,8,10,12],"damage_taken":[{"damage":3,"enemies":"2 Louse","floor":1,"turns":3},{"damage":0,"enemies":"Jaw Worm","floor":2,"turns":2},{"damage":14,"enemies":"Small Slimes","floor":4,"turns":3},{"damage":12,"enemies":"Blue Slaver","floor":5,"turns":2},{"damage":10,"enemies":"Large Slime","floor":7,"turns":8},{"damage":5,"enemies":"Gremlin Nob","floor":8,"turns":4},{"damage":11,"enemies":"3 Sentries","floor":10,"turns":6},{"damage":6,"enemies":"Gremlin Gang","floor":11,"turns":3},{"damage":0,"enemies":"Gremlin Nob","floor":12,"turns":2},{"damage":2,"enemies":"Blue Slaver","floor":13,"turns":2},{"damage":0,"enemies":"3 Louse","floor":14,"turns":3},{"damage":30,"enemies":"Hexaghost","floor":16,"turns":9}],"seed_played":"-7778683966465502731","potions_obtained":[{"floor":1,"key":"BlessingOfTheForge"},{"floor":4,"key":"Explosive Potion"},{"floor":8,"key":"BlessingOfTheForge"},{"floor":10,"key":"CultistPotion"},{"floor":11,"key":"SteroidPotion"}],"is_trial":false,"path_per_floor":["M","M","?","M","M","R","M","E","T","E","M","E","M","M","R","B"],"character_chosen":"WATCHER","items_purchased":[],"campfire_rested":1,"item_purchase_floors":[],"current_hp_per_floor":[69,69,69,55,43,64,54,49,49,38,32,32,30,30,30,0,0],"gold":353,"neow_bonus":"BOSS_RELIC","is_daily":false,"chose_seed":false,"campfire_upgraded":1,"win_rate":0.0,"timestamp":1612663123,"path_taken":["M","M","?","M","M","R","M","E","T","E","M","E","M","M","R","BOSS"],"items_purchased_type":[],"build_version":"2020-12-22","purchased_purges":0,"victory":false,"max_hp_per_floor":[72,72,72,72,72,72,72,72,72,72,72,72,72,72,72,72,72],"card_choices":[{"not_picked":["ThirdEye","Halt"],"picked":"EmptyFist","floor":1},{"not_picked":["SashWhip","FollowUp"],"picked":"CutThroughFate","floor":2},{"not_picked":["BattleHymn","SignatureMove"],"picked":"FollowUp","floor":4},{"not_picked":["ThirdEye","PathToVictory"],"picked":"EmptyBody","floor":5},{"not_picked":["WreathOfFlame","LikeWater"],"picked":"Consecrate","floor":7},{"not_picked":["ReachHeaven","CrushJoints"],"picked":"JustLucky","floor":8},{"not_picked":["CrushJoints","Fasting2"],"picked":"Halt","floor":10},{"not_picked":["ReachHeaven","FollowUp"],"picked":"FlyingSleeves","floor":11},{"not_picked":["SandsOfTime","ForeignInfluence"],"picked":"Consecrate","floor":12},{"not_picked":["FearNoEvil","BowlingBash"],"picked":"WheelKick","floor":13},{"not_picked":["Devotion+1","Halt"],"picked":"InnerPeace","floor":14}],"player_experience":203364,"relics_obtained":[{"floor":8,"key":"Regal Pillow"},{"floor":8,"key":"CeramicFish"},{"floor":9,"key":"Anchor"},{"floor":10,"key":"Letter Opener"},{"floor":10,"key":"Darkstone Periapt"},{"floor":12,"key":"Frozen Egg 2"},{"floor":12,"key":"MawBank"}],"event_choices":[{"cards_removed":["Strike_P"],"damage_healed":0,"gold_gain":0,"player_choice":"Card Removal","damage_taken":0,"max_hp_gain":0,"max_hp_loss":0,"event_name":"The Cleric","floor":3,"gold_loss":50}],"is_beta":false,"boss_relics":[],"items_purged_floors":[],"is_endless":false,"potions_floor_spawned":[1,4,8,10,11],"killed_by":"Hexaghost","ascension_level":1}}