{"host":"3po7ngt2j61s4rmj","time":1612674917,"event":{"mods":["Act Like it!","BaseMod","Elementarium","Minty Spire (QoL Compilation)","Relic Stats","Shade Mod","StSLib","The Cursed"],"gold_per_floor":[111,286,286,286,302,327,327,346,346,374,385,413,413,433,433,531,531,550,560,37,37,136,171,171,202,202,35,35,48,79,96,96,194,194,205,255,255,255,267,292,292,320,320,320,320,320,320,331,331,331,331,331,24,50,50],"floor_reached":56,"language":"ENG","playtime":7473,"items_purged":["TheCursedMod:SurpriseAttack","Writhe"],"score":1327,"play_id":"f6272d6d-bb3b-4740-ba61-00c3586f3b3a","local_time":"20210206221517","is_ascension_mode":true,"campfire_choices":[{"data":"TheCursedMod:TacticalStrike","floor":7.0,"key":"SMITH"},{"data":"TheCursedMod:Torture","floor":13,"key":"SMITH"},{"data":"TheCursedMod:CircleOfFlame","floor":15,"key":"SMITH"},{"data":"TheCursedMod:VoidForm","floor":24,"key":"SMITH"},{"data":"TheCursedMod:CircleOfAmplification","floor":28,"key":"SMITH"},{"data":"TheCursedMod:CleanUpWorkshop","floor":32,"key":"SMITH"},{"data":"TheCursedMod:CircleOfCorruption","floor":41,"key":"SMITH"},{"floor":44,"key":"RECALL"},{"floor":47,"key":"REST"},{"data":"TheCursedMod:Strike_TheCursed","floor":49,"key":"PURGE"},{"data":"TheCursedMod:Strike_TheCursed","floor":52,"key":"PURGE"}],"circlet_count":0,"master_deck":["TheCursedMod:Defend_TheCursed","TheCursedMod:Defend_TheCursed","TheCursedMod:Defend_TheCursed","TheCursedMod:Defend_TheCursed","TheCursedMod:CursedWand+1","TheCursedMod:CleanUpWorkshop+1","TheCursedMod:Dregs","TheCursedMod:DemonicPact","TheCursedMod:TacticalStrike+1","TheCursedMod:Stigma","TheCursedMod:Torture+1","TheCursedMod:CursedStaff+1","TheCursedMod:Wield+1","TheCursedMod:CircleOfFlame+1","TheCursedMod:VoidForm+1","TheCursedMod:LuckyCharm","TheCursedMod:CursedAmulet","TheCursedMod:CircleOfAmplification+1","TheCursedMod:CursedMace+1","TheCursedMod:Wield+1","TheCursedMod:CircleOfFlame+1","TheCursedMod:TacticalStrike+1","TheCursedMod:ManaCirculation+1","TheCursedMod:BlessingInDisguise","TheCursedMod:CircleOfCorruption+1","TheCursedMod:SoulReap+1","TheCursedMod:RapidMovement+1","TheCursedMod:HellfireBreathing+1","TheCursedMod:VoidForm+1","TheCursedMod:RapidMovement+1"],"relics":["TheCursedMod:BlackMagic101","Ornamental Fan","Molten Egg 2","Oddly Smooth Stone","Dead Branch","Snecko Eye","Bronze Scales","Nunchaku","Blood Vial","TheCursedMod:SoulVessel","Frozen Egg 2","Lee\u0027s Waffle","Strawberry","TheCursedMod:FourLeafCloverCharm","StoneCalendar","Regal Pillow","Peace Pipe","Orichalcum","ClockworkSouvenir","Bottled Tornado"],"acts_visited":["Exordium","TheCity","TheBeyond","TheEnding"],"potions_floor_usage":[12,19,23,29,29,36,36,42,50,55,55,55],"damage_taken":[{"damage":0.0,"enemies":"Cultist","floor":1.0,"turns":4.0},{"damage":0.0,"enemies":"2 Louse","floor":5.0,"turns":2.0},{"damage":23.0,"enemies":"3 Sentries","floor":6.0,"turns":11.0},{"damage":0.0,"enemies":"Small Slimes","floor":8.0,"turns":2.0},{"damage":17,"enemies":"Gremlin Nob","floor":10,"turns":4},{"damage":0,"enemies":"Looter","floor":11,"turns":3},{"damage":6,"enemies":"3 Sentries","floor":12,"turns":7},{"damage":1,"enemies":"Exordium Wildlife","floor":14,"turns":3},{"damage":4,"enemies":"The Guardian","floor":16,"turns":8},{"damage":0,"enemies":"Chosen","floor":18,"turns":4},{"damage":22,"enemies":"Shell Parasite","floor":19,"turns":4},{"damage":25,"enemies":"Slavers","floor":23,"turns":5},{"damage":19,"enemies":"Gremlin Leader","floor":25,"turns":4},{"damage":0,"enemies":"Centurion and Healer","floor":29,"turns":2},{"damage":7,"enemies":"Slavers","floor":30,"turns":2},{"damage":0,"enemies":"Snake Plant","floor":31,"turns":2},{"damage":13,"enemies":"Champ","floor":33,"turns":5},{"damage":8,"enemies":"3 Shapes","floor":35,"turns":3},{"damage":38,"enemies":"2 Orb Walkers","floor":36,"turns":4},{"damage":10,"enemies":"Orb Walker","floor":39,"turns":2},{"damage":17,"enemies":"Reptomancer","floor":40,"turns":5},{"damage":47,"enemies":"Nemesis","floor":42,"turns":3},{"damage":31,"enemies":"Jaw Worm Horde","floor":48,"turns":6},{"damage":49,"enemies":"Time Eater","floor":50,"turns":7},{"damage":46,"enemies":"Shield and Spear","floor":54,"turns":4},{"damage":71,"enemies":"The Heart","floor":55,"turns":6}],"seed_played":"-274452922308892686","potions_obtained":[{"floor":0.0,"key":"SteroidPotion"},{"floor":0.0,"key":"GamblersBrew"},{"floor":0.0,"key":"ColorlessPotion"},{"floor":1.0,"key":"Fire Potion"},{"floor":5.0,"key":"Regen Potion"},{"floor":6.0,"key":"FearPotion"},{"floor":11,"key":"Strength Potion"},{"floor":16,"key":"SkillPotion"},{"floor":18,"key":"Energy Potion"},{"floor":29,"key":"LiquidMemories"},{"floor":33,"key":"EssenceOfSteel"},{"floor":39,"key":"PowerPotion"},{"floor":40,"key":"Strength Potion"},{"floor":48,"key":"LiquidMemories"},{"floor":54,"key":"GamblersBrew"}],"is_trial":false,"path_per_floor":["M","?","?","?","M","E","R","M","T","E","M","E","R","M","R","B",null,"M","M","$","?","?","E","R","E","T","$","R","M","E","M","R","B",null,"M","?","?","?","M","E","R","E","T","R","?","T","R","M","R","B",null,"R","$","E","B",null],"character_chosen":"THE_CURSED","items_purchased":["TheCursedMod:FuryStrike+1","Bronze Scales","Nunchaku","Regen Potion","Lee\u0027s Waffle","TheCursedMod:Wield+1","ClockworkSouvenir","Weak Potion"],"campfire_rested":1,"item_purchase_floors":[20,20,20,20,27,27,53,53],"current_hp_per_floor":[75,75,68,68,68,60,60,60,60,43,43,37,37,36,36,32,75,75,53,53,53,53,42,42,25,25,82,82,82,82,85,85,75,89,81,45,67,67,60,60,60,37,37,37,37,37,78,52,52,22,89,89,89,71,15],"gold":50,"neow_bonus":"THREE_SMALL_POTIONS","is_daily":false,"chose_seed":false,"campfire_upgraded":7,"win_rate":0.0,"timestamp":1612674917,"path_taken":["M","?","?","?","M","E","R","M","T","E","M","E","R","M","R","BOSS","M","?","$","?","?","E","R","E","T","?","R","M","E","M","R","BOSS","M","?","?","?","M","E","R","E","T","R","?","?","R","M","R","BOSS","R","$","E","BOSS"],"items_purchased_type":["Card","Relic","Relic","Potion","Relic","Card","Relic","Potion"],"build_version":"2020-12-22","purchased_purges":2,"victory":true,"max_hp_per_floor":[75,75,75,75,75,75,75,75,75,75,75,75,75,75,75,75,75,75,75,75,75,75,75,75,75,75,82,82,82,89,89,89,89,89,89,89,89,89,89,89,89,89,89,89,89,89,89,89,89,89,89,89,89,89,89],"relic_stats":{"Lee\u0027s Waffle":57,"Regal Pillow":15,"counters":[26,111],"Dead Branch":[76],"StoneCalendar":[10],"Orichalcum":[30],"Blood Vial":20,"Peace Pipe":2,"Nunchaku":[13],"Ornamental Fan":[124],"Bronze Scales":[224],"Snecko Eye":[121,108,130,133],"obtain_stats":[{"TheCursedMod:BlackMagic101":0,"Lee\u0027s Waffle":27,"TheCursedMod:FourLeafCloverCharm":34,"Regal Pillow":40,"Dead Branch":12,"Oddly Smooth Stone":10,"StoneCalendar":36,"Frozen Egg 2":26,"Orichalcum":46,"Bottled Tornado":54,"ClockworkSouvenir":53,"Blood Vial":23,"Peace Pipe":42,"Nunchaku":20,"Ornamental Fan":6,"Bronze Scales":20,"Strawberry":30,"Snecko Eye":17,"Molten Egg 2":9,"TheCursedMod:SoulVessel":25},{"TheCursedMod:BlackMagic101":0,"Lee\u0027s Waffle":13,"TheCursedMod:FourLeafCloverCharm":17,"Regal Pillow":21,"Dead Branch":7,"Oddly Smooth Stone":5,"StoneCalendar":19,"Frozen Egg 2":13,"Orichalcum":22,"Bottled Tornado":25,"ClockworkSouvenir":24,"Blood Vial":12,"Peace Pipe":22,"Nunchaku":11,"Ornamental Fan":3,"Bronze Scales":11,"Strawberry":15,"Snecko Eye":9,"Molten Egg 2":4,"TheCursedMod:SoulVessel":13},{"TheCursedMod:BlackMagic101":0,"Lee\u0027s Waffle":61,"TheCursedMod:FourLeafCloverCharm":72,"Regal Pillow":86,"Dead Branch":33,"Oddly Smooth Stone":23,"StoneCalendar":79,"Frozen Egg 2":61,"Orichalcum":89,"Bottled Tornado":105,"ClockworkSouvenir":101,"Blood Vial":57,"Peace Pipe":89,"Nunchaku":52,"Ornamental Fan":17,"Bronze Scales":52,"Strawberry":65,"Snecko Eye":44,"Molten Egg 2":19,"TheCursedMod:SoulVessel":61}]},"card_choices":[{"not_picked":["TheCursedMod:ManaBullet","TheCursedMod:CircleOfFlame"],"picked":"TheCursedMod:SurpriseAttack","floor":1.0},{"not_picked":["TheCursedMod:SmokeScreen","TheCursedMod:CursedBlade"],"picked":"TheCursedMod:DemonicPact","floor":5.0},{"not_picked":["TheCursedMod:VitalStrike","TheCursedMod:DoubleShield"],"picked":"TheCursedMod:TacticalStrike","floor":6.0},{"not_picked":["TheCursedMod:VitalStrike","TheCursedMod:CursedStaff"],"picked":"TheCursedMod:Stigma","floor":8.0},{"not_picked":["TheCursedMod:RavingStaff+1","TheCursedMod:CircleOfAmplification"],"picked":"TheCursedMod:Torture","floor":10},{"not_picked":["TheCursedMod:SpitefulStrike+1","TheCursedMod:LuckyCharm"],"picked":"TheCursedMod:CursedStaff+1","floor":11},{"not_picked":["TheCursedMod:UltimatePain","TheCursedMod:RapidMovement"],"picked":"TheCursedMod:Wield+1","floor":12},{"not_picked":["TheCursedMod:Obscuration","TheCursedMod:WearCloak"],"picked":"TheCursedMod:CircleOfFlame","floor":14},{"not_picked":["TheCursedMod:ForbiddenAlchemy","TheCursedMod:OutForBlood"],"picked":"TheCursedMod:VoidForm","floor":16},{"not_picked":["TheCursedMod:CursedAmulet","TheCursedMod:ReleasedStrength","TheCursedMod:RapidMovement"],"picked":"SKIP","floor":18},{"not_picked":["TheCursedMod:Obscuration","TheCursedMod:DemonSword+1"],"picked":"TheCursedMod:LuckyCharm","floor":19},{"not_picked":["TheCursedMod:HellsGateOpen","TheCursedMod:LuckyCharm"],"picked":"TheCursedMod:CursedMace+1","floor":23},{"not_picked":["TheCursedMod:HellsGateOpen","TheCursedMod:Stigma+1","TheCursedMod:FleshFromBone"],"picked":"SKIP","floor":25},{"not_picked":["TheCursedMod:CircleOfCorruption","TheCursedMod:RavingStaff+1"],"picked":"TheCursedMod:CircleOfFlame+1","floor":29},{"not_picked":["TheCursedMod:ReleasedStrength+1","TheCursedMod:Evocation","TheCursedMod:CursedBlade+1"],"picked":"SKIP","floor":30},{"not_picked":["TheCursedMod:VitalStrike+1","TheCursedMod:Torture"],"picked":"TheCursedMod:TacticalStrike+1","floor":31},{"not_picked":["TheCursedMod:CursedRelics+1","TheCursedMod:DemonSword+1"],"picked":"TheCursedMod:ManaCirculation+1","floor":33},{"not_picked":["TheCursedMod:HellsGateOpen+1","TheCursedMod:CursedShiv+1"],"picked":"TheCursedMod:BlessingInDisguise","floor":35},{"not_picked":["TheCursedMod:SpreadPlague+1","TheCursedMod:SmokeScreen+1"],"picked":"TheCursedMod:CircleOfCorruption","floor":36},{"not_picked":["TheCursedMod:Stigma+1","TheCursedMod:ReleasedStrength"],"picked":"TheCursedMod:SoulReap+1","floor":39},{"not_picked":["TheCursedMod:SmokeScreen","TheCursedMod:Mangle+1"],"picked":"TheCursedMod:RapidMovement+1","floor":40},{"not_picked":["TheCursedMod:AshesToAshes","TheCursedMod:CircleOfFocus+1"],"picked":"TheCursedMod:HellfireBreathing+1","floor":42},{"not_picked":["TheCursedMod:Stretching","TheCursedMod:StingEye+1"],"picked":"TheCursedMod:VoidForm+1","floor":48},{"not_picked":["TheCursedMod:SurpriseAttack+1","TheCursedMod:ReleasedStrength"],"picked":"TheCursedMod:RapidMovement+1","floor":54}],"player_experience":1052037,"relics_obtained":[{"floor":6.0,"key":"Ornamental Fan"},{"floor":9.0,"key":"Molten Egg 2"},{"floor":10,"key":"Oddly Smooth Stone"},{"floor":12,"key":"Dead Branch"},{"floor":23,"key":"Blood Vial"},{"floor":25,"key":"TheCursedMod:SoulVessel"},{"floor":26,"key":"Frozen Egg 2"},{"floor":30,"key":"Strawberry"},{"floor":36,"key":"StoneCalendar"},{"floor":40,"key":"Regal Pillow"},{"floor":42,"key":"Peace Pipe"},{"floor":46,"key":"Orichalcum"},{"floor":54,"key":"Bottled Tornado"}],"event_choices":[{"damage_healed":0.0,"max_hp_gain":0.0,"max_hp_loss":0.0,"gold_gain":175.0,"event_name":"Liars Game","player_choice":"AGREE","floor":2.0,"gold_loss":0.0,"damage_taken":0.0,"cards_obtained":["Doubt"]},{"cards_removed":["Doubt"],"damage_healed":0.0,"max_hp_gain":0.0,"max_hp_loss":0.0,"gold_gain":0.0,"event_name":"Golden Wing","player_choice":"Card Removal","floor":3.0,"gold_loss":0.0,"damage_taken":7.0},{"damage_healed":0.0,"max_hp_gain":0.0,"max_hp_loss":0.0,"gold_gain":0.0,"event_name":"Upgrade Shrine","player_choice":"Upgraded","floor":4.0,"gold_loss":0.0,"damage_taken":0.0,"cards_upgraded":["TheCursedMod:CursedWand"]},{"damage_healed":0,"gold_gain":0,"cards_transformed":["TheCursedMod:Strike_TheCursed","TheCursedMod:Strike_TheCursed"],"player_choice":"Became Test Subject","damage_taken":0,"max_hp_gain":0,"max_hp_loss":0,"event_name":"Drug Dealer","floor":21,"gold_loss":0,"cards_obtained":["TheCursedMod:CursedAmulet","TheCursedMod:CircleOfAmplification"]},{"damage_healed":0,"gold_gain":99,"player_choice":"Stole From Cult","damage_taken":0,"max_hp_gain":0,"max_hp_loss":0,"event_name":"Nest","floor":22,"gold_loss":0},{"damage_healed":0,"gold_gain":0,"player_choice":"Fight","damage_taken":0,"max_hp_gain":0,"max_hp_loss":0,"event_name":"Mysterious Sphere","floor":36,"gold_loss":0},{"damage_healed":22,"gold_gain":0,"player_choice":"Writhe","damage_taken":0,"max_hp_gain":0,"max_hp_loss":0,"event_name":"Winding Halls","floor":37,"gold_loss":0,"cards_obtained":["Writhe"]},{"cards_removed":["TheCursedMod:FuryStrike"],"damage_healed":0,"gold_gain":0,"player_choice":"Removed Attack","damage_taken":0,"max_hp_gain":0,"max_hp_loss":0,"event_name":"Falling","floor":38,"gold_loss":0},{"damage_healed":0,"gold_gain":0,"player_choice":"Ignored","damage_taken":0,"max_hp_gain":0,"max_hp_loss":0,"event_name":"Tomb of Lord Red Mask","floor":45,"gold_loss":0}],"is_beta":false,"boss_relics":[{"not_picked":["Fusion Hammer","Black Star"],"picked":"Snecko Eye"},{"not_picked":["Pandora\u0027s Box","Cursed Key"],"picked":"TheCursedMod:FourLeafCloverCharm"}],"items_purged_floors":[20,53],"is_endless":false,"potions_floor_spawned":[1,5,6,11,16,18,29,33,39,40,48,54],"ascension_level":2}}