{"host":"7grzll9olp0d5qv1","time":1612741210,"event":{"mods":["Ascension Reborn","BaseMod","Downfall","Hubris","Infinite Spire","Minty Spire (QoL Compilation)","Replay The Spire","StSLib","The Animator","The Bug Knight","The Cursed","The Servant 0.9.4"],"gold_per_floor":[99,114,164,195,207,243,278,315,350,472,562,696,742,772,818,936,948,860,894,932,994,1056,1072,1072,1072],"floor_reached":23,"language":"ENG","playtime":1465,"items_purged":[],"score":312,"play_id":"f14631b5-570a-4fdc-977a-63fbbc6f921d","local_time":"20210207184010","is_ascension_mode":true,"campfire_choices":[{"floor":1,"key":"RECALL"}],"circlet_count":0,"master_deck":["hexamod:Strike","hexamod:Strike","hexamod:Strike","hexamod:Strike","hexamod:Defend","hexamod:Defend","hexamod:Defend","hexamod:Defend","hexamod:Sear","hexamod:Float","hexamod:TurnItUp+1","hexamod:CatchUp","hubris:Wrath","hexamod:FirstSeal","ReplayTheSpireMod:Restless Dread","hexamod:HauntingEcho","hexamod:ForkedFlame","Parasite","hexamod:FastForward","hexamod:HauntingEcho","ReplayTheSpireMod:Splinters","downfall:Icky","hexamod:FirstSeal","hexamod:Hexaguard","hexamod:InspiringFlames","downfall:Icky","hexamod:GhostflameInferno","CurseOfTheBell","hexamod:Hexaguard+1","hubris:Gluttony","hexamod:InspiringFlames+1","hubris:Gluttony"],"relics":["hexamod:SpiritBrand","Ring of Hypnosis","Ring of Greed","Replay:Bandana","MawBank","hexamod:MatchstickCase","downfall:CloakOfManyFaces","CultistMask","FaceOfCleric","NlothsMask","GremlinMask","SsserpentHead","infinitespire:Golems Mask","Calling Bell","infinitespire:PuzzleCube","Ornamental Fan","Durian","downfall:HeartBlessingRed","hubris:Icosahedron"],"acts_visited":["Exordium","TheCity"],"potions_floor_usage":[10,10,12,16],"damage_taken":[{"damage":6,"enemies":"Jaw Worm","floor":2,"turns":3},{"damage":0,"enemies":"2 Louse","floor":4,"turns":2},{"damage":0,"enemies":"Cultist","floor":6,"turns":3},{"damage":22,"enemies":"Gremlin Gang","floor":8,"turns":7},{"damage":21,"enemies":"Exordium Wildlife","floor":9,"turns":6},{"damage":16,"enemies":"downfall:FaceTrader","floor":10,"turns":9},{"damage":0,"enemies":"2 Fungi Beasts","floor":11,"turns":3},{"damage":6,"enemies":"Gremlin Nob","floor":12,"turns":3},{"damage":3,"enemies":"Large Slime","floor":13,"turns":3},{"damage":4,"enemies":"3 Louse","floor":14,"turns":4},{"damage":9,"enemies":"Blue Slaver","floor":15,"turns":3},{"damage":23,"enemies":"WA_ARCHETYPE_RETAIN","floor":16,"turns":6},{"damage":16,"enemies":"Shell Parasite","floor":19,"turns":5},{"damage":23,"enemies":"3 Byrds","floor":20,"turns":6},{"damage":83,"enemies":"Gremlin Leader","floor":23,"turns":5}],"seed_played":"6118487200526397028","potions_obtained":[{"floor":4,"key":"Ancient Potion"},{"floor":9,"key":"FearPotion"},{"floor":10,"key":"Fire Potion"},{"floor":14,"key":"Block Potion"}],"is_trial":false,"path_per_floor":["R","M","?","M","?","M","T","M","M","?","M","?","M","M","M","B",null,"R","M","M","?","?","E"],"character_chosen":"THE_SPIRIT","items_purchased":[],"campfire_rested":0,"item_purchase_floors":[],"current_hp_per_floor":[70,64,64,64,64,64,64,49,35,26,34,29,34,38,37,22,81,81,80,72,72,72,0,0,0],"gold":1072,"neow_bonus":"ONE_RANDOM_RARE_CARD","is_daily":false,"chose_seed":false,"campfire_upgraded":0,"win_rate":0.0,"timestamp":1612741210,"path_taken":["R","M","?","M","?","M","T","?","?","?","?","?","M","M","M","BOSS","R","M","M","?","?","E"],"items_purchased_type":[],"build_version":"2020-12-22","purchased_purges":0,"victory":false,"max_hp_per_floor":[70,70,70,70,70,70,70,70,70,70,71,72,73,74,75,76,81,81,82,83,83,83,83,83,83],"card_choices":[{"not_picked":["hexamod:HeatMetal","hexamod:NecessarySacrifice"],"picked":"hexamod:CatchUp","floor":2},{"not_picked":["hexamod:BurningTouch","hexamod:HeatMetal"],"picked":"hexamod:Incineration","floor":4},{"not_picked":["hexamod:GhostflameBarrier","hexamod:GhostShield"],"picked":"hexamod:FirstSeal","floor":6},{"not_picked":["hexamod:SkipABeat","hexamod:GhostShield"],"picked":"hexamod:HauntingEcho","floor":8},{"not_picked":["hexamod:AdvancingGuard","hexamod:SkipABeat"],"picked":"hexamod:ForkedFlame","floor":9},{"not_picked":["hexamod:GhostOfSpirePast","hexamod:ThermalTransfer"],"picked":"hexamod:FastForward","floor":10},{"not_picked":["hexamod:SpectersWail","hexamod:BurningTouch"],"picked":"hexamod:HauntingEcho","floor":11},{"not_picked":["hexamod:HeatMetal","hexamod:VolcanoVisage"],"picked":"hexamod:FirstSeal","floor":13},{"not_picked":["hexamod:FlamesFromBeyond","hexamod:HeatCrush"],"picked":"hexamod:Hexaguard","floor":14},{"not_picked":["hexamod:NightmareStrike","hexamod:HeatShield"],"picked":"hexamod:InspiringFlames","floor":15},{"not_picked":["hexamod:GiftsFromTheDead","hexamod:UnlimitedPower"],"picked":"hexamod:GhostflameInferno","floor":16},{"not_picked":["hexamod:NightmareGuise","hexamod:SpectralAdrenaline"],"picked":"hexamod:Hexaguard+1","floor":19},{"not_picked":["hexamod:FastForward+1","hexamod:SpectralAdrenaline"],"picked":"hexamod:InspiringFlames+1","floor":20}],"player_experience":41267,"relics_obtained":[{"floor":3,"key":"Ring of Hypnosis"},{"floor":3,"key":"Ring of Greed"},{"floor":3,"key":"Replay:Bandana"},{"floor":3,"key":"MawBank"},{"floor":7,"key":"hexamod:MatchstickCase"},{"floor":10,"key":"downfall:CloakOfManyFaces"},{"floor":12,"key":"infinitespire:Golems Mask"},{"floor":17,"key":"infinitespire:PuzzleCube"},{"floor":17,"key":"Ornamental Fan"},{"floor":17,"key":"Durian"}],"event_choices":[{"damage_healed":0,"gold_gain":0,"player_choice":"Ignored","damage_taken":0,"max_hp_gain":0,"max_hp_loss":0,"event_name":"NoteForYourself","floor":5,"gold_loss":0}],"is_beta":false,"boss_relics":[{"not_picked":["hubris:TerracottaHorce","hubris:GrandSneckoEye"],"picked":"Calling Bell"}],"items_purged_floors":[],"is_endless":false,"potions_floor_spawned":[4,9,10,14],"killed_by":"Gremlin Leader","ascension_level":0}}