{"host":"ydg0vn0pu4pubmdt","time":1612729763,"event":{"mods":["AchievementEnabler","BaseMod","Colored Map","Gold Saver","Minty Spire (QoL Compilation)","Quick Restart","SuperFastMode"],"gold_per_floor":[118,118,135,2,2,2,41,55,55,73,109,9,9,43,43,133,133,156,156,156,31,55,55,78,112,160,160,195,213,252,273,273,366,366,386,71,404,459,459,494,494,512,580,631,631,649,682,235,235,235,235,235,235,77,110,110],"floor_reached":57,"language":"KOR","playtime":1499,"items_purged":["Strike_P","Defend_P","Defend_P","SignatureMove","Strike_P"],"score":2939,"play_id":"c084047e-b10d-45db-aca4-77e35a97b8f2","local_time":"20210208052923","is_ascension_mode":true,"campfire_choices":[{"data":"FollowUp","floor":6.0,"key":"SMITH"},{"data":"FlurryOfBlows","floor":15.0,"key":"SMITH"},{"data":"Vault","floor":23.0,"key":"SMITH"},{"data":"MentalFortress","floor":27.0,"key":"SMITH"},{"data":"Adaptation","floor":32.0,"key":"SMITH"},{"data":"Ragnarok","floor":41.0,"key":"SMITH"},{"data":"WreathOfFlame","floor":45.0,"key":"SMITH"},{"floor":49.0,"key":"RECALL"},{"data":"MentalFortress","floor":53.0,"key":"SMITH"}],"circlet_count":0,"master_deck":["AscendersBane","Defend_P","Eruption+1","Vigilance","FollowUp+1","Tantrum","FlurryOfBlows+1","MentalFortress+1","Vault+1","EmptyFist+1","Necronomicurse","FearNoEvil+1","Adaptation+1","EmptyBody","Ragnarok+1","WreathOfFlame+1","Master of Strategy+1","MentalFortress+1"],"relics":["PureWater","Meat on the Bone","Yang","Matryoshka","Mercury Hourglass","SacredBark","Necronomicon","Centennial Puzzle","Toy Ornithopter","TeardropLocket","Ancient Tea Set","Oddly Smooth Stone","Regal Pillow","Dream Catcher","VioletLotus","Potion Belt","Turnip","Kunai","Vajra","Toxic Egg 2","Cauldron","Pantograph"],"acts_visited":["Exordium","TheCity","TheBeyond","TheEnding"],"potions_floor_usage":[56,56,56,56,56,56,56,56],"damage_taken":[{"damage":4.0,"enemies":"Small Slimes","floor":1.0,"turns":4.0},{"damage":0.0,"enemies":"2 Louse","floor":3.0,"turns":2.0},{"damage":12.0,"enemies":"3 Sentries","floor":7.0,"turns":5.0},{"damage":0.0,"enemies":"Jaw Worm","floor":8.0,"turns":1.0},{"damage":0.0,"enemies":"Red Slaver","floor":10.0,"turns":1.0},{"damage":0.0,"enemies":"Lagavulin","floor":11.0,"turns":4.0},{"damage":24.0,"enemies":"3 Sentries","floor":14.0,"turns":6.0},{"damage":5.0,"enemies":"Hexaghost","floor":16.0,"turns":5.0},{"damage":15.0,"enemies":"2 Thieves","floor":18.0,"turns":4.0},{"damage":0.0,"enemies":"Chosen","floor":24.0,"turns":2.0},{"damage":14.0,"enemies":"Book of Stabbing","floor":25.0,"turns":2.0},{"damage":0.0,"enemies":"Gremlin Leader","floor":28.0,"turns":2.0},{"damage":0.0,"enemies":"Sentry and Sphere","floor":29.0,"turns":2.0},{"damage":0.0,"enemies":"Slavers","floor":30.0,"turns":3.0},{"damage":0.0,"enemies":"Chosen and Byrds","floor":31.0,"turns":2.0},{"damage":10.0,"enemies":"Automaton","floor":33.0,"turns":5.0},{"damage":27.0,"enemies":"3 Shapes","floor":35.0,"turns":2.0},{"damage":0.0,"enemies":"2 Orb Walkers","floor":38.0,"turns":2.0},{"damage":1.0,"enemies":"Giant Head","floor":40.0,"turns":4.0},{"damage":0.0,"enemies":"3 Darklings","floor":42.0,"turns":2.0},{"damage":28.0,"enemies":"4 Shapes","floor":46.0,"turns":1.0},{"damage":5.0,"enemies":"Nemesis","floor":47.0,"turns":3.0},{"damage":29.0,"enemies":"Awakened One","floor":50.0,"turns":7.0},{"damage":13.0,"enemies":"Donu and Deca","floor":51.0,"turns":4.0},{"damage":0.0,"enemies":"Shield and Spear","floor":55.0,"turns":1.0},{"damage":53,"enemies":"The Heart","floor":56,"turns":10}],"seed_played":"6276061757779311125","potions_obtained":[{"floor":1.0,"key":"Explosive Potion"},{"floor":10.0,"key":"Fire Potion"},{"floor":11.0,"key":"Regen Potion"},{"floor":14.0,"key":"Fire Potion"},{"floor":24.0,"key":"SmokeBomb"},{"floor":28.0,"key":"Block Potion"},{"floor":30.0,"key":"AttackPotion"},{"floor":33.0,"key":"SkillPotion"},{"floor":35.0,"key":"Explosive Potion"},{"floor":40.0,"key":"Swift Potion"},{"floor":54.0,"key":"DuplicationPotion"},{"floor":54.0,"key":"EntropicBrew"},{"floor":55.0,"key":"SpeedPotion"}],"is_trial":false,"path_per_floor":["M","?","M","$","?","R","E","M","T","M","E","$","?","E","R","B",null,"M","?","?","$","T","R","M","E","T","R","E","M","E","M","R","B",null,"M","$","?","?","?","E","R","M","T","T","R","M","E","$","R","B","B",null,"R","$","E","B",null],"character_chosen":"WATCHER","items_purchased":["FollowUp","Potion Belt","Master of Strategy+1","MentalFortress","Cauldron"],"campfire_rested":0,"item_purchase_floors":[4,36,48,48,54],"current_hp_per_floor":[39,39,39,39,39,39,27,39,39,39,39,39,44,35,35,42,61,46,46,25,25,25,25,37,35,35,35,35,35,45,45,45,40,60,45,45,45,50,50,49,49,49,49,49,49,33,40,40,40,23,22,54,54,54,59,33],"gold":110,"neow_bonus":"REMOVE_TWO","is_daily":false,"chose_seed":false,"campfire_upgraded":8,"win_rate":0.0,"timestamp":1612729763,"path_taken":["M","?","M","$","?","R","E","M","T","?","E","?","?","E","R","BOSS","M","?","?","$","?","R","M","E","T","R","E","M","E","M","R","BOSS","M","$","?","?","?","E","R","M","T","?","R","?","E","$","R","BOSS","BOSS","R","$","E","BOSS"],"items_purchased_type":["Card","Relic","Card","Card","Relic"],"build_version":"2020-12-22","purchased_purges":5,"victory":true,"max_hp_per_floor":[68,68,68,68,62,62,62,62,62,62,62,62,67,67,67,67,67,67,67,67,67,67,67,67,67,67,67,67,67,67,67,67,67,67,67,67,67,67,64,64,64,64,64,64,64,64,64,64,64,64,64,64,64,64,64,64],"card_choices":[{"not_picked":["Halt","CutThroughFate"],"picked":"SignatureMove","floor":1.0},{"not_picked":["CutThroughFate","Meditate","Crescendo"],"picked":"SKIP","floor":3.0},{"not_picked":["LikeWater","BowlingBash"],"picked":"Tantrum","floor":7.0},{"not_picked":["Crescendo","Pray"],"picked":"FlurryOfBlows","floor":8.0},{"not_picked":["JustLucky","Tantrum","SignatureMove"],"picked":"SKIP","floor":10.0},{"not_picked":["Pray","FlyingSleeves","Wallop"],"picked":"SKIP","floor":11.0},{"not_picked":["ConjureBlade","Wish"],"picked":"MentalFortress","floor":14.0},{"not_picked":["Wish","LessonLearned"],"picked":"Vault","floor":16.0},{"not_picked":["CutThroughFate","WaveOfTheHand"],"picked":"EmptyFist+1","floor":18.0},{"not_picked":["SashWhip","MentalFortress"],"picked":"FearNoEvil+1","floor":24.0},{"not_picked":["Collect","Tantrum","MasterReality"],"picked":"SKIP","floor":25.0},{"not_picked":["Worship","Blasphemy"],"picked":"Adaptation","floor":28.0},{"not_picked":["Protect","FearNoEvil+1"],"picked":"EmptyBody","floor":29.0},{"not_picked":["FlyingSleeves","SpiritShield","EmptyFist"],"picked":"SKIP","floor":30.0},{"not_picked":["Sanctity","FlurryOfBlows+1","FlyingSleeves"],"picked":"SKIP","floor":31.0},{"not_picked":["Scrawl","DevaForm"],"picked":"Ragnarok","floor":33.0},{"not_picked":["EmptyMind","Protect","Nirvana"],"picked":"SKIP","floor":35.0},{"not_picked":["Study+1","DeceiveReality","Brilliance"],"picked":"SKIP","floor":40.0},{"not_picked":["EmptyBody","WheelKick"],"picked":"WreathOfFlame","floor":42.0},{"not_picked":["Indignation","WreathOfFlame","Prostrate+1"],"picked":"SKIP","floor":46.0},{"not_picked":["Prostrate+1","FearNoEvil","SandsOfTime"],"picked":"SKIP","floor":47.0},{"not_picked":["Pray+1","JustLucky+1","Establishment"],"picked":"SKIP","floor":55.0}],"player_experience":656511,"relics_obtained":[{"floor":7.0,"key":"Meat on the Bone"},{"floor":9.0,"key":"Yang"},{"floor":11.0,"key":"Matryoshka"},{"floor":14.0,"key":"Mercury Hourglass"},{"floor":20.0,"key":"Necronomicon"},{"floor":22.0,"key":"Centennial Puzzle"},{"floor":22.0,"key":"Toy Ornithopter"},{"floor":25.0,"key":"TeardropLocket"},{"floor":26.0,"key":"Ancient Tea Set"},{"floor":26.0,"key":"Oddly Smooth Stone"},{"floor":28.0,"key":"Regal Pillow"},{"floor":30.0,"key":"Dream Catcher"},{"floor":38.0,"key":"Turnip"},{"floor":40.0,"key":"Kunai"},{"floor":44.0,"key":"Vajra"},{"floor":47.0,"key":"Toxic Egg 2"},{"floor":55.0,"key":"Pantograph"}],"event_choices":[{"damage_healed":0.0,"max_hp_gain":0.0,"max_hp_loss":0.0,"gold_gain":0.0,"event_name":"Living Wall","player_choice":"Grow","floor":2.0,"gold_loss":0.0,"damage_taken":0.0,"cards_upgraded":["Eruption"]},{"damage_healed":0.0,"max_hp_gain":0.0,"max_hp_loss":6.0,"gold_gain":0.0,"event_name":"Golden Idol","player_choice":"Lose Max HP","floor":5.0,"gold_loss":0.0,"damage_taken":0.0,"relics_obtained":["Golden Idol"]},{"damage_healed":0.0,"max_hp_gain":5.0,"max_hp_loss":0.0,"gold_gain":0.0,"event_name":"Big Fish","player_choice":"Donut","floor":13.0,"gold_loss":0.0,"damage_taken":0.0},{"cards_removed":["Strike_P"],"damage_healed":0.0,"max_hp_gain":0.0,"max_hp_loss":0.0,"gold_gain":0.0,"event_name":"Back to Basics","player_choice":"Elegance","floor":19.0,"gold_loss":0.0,"damage_taken":0.0},{"damage_healed":0.0,"max_hp_gain":0.0,"max_hp_loss":0.0,"gold_gain":0.0,"event_name":"Cursed Tome","player_choice":"Obtained Book","floor":20.0,"gold_loss":0.0,"damage_taken":21.0},{"damage_healed":0.0,"max_hp_gain":0.0,"max_hp_loss":0.0,"gold_gain":333.0,"event_name":"The Moai Head","player_choice":"Gave Idol","floor":37.0,"relics_lost":["Golden Idol"],"gold_loss":0.0,"damage_taken":0.0},{"damage_healed":0.0,"max_hp_gain":0.0,"max_hp_loss":0.0,"gold_gain":0.0,"event_name":"Mysterious Sphere","player_choice":"Fight","floor":38.0,"gold_loss":0.0,"damage_taken":0.0},{"damage_healed":0.0,"max_hp_gain":0.0,"max_hp_loss":3.0,"gold_gain":0.0,"event_name":"Winding Halls","player_choice":"Max HP","floor":39.0,"gold_loss":0.0,"damage_taken":0.0}],"is_beta":false,"boss_relics":[{"not_picked":["Fusion Hammer","Runic Pyramid"],"picked":"SacredBark"},{"not_picked":["Empty Cage","SlaversCollar"],"picked":"VioletLotus"}],"items_purged_floors":[4,12,21,36,48],"is_endless":false,"potions_floor_spawned":[1,10,11,14,24,28,30,33,35,40,55],"ascension_level":20}}