{"host":"oigynbtg272c19pw","time":1612710695,"event":{"mods":["BaseMod","Colored Map","Minty Spire (QoL Compilation)","Relic Stats","Slay the Relics Exporter","StSLib"],"gold_per_floor":[115,29,29,29,0,0,31,49,49,72,113,74,114,127,127,127,127],"floor_reached":16,"playtime":400,"items_purged":[],"score":336,"play_id":"72a88c43-3b4c-4f65-a8ac-c9e37f387801","local_time":"20210207161135","is_ascension_mode":true,"campfire_choices":[{"data":"Wallop","floor":6.0,"key":"SMITH"},{"floor":15,"key":"REST"}],"circlet_count":0,"master_deck":["AscendersBane","Strike_P","Strike_P","Strike_P","Strike_P","Defend_P","Defend_P","Defend_P","Defend_P","Eruption","Vigilance","WindmillStrike","Wallop+1","Protect","Consecrate","Collect","EmptyFist","Adaptation","Indignation"],"relics":["PureWater","NeowsBlessing","Golden Idol","MealTicket","InkBottle","HornCleat","Art of War"],"acts_visited":["Exordium"],"potions_floor_usage":[13,14],"damage_taken":[{"damage":0.0,"enemies":"Small Slimes","floor":1.0,"turns":1.0},{"damage":0.0,"enemies":"Lagavulin","floor":7.0,"turns":1.0},{"damage":0.0,"enemies":"Jaw Worm","floor":8.0,"turns":1.0},{"damage":0.0,"enemies":"2 Louse","floor":10.0,"turns":3.0},{"damage":25.0,"enemies":"3 Sentries","floor":11.0,"turns":10.0},{"damage":0,"enemies":"Gremlin Nob","floor":13,"turns":2},{"damage":24,"enemies":"Gremlin Gang","floor":14,"turns":3},{"damage":34,"enemies":"The Guardian","floor":16,"turns":2}],"seed_played":"2316722817472928410","potions_obtained":[{"floor":1.0,"key":"DuplicationPotion"},{"floor":13,"key":"FearPotion"}],"is_trial":false,"path_per_floor":["M","$","?","?","$","R","E","M","T","M","E","$","E","M","R","B"],"character_chosen":"WATCHER","items_purchased":["Wallop","Protect","Adaptation"],"campfire_rested":1,"item_purchase_floors":[2,5,12],"current_hp_per_floor":[61,61,38,43,43,43,43,43,43,43,18,33,33,9,30,0,0],"gold":127,"neow_bonus":"THREE_ENEMY_KILL","is_daily":false,"chose_seed":false,"campfire_upgraded":1,"win_rate":0.0,"timestamp":1612710695,"path_taken":["M","$","?","?","?","R","E","M","T","M","E","$","E","?","R","BOSS"],"items_purchased_type":["Card","Card","Card"],"build_version":"2020-12-13","purchased_purges":0,"victory":false,"max_hp_per_floor":[68,68,68,73,73,73,73,73,73,73,73,73,73,73,73,73,73],"relic_stats":{"counters":[8,23],"Golden Idol":34,"MealTicket":15,"Art of War":[0],"obtain_stats":[{"HornCleat":11,"NeowsBlessing":0,"Golden Idol":3,"MealTicket":7,"Art of War":13,"PureWater":0,"InkBottle":9},{"HornCleat":5,"NeowsBlessing":0,"Golden Idol":1,"MealTicket":2,"Art of War":6,"PureWater":0,"InkBottle":3},{"HornCleat":16,"NeowsBlessing":0,"Golden Idol":1,"MealTicket":2,"Art of War":18,"PureWater":0,"InkBottle":3}],"InkBottle":[4]},"card_choices":[{"not_picked":["ThirdEye","Protect"],"picked":"WindmillStrike","floor":1.0},{"not_picked":["SashWhip","Pray"],"picked":"Consecrate","floor":7.0},{"not_picked":["Halt","ForeignInfluence"],"picked":"Collect","floor":8.0},{"not_picked":["Consecrate","EmptyMind"],"picked":"EmptyFist","floor":10.0},{"not_picked":["LikeWater","PathToVictory","ClearTheMind"],"picked":"SKIP","floor":11.0},{"not_picked":["CarveReality","Indignation","Evaluate"],"picked":"SKIP","floor":13},{"not_picked":["CarveReality","Evaluate"],"picked":"Indignation","floor":13},{"not_picked":["Collect","EmptyFist","Indignation"],"picked":"SKIP","floor":14}],"player_experience":1559768,"relics_obtained":[{"floor":7.0,"key":"MealTicket"},{"floor":9.0,"key":"InkBottle"},{"floor":11.0,"key":"HornCleat"},{"floor":13,"key":"Art of War"}],"event_choices":[{"damage_healed":0.0,"max_hp_gain":0.0,"max_hp_loss":0.0,"gold_gain":0.0,"event_name":"Golden Idol","player_choice":"Take Damage","floor":3.0,"gold_loss":0.0,"damage_taken":23.0,"relics_obtained":["Golden Idol"]},{"damage_healed":0.0,"max_hp_gain":5.0,"max_hp_loss":0.0,"gold_gain":0.0,"event_name":"Big Fish","player_choice":"Donut","floor":4.0,"gold_loss":0.0,"damage_taken":0.0}],"is_beta":false,"boss_relics":[],"items_purged_floors":[],"is_endless":false,"potions_floor_spawned":[1,13],"killed_by":"The Guardian","ascension_level":20}}