{"host":"92wx9z21c4p52du4","time":1612677185,"event":{"mods":["Arknights","BaseMod","Infinite Spire","Lobotomy","Minty Spire (QoL Compilation)","Reliquary","Robot Space Explorer","StSLib","The Blue Laboratory","The Disciple","The Jungle","The Runesmith","TheSurvivalist"],"gold_per_floor":[269,284,60,10,22,57,81,115,115,124,124,49,76,106,106,226,289,289,289,317,326,344,344,372,351,375,420,451,459,480,523,523,382,382],"floor_reached":33,"language":"ENG","playtime":2179,"items_purged":["Regret","Runesmith:Retool+1"],"score":362,"play_id":"f7f5f0fa-1dd6-477e-be14-cfc866bc9ede","local_time":"20210206235305","is_ascension_mode":false,"campfire_choices":[{"floor":11,"key":"REST"},{"data":"Runesmith:GrandSlam","floor":15,"key":"SMITH"},{"floor":23,"key":"REST"},{"floor":32,"key":"REST"}],"circlet_count":0,"master_deck":["Apo_SoulSlash","Apo_Charge","Apo_Charge","Apo_Charge","Apo_Beam","Apo_Beam","Apo_Execute","Apo_Slash","Apo_Slash","Apo_SoulSlash","BlackSwan","infinitespire:Collect","Panacea","Swift Strike","Freischutz","Runesmith:StaticCage+1","Mercenary","Runesmith:PerfectChisel+1","Ghostly","Ghostly","Ghostly","Ghostly","Ghostly","HappyTeddy","Runesmith:CraftMagma+1","Rudolta","Runesmith:CraftIncendium+1","Laetitia","Runesmith:Grindstone+1"],"relics":["Runesmith:BrokenRuby","CogitoBucket","Chemical X","CeramicFish","ResearcherNote","Boot","reliquary:PartyBalloon","Pandora\u0027s Box","ApostleMask","reliquary:Firecrackers","Theresia","infinitespire:EmpoweringShard","MealTicket","infinitespire:Satchel","reliquary:Aerogel","LuminousBracelet","AtMidnight","Red Mask"],"acts_visited":["Exordium","TheCity"],"potions_floor_usage":[6,16,16,20,30,33,33],"damage_taken":[{"damage":2,"enemies":"Jaw Worm","floor":1,"turns":4},{"damage":7,"enemies":"2 Louse","floor":2,"turns":3},{"damage":3,"enemies":"Small Slimes","floor":5,"turns":2},{"damage":3,"enemies":"Lagavulin","floor":6,"turns":6},{"damage":15,"enemies":"3 Louse","floor":7,"turns":3},{"damage":21,"enemies":"Blue Slaver","floor":8,"turns":4},{"damage":7,"enemies":"Looter","floor":13,"turns":4},{"damage":2,"enemies":"Large Slime","floor":14,"turns":7},{"damage":29,"enemies":"Slime Boss","floor":16,"turns":11},{"damage":36,"enemies":"Shell Parasite","floor":20,"turns":4},{"damage":10,"enemies":"Chosen","floor":24,"turns":2},{"damage":0,"enemies":"Book of Stabbing","floor":25,"turns":2},{"damage":3,"enemies":"Snake Plant","floor":28,"turns":2},{"damage":3,"enemies":"Nightmare","floor":29,"turns":4},{"damage":11,"enemies":"Snecko","floor":30,"turns":4},{"damage":1,"enemies":"Masked Bandits","floor":31,"turns":2},{"damage":28,"enemies":"Champ","floor":33,"turns":5}],"seed_played":"-2617449854341656094","potions_obtained":[{"floor":1,"key":"blueLaboratory:HummingbirdPotion"},{"floor":8,"key":"blueLaboratory:BubblePotion"},{"floor":14,"key":"blueLaboratory:FrostheartPotion"},{"floor":16,"key":"blueLaboratory:PhilterOfMotion"},{"floor":29,"key":"ColorlessPotion"},{"floor":30,"key":"ColorlessPotion"},{"floor":31,"key":"BlessingOfTheForge"}],"is_trial":false,"path_per_floor":["M","M","$","?","M","E","M","M","T","?","R","$","M","M","R","B",null,"M","?","M","AVR","?","R","M","E","T","?","M","NM","M","?","R","B"],"character_chosen":"RUNESMITH_CLASS","items_purchased":["Chemical X","Runesmith:GrandSlam"],"campfire_rested":3,"item_purchase_floors":[3,3],"current_hp_per_floor":[68,61,61,61,58,55,40,26,26,26,47,47,40,40,40,17,70,54,54,18,18,18,18,70,70,70,35,32,29,18,17,17,0,0],"gold":382,"neow_bonus":"","is_daily":false,"chose_seed":false,"campfire_upgraded":1,"win_rate":0.0,"timestamp":1612677185,"path_taken":["M","M","$","?","M","E","M","M","T","?","R","?","M","?","R","BOSS","M","?","M","AVR","?","R","M","E","T","?","M","NM","M","?","R","BOSS"],"items_purchased_type":["Relic","Card"],"build_version":"2020-12-22","purchased_purges":2,"victory":false,"max_hp_per_floor":[70,70,70,70,70,70,70,70,70,70,70,70,70,70,70,70,70,70,70,70,70,70,70,70,70,70,35,35,35,50,50,50,50,50],"card_choices":[{"not_picked":["PunishingBird","Variant","MHz"],"picked":"Singing Bowl","floor":1},{"not_picked":["RedShoes","MeatLantern"],"picked":"ShyLook","floor":1},{"not_picked":["Runesmith:Overpower","Runesmith:NanitesCloud"],"picked":"Runesmith:UnstableHammer","floor":1},{"not_picked":["WallGazer","MeatLantern","OSAHOGD"],"picked":"Singing Bowl","floor":2},{"not_picked":["Yin","HeroicMonk"],"picked":"SpiderBud","floor":2},{"not_picked":["Runesmith:Repurpose","Runesmith:ChiselStab"],"picked":"Runesmith:RuneHurl","floor":2},{"not_picked":["Bloodbath","OldLady"],"picked":"DespairKnight","floor":5},{"not_picked":["Runesmith:Overpower","Runesmith:HeatExchange"],"picked":"Runesmith:Repurpose","floor":5},{"not_picked":["QueenBee","NakedNest","BeautyBeast"],"picked":"Singing Bowl","floor":6},{"not_picked":["CrumblingArmor","MeatLantern"],"picked":"OldLady","floor":6},{"not_picked":["Runesmith:CraftVitae","Runesmith:Grindstone"],"picked":"Runesmith:ReplicatingBarrier","floor":6},{"not_picked":["Bloodbath","HeroicMonk"],"picked":"PlagueDoctor","floor":7},{"not_picked":["Runesmith:StaticCage","Runesmith:Electrocute","Runesmith:BackupBattery"],"picked":"SKIP","floor":7},{"not_picked":["Murderer","MeatLantern"],"picked":"VoidDream","floor":8},{"not_picked":["Runesmith:HeatedChisel","Runesmith:ChiselStab"],"picked":"Runesmith:ReplicatingBarrier","floor":8},{"not_picked":["MHz","WallGazer","HeroicMonk"],"picked":"Singing Bowl","floor":13},{"not_picked":["MeatLantern","OSAHOGD"],"picked":"SingingMachine","floor":13},{"not_picked":["Runesmith:Overpower","Runesmith:ShiftingStrike","Runesmith:Grindstone"],"picked":"SKIP","floor":13},{"not_picked":["QueenOfHatred","LittleHelper"],"picked":"GalaxyChild","floor":14},{"not_picked":["Runesmith:WhiteBalance","Runesmith:Empowerment"],"picked":"Runesmith:Accelerate","floor":14},{"not_picked":["BigBadWolf","BeautyBeast","MeatLantern"],"picked":"Singing Bowl","floor":16},{"not_picked":["Murderer","Bloodbath"],"picked":"BigBadWolf","floor":16},{"not_picked":["Runesmith:CreatorForm","Runesmith:ArcReactor"],"picked":"Runesmith:CraftIndustria","floor":16},{"not_picked":["PunishingBird","BeautyBeast","SingingMachine"],"picked":"Singing Bowl","floor":20},{"not_picked":["ShyLook","CherryBlossoms"],"picked":"BlackSwan","floor":20},{"not_picked":["Runesmith:EnergizedChisel","Runesmith:HammerThrow"],"picked":"Runesmith:Retool+1","floor":20},{"not_picked":["WhiteNight","SpiderBud"],"picked":"Freischutz","floor":24},{"not_picked":["Runesmith:EnergizedChisel","Runesmith:NanitesCloud+1"],"picked":"Runesmith:StaticCage+1","floor":24},{"not_picked":["Yin","Porccubus"],"picked":"Mercenary","floor":25},{"not_picked":["Runesmith:UnstableHammer","Runesmith:BackupBattery"],"picked":"Runesmith:PerfectChisel+1","floor":25},{"not_picked":["HeroicMonk","Scorched"],"picked":"HappyTeddy","floor":28},{"not_picked":["Runesmith:Attraction+1","Runesmith:PerfectChisel"],"picked":"Runesmith:CraftMagma+1","floor":28},{"not_picked":["Funeral","Alriune","LaLuna"],"picked":"Singing Bowl","floor":29},{"not_picked":["HeroicMonk","FairyFestival"],"picked":"Rudolta","floor":29},{"not_picked":["Runesmith:HammerTime","Runesmith:HammerThrow"],"picked":"Runesmith:CraftIncendium+1","floor":29},{"not_picked":["HeroicMonk","OldLady"],"picked":"Laetitia","floor":30},{"not_picked":["Runesmith:HammerTime","Runesmith:HeatedChisel+1","Runesmith:HammerThrow"],"picked":"SKIP","floor":30},{"not_picked":["Scarecrow","QueenOfHatred","CrumblingArmor"],"picked":"Singing Bowl","floor":31},{"not_picked":["Runesmith:DoubleUp+1","Runesmith:MakeshiftArmor+1"],"picked":"Runesmith:Grindstone+1","floor":31}],"player_experience":201805,"relics_obtained":[{"floor":6,"key":"CeramicFish"},{"floor":9,"key":"Boot"},{"floor":25,"key":"MealTicket"},{"floor":26,"key":"infinitespire:Satchel"},{"floor":29,"key":"reliquary:Aerogel"},{"floor":30,"key":"AtMidnight"},{"floor":31,"key":"Red Mask"}],"event_choices":[{"cards_removed":["Runesmith:Strike_RS"],"damage_healed":0,"gold_gain":0,"player_choice":"Card Removal","damage_taken":0,"max_hp_gain":0,"max_hp_loss":0,"event_name":"The Cleric","floor":4,"gold_loss":50},{"damage_healed":0,"gold_gain":0,"player_choice":"Box","damage_taken":0,"relics_obtained":["reliquary:PartyBalloon"],"max_hp_gain":0,"max_hp_loss":0,"event_name":"Big Fish","floor":10,"gold_loss":0,"cards_obtained":["Regret"]},{"damage_healed":0,"gold_gain":0,"player_choice":"Opened","damage_taken":0,"relics_obtained":["reliquary:Firecrackers"],"max_hp_gain":0,"max_hp_loss":0,"event_name":"The Mausoleum","floor":19,"gold_loss":0},{"damage_healed":0,"gold_gain":0,"cards_transformed":["Apo_Charge","Apo_Beam"],"player_choice":"Became Test Subject","damage_taken":0,"max_hp_gain":0,"max_hp_loss":0,"event_name":"Drug Dealer","floor":22,"gold_loss":0,"cards_obtained":["Panacea","Swift Strike"]},{"damage_healed":0,"gold_gain":0,"player_choice":"Became a Ghost","damage_taken":0,"max_hp_gain":0,"max_hp_loss":35,"event_name":"Ghosts","floor":27,"gold_loss":0,"cards_obtained":["Ghostly","Ghostly","Ghostly","Ghostly","Ghostly"]},{"damage_healed":0,"gold_gain":0,"player_choice":"Fought Bandits","damage_taken":0,"max_hp_gain":0,"max_hp_loss":0,"event_name":"Masked Bandits","floor":31,"gold_loss":0}],"is_beta":false,"boss_relics":[{"not_picked":["Busted Crown","Fusion Hammer"],"picked":"Pandora\u0027s Box"}],"items_purged_floors":[12,21],"is_endless":true,"potions_floor_spawned":[1,8,14,16,29,30,31],"killed_by":"Champ","ascension_level":0}}