{"host":"y36bp6mnm73x3iob","time":1612712772,"event":{"mods":["Aspiration","BaseMod","Bossed Relics","GifTheSpireLib","Hermit","Minty Spire (QoL Compilation)","Reliquary","Retaliation","StSLib"],"gold_per_floor":[112,112,136,136,151,186,186,201,201,244,267,305,305,384,384,514,514,530,322,322,347,68,68,92,92,115,149,183,183,235,267,267,399,399,423,423,423,790,233,233,280,307,307,336,369,398,255,297,297,297,297,297,33,78,78],"floor_reached":56,"language":"ENG","playtime":3295,"items_purged":["Strike_R","Strike_R"],"score":1959,"play_id":"e6a89e35-5839-4daa-8820-f205791e8a65","local_time":"20210207174612","is_ascension_mode":true,"campfire_choices":[{"data":"Armaments","floor":7,"key":"SMITH"},{"floor":13,"key":"REST"},{"data":"Armaments","floor":15,"key":"SMITH"},{"data":"Searing Blow+1","floor":23,"key":"SMITH"},{"data":"Searing Blow+2","floor":25,"key":"SMITH"},{"data":"Searing Blow+3","floor":29,"key":"SMITH"},{"data":"Searing Blow+4","floor":32,"key":"SMITH"},{"data":"Searing Blow+5","floor":40,"key":"SMITH"},{"floor":49,"key":"RECALL"},{"data":"Searing Blow+6","floor":52,"key":"SMITH"}],"circlet_count":0,"master_deck":["AscendersBane","Strike_R","Strike_R","Defend_R","Defend_R","Defend_R","Defend_R","Bash","Bludgeon","Thunderclap","DDmod:SpikedSkill","Panacea","Offering","DDmod:SpikedSkill","Armaments+1","Bloodletting","Metallicize","Armaments+1","Warcry+1","Impervious+1","Searing Blow+7","DDmod:EasePowerCard","Jack Of All Trades+1","Havoc+1","DDmod:EasePowerCard","DDmod:BurningFumesPowerCard+1","Warcry+1","Warcry+1","Burning Pact+1","Pummel","True Grit+1","Sentinel+1","Intimidate+1","DDmod:SpikeInjectionSkill+1","Sentinel+1","True Grit+1","Infernal Blade+1","Exhume+1","Second Wind+1","Havoc+1","DDmod:AllInSkill+1","DDmod:EasePowerCard","Disarm+1","Uppercut","True Grit+1","DDmod:UnstoppableAttack","DDmod:UnstoppableAttack+1","DDmod:AllInSkill+1","Sever Soul+1","Whirlwind","Warcry+1","Panacea+1","Rage+1"],"relics":["Burning Blood","Golden Idol","FossilizedHelix","Dead Branch","CaptainsWheel","Toxic Egg 2","Coffee Dripper","Orrery","CeramicFish","aspiration:Stabinomicon","aspiration:SecretTechniqueScroll","Old Coin","reliquary:BrokenClock","Vajra","reliquary:SharkskinSheath","DollysMirror","Akabeko","Red Skull"],"acts_visited":["Exordium","TheCity","TheBeyond","TheEnding"],"potions_floor_usage":[6,11,16,28,30,35,50,54,55,55],"damage_taken":[{"damage":7,"enemies":"Jaw Worm","floor":1,"turns":2},{"damage":1,"enemies":"Cultist","floor":3,"turns":3},{"damage":6,"enemies":"Small Slimes","floor":5,"turns":2},{"damage":51,"enemies":"Gremlin Nob","floor":6,"turns":4},{"damage":8,"enemies":"3 Louse","floor":8,"turns":5},{"damage":20,"enemies":"Lagavulin","floor":10,"turns":6},{"damage":11,"enemies":"Gremlin Gang","floor":11,"turns":5},{"damage":15,"enemies":"3 Sentries","floor":12,"turns":10},{"damage":16,"enemies":"The Guardian","floor":16,"turns":9},{"damage":9,"enemies":"Shell Parasite","floor":18,"turns":4},{"damage":10,"enemies":"Spheric Guardian","floor":21,"turns":4},{"damage":12,"enemies":"Snecko","floor":24,"turns":2},{"damage":0,"enemies":"3 Cultists","floor":27,"turns":4},{"damage":16,"enemies":"Centurion and Healer","floor":28,"turns":3},{"damage":15,"enemies":"Book of Stabbing","floor":30,"turns":5},{"damage":1,"enemies":"Snake Plant","floor":31,"turns":2},{"damage":55,"enemies":"Champ","floor":33,"turns":9},{"damage":31,"enemies":"3 Darklings","floor":35,"turns":5},{"damage":27,"enemies":"2 Orb Walkers","floor":38,"turns":5},{"damage":34,"enemies":"Giant Head","floor":41,"turns":5},{"damage":3,"enemies":"Orb Walker","floor":42,"turns":4},{"damage":0,"enemies":"Spire Growth","floor":44,"turns":2},{"damage":0,"enemies":"Maw","floor":45,"turns":1},{"damage":0,"enemies":"Writhing Mass","floor":46,"turns":1},{"damage":57,"enemies":"Reptomancer","floor":48,"turns":8},{"damage":0,"enemies":"Time Eater","floor":50,"turns":1},{"damage":15,"enemies":"Shield and Spear","floor":54,"turns":2},{"damage":100,"enemies":"The Heart","floor":55,"turns":6}],"seed_played":"3536567356964003893","potions_obtained":[{"floor":3,"key":"LiquidBronze"},{"floor":6,"key":"FairyPotion"},{"floor":10,"key":"SpeedPotion"},{"floor":11,"key":"ElixirPotion"},{"floor":21,"key":"FearPotion"},{"floor":24,"key":"DuplicationPotion"},{"floor":33,"key":"AttackPotion"},{"floor":41,"key":"GamblersBrew"},{"floor":44,"key":"FearPotion"},{"floor":54,"key":"Explosive Potion"}],"is_trial":false,"path_per_floor":["M","?","M","?","M","E","R","M","T","E","M","E","R","?","R","B",null,"M","$","?","M","$","R","M","R","T","M","M","R","E","M","R","B",null,"M","?","$","?","$","R","E","M","T","M","M","M","$","E","R","B",null,"R","$","E","B",null],"character_chosen":"IRONCLAD","items_purchased":["DDmod:EasePowerCard","Jack Of All Trades+1","DDmod:EasePowerCard","Orrery","True Grit+1","Sentinel+1","DDmod:AllInSkill+1","reliquary:BrokenClock","Vajra","DDmod:EasePowerCard","DollysMirror","Whirlwind","Warcry+1","CultistPotion","Panacea+1"],"campfire_rested":1,"item_purchase_floors":[19,19,22,22,22,22,39,39,39,39,47,53,53,53,53],"current_hp_per_floor":[71,71,74,74,74,29,29,27,27,13,8,28,50,50,50,40,66,63,63,63,69,69,69,74,74,74,74,70,70,74,74,74,56,70,74,74,74,73,73,73,60,74,74,74,74,74,74,66,66,74,74,74,74,73,74],"gold":78,"neow_bonus":"ONE_RANDOM_RARE_CARD","is_daily":false,"chose_seed":false,"campfire_upgraded":8,"win_rate":0.0,"timestamp":1612712772,"path_taken":["M","?","M","?","M","E","R","M","T","E","?","E","R","?","R","BOSS","M","$","?","M","$","R","M","R","T","?","M","R","E","M","R","BOSS","M","?","?","?","$","R","E","M","T","M","M","M","$","E","R","BOSS","R","$","E","BOSS"],"items_purchased_type":["Card","Card","Card","Relic","Card","Card","Card","Relic","Relic","Card","Relic","Card","Card","Potion","Card"],"build_version":"2020-12-22","purchased_purges":2,"victory":true,"max_hp_per_floor":[80,74,74,74,74,74,74,74,74,74,74,74,74,74,74,74,74,74,74,74,74,74,74,74,74,74,74,74,74,74,74,74,74,74,74,74,74,74,74,74,74,74,74,74,74,74,74,74,74,74,74,74,74,74,74],"card_choices":[{"not_picked":["DDmod:CallousedSkill","Iron Wave"],"picked":"Thunderclap","floor":1},{"not_picked":["Body Slam","Burning Pact"],"picked":"DDmod:SpikedSkill","floor":3},{"not_picked":["Thunderclap","Headbutt"],"picked":"DDmod:SpikedSkill","floor":5},{"not_picked":["Corruption","True Grit"],"picked":"Armaments","floor":6},{"not_picked":["Entrench","Flex"],"picked":"Bloodletting","floor":8},{"not_picked":["Entrench","Thunderclap"],"picked":"Metallicize","floor":10},{"not_picked":["Thunderclap","True Grit"],"picked":"Armaments","floor":11},{"not_picked":["Headbutt","Cleave"],"picked":"Warcry+1","floor":12},{"not_picked":["Immolate","Exhume+1"],"picked":"Impervious+1","floor":16},{"not_picked":["Pommel Strike","DDmod:UnstoppableAttack"],"picked":"Searing Blow+1","floor":18},{"not_picked":["Rage+1","Power Through+1"],"picked":"Havoc+1","floor":21},{"not_picked":["DDmod:PokeAttack","Cleave+1"],"picked":"DDmod:BurningFumesPowerCard+1","floor":22},{"not_picked":["Infernal Blade+1","Heavy Blade"],"picked":"Warcry+1","floor":22},{"not_picked":["Body Slam","Anger"],"picked":"Warcry+1","floor":22},{"not_picked":["Wild Strike+1","Pummel+1"],"picked":"Burning Pact+1","floor":22},{"not_picked":["Flex+1","Twin Strike"],"picked":"Pummel","floor":22},{"not_picked":["Shrug It Off+1","Power Through+1"],"picked":"Intimidate+1","floor":24},{"not_picked":["Warcry+1","Thunderclap"],"picked":"DDmod:SpikeInjectionSkill+1","floor":27},{"not_picked":["Wild Strike","Rage+1"],"picked":"Sentinel+1","floor":28},{"not_picked":["DDmod:GrandUltimatumAttack","Entrench+1"],"picked":"True Grit+1","floor":30},{"not_picked":["Wild Strike","Clash"],"picked":"Infernal Blade+1","floor":31},{"not_picked":["Bludgeon","Feed"],"picked":"Exhume+1","floor":33},{"not_picked":["Flex+1","Twin Strike+1"],"picked":"Second Wind+1","floor":35},{"not_picked":["Perfected Strike","Clash+1"],"picked":"Havoc+1","floor":38},{"not_picked":["Havoc+1","Body Slam+1"],"picked":"Disarm+1","floor":41},{"not_picked":["Reckless Charge+1","Pommel Strike+1"],"picked":"Uppercut","floor":42},{"not_picked":["Wild Strike","Perfected Strike+1"],"picked":"True Grit+1","floor":44},{"not_picked":["DDmod:GrandUltimatumAttack","Pommel Strike"],"picked":"DDmod:UnstoppableAttack","floor":45},{"not_picked":["Searing Blow","Dropkick"],"picked":"DDmod:UnstoppableAttack+1","floor":46},{"not_picked":["Bludgeon","DDmod:GrandUltimatumAttack"],"picked":"Sever Soul+1","floor":48},{"not_picked":["Body Slam","Perfected Strike+1"],"picked":"Rage+1","floor":54}],"player_experience":505692,"relics_obtained":[{"floor":6,"key":"FossilizedHelix"},{"floor":9,"key":"Dead Branch"},{"floor":10,"key":"CaptainsWheel"},{"floor":12,"key":"Toxic Egg 2"},{"floor":26,"key":"CeramicFish"},{"floor":30,"key":"aspiration:Stabinomicon"},{"floor":38,"key":"Old Coin"},{"floor":41,"key":"reliquary:SharkskinSheath"},{"floor":48,"key":"Akabeko"},{"floor":54,"key":"Red Skull"}],"event_choices":[{"damage_healed":0,"gold_gain":0,"player_choice":"Lose Max HP","damage_taken":0,"relics_obtained":["Golden Idol"],"max_hp_gain":0,"max_hp_loss":6,"event_name":"Golden Idol","floor":2,"gold_loss":0},{"damage_healed":0,"gold_gain":0,"player_choice":"2 cards matched","damage_taken":0,"max_hp_gain":0,"max_hp_loss":0,"event_name":"Match and Keep!","floor":4,"gold_loss":0,"cards_obtained":["Panacea","Offering"]},{"damage_healed":0,"gold_gain":79,"player_choice":"Gained Gold","damage_taken":0,"max_hp_gain":0,"max_hp_loss":0,"event_name":"Golden Wing","floor":14,"gold_loss":0},{"cards_removed":["Strike_R"],"damage_healed":0,"gold_gain":0,"player_choice":"Offered Basic","damage_taken":0,"max_hp_gain":0,"max_hp_loss":0,"event_name":"Bonfire Elementals","floor":20,"gold_loss":0},{"damage_healed":0,"gold_gain":0,"player_choice":"Ignored","damage_taken":0,"max_hp_gain":0,"max_hp_loss":0,"event_name":"Tomb of Lord Red Mask","floor":36,"gold_loss":0},{"damage_healed":0,"gold_gain":0,"player_choice":"Fight","damage_taken":0,"max_hp_gain":0,"max_hp_loss":0,"event_name":"Mysterious Sphere","floor":38,"gold_loss":0}],"is_beta":false,"boss_relics":[{"not_picked":["reliquary:WritOfMandamus","aspiration:RitualDagger"],"picked":"Coffee Dripper"},{"not_picked":["Fusion Hammer","aspiration:SilentSkillbook"],"picked":"aspiration:SecretTechniqueScroll"}],"items_purged_floors":[19,39],"is_endless":false,"potions_floor_spawned":[3,6,10,11,21,24,33,41,44,46,54],"ascension_level":11}}