{"host":"s41rn2jhghpwfrvz","time":1612660328,"event":{"mods":["BaseMod","Minty Spire (QoL Compilation)","Quick Restart","Relic Stats","SuperFastMode"],"gold_per_floor":[114,114,56,69,83,116,116,142,142,142,176,101,135,135,135,212,212,230,210,236,252,89,124,24,24,77,102,102,136,170,197,197,271,271,282,293,309,69,86,120,120,132,156,156,166,191,207,235,235,235,235,235,235,235,266,266],"floor_reached":57,"language":"ENG","playtime":1477,"items_purged":["Turbo","Noxious Fumes"],"score":4118,"play_id":"63c824de-8bcb-4b39-a7f6-76c86585db49","local_time":"20210207031208","daily_mods":["SealedDeck","Diverse","DeadlyEvents"],"is_ascension_mode":true,"campfire_choices":[{"data":"Body Slam","floor":7,"key":"SMITH"},{"data":"Pommel Strike","floor":10,"key":"SMITH"},{"data":"Backflip","floor":15,"key":"SMITH"},{"data":"Prostrate","floor":25,"key":"SMITH"},{"data":"Scrawl","floor":32,"key":"SMITH"},{"floor":41,"key":"RECALL"},{"data":"Blur","floor":44,"key":"SMITH"},{"data":"Conserve Battery","floor":49,"key":"PURGE"},{"data":"Intimidate","floor":53,"key":"PURGE"}],"circlet_count":0,"master_deck":["AscendersBane","Pommel Strike+1","Blade Dance","Prostrate+1","Body Slam+1","Blur+1","Backflip+1","Scrawl+1","Feel No Pain+1"],"relics":["Burning Blood","Gambling Chip","HornCleat","Turnip","Frozen Egg 2","Black Star","Oddly Smooth Stone","StrikeDummy","TheAbacus","Bag of Marbles","Pear","CeramicFish","Molten Egg 2","Toy Ornithopter","Happy Flower","Boot","Shuriken","Orichalcum","Sundial","Letter Opener","Runic Pyramid","Medical Kit","Strawberry","Pantograph","Nunchaku","Peace Pipe","Question Card","Anchor","Akabeko","Lantern","Art of War"],"acts_visited":["Exordium","TheCity","TheBeyond","TheEnding"],"potions_floor_usage":[8,13,56,56],"damage_taken":[{"damage":1,"enemies":"2 Louse","floor":1,"turns":2},{"damage":0,"enemies":"Small Slimes","floor":4,"turns":3},{"damage":0,"enemies":"Cultist","floor":5,"turns":3},{"damage":3,"enemies":"Lagavulin","floor":6,"turns":6},{"damage":38,"enemies":"3 Sentries","floor":8,"turns":9},{"damage":0,"enemies":"Lagavulin","floor":11,"turns":4},{"damage":0,"enemies":"Gremlin Nob","floor":13,"turns":3},{"damage":0,"enemies":"The Guardian","floor":16,"turns":4},{"damage":0,"enemies":"Shell Parasite","floor":18,"turns":3},{"damage":0,"enemies":"Book of Stabbing","floor":20,"turns":3},{"damage":0,"enemies":"2 Thieves","floor":21,"turns":3},{"damage":0,"enemies":"Gremlin Leader","floor":23,"turns":3},{"damage":0,"enemies":"Book of Stabbing","floor":27,"turns":2},{"damage":0,"enemies":"Slavers","floor":29,"turns":3},{"damage":0,"enemies":"Book of Stabbing","floor":30,"turns":2},{"damage":0,"enemies":"Slavers","floor":31,"turns":2},{"damage":0,"enemies":"Automaton","floor":33,"turns":2},{"damage":0,"enemies":"Orb Walker","floor":35,"turns":1},{"damage":0,"enemies":"3 Darklings","floor":36,"turns":2},{"damage":0,"enemies":"Sphere and 2 Shapes","floor":37,"turns":2},{"damage":0,"enemies":"Transient","floor":39,"turns":1},{"damage":0,"enemies":"Nemesis","floor":40,"turns":3},{"damage":0,"enemies":"4 Shapes","floor":42,"turns":2},{"damage":0,"enemies":"Writhing Mass","floor":45,"turns":2},{"damage":0,"enemies":"Reptomancer","floor":46,"turns":2},{"damage":12,"enemies":"Jaw Worm Horde","floor":47,"turns":2},{"damage":0,"enemies":"Nemesis","floor":48,"turns":1},{"damage":0,"enemies":"Awakened One","floor":50,"turns":2},{"damage":0,"enemies":"Donu and Deca","floor":51,"turns":1},{"damage":0,"enemies":"Shield and Spear","floor":55,"turns":1},{"damage":0,"enemies":"The Heart","floor":56,"turns":5}],"seed_played":"-2074834670403247056","potions_obtained":[{"floor":4,"key":"BloodPotion"},{"floor":6,"key":"Ancient Potion"},{"floor":8,"key":"Fire Potion"},{"floor":16,"key":"PowerPotion"},{"floor":27,"key":"SpeedPotion"}],"is_trial":true,"path_per_floor":["M","?","$","M","M","E","R","E","T","R","E","$","E","?","R","B",null,"M","?","E","M","$","E","$","R","T","E","$","E","E","E","R","B",null,"M","M","M","$","M","E","R","M","T","R","M","E","M","E","R","B","B",null,"R","$","E","B",null],"character_chosen":"IRONCLAD","items_purchased":["Backflip","TheAbacus","Medical Kit","Feel No Pain+1"],"campfire_rested":0,"item_purchase_floors":[3,22,38,38],"current_hp_per_floor":[73,66,66,72,75,75,75,58,58,58,64,64,70,70,70,75,75,75,75,75,75,75,85,85,85,85,85,85,85,85,85,85,85,85,85,85,85,85,85,92,92,92,92,92,92,92,86,92,92,92,92,92,92,92,92,92],"gold":266,"neow_bonus":"","is_daily":false,"chose_seed":false,"campfire_upgraded":6,"win_rate":0.0,"timestamp":1612660328,"path_taken":["M","?","$","M","M","E","R","E","T","R","E","$","E","?","R","BOSS","M","?","?","M","$","E","$","R","T","E","?","E","?","?","R","BOSS","M","?","M","$","M","E","R","M","T","R","M","E","M","E","R","BOSS","BOSS","R","$","E","BOSS"],"items_purchased_type":["Card","Relic","Relic","Card"],"build_version":"2020-12-22","purchased_purges":2,"victory":true,"max_hp_per_floor":[75,75,75,75,75,75,75,75,75,75,75,75,75,75,75,75,75,75,75,75,75,75,85,85,85,85,85,85,85,85,85,85,85,85,85,85,85,85,85,92,92,92,92,92,92,92,92,92,92,92,92,92,92,92,92,92],"relic_stats":{"Happy Flower":[11],"counters":[31,84],"CeramicFish":9,"Letter Opener":[395],"Orichalcum":[0],"Boot":[48],"Medical Kit":[11],"Question Card":3,"Burning Blood":53,"Peace Pipe":2,"Nunchaku":[5],"TheAbacus":[726],"Shuriken":[25],"Sundial":[64],"Gambling Chip":[9],"Pantograph":0,"Turnip":[4],"Black Star":10,"Art of War":[0],"obtain_stats":[{"Lantern":55,"CeramicFish":26,"Boot":29,"Burning Blood":0,"Nunchaku":43,"HornCleat":8,"TheAbacus":22,"Sundial":31,"Gambling Chip":6,"Strawberry":40,"Pantograph":40,"Runic Pyramid":34,"Pear":23,"Happy Flower":29,"Oddly Smooth Stone":20,"Letter Opener":31,"Frozen Egg 2":13,"Orichalcum":30,"Medical Kit":38,"Question Card":46,"Akabeko":48,"Peace Pipe":46,"Anchor":48,"Shuriken":30,"Molten Egg 2":27,"Turnip":11,"Black Star":17,"Bag of Marbles":23,"Art of War":55,"StrikeDummy":20,"Toy Ornithopter":27},{"Lantern":30,"CeramicFish":12,"Boot":14,"Burning Blood":0,"Nunchaku":23,"HornCleat":5,"TheAbacus":11,"Sundial":16,"Gambling Chip":4,"Strawberry":22,"Pantograph":22,"Runic Pyramid":17,"Pear":12,"Happy Flower":14,"Oddly Smooth Stone":10,"Letter Opener":16,"Frozen Egg 2":7,"Orichalcum":15,"Medical Kit":20,"Question Card":25,"Akabeko":27,"Peace Pipe":25,"Anchor":27,"Shuriken":15,"Molten Egg 2":13,"Turnip":6,"Black Star":8,"Bag of Marbles":12,"Art of War":30,"StrikeDummy":10,"Toy Ornithopter":13},{"Lantern":79,"CeramicFish":46,"Boot":51,"Burning Blood":0,"Nunchaku":68,"HornCleat":23,"TheAbacus":43,"Sundial":55,"Gambling Chip":14,"Strawberry":66,"Pantograph":66,"Runic Pyramid":57,"Pear":46,"Happy Flower":51,"Oddly Smooth Stone":40,"Letter Opener":55,"Frozen Egg 2":30,"Orichalcum":53,"Medical Kit":62,"Question Card":72,"Akabeko":75,"Peace Pipe":72,"Anchor":75,"Shuriken":53,"Molten Egg 2":48,"Turnip":27,"Black Star":34,"Bag of Marbles":46,"Art of War":79,"StrikeDummy":40,"Toy Ornithopter":48}],"Toy Ornithopter":0},"card_choices":[{"not_picked":["Sanctity","EmptyFist","Armaments"],"picked":"SKIP","floor":1},{"not_picked":["FearNoEvil","Iron Wave","Force Field"],"picked":"SKIP","floor":4},{"not_picked":["Armaments","Consecrate","CrushJoints"],"picked":"SKIP","floor":5},{"not_picked":["Deflect","ConjureBlade","Prostrate"],"picked":"SKIP","floor":6},{"not_picked":["WheelKick","Reckless Charge","Blade Dance"],"picked":"SKIP","floor":8},{"not_picked":["Cold Snap","Envenom","Outmaneuver"],"picked":"SKIP","floor":11},{"not_picked":["Glacier","Protect","Compile Driver"],"picked":"SKIP","floor":13},{"not_picked":["Venomology","Brilliance"],"picked":"Scrawl","floor":16},{"not_picked":["Flex","Evaluate","Wireheading+1"],"picked":"SKIP","floor":18},{"not_picked":["Intimidate+1","Deadly Poison","Outmaneuver"],"picked":"SKIP","floor":20},{"not_picked":["Lockon","Iron Wave","Flex"],"picked":"SKIP","floor":21},{"not_picked":["Ball Lightning","Noxious Fumes+1","Slice"],"picked":"SKIP","floor":23},{"not_picked":["Weave+1","Flex","Tantrum+1"],"picked":"SKIP","floor":27},{"not_picked":["Storm of Steel","ThirdEye","Outmaneuver"],"picked":"SKIP","floor":29},{"not_picked":["Streamline+1","Deflect","Predator+1"],"picked":"SKIP","floor":30},{"not_picked":["Rainbow","Pommel Strike+1","Consecrate+1"],"picked":"SKIP","floor":31},{"not_picked":["Dagger Spray+1","Protect","Shrug It Off"],"picked":"SKIP","floor":35},{"not_picked":["Dodge and Roll","Quick Slash+1","Storm+1"],"picked":"SKIP","floor":36},{"not_picked":["Clash+1","Thunderclap+1","Terror"],"picked":"SKIP","floor":37},{"not_picked":["Dagger Throw+1","Clothesline+1","Conserve Battery"],"picked":"SKIP","floor":39},{"not_picked":["Bloodletting","Evolve+1","Blizzard+1"],"picked":"SKIP","floor":40},{"not_picked":["Fission","Barrage+1","Cleave+1"],"picked":"SKIP","floor":42},{"not_picked":["ClearTheMind","Evaluate+1","Bloodletting"],"picked":"SKIP","floor":45},{"not_picked":["FollowUp+1","PiercingWail","ConjureBlade"],"picked":"SKIP","floor":46},{"not_picked":["Rebound+1","Flex+1","Study+1","Perfected Strike+1"],"picked":"SKIP","floor":47},{"not_picked":["Ball Lightning+1","Deadly Poison+1","Acrobatics","ThirdEye"],"picked":"SKIP","floor":48},{"not_picked":["EmptyBody","Deadly Poison+1","Barrage+1","Auto Shields"],"picked":"SKIP","floor":55}],"player_experience":1875250,"relics_obtained":[{"floor":6,"key":"Gambling Chip"},{"floor":8,"key":"HornCleat"},{"floor":11,"key":"Turnip"},{"floor":13,"key":"Frozen Egg 2"},{"floor":20,"key":"Oddly Smooth Stone"},{"floor":20,"key":"StrikeDummy"},{"floor":23,"key":"Bag of Marbles"},{"floor":23,"key":"Pear"},{"floor":26,"key":"CeramicFish"},{"floor":27,"key":"Molten Egg 2"},{"floor":27,"key":"Toy Ornithopter"},{"floor":29,"key":"Happy Flower"},{"floor":29,"key":"Boot"},{"floor":30,"key":"Shuriken"},{"floor":30,"key":"Orichalcum"},{"floor":31,"key":"Sundial"},{"floor":31,"key":"Letter Opener"},{"floor":40,"key":"Strawberry"},{"floor":40,"key":"Pantograph"},{"floor":43,"key":"Nunchaku"},{"floor":46,"key":"Peace Pipe"},{"floor":46,"key":"Question Card"},{"floor":48,"key":"Anchor"},{"floor":48,"key":"Akabeko"},{"floor":55,"key":"Lantern"},{"floor":55,"key":"Art of War"}],"event_choices":[{"cards_removed":["Armaments"],"damage_healed":0,"gold_gain":0,"player_choice":"Card Removal","damage_taken":7,"max_hp_gain":0,"max_hp_loss":0,"event_name":"Golden Wing","floor":2,"gold_loss":0},{"damage_healed":0,"gold_gain":0,"player_choice":"Ignored","damage_taken":0,"max_hp_gain":0,"max_hp_loss":0,"event_name":"Liars Game","floor":14,"gold_loss":0},{"damage_healed":0,"gold_gain":0,"player_choice":"Bought 1 Potion","damage_taken":0,"max_hp_gain":0,"max_hp_loss":0,"event_name":"The Woman in Blue","floor":19,"gold_loss":0}],"is_beta":false,"boss_relics":[{"not_picked":["Sozu","Runic Cube"],"picked":"Black Star"},{"not_picked":["Velvet Choker","Astrolabe"],"picked":"Runic Pyramid"}],"items_purged_floors":[12,24],"is_endless":false,"potions_floor_spawned":[4,6,8,11,16,18,27,29,33,39,40,45,46,48,55],"ascension_level":20}}