{"host":"tetk82fuf8thwxol","time":1612706958,"event":{"mods":["AchievementEnabler","BaseMod","BetterRewards","GifTheSpireLib","Hermit","Minty Spire (QoL Compilation)","Permanent Neow","Quick Restart","Shop Mod","Spicy Shops","StSLib","The Bug Knight","The Cursed","The Runesmith"],"gold_per_floor":[10013,10032,10045,9801,9901,9932,9932],"floor_reached":6,"language":"ENG","playtime":348,"items_purged":["hermit:Strike_Hermit","hermit:Strike_Hermit","hermit:Defend_Hermit","hermit:Defend_Hermit"],"score":124,"play_id":"9b4adda0-259b-4fe1-b9a8-a3631c82bb16","local_time":"20210207080918","is_ascension_mode":true,"campfire_choices":[],"circlet_count":0,"master_deck":["hermit:Strike_Hermit","hermit:Strike_Hermit","hermit:Defend_Hermit","hermit:Defend_Hermit","hermit:Snapshot","hermit:Covet","hermit:Vantage","hermit:EyeOfTheStorm","hermit:BigShot","hermit:Headshot","hermit:Combo","hermit:CalledShot","hermit:TakeAim","hermit:Headshot"],"relics":["hermit:Momento","Singing Bowl","Bronze Scales","Shuriken","HandDrill","Membership Card","Blood Vial","Calipers","Bag of Marbles","FossilizedHelix","Dead Branch","Bag of Preparation","Turnip","Runesmith:Nanobots","Vajra","Mango","Pantograph"],"acts_visited":["Exordium"],"potions_floor_usage":[],"damage_taken":[{"damage":0,"enemies":"Cultist","floor":1,"turns":2},{"damage":0,"enemies":"Jaw Worm","floor":2,"turns":1},{"damage":0,"enemies":"Small Slimes","floor":3,"turns":1},{"damage":0,"enemies":"3 Sentries","floor":6,"turns":5}],"seed_played":"7658667794012001739","potions_obtained":[{"floor":2,"key":"Swift Potion"}],"is_trial":false,"path_per_floor":["M","M","M","$","?","E"],"character_chosen":"HERMIT","items_purchased":["hermit:Vantage","Singing Bowl","hermit:EyeOfTheStorm","Bronze Scales","Shuriken","HandDrill","Membership Card","Blood Vial","Calipers","hermit:BigShot","Bag of Marbles","hermit:Headshot","FossilizedHelix","Bag of Preparation","Turnip","Runesmith:Nanobots","hermit:Combo","hermit:CalledShot","hermit:TakeAim","Vajra","Mango"],"campfire_rested":0,"item_purchase_floors":[0,0,0,0,0,0,0,0,0,0,0,0,0,0,0,0,0,0,4,4,4],"current_hp_per_floor":[72,76,80,94,94,95,95],"gold":9932,"neow_bonus":"","is_daily":false,"chose_seed":false,"campfire_upgraded":0,"win_rate":0.0,"timestamp":1612706958,"path_taken":["M","?","M","$","?","E"],"items_purchased_type":["Card","Relic","Card","Relic","Relic","Relic","Relic","Relic","Relic","Card","Relic","Card","Relic","Relic","Relic","Relic","Card","Card","Card","Relic","Relic"],"build_version":"2020-12-22","purchased_purges":4,"victory":false,"max_hp_per_floor":[77,79,81,95,95,95,95],"card_choices":[{"not_picked":["hermit:Brawl","hermit:Dive","hermit:BigShot"],"picked":"Singing Bowl","floor":1},{"not_picked":["hermit:WideOpen","hermit:HoleUp","hermit:Midnight"],"picked":"Singing Bowl","floor":2},{"not_picked":["hermit:ItchyTrigger","hermit:Roulette","hermit:Showdown"],"picked":"Singing Bowl","floor":3},{"not_picked":["hermit:Horror","hermit:HighCaliber"],"picked":"hermit:Headshot","floor":6}],"player_experience":305014,"relics_obtained":[{"floor":6,"key":"Pantograph"}],"event_choices":[{"damage_healed":0,"gold_gain":100,"player_choice":"Pray","damage_taken":0,"max_hp_gain":0,"max_hp_loss":0,"event_name":"Golden Shrine","floor":5,"gold_loss":0}],"is_beta":false,"boss_relics":[],"items_purged_floors":[0,0,0,0],"is_endless":false,"potions_floor_spawned":[2],"killed_by":"3 Sentries","ascension_level":8}}