{"host":"d744ndivyohnro60","time":1612724702,"event":{"mods":["BaseMod","Bestiary","Colored Powertips","Minty Spire (QoL Compilation)","Relic Stats"],"gold_per_floor":[118,193,193,212,227,261,261,274,343,343,370,382,103,117,117,117,117],"floor_reached":16,"language":"ENG","playtime":638,"items_purged":["Dualcast"],"score":203,"play_id":"e2d0c87b-564d-4676-b76d-cd682aa78f57","local_time":"20210207140502","is_ascension_mode":true,"campfire_choices":[{"floor":7,"key":"REST"},{"floor":15,"key":"REST"}],"circlet_count":0,"master_deck":["Strike_B","Strike_B","Strike_B","Strike_B","Defend_B","Defend_B","Defend_B","Defend_B","Zap","Streamline","Reprogram","Echo Form","Turbo","Aggregate","Rip and Tear","Sweeping Beam"],"relics":["Cracked Core","NeowsBlessing","Peace Pipe","Omamori","Darkstone Periapt","Meat on the Bone","Toolbox"],"acts_visited":["Exordium"],"potions_floor_usage":[6,11,12,16],"damage_taken":[{"damage":0,"enemies":"Small Slimes","floor":1,"turns":1},{"damage":0,"enemies":"2 Louse","floor":4,"turns":1},{"damage":0,"enemies":"Cultist","floor":5,"turns":1},{"damage":34,"enemies":"Gremlin Nob","floor":6,"turns":4},{"damage":16,"enemies":"Blue Slaver","floor":8,"turns":3},{"damage":53,"enemies":"Lagavulin","floor":11,"turns":7},{"damage":9,"enemies":"Exordium Wildlife","floor":12,"turns":4},{"damage":5,"enemies":"Red Slaver","floor":14,"turns":4}],"seed_played":"-1828132040879820848","potions_obtained":[{"floor":4,"key":"PowerPotion"},{"floor":6,"key":"ColorlessPotion"},{"floor":11,"key":"Fruit Juice"}],"is_trial":false,"path_per_floor":["M","?","?","M","M","E","R","M","T","?","E","M","$","M","R","B"],"character_chosen":"DEFECT","items_purchased":["Toolbox","Block Potion"],"campfire_rested":2,"item_purchase_floors":[13,13],"current_hp_per_floor":[75,64,64,64,64,30,52,36,36,61,8,16,16,23,47,0,0],"gold":117,"neow_bonus":"THREE_ENEMY_KILL","is_daily":false,"chose_seed":false,"campfire_upgraded":0,"win_rate":0.0,"timestamp":1612724702,"path_taken":["M","?","?","M","?","E","R","M","T","?","E","M","$","M","R","BOSS"],"items_purchased_type":["Relic","Potion"],"build_version":"2020-12-22","purchased_purges":1,"victory":false,"max_hp_per_floor":[75,75,75,75,75,75,75,75,75,75,75,80,80,80,80,80,80],"relic_stats":{"Peace Pipe":0,"Darkstone Periapt":0,"counters":[9,36],"obtain_stats":[{"Peace Pipe":3,"Darkstone Periapt":9,"NeowsBlessing":0,"Toolbox":13,"Omamori":6,"Cracked Core":0,"Meat on the Bone":11},{"Peace Pipe":1,"Darkstone Periapt":5,"NeowsBlessing":0,"Toolbox":7,"Omamori":4,"Cracked Core":0,"Meat on the Bone":6},{"Peace Pipe":1,"Darkstone Periapt":10,"NeowsBlessing":0,"Toolbox":21,"Omamori":7,"Cracked Core":0,"Meat on the Bone":17}],"Meat on the Bone":24},"card_choices":[{"not_picked":["Rebound","Chaos"],"picked":"Recycle","floor":1},{"not_picked":["Stack","Leap"],"picked":"Streamline","floor":4},{"not_picked":["Undo","Steam Power"],"picked":"Reprogram","floor":5},{"not_picked":["Hello World","Undo"],"picked":"Echo Form","floor":6},{"not_picked":["Rebound","Barrage"],"picked":"Turbo","floor":8},{"not_picked":["Cold Snap","Coolheaded"],"picked":"Aggregate","floor":11},{"not_picked":["Streamline","Defragment"],"picked":"Rip and Tear","floor":12},{"not_picked":["Go for the Eyes","Beam Cell"],"picked":"Sweeping Beam","floor":14}],"player_experience":214999,"relics_obtained":[{"floor":6,"key":"Omamori"},{"floor":9,"key":"Darkstone Periapt"},{"floor":11,"key":"Meat on the Bone"}],"event_choices":[{"damage_healed":0,"gold_gain":75,"player_choice":"Gather Gold","damage_taken":11,"max_hp_gain":0,"max_hp_loss":0,"event_name":"World of Goop","floor":2,"gold_loss":0},{"cards_removed":["Recycle"],"damage_healed":0,"gold_gain":0,"player_choice":"Gave Card","damage_taken":0,"relics_obtained":["Peace Pipe"],"max_hp_gain":0,"max_hp_loss":0,"event_name":"WeMeetAgain","floor":3,"gold_loss":0},{"damage_healed":25,"gold_gain":0,"player_choice":"Banana","damage_taken":0,"max_hp_gain":0,"max_hp_loss":0,"event_name":"Big Fish","floor":10,"gold_loss":0}],"is_beta":false,"boss_relics":[],"items_purged_floors":[13],"is_endless":false,"potions_floor_spawned":[4,6,11],"killed_by":"The Guardian","ascension_level":5}}