{"host":"vhvubw4jk4f204qs","time":1612673038,"event":{"mods":["AchievementEnabler","BaseMod","DeckTracker","GifTheSpireLib","Googly Eyes","Minty Spire (QoL Compilation)","Permanent Neow","Quick Restart","StSLib","SuperFastMode","The IronCluck","slay the spire mod where everything is the same but ironclad has a cowboy hat"],"gold_per_floor":[19,39,49,49,24,24,24,24],"floor_reached":7,"language":"ENG","playtime":271,"items_purged":[],"score":82,"play_id":"6cfa5e16-f449-4af7-993b-a1140af1276e","local_time":"20210206234358","is_ascension_mode":true,"campfire_choices":[{"data":"Ragnarok","floor":6,"key":"SMITH"}],"circlet_count":0,"master_deck":["AscendersBane","Strike_P","Strike_P","Strike_P","Strike_P","Defend_P","Defend_P","Defend_P","Defend_P","Eruption","Vigilance","Ragnarok+1","EmptyBody","FlurryOfBlows","Protect","Evaluate"],"relics":["PureWater","Golden Idol"],"acts_visited":["Exordium"],"potions_floor_usage":[7],"damage_taken":[{"damage":2,"enemies":"2 Louse","floor":1,"turns":4},{"damage":0,"enemies":"Cultist","floor":2,"turns":2},{"damage":5,"enemies":"Jaw Worm","floor":3,"turns":3},{"damage":19,"enemies":"3 Sentries","floor":7,"turns":4}],"seed_played":"-5922973495241752473","potions_obtained":[{"floor":1,"key":"FearPotion"},{"floor":3,"key":"PowerPotion"}],"is_trial":false,"path_per_floor":["M","M","M","?","$","R","E"],"character_chosen":"WATCHER","items_purchased":["Evaluate"],"campfire_rested":0,"item_purchase_floors":[5],"current_hp_per_floor":[59,59,54,54,54,54,35,35],"gold":24,"neow_bonus":"THREE_RARE_CARDS","is_daily":false,"chose_seed":false,"campfire_upgraded":1,"win_rate":0.0,"timestamp":1612673038,"path_taken":["M","M","M","?","$","R","E"],"items_purchased_type":["Card"],"build_version":"2020-12-22","purchased_purges":0,"victory":false,"max_hp_per_floor":[68,68,68,62,62,62,62,62],"card_choices":[{"not_picked":["MasterReality","Blasphemy"],"picked":"Ragnarok","floor":0},{"not_picked":["JustLucky","FollowUp"],"picked":"EmptyBody","floor":1},{"not_picked":["Wallop","Adaptation"],"picked":"FlurryOfBlows","floor":2},{"not_picked":["FollowUp","CrushJoints"],"picked":"Protect","floor":3}],"player_experience":780739,"relics_obtained":[],"event_choices":[{"damage_healed":0,"gold_gain":0,"player_choice":"Lose Max HP","damage_taken":0,"relics_obtained":["Golden Idol"],"max_hp_gain":0,"max_hp_loss":6,"event_name":"Golden Idol","floor":4,"gold_loss":0}],"is_beta":false,"boss_relics":[],"items_purged_floors":[],"is_endless":false,"potions_floor_spawned":[1,3],"killed_by":"3 Sentries","ascension_level":20}}