{"host":"sum4dy402bbv9y4o","time":1612706544,"event":{"mods":["Aspiration","BaseMod","Conspire","Highlight Path","Minty Spire (QoL Compilation)","StSLib"],"gold_per_floor":[113,128,9,9,19,19,53,53,78,109,129,129,142,160,160,233,233,250,250,221,12,52,87,87,97,97,117,445,5,5,5,5,80,80,100,117,117,128,147,147,147,147],"floor_reached":41,"language":"ENG","playtime":2084,"items_purged":["Injury"],"score":965,"play_id":"e92becc6-36f0-4815-ab07-71341c80650e","local_time":"20210207170224","is_ascension_mode":true,"campfire_choices":[{"data":"Uppercut","floor":6,"key":"SMITH"},{"data":"Juggernaut","floor":8,"key":"SMITH"},{"data":"conspire:Charge","floor":15,"key":"SMITH"},{"floor":24,"key":"REST"},{"floor":32,"key":"REST"},{"floor":40,"key":"REST"}],"circlet_count":0,"master_deck":["AscendersBane","Strike_R","Strike_R","Strike_R","Strike_R","Defend_R","Defend_R","Defend_R","Bash","Flash of Steel","Flame Barrier","conspire:Charge+1","Metallicize+1","Uppercut+1","Shrug It Off+1","Juggernaut+1","Shrug It Off+1","Infernal Blade+1","Feed","True Grit+1","Battle Trance+1","conspire:ExplosiveBarrier+1","conspire:Charge","Spot Weakness+1","Disarm+1","Decay","Reaper","Ghostly Armor+1","Metallicize","Infernal Blade+1","Seeing Red+1"],"relics":["Black Blood","Toxic Egg 2","Paper Frog","Toy Ornithopter","Calipers","Runic Pyramid","Red Skull","aspiration:SeaSaltIceCream","conspire:SpecialSausage","Meat on the Bone","Old Coin","aspiration:FrozenJewel"],"acts_visited":["Exordium","TheCity","TheBeyond"],"potions_floor_usage":[10,14,16,22,23,23,28,38],"damage_taken":[{"damage":1,"enemies":"Cultist","floor":1,"turns":3},{"damage":5,"enemies":"Small Slimes","floor":2,"turns":4},{"damage":2,"enemies":"2 Louse","floor":5,"turns":3},{"damage":14,"enemies":"Lagavulin","floor":7,"turns":7},{"damage":20,"enemies":"3 Sentries","floor":10,"turns":6},{"damage":6,"enemies":"Red Slaver","floor":11,"turns":3},{"damage":3,"enemies":"Large Slime","floor":13,"turns":5},{"damage":7,"enemies":"2 Fungi Beasts","floor":14,"turns":3},{"damage":14,"enemies":"Slime Boss","floor":16,"turns":5},{"damage":18,"enemies":"Spheric Guardian","floor":18,"turns":5},{"damage":30,"enemies":"2 Thieves","floor":20,"turns":4},{"damage":16,"enemies":"3 Cultists","floor":22,"turns":6},{"damage":25,"enemies":"Book of Stabbing","floor":23,"turns":5},{"damage":19,"enemies":"Centurion and Healer","floor":25,"turns":6},{"damage":16,"enemies":"Snecko","floor":27,"turns":6},{"damage":54,"enemies":"Slavers","floor":28,"turns":8},{"damage":16,"enemies":"Champ","floor":33,"turns":10},{"damage":27,"enemies":"3 Shapes","floor":35,"turns":7},{"damage":2,"enemies":"Orb Walker","floor":36,"turns":3},{"damage":85,"enemies":"Maw","floor":38,"turns":12},{"damage":41,"enemies":"3 Darklings","floor":39,"turns":6},{"damage":152,"enemies":"Reptomancer","floor":41,"turns":7}],"seed_played":"2555487964392035910","potions_obtained":[{"floor":5,"key":"Explosive Potion"},{"floor":10,"key":"AttackPotion"},{"floor":13,"key":"DistilledChaos"},{"floor":14,"key":"Dexterity Potion"},{"floor":20,"key":"ColorlessPotion"},{"floor":22,"key":"SkillPotion"},{"floor":27,"key":"FearPotion"},{"floor":35,"key":"HeartOfIron"}],"is_trial":false,"path_per_floor":["M","M","$","?","M","R","E","R","T","E","M","?","M","M","R","B",null,"M","?","M","$","M","E","R","M","T","M","E","$","?","?","R","B",null,"M","M","?","M","M","R","E"],"character_chosen":"IRONCLAD","items_purchased":["Metallicize","Uppercut","Red Skull","Spot Weakness+1","aspiration:FrozenJewel","Ancient Potion"],"campfire_rested":3,"item_purchase_floors":[3,3,21,21,29,29],"current_hp_per_floor":[73,74,74,74,75,75,67,67,67,58,58,58,61,65,65,62,72,63,63,42,42,40,34,60,50,50,52,24,24,24,24,51,53,83,83,96,96,50,63,94,0,0],"gold":147,"neow_bonus":"RANDOM_COLORLESS","is_daily":false,"chose_seed":false,"campfire_upgraded":3,"win_rate":0.0,"timestamp":1612706544,"path_taken":["M","M","$","?","M","R","E","R","T","E","M","?","?","?","R","BOSS","M","?","M","$","M","E","R","M","T","M","E","$","?","?","R","BOSS","M","M","?","M","M","R","E"],"items_purchased_type":["Card","Card","Relic","Card","Relic","Potion"],"build_version":"2020-12-22","purchased_purges":1,"victory":false,"max_hp_per_floor":[75,75,75,75,75,75,75,75,75,75,75,75,75,75,75,75,75,78,78,81,81,84,87,87,90,90,90,93,93,93,93,93,93,93,96,99,99,102,105,105,105,105],"card_choices":[{"not_picked":["conspire:Banana","Trip"],"picked":"Flash of Steel","floor":0},{"not_picked":["Wild Strike","Warcry"],"picked":"Flame Barrier","floor":1},{"not_picked":["Sentinel","Shockwave"],"picked":"conspire:Charge","floor":2},{"not_picked":["Warcry+1","Pommel Strike"],"picked":"Shrug It Off+1","floor":5},{"not_picked":["Sever Soul","conspire:ExplosiveBarrier+1"],"picked":"Juggernaut","floor":7},{"not_picked":["conspire:ExplosiveBarrier+1","Seeing Red+1","Power Through+1"],"picked":"SKIP","floor":10},{"not_picked":["Combust","Sword Boomerang","Clothesline"],"picked":"SKIP","floor":11},{"not_picked":["Hemokinesis","Cleave"],"picked":"Shrug It Off+1","floor":13},{"not_picked":["Cleave","Pommel Strike"],"picked":"Infernal Blade+1","floor":14},{"not_picked":["Exhume+1","Offering+1"],"picked":"Feed","floor":16},{"not_picked":["Infernal Blade+1","Dark Embrace+1"],"picked":"True Grit+1","floor":18},{"not_picked":["Body Slam","Havoc+1"],"picked":"conspire:Charge","floor":20},{"not_picked":["Heavy Blade","Warcry+1","Headbutt"],"picked":"SKIP","floor":22},{"not_picked":["Clash","Sever Soul","Perfected Strike"],"picked":"SKIP","floor":23},{"not_picked":["Bloodletting+1","Dark Embrace","Pommel Strike"],"picked":"SKIP","floor":25},{"not_picked":["Searing Blow","Heavy Blade","Brutality"],"picked":"SKIP","floor":27},{"not_picked":["Metallicize","True Grit+1"],"picked":"Disarm+1","floor":28},{"not_picked":["Exhume+1","Limit Break+1"],"picked":"Reaper","floor":33},{"not_picked":["Second Wind+1","Shrug It Off+1"],"picked":"Ghostly Armor+1","floor":35},{"not_picked":["Twin Strike","Headbutt"],"picked":"Metallicize","floor":36},{"not_picked":["Burning Pact+1","Warcry+1"],"picked":"Infernal Blade+1","floor":38},{"not_picked":["Body Slam","conspire:Charge"],"picked":"Seeing Red+1","floor":39}],"player_experience":3054994,"relics_obtained":[{"floor":7,"key":"Paper Frog"},{"floor":9,"key":"Toy Ornithopter"},{"floor":10,"key":"Calipers"},{"floor":23,"key":"aspiration:SeaSaltIceCream"},{"floor":26,"key":"Meat on the Bone"},{"floor":28,"key":"Old Coin"}],"event_choices":[{"damage_healed":0,"gold_gain":0,"player_choice":"Upgraded","damage_taken":0,"max_hp_gain":0,"max_hp_loss":0,"event_name":"Upgrade Shrine","floor":12,"gold_loss":0,"cards_upgraded":["Metallicize"]},{"damage_healed":0,"gold_gain":0,"cards_transformed":["Strike_R","Defend_R"],"player_choice":"Became Test Subject","damage_taken":0,"max_hp_gain":0,"max_hp_loss":0,"event_name":"Drug Dealer","floor":19,"gold_loss":0,"cards_obtained":["Battle Trance","conspire:ExplosiveBarrier"]},{"damage_healed":0,"gold_gain":0,"player_choice":"Smashed Altar","damage_taken":0,"max_hp_gain":0,"max_hp_loss":0,"event_name":"Forgotten Altar","floor":30,"gold_loss":0,"cards_obtained":["Decay"]},{"damage_healed":0,"gold_gain":0,"player_choice":"Leave","damage_taken":0,"max_hp_gain":0,"max_hp_loss":0,"event_name":"FaceTrader","floor":31,"gold_loss":0}],"is_beta":false,"boss_relics":[{"not_picked":["Fusion Hammer","aspiration:RandomNobGenerator"],"picked":"Runic Pyramid"},{"not_picked":["conspire:RoyalGoblet","aspiration:RunicSpoon"],"picked":"Black Blood"}],"items_purged_floors":[29],"is_endless":false,"potions_floor_spawned":[5,10,13,14,20,22,27,35,36],"killed_by":"Reptomancer","ascension_level":20}}