{"host":"7jxhn92mkgyil7o5","time":1612725119,"event":{"mods":["BaseMod","Colored Map","Minty Spire (QoL Compilation)","Permanent Neow"],"gold_per_floor":[12,23,35,47,47,47,78,78,78,43,68,85,85,103,103,180,180,192,212,244,244,244],"floor_reached":21,"language":"ENG","playtime":966,"items_purged":[],"score":432,"play_id":"872bf72e-0a12-4e71-98b2-fa7f5e629739","local_time":"20210207201159","is_ascension_mode":true,"campfire_choices":[{"data":"Collect","floor":6.0,"key":"SMITH"},{"data":"Vigilance","floor":8.0,"key":"SMITH"},{"data":"Wireheading","floor":13,"key":"SMITH"},{"data":"Ragnarok","floor":15,"key":"SMITH"}],"circlet_count":0,"master_deck":["AscendersBane","Strike_P","Strike_P","Strike_P","Defend_P","Defend_P","Defend_P","Defend_P","Eruption","Vigilance+1","Conclude+1","EmptyBody","CutThroughFate","Collect+1","Adaptation","CarveReality","Wireheading+1","FlurryOfBlows","Worship","Ragnarok+1","LessonLearned","Sanctity","DeceiveReality"],"relics":["PureWater","Pocketwatch","StrikeDummy","The Courier","Toy Ornithopter","Sozu","Red Mask"],"acts_visited":["Exordium","TheCity"],"potions_floor_usage":[18,19],"damage_taken":[{"damage":0.0,"enemies":"Cultist","floor":1.0,"turns":4.0},{"damage":2.0,"enemies":"2 Louse","floor":2.0,"turns":2.0},{"damage":0.0,"enemies":"Small Slimes","floor":3.0,"turns":3.0},{"damage":1.0,"enemies":"2 Fungi Beasts","floor":4.0,"turns":3.0},{"damage":0.0,"enemies":"Lagavulin","floor":7.0,"turns":3.0},{"damage":16.0,"enemies":"Gremlin Nob","floor":11.0,"turns":3.0},{"damage":0,"enemies":"Looter","floor":12,"turns":2},{"damage":1,"enemies":"3 Louse","floor":14,"turns":2},{"damage":21,"enemies":"Slime Boss","floor":16,"turns":5},{"damage":14,"enemies":"Spheric Guardian","floor":18,"turns":4},{"damage":0,"enemies":"2 Thieves","floor":19,"turns":2},{"damage":22,"enemies":"Masked Bandits","floor":20,"turns":3},{"damage":0,"enemies":"3 Cultists","floor":21,"turns":2}],"seed_played":"-1936356115764290043","potions_obtained":[{"floor":3.0,"key":"SteroidPotion"},{"floor":4.0,"key":"Weak Potion"},{"floor":11.0,"key":"StancePotion"},{"floor":14,"key":"SkillPotion"}],"is_trial":false,"path_per_floor":["M","M","M","M","?","R","E","R","T","$","E","M","R","M","R","B",null,"M","M","?","M"],"character_chosen":"WATCHER","items_purchased":["Wireheading"],"campfire_rested":0,"item_purchase_floors":[10],"current_hp_per_floor":[61,59,59,58,58,58,58,58,58,58,42,42,42,41,41,20,56,47,52,30,30,30],"gold":244,"neow_bonus":"ONE_RARE_RELIC","is_daily":false,"chose_seed":false,"campfire_upgraded":4,"win_rate":0.0,"timestamp":1612725119,"path_taken":["M","M","M","?","?","R","E","R","T","$","E","M","R","?","R","BOSS","M","M","?","M"],"items_purchased_type":["Card"],"build_version":"2020-12-22","purchased_purges":0,"victory":false,"max_hp_per_floor":[68,68,68,68,68,68,68,68,68,68,68,68,68,68,68,68,68,68,68,68,68,68],"card_choices":[{"not_picked":["EmptyFist","Nirvana"],"picked":"Conclude","floor":1.0},{"not_picked":["Conclude","ClearTheMind"],"picked":"EmptyBody","floor":2.0},{"not_picked":["ThirdEye","PathToVictory"],"picked":"CutThroughFate","floor":3.0},{"not_picked":["CutThroughFate","PathToVictory"],"picked":"Collect","floor":4.0},{"not_picked":["ThirdEye","ClearTheMind"],"picked":"CarveReality","floor":7.0},{"not_picked":["JustLucky","EmptyFist"],"picked":"FlurryOfBlows","floor":11.0},{"not_picked":["EmptyFist","Consecrate"],"picked":"Worship","floor":12},{"not_picked":["JustLucky","PathToVictory"],"picked":"Ragnarok","floor":14},{"not_picked":["Vault","ConjureBlade"],"picked":"LessonLearned","floor":16},{"not_picked":["FlurryOfBlows","JustLucky"],"picked":"Sanctity","floor":18},{"not_picked":["Sanctity","EmptyFist","SignatureMove"],"picked":"SKIP","floor":19},{"not_picked":["EmptyFist","FearNoEvil"],"picked":"DeceiveReality","floor":20}],"player_experience":984047,"relics_obtained":[{"floor":7.0,"key":"StrikeDummy"},{"floor":9.0,"key":"The Courier"},{"floor":11.0,"key":"Toy Ornithopter"},{"floor":20,"key":"Red Mask"}],"event_choices":[{"damage_healed":0.0,"max_hp_gain":0.0,"max_hp_loss":0.0,"gold_gain":0.0,"cards_transformed":["Strike_P"],"event_name":"Transmorgrifier","player_choice":"Transformed","floor":5.0,"gold_loss":0.0,"damage_taken":0.0,"cards_obtained":["Adaptation"]},{"damage_healed":0,"gold_gain":0,"player_choice":"Fought Bandits","damage_taken":0,"max_hp_gain":0,"max_hp_loss":0,"event_name":"Masked Bandits","floor":20,"gold_loss":0}],"is_beta":false,"boss_relics":[{"not_picked":["Philosopher\u0027s Stone","Ectoplasm"],"picked":"Sozu"}],"items_purged_floors":[],"is_endless":false,"potions_floor_spawned":[3,4,11,14,19],"killed_by":"3 Cultists","ascension_level":20}}