{"host":"ucgrft0m53zzt06v","time":1612690919,"event":{"mods":["BaseMod","Colored Map","Colored Powertips","Conspire","HololiveMod","KinomotoSakuraMod(木之本樱)","Lobotomy","Minty Spire (QoL Compilation)","Quick Restart","Replay The Spire","Shop Mod","Spicy Shops","StSLib","Td1madao Mod","The Senshi","Waifu the Spire","WarShipGirlsR/战舰少女R mod","【遗物卡牌】REMEMod"],"gold_per_floor":[180,180,180,198,198,198,218,218,244,5,5,5,33,51,51,147,147,165,63,116,10,22,53,53,86,86,86,104,104,47,57,57,159,159,175,222,63,80,117,117,161,179,179,198,198,242,1,22,22,36],"floor_reached":51,"language":"ZHS","playtime":3426,"items_purged":["Hololive_Defend","Normality"],"score":1554,"play_id":"ffac2ee3-7364-4efe-8d8d-cdfd8c21a947","local_time":"20210207174159","is_ascension_mode":true,"campfire_choices":[{"data":"Chip Synthesis","floor":6.0,"key":"SMITH"},{"data":"Hololive_RecruitS","floor":8.0,"key":"SMITH"},{"data":"REME_TwoStrings","floor":11.0,"key":"SMITH"},{"data":"Hololive_CallAkiRosenthal","floor":15.0,"key":"SMITH"},{"data":"Hololive_RecruitS","floor":27.0,"key":"SMITH"},{"data":"Hololive_WolfAndLamb","floor":29.0,"key":"SMITH"},{"data":"ReplayTheSpireMod:Brewmster","floor":32.0,"key":"SMITH"},{"data":"Hololive_BeCareful","floor":40.0,"key":"SMITH"},{"data":"Hololive_Thief","floor":45.0,"key":"SMITH"},{"data":"Hololive_CallHimemoriLuna","floor":49,"key":"SMITH"}],"circlet_count":0,"master_deck":["Hololive_RecruitS+1","Hololive_RecruitS+1","Hololive_RecruitS+1","Hololive_RecruitS+1","Chip Synthesis+1","Hololive_CallOzoraSubaru","Hololive_LuckPotion","Hololive_CallHoshimachiSuisei","Hololive_DevilCharm+1","REME_TwoStrings+1","Hololive_IdolExercise","Hololive_WolfAndLamb+1","Hololive_CallAkiRosenthal+1","Hololive_Thief+1","Hololive_FlyingPonyTail","Hololive_CandyCastle","ReplayTheSpireMod:Brewmster+1","Hololive_CandyCastle+1","Hololive_BeCareful+1","Hololive_Yoholoon+1","Hololive_Yoholoon+1","Hololive_FlyingPonyTail","Hololive_CandyCastle","Hololive_RevenueBasedLive+1","Hololive_LuckPotion+1","Hololive_CallManoAloe+1","Hololive_FlyingPonyTail+1","Hololive_Yoholoon+1","Hololive_Yoholoon+1","Hololive_CallHimemoriLuna+1"],"relics":["Hololive_TheStar","Hololive_YagooBigFamily","REME_ComplimentaryCards","Garlic","Molten Egg 2","ReplayTheSpireMod:Lightbulb","Blood Vial","Busted Crown","MerchantsRug","Anchor","Matryoshka","Hololive_LightStick","Philosopher\u0027s Stone","ReplayTheSpireMod:Shallot","Replay:Wax Seal","Letter Opener","Oddly Smooth Stone","ReplayTheSpireMod:CursedCoin","Juzu Bracelet"],"acts_visited":["Exordium","TheCity","TheBeyond"],"potions_floor_usage":[50,50],"damage_taken":[{"damage":0.0,"enemies":"Jaw Worm","floor":1.0,"turns":3.0},{"damage":0.0,"enemies":"Cultist","floor":4.0,"turns":3.0},{"damage":0.0,"enemies":"conspire:RoseBush","floor":7.0,"turns":2.0},{"damage":0.0,"enemies":"3 Sentries","floor":13.0,"turns":4.0},{"damage":0.0,"enemies":"Gremlin Gang","floor":14.0,"turns":3.0},{"damage":0.0,"enemies":"Fading Forest","floor":16.0,"turns":11.0},{"damage":0.0,"enemies":"3 Byrds","floor":18.0,"turns":2.0},{"damage":0.0,"enemies":"Spheric Guardian","floor":22.0,"turns":3.0},{"damage":0.0,"enemies":"Book of Stabbing","floor":23.0,"turns":4.0},{"damage":0.0,"enemies":"Replay:Snechameleon","floor":25.0,"turns":4.0},{"damage":0.0,"enemies":"conspire:HollyBat","floor":28.0,"turns":4.0},{"damage":0.0,"enemies":"Snake Plant","floor":31.0,"turns":4.0},{"damage":0.0,"enemies":"conspire:MysteriousRune","floor":33.0,"turns":6.0},{"damage":0.0,"enemies":"3 Shapes","floor":35.0,"turns":5.0},{"damage":0.0,"enemies":"3 Darklings","floor":36.0,"turns":4.0},{"damage":0.0,"enemies":"Writhing Mass","floor":38.0,"turns":4.0},{"damage":0.0,"enemies":"4 Shapes","floor":39.0,"turns":4.0},{"damage":0.0,"enemies":"R_Hoarder","floor":41.0,"turns":6.0},{"damage":0.0,"enemies":"3 Darklings","floor":42.0,"turns":4.0},{"damage":0.0,"enemies":"Jaw Worm Horde","floor":44.0,"turns":3.0},{"damage":0.0,"enemies":"Reptomancer","floor":46.0,"turns":4.0},{"damage":0,"enemies":"Writhing Mass","floor":48,"turns":3},{"damage":0,"enemies":"Donu and Deca","floor":50,"turns":7}],"seed_played":"8275201949179220521","potions_obtained":[{"floor":4.0,"key":"FairyPotion"},{"floor":21.0,"key":"CultistPotion"},{"floor":21.0,"key":"CultistPotion"},{"floor":21.0,"key":"Adrenaline Potion"},{"floor":21.0,"key":"SteroidPotion"},{"floor":21.0,"key":"Weak Potion"},{"floor":31.0,"key":"Energy Potion"},{"floor":36.0,"key":"Adrenaline Potion"},{"floor":41.0,"key":"PowerPotion"}],"is_trial":false,"path_per_floor":["M","?","T","M","T","R","M","R","T","$","R","$","E","M","R","B",null,"M","$","T","$","M","E","?","E","T","R","M","R","$","M","R_BF","B",null,"M","M","$","M","M","R","E","M","T","M","R","E","$","M","R","B",null],"character_chosen":"Hololive_HololiveCharacter","items_purchased":["BargainBundle","Hololive_DevilCharm+1","REME_TwoStrings","Hololive_IdolExercise","Adrenaline Potion","Swift Potion","MerchantsRug","Cauldron","Anchor","ReplayTheSpireMod:Brewmster","Hololive_Yoholoon+1","Hololive_FlyingPonyTail","Hololive_CandyCastle","Hololive_Yoholoon+1","ReplayTheSpireMod:CursedCoin","Juzu Bracelet","Hololive_CallHimemoriLuna"],"campfire_rested":0,"item_purchase_floors":[10,10,10,10,10,10,19,21,21,30,37,37,37,47,47,47,47],"current_hp_per_floor":[32,25,25,25,25,25,25,25,25,25,25,25,25,27,27,35,35,35,35,35,35,35,35,35,35,35,35,35,35,35,35,35,35,35,35,35,35,35,35,35,35,35,35,35,35,35,35,35,35,35],"gold":36,"neow_bonus":"HUNDRED_GOLD","is_daily":false,"chose_seed":false,"campfire_upgraded":10,"win_rate":0.0,"timestamp":1612690919,"path_taken":["M","?","?","?","?","R","M","R","T","?","R","$","E","M","R","BOSS","M","$","?","$","M","E","?","E","T","R","M","R","$","M","R_BF","BOSS","M","?","$","M","?","R","E","M","T","M","R","E","$","M","R","BOSS"],"items_purchased_type":["Relic","Card","Card","Card","Potion","Potion","Relic","Relic","Relic","Card","Card","Card","Card","Card","Relic","Relic","Card"],"build_version":"2020-12-22","purchased_purges":2,"victory":true,"max_hp_per_floor":[35,35,35,35,35,35,35,35,35,35,35,35,35,35,35,35,35,35,35,35,35,35,35,35,35,35,35,35,35,35,35,35,35,35,35,35,35,35,35,35,35,35,35,35,35,35,35,35,35,35],"card_choices":[{"not_picked":["Hololive_StrengthChampion","Hololive_HuntDinosaur","Hololive_CallOkamiMio"],"picked":"Hololive_CallOzoraSubaru","floor":1.0},{"not_picked":["Hololive_HuntDinosaur","Hololive_RevenueBasedLive","Hololive_DevilCharm"],"picked":"Hololive_LuckPotion","floor":4.0},{"not_picked":["Hololive_CallManoAloe","Hololive_CallShiranuiFlare","Hololive_Breathe"],"picked":"Hololive_CallHoshimachiSuisei","floor":7.0},{"not_picked":["Hololive_Sequa+1","Hololive_CallYogiri","Hololive_HuntDinosaur"],"picked":"Hololive_WolfAndLamb","floor":13.0},{"not_picked":["Hololive_HuntDinosaur","Hololive_Drill+1","Hololive_CocoNews+1"],"picked":"Hololive_CallAkiRosenthal","floor":14.0},{"not_picked":["Hololive_ScarfAndHalo+1","Hololive_WolfAndLamb","Hololive_Rebirth"],"picked":"Hololive_Thief","floor":16.0},{"not_picked":["Hololive_Sequa+1","Hololive_HuntDinosaur"],"picked":"SKIP","floor":18.0},{"not_picked":["Hololive_CallRoboco","Hololive_Psychosis+1"],"picked":"SKIP","floor":22.0},{"not_picked":["Hololive_HuntDinosaur+1"],"picked":"Hololive_FlyingPonyTail","floor":23.0},{"not_picked":["Hololive_Recruit"],"picked":"Hololive_CandyCastle","floor":25.0},{"not_picked":["Hololive_StrengthChampion+1","Hololive_Drill+1"],"picked":"SKIP","floor":28.0},{"not_picked":["Hololive_RevenueBasedLive"],"picked":"Hololive_CandyCastle+1","floor":31.0},{"not_picked":["Hololive_Nanodesu+1"],"picked":"Hololive_BeCareful","floor":33.0},{"not_picked":["Hololive_CocoNews+1","Hololive_Drill+1"],"picked":"SKIP","floor":35.0},{"not_picked":["Hololive_CallMurasakiShion","Hololive_HuntDinosaur+1"],"picked":"SKIP","floor":36.0},{"not_picked":["Hololive_LuckPotion"],"picked":"Hololive_RevenueBasedLive+1","floor":38.0},{"not_picked":["Hololive_Rebound+1"],"picked":"Hololive_LuckPotion+1","floor":39.0},{"not_picked":["Hololive_Breathe+1","Hololive_CallMinatoAqua"],"picked":"SKIP","floor":41.0},{"not_picked":["Hololive_OvertimeWork+1"],"picked":"Hololive_CallManoAloe+1","floor":42.0},{"not_picked":["Hololive_CallCivia","Hololive_Rebound+1"],"picked":"SKIP","floor":44.0},{"not_picked":["Hololive_CallShishiroBotan"],"picked":"Hololive_FlyingPonyTail+1","floor":46.0},{"not_picked":["Hololive_StrengthChampion+1","Hololive_CallSakuraMiko"],"picked":"SKIP","floor":48}],"player_experience":213759,"relics_obtained":[{"floor":3.0,"key":"Garlic"},{"floor":5.0,"key":"Molten Egg 2"},{"floor":9.0,"key":"ReplayTheSpireMod:Lightbulb"},{"floor":13.0,"key":"Blood Vial"},{"floor":20.0,"key":"Orichalcum"},{"floor":23.0,"key":"conspire:Boomerang"},{"floor":25.0,"key":"Matryoshka"},{"floor":26.0,"key":"Hololive_LightStick"},{"floor":26.0,"key":"War Paint"},{"floor":41.0,"key":"ReplayTheSpireMod:Shallot"},{"floor":43.0,"key":"Replay:Wax Seal"},{"floor":43.0,"key":"Letter Opener"},{"floor":46.0,"key":"Oddly Smooth Stone"}],"event_choices":[{"cards_removed":["Hololive_Strike"],"damage_healed":0.0,"max_hp_gain":0.0,"max_hp_loss":0.0,"gold_gain":0.0,"event_name":"Golden Wing","player_choice":"Card Removal","floor":2.0,"gold_loss":0.0,"damage_taken":7.0},{"damage_healed":0.0,"max_hp_gain":0.0,"max_hp_loss":0.0,"gold_gain":0.0,"event_name":"Match and Keep!","player_choice":"0 cards matched","floor":24.0,"gold_loss":0.0,"damage_taken":0.0,"cards_obtained":[]}],"is_beta":false,"boss_relics":[{"not_picked":["Hololive_Finger","Velvet Choker"],"picked":"Busted Crown"},{"not_picked":["Replay:Ancient Bell","Empty Cage"],"picked":"Philosopher\u0027s Stone"}],"items_purged_floors":[10,47],"is_endless":false,"potions_floor_spawned":[4,13,16,31,36,41,44],"ascension_level":9}}