{"host":"fnndj664xgd3vavt","time":1612718133,"event":{"mods":["AchievementEnabler","BaseMod","Better Note","Colored Powertips","DeckTracker","Downfall","Highlight Path","Infinite Spire","Minty Spire (QoL Compilation)","Quick Restart","Random Character Button","Replay The Spire","StSLib"],"gold_per_floor":[99,115,131,147,147,164,190,190,216,228,128,128,140,151,167,269,269,269,281,298,298,398,408,408,425,438,455,473,473,473,473],"floor_reached":29,"language":"ENG","playtime":1121,"items_purged":[],"score":285,"play_id":"2997bf48-7bfb-44ab-a670-0929188bb567","local_time":"20210207121533","is_ascension_mode":false,"campfire_choices":[{"floor":1,"key":"DIG"},{"floor":11,"key":"REST"}],"circlet_count":0,"master_deck":["Slimebound:Strike_Slimebound","Slimebound:Strike_Slimebound","Slimebound:Strike_Slimebound","Slimebound:Tackle","Slimebound:Defend_Slimebound","Slimebound:Defend_Slimebound","Slimebound:Defend_Slimebound","Slimebound:Split","Slimebound:CorrosiveSpit","Slimebound:LeadByExample","Slimebound:SplitBruiser","Slimebound:SplitBruiser","Slimebound:SplitBruiser","Slimebound:SplitLeeching","Slimebound:MassFeed","Slimebound:SamplingLick","Slimebound:SplitAcid","Slimebound:GoopSpray","Slimebound:SelfFormingGoo","Slimebound:HauntingLick","Slimebound:TongueLash","Slimebound:ProtectTheBoss","Slimebound:RainOfGoop","Slimebound:GoopSpray"],"relics":["Slimebound:AbsorbEndCombat","Blue Doll","Potion Belt","infinitespire:Satchel","downfall:HeartBlessingBlue","SlaversCollar","Nloth\u0027s Gift","infinitespire:EmpoweringShard"],"acts_visited":["Exordium","TheCity"],"potions_floor_usage":[25,27,27,28],"damage_taken":[{"damage":4,"enemies":"Cultist","floor":2,"turns":3},{"damage":18,"enemies":"Small Slimes","floor":3,"turns":2},{"damage":5,"enemies":"2 Louse","floor":4,"turns":3},{"damage":16,"enemies":"Lots of Slimes","floor":6,"turns":3},{"damage":21,"enemies":"Lagavulin","floor":9,"turns":5},{"damage":6,"enemies":"3 Louse","floor":10,"turns":2},{"damage":20,"enemies":"Exordium Thugs","floor":13,"turns":3},{"damage":9,"enemies":"Blue Slaver","floor":14,"turns":3},{"damage":3,"enemies":"3 Louse","floor":15,"turns":3},{"damage":16,"enemies":"SI_SHIV_ARCHETYPE","floor":16,"turns":7},{"damage":26,"enemies":"Shell Parasite","floor":19,"turns":5},{"damage":17,"enemies":"Spheric Guardian","floor":20,"turns":4},{"damage":18,"enemies":"Snake Plant","floor":23,"turns":4},{"damage":30,"enemies":"3 Cultists","floor":25,"turns":4},{"damage":14,"enemies":"Snecko","floor":26,"turns":4},{"damage":1,"enemies":"Centurion and Healer","floor":27,"turns":6},{"damage":50,"enemies":"Sentry and Sphere","floor":28,"turns":6},{"damage":7,"enemies":"Slavers","floor":29,"turns":1}],"seed_played":"4978083585998921801","potions_obtained":[{"floor":4,"key":"Block Potion"},{"floor":6,"key":"Elixir"},{"floor":12,"key":"FairyPotion"},{"floor":12,"key":"EssenceOfSteel"},{"floor":12,"key":"SteroidPotion"},{"floor":14,"key":"LifebloodPotion"},{"floor":25,"key":"Fruit Juice"}],"is_trial":false,"path_per_floor":["R","M","M","M","?","M","T","?","E","M","R","?","M","M","M","B",null,"R","M","M","?","?","M","T","M","M","M","M","E"],"character_chosen":"SLIMEBOUND","items_purchased":[],"campfire_rested":1,"item_purchase_floors":[],"current_hp_per_floor":[65,63,47,44,44,30,30,30,13,9,41,41,26,22,26,16,84,84,62,45,45,45,34,34,15,5,15,4,0,0,0],"gold":473,"neow_bonus":"RANDOM_COMMON_RELIC","is_daily":false,"chose_seed":false,"campfire_upgraded":0,"win_rate":0.0,"timestamp":1612718133,"path_taken":["R","M","M","M","?","M","T","?","E","M","R","?","?","M","M","BOSS","R","M","M","?","?","M","T","M","M","M","M","E"],"items_purchased_type":[],"build_version":"2020-12-22","purchased_purges":0,"victory":false,"max_hp_per_floor":[65,65,65,65,65,65,65,65,65,65,75,75,78,81,84,84,84,84,84,84,84,84,87,87,92,92,95,95,95,95,95],"card_choices":[{"not_picked":["Slimebound:RollThrough","Slimebound:Equalize"],"picked":"Slimebound:LeadByExample","floor":2},{"not_picked":["Slimebound:RollThrough","Slimebound:LeadByExample"],"picked":"Slimebound:SplitBruiser","floor":3},{"not_picked":["Slimebound:RollThrough","Slimebound:BestDefense"],"picked":"Slimebound:SplitBruiser","floor":4},{"not_picked":["Slimebound:PressTheAttack","Slimebound:FinishingTackle"],"picked":"Slimebound:SplitBruiser","floor":6},{"not_picked":["Slimebound:LeechingTouch","Slimebound:BestDefense"],"picked":"Slimebound:SplitLeeching","floor":9},{"not_picked":["Slimebound:Prepare","Slimebound:DisruptingSlam"],"picked":"Slimebound:MassFeed","floor":10},{"not_picked":["Slimebound:SplitBruiser","Slimebound:GoopTackle"],"picked":"Slimebound:SamplingLick","floor":13},{"not_picked":["Slimebound:AcidTongue","Slimebound:GrowthPunch"],"picked":"Slimebound:SplitAcid","floor":14},{"not_picked":["Slimebound:SamplingLick","Slimebound:Schlurp"],"picked":"Slimebound:GoopSpray","floor":15},{"not_picked":["Slimebound:Overexert","Slimebound:OozeBath"],"picked":"Slimebound:SelfFormingGoo","floor":16},{"not_picked":["Slimebound:AcidTongue","Slimebound:PressTheAttack","Slimebound:GoopTackle"],"picked":"SKIP","floor":19},{"not_picked":["Slimebound:SlimeBarrage","Slimebound:Chomp"],"picked":"Slimebound:HauntingLick","floor":20},{"not_picked":["Slimebound:SlimeSpikes","Slimebound:GoopTackle+1"],"picked":"Slimebound:TongueLash","floor":23},{"not_picked":["Slimebound:LivingWall","Slimebound:DouseInSlime","Slimebound:SplitBruiser"],"picked":"SKIP","floor":25},{"not_picked":["Slimebound:Replication","Slimebound:PressTheAttack"],"picked":"Slimebound:ProtectTheBoss","floor":26},{"not_picked":["Slimebound:LeechLife","Slimebound:PressTheAttack"],"picked":"Slimebound:RainOfGoop","floor":27},{"not_picked":["Slimebound:RainOfGoop","Slimebound:Prepare"],"picked":"Slimebound:GoopSpray","floor":28}],"player_experience":267856,"relics_obtained":[{"floor":1,"key":"Potion Belt"},{"floor":8,"key":"infinitespire:Satchel"},{"floor":9,"key":"infinitespire:CheckeredPen"},{"floor":24,"key":"infinitespire:EmpoweringShard"}],"event_choices":[{"damage_healed":0,"gold_gain":0,"player_choice":"Got Potions","damage_taken":0,"max_hp_gain":0,"max_hp_loss":0,"event_name":"Lab","floor":12,"gold_loss":0}],"is_beta":false,"boss_relics":[{"not_picked":["SacredBark","Replay:Wanted Poster"],"picked":"SlaversCollar"}],"items_purged_floors":[],"is_endless":false,"potions_floor_spawned":[4,6,14,16,19,23,25],"killed_by":"Slavers","ascension_level":0}}