{"host":"tzwikg9s6mkzv6w0","time":1612668239,"event":{"mods":["BaseMod","Good Game Mod","Minty Spire (QoL Compilation)","Spicy Shops","StSLib"],"gold_per_floor":[366,366,139,155,155,155,166,191,191,191,141,41,61,61,61,164,164,183,214,289,308,21,21,55,74,74,74,105,30,48,75,75,178,178,196,247,257,268,318,318,337,337,337,337,224,259,83,116,116,116,116,116,10,38,38],"floor_reached":56,"language":"ZHS","playtime":1757,"items_purged":["Strike_G","Strike_G","Strike_G","Defend_G","Defend_G","Defend_G"],"score":1567,"play_id":"83fa750b-62f6-4a1a-af5b-308414f7eff3","local_time":"20210207112359","is_ascension_mode":true,"campfire_choices":[{"data":"Blade Dance","floor":6.0,"key":"SMITH"},{"data":"Accuracy","floor":10.0,"key":"SMITH"},{"data":"Blade Dance","floor":15.0,"key":"SMITH"},{"data":"Phantasmal Killer","floor":23.0,"key":"SMITH"},{"floor":27.0,"key":"RECALL"},{"data":"Tactician","floor":32.0,"key":"SMITH"},{"data":"1","floor":40.0,"key":"LIFT"},{"data":"2","floor":42.0,"key":"LIFT"},{"data":"3","floor":49,"key":"LIFT"},{"data":"Acrobatics","floor":52,"key":"SMITH"}],"circlet_count":0,"master_deck":["Defend_G+1","Survivor","Neutralize+1","Impatience","Blade Dance+1","Accuracy+1","Blade Dance+1","Phantasmal Killer+1","Prepared+1","Escape Plan+1","Tactician+1","Adrenaline","Reflex+1","Acrobatics+1","Adrenaline","Madness","Madness","Terror+1","Parasite","Accuracy"],"relics":["Ring of the Snake","REME:ComplimentaryCards","Lizard Tail","Mercury Hourglass","Dream Catcher","Mango","HoveringKite","Red Mask","Membership Card","Nunchaku","Paper Crane","Darkstone Periapt","Medical Kit","Eternal Feather","Empty Cage","Girya","Ice Cream","Potion Belt","Cauldron","MawBank","Snake Skull","TheAbacus","HornCleat"],"acts_visited":["Exordium","TheCity","TheBeyond","TheEnding"],"potions_floor_usage":[45,55,55,55],"damage_taken":[{"damage":0.0,"enemies":"2 Louse","floor":1.0,"turns":3.0},{"damage":0.0,"enemies":"Small Slimes","floor":4.0,"turns":2.0},{"damage":0.0,"enemies":"Jaw Worm","floor":7.0,"turns":3.0},{"damage":11.0,"enemies":"3 Sentries","floor":8.0,"turns":7.0},{"damage":0.0,"enemies":"Exordium Wildlife","floor":13.0,"turns":1.0},{"damage":18.0,"enemies":"The Guardian","floor":16.0,"turns":9.0},{"damage":6.0,"enemies":"Spheric Guardian","floor":18.0,"turns":3.0},{"damage":0.0,"enemies":"Masked Bandits","floor":19.0,"turns":2.0},{"damage":0.0,"enemies":"3 Byrds","floor":21.0,"turns":3.0},{"damage":0.0,"enemies":"Gremlin Leader","floor":24.0,"turns":2.0},{"damage":2.0,"enemies":"Centurion and Healer","floor":25.0,"turns":3.0},{"damage":3.0,"enemies":"Slavers","floor":28.0,"turns":2.0},{"damage":1.0,"enemies":"Chosen and Byrds","floor":30.0,"turns":3.0},{"damage":0.0,"enemies":"Gremlin Leader","floor":31.0,"turns":3.0},{"damage":29.0,"enemies":"Collector","floor":33.0,"turns":7.0},{"damage":0.0,"enemies":"3 Darklings","floor":35.0,"turns":3.0},{"damage":6.0,"enemies":"2 Orb Walkers","floor":36.0,"turns":3.0},{"damage":0.0,"enemies":"Orb Walker","floor":37.0,"turns":2.0},{"damage":6.0,"enemies":"Transient","floor":38.0,"turns":5.0},{"damage":0.0,"enemies":"Mind Bloom Boss Battle","floor":39.0,"turns":4.0},{"damage":0.0,"enemies":"3 Darklings","floor":41.0,"turns":1.0},{"damage":0,"enemies":"Giant Head","floor":46,"turns":2},{"damage":0,"enemies":"Reptomancer","floor":48,"turns":1},{"damage":47,"enemies":"Time Eater","floor":50,"turns":8},{"damage":0,"enemies":"Shield and Spear","floor":54,"turns":1},{"damage":7,"enemies":"The Heart","floor":55,"turns":3}],"seed_played":"7261391569866079129","potions_obtained":[{"floor":1.0,"key":"AttackPotion"},{"floor":7.0,"key":"AttackPotion"},{"floor":19.0,"key":"LiquidMemories"},{"floor":30.0,"key":"FearPotion"},{"floor":45,"key":"Fruit Juice"},{"floor":45,"key":"Swift Potion"},{"floor":45,"key":"BlessingOfTheForge"}],"is_trial":false,"path_per_floor":["M","?","$","M","?","R","M","E","T","R","?","$","M","?","R","B",null,"M","?","?","M","$","R","E","M","T","R","E","$","M","E","R","B",null,"M","?","M","M","?","R","M","R","T","?","$","E","$","E","R","B",null,"R","$","E","B",null],"character_chosen":"THE_SILENT","items_purchased":["Lizard Tail","Accuracy","Membership Card","Nunchaku","Medical Kit","Cauldron","TheAbacus","Accuracy"],"campfire_rested":0,"item_purchase_floors":[3,3,22,22,29,45,53,53],"current_hp_per_floor":[49,54,54,54,39,39,39,28,28,28,28,28,28,39,39,21,89,83,83,75,75,75,75,75,73,73,73,70,70,69,69,78,49,89,89,83,83,77,77,86,86,89,89,78,83,83,83,83,92,45,94,94,100,100,93],"gold":38,"neow_bonus":"TWO_FIFTY_GOLD","is_daily":false,"chose_seed":false,"campfire_upgraded":6,"win_rate":0.0,"timestamp":1612668239,"path_taken":["M","?","$","M","?","R","M","E","T","R","?","$","?","?","R","BOSS","M","?","?","M","$","R","E","?","T","R","E","?","M","E","R","BOSS","M","?","M","M","?","R","M","R","T","?","$","E","?","E","R","BOSS","R","$","E","BOSS"],"items_purchased_type":["Relic","Card","Relic","Relic","Relic","Relic","Relic","Card"],"build_version":"2020-12-22","purchased_purges":6,"victory":true,"max_hp_per_floor":[70,75,75,75,75,75,75,75,75,75,75,75,75,89,89,89,89,89,89,89,89,89,89,89,89,89,89,89,89,89,89,89,89,89,89,89,89,89,89,89,89,89,89,89,94,94,94,94,94,94,94,94,100,100,100],"card_choices":[{"not_picked":["Bouncing Flask","PiercingWail"],"picked":"Blade Dance","floor":1.0},{"not_picked":["Dagger Spray","Eviscerate","Flying Knee"],"picked":"SKIP","floor":4.0},{"not_picked":["Underhanded Strike","All Out Attack","Caltrops"],"picked":"SKIP","floor":7.0},{"not_picked":["PiercingWail","Prepared"],"picked":"Blade Dance","floor":8.0},{"not_picked":["All Out Attack","Bane","Backstab"],"picked":"SKIP","floor":13.0},{"not_picked":["Envenom","Venomology"],"picked":"Phantasmal Killer","floor":16.0},{"not_picked":["Cloak And Dagger","Blade Dance+1","Bane"],"picked":"SKIP","floor":18.0},{"not_picked":["Infinite Blades+1","Cloak And Dagger+1"],"picked":"Prepared+1","floor":19.0},{"not_picked":["Backflip","Bane","Dagger Spray"],"picked":"SKIP","floor":21.0},{"not_picked":["Dash","Deflect","Blade Dance"],"picked":"SKIP","floor":24.0},{"not_picked":["Bouncing Flask","Cloak And Dagger","Deadly Poison"],"picked":"SKIP","floor":25.0},{"not_picked":["Leg Sweep","Doppelganger"],"picked":"Escape Plan+1","floor":28.0},{"not_picked":["Catalyst","Slice","Flechettes"],"picked":"SKIP","floor":30.0},{"not_picked":["Endless Agony+1","Predator+1"],"picked":"Tactician","floor":31.0},{"not_picked":["Burst","Storm of Steel"],"picked":"Adrenaline","floor":33.0},{"not_picked":["Quick Slash+1","Flying Knee+1","Dagger Throw"],"picked":"SKIP","floor":35.0},{"not_picked":["Slice+1","PiercingWail"],"picked":"Reflex+1","floor":36.0},{"not_picked":["Bouncing Flask","Sucker Punch","Distraction+1"],"picked":"SKIP","floor":37.0},{"not_picked":["PiercingWail","Dodge and Roll","Bouncing Flask+1"],"picked":"SKIP","floor":38.0},{"not_picked":["Accuracy","Deadly Poison"],"picked":"Acrobatics","floor":39.0},{"not_picked":["Endless Agony","PiercingWail"],"picked":"Adrenaline","floor":41.0},{"not_picked":["Backflip+1","Deadly Poison"],"picked":"Terror+1","floor":46},{"not_picked":["Predator","Flechettes+1","Dagger Spray"],"picked":"SKIP","floor":48},{"not_picked":["Dodge and Roll","Dagger Throw+1","Noxious Fumes+1"],"picked":"SKIP","floor":54}],"player_experience":57091,"relics_obtained":[{"floor":8.0,"key":"Mercury Hourglass"},{"floor":9.0,"key":"Dream Catcher"},{"floor":19.0,"key":"Red Mask"},{"floor":24.0,"key":"Paper Crane"},{"floor":28.0,"key":"Darkstone Periapt"},{"floor":31.0,"key":"Eternal Feather"},{"floor":36.0,"key":"Girya"},{"floor":39.0,"key":"Ice Cream"},{"floor":43.0,"key":"Potion Belt"},{"floor":46,"key":"MawBank"},{"floor":48,"key":"Snake Skull"},{"floor":54,"key":"HornCleat"}],"event_choices":[{"damage_healed":0.0,"max_hp_gain":5.0,"max_hp_loss":0.0,"gold_gain":0.0,"event_name":"Big Fish","player_choice":"Donut","floor":2.0,"gold_loss":0.0,"damage_taken":0.0},{"damage_healed":0.0,"max_hp_gain":0.0,"max_hp_loss":0.0,"gold_gain":0.0,"event_name":"Shining Light","player_choice":"Entered Light","floor":5.0,"gold_loss":0.0,"damage_taken":15.0,"cards_upgraded":["Neutralize","Defend_G"]},{"cards_removed":["Strike_G"],"damage_healed":0.0,"max_hp_gain":0.0,"max_hp_loss":0.0,"gold_gain":0.0,"event_name":"The Cleric","player_choice":"Card Removal","floor":11.0,"gold_loss":50.0,"damage_taken":0.0},{"damage_healed":0.0,"max_hp_gain":0.0,"max_hp_loss":0.0,"gold_gain":0.0,"event_name":"Scrap Ooze","player_choice":"Success","floor":14.0,"gold_loss":0.0,"damage_taken":3.0,"relics_obtained":["Mango"]},{"damage_healed":0.0,"max_hp_gain":0.0,"max_hp_loss":0.0,"gold_gain":0.0,"event_name":"Masked Bandits","player_choice":"Fought Bandits","floor":19.0,"gold_loss":0.0,"damage_taken":0.0},{"damage_healed":0.0,"max_hp_gain":0.0,"max_hp_loss":0.0,"gold_gain":75.0,"event_name":"FaceTrader","player_choice":"Touch","floor":20.0,"gold_loss":0.0,"damage_taken":8.0},{"damage_healed":0.0,"max_hp_gain":0.0,"max_hp_loss":0.0,"gold_gain":0.0,"event_name":"Mysterious Sphere","player_choice":"Fight","floor":36.0,"gold_loss":0.0,"damage_taken":0.0},{"damage_healed":0.0,"max_hp_gain":0.0,"max_hp_loss":0.0,"gold_gain":0.0,"event_name":"MindBloom","player_choice":"Fight","floor":39.0,"gold_loss":0.0,"damage_taken":0.0},{"damage_healed":0.0,"max_hp_gain":0.0,"max_hp_loss":0.0,"gold_gain":0.0,"event_name":"Winding Halls","player_choice":"Embrace Madness","floor":44.0,"gold_loss":0.0,"damage_taken":11.0,"cards_obtained":["Madness","Madness"]}],"is_beta":false,"boss_relics":[{"not_picked":["Runic Dome","Calling Bell"],"picked":"HoveringKite"},{"not_picked":["Tiny House","Philosopher\u0027s Stone"],"picked":"Empty Cage"}],"items_purged_floors":[3,12,22,45,47,47],"is_endless":false,"potions_floor_spawned":[1,7,19,24,30,31,33,35,37],"ascension_level":2}}