{"host":"soyfmymeou4emntr","time":1612658824,"event":{"mods":["BaseMod","BetterRewards","Minty Spire (QoL Compilation)","Relic Sorter","Relic Stats","StSLib"],"gold_per_floor":[17,17,35,54,65,96,96,111,111,124,139,139,170,181,181,259,259,273,188,204,204,204,204,218,130,156,191,210,210,240,250,250,322,322,337,287,305,318,318,350,350,379,379,411,170,170,70,0,0,0,0,0],"floor_reached":51,"language":"ENG","playtime":4086,"items_purged":["Strike_R+1","Strike_R+1"],"score":1624,"play_id":"62233b7d-d0f5-4b02-b225-82a96139676b","local_time":"20210206174704","is_ascension_mode":true,"campfire_choices":[{"data":"Carnage","floor":7.0,"key":"SMITH"},{"data":"Bash","floor":12.0,"key":"SMITH"},{"data":"Inflame","floor":15.0,"key":"SMITH"},{"data":"Inflame","floor":23.0,"key":"SMITH"},{"data":"True Grit","floor":29.0,"key":"SMITH"},{"data":"Berserk","floor":32.0,"key":"SMITH"},{"floor":41.0,"key":"REST"},{"floor":46.0,"key":"REST"},{"floor":49.0,"key":"REST"}],"circlet_count":0,"master_deck":["AscendersBane","Strike_R+1","Defend_R+1","Defend_R+1","Defend_R+1","Defend_R+1","Bash+1","Anger","Blood for Blood+1","Spot Weakness","Anger","True Grit+1","Thunderclap+1","Carnage+1","Sword Boomerang","Hemokinesis","Disarm","Inflame+1","Impervious","Sword Boomerang","Inflame+1","Pummel","Warcry+1","Berserk+1","Impervious","Headbutt","Whirlwind","Burning Pact","Offering","Battle Trance","Limit Break","Shrug It Off+1","Power Through+1"],"relics":["Burning Blood","Bag of Marbles","Thread and Needle","Mummified Hand","Black Star","Champion Belt","Turnip","Strawberry","PreservedInsect","Pear","Happy Flower","Shuriken","Fusion Hammer","MealTicket","Art of War","Dream Catcher","Singing Bowl","Torii","Regal Pillow","Red Skull","Pen Nib","Red Mask"],"acts_visited":["Exordium","TheCity","TheBeyond"],"potions_floor_usage":[50,51],"damage_taken":[{"damage":7.0,"enemies":"Small Slimes","floor":1.0,"turns":3.0},{"damage":1.0,"enemies":"Cultist","floor":3.0,"turns":4.0},{"damage":5.0,"enemies":"2 Louse","floor":4.0,"turns":3.0},{"damage":5.0,"enemies":"Large Slime","floor":5.0,"turns":7.0},{"damage":20.0,"enemies":"3 Sentries","floor":6.0,"turns":7.0},{"damage":1.0,"enemies":"Blue Slaver","floor":8.0,"turns":2.0},{"damage":14.0,"enemies":"Lots of Slimes","floor":10.0,"turns":4.0},{"damage":0.0,"enemies":"Exordium Thugs","floor":11.0,"turns":4.0},{"damage":20.0,"enemies":"Lagavulin","floor":13.0,"turns":6.0},{"damage":0.0,"enemies":"Blue Slaver","floor":14.0,"turns":1.0},{"damage":2.0,"enemies":"Slime Boss","floor":16.0,"turns":4.0},{"damage":19.0,"enemies":"Shell Parasite","floor":18.0,"turns":2.0},{"damage":8.0,"enemies":"Chosen","floor":20.0,"turns":4.0},{"damage":4.0,"enemies":"3 Cultists","floor":24.0,"turns":4.0},{"damage":22.0,"enemies":"Book of Stabbing","floor":27.0,"turns":5.0},{"damage":29.0,"enemies":"Shelled Parasite and Fungi","floor":28.0,"turns":5.0},{"damage":0.0,"enemies":"Gremlin Leader","floor":30.0,"turns":3.0},{"damage":3.0,"enemies":"Centurion and Healer","floor":31.0,"turns":5.0},{"damage":18.0,"enemies":"Champ","floor":33.0,"turns":9.0},{"damage":14.0,"enemies":"3 Darklings","floor":35.0,"turns":6.0},{"damage":0.0,"enemies":"3 Shapes","floor":37.0,"turns":2.0},{"damage":24.0,"enemies":"Writhing Mass","floor":38.0,"turns":6.0},{"damage":17.0,"enemies":"Nemesis","floor":40.0,"turns":5.0},{"damage":15.0,"enemies":"Reptomancer","floor":42.0,"turns":4.0},{"damage":14.0,"enemies":"Nemesis","floor":44.0,"turns":5.0},{"damage":60,"enemies":"Awakened One","floor":50,"turns":9},{"damage":43,"enemies":"Donu and Deca","floor":51,"turns":4}],"seed_played":"7603296091643108063","potions_obtained":[{"floor":1.0,"key":"ElixirPotion"},{"floor":2.0,"key":"Explosive Potion"},{"floor":2.0,"key":"CultistPotion"},{"floor":10.0,"key":"Swift Potion"},{"floor":14.0,"key":"Strength Potion"},{"floor":18.0,"key":"ColorlessPotion"},{"floor":27.0,"key":"BloodPotion"},{"floor":28.0,"key":"DuplicationPotion"},{"floor":38.0,"key":"Energy Potion"},{"floor":42.0,"key":"SteroidPotion"}],"is_trial":false,"path_per_floor":["M","?","M","M","M","E","R","M","T","M","M","R","E","M","R","B",null,"M","?","M","?","T","R","M","$","T","E","M","R","E","M","R","B",null,"M","?","M","M","T","E","R","E","T","E","$","R","$","?","R","B","B"],"character_chosen":"IRONCLAD","items_purchased":["Pummel","Pen Nib"],"campfire_rested":3,"item_purchase_floors":[25,45],"current_hp_per_floor":[67,67,72,73,74,60,60,65,65,57,63,63,49,55,55,59,71,58,58,56,56,56,56,58,58,65,59,54,54,60,63,63,51,82,74,74,80,62,62,51,78,69,69,61,76,92,92,92,92,38,0,0],"gold":0,"neow_bonus":"TRANSFORM_TWO_CARDS","is_daily":false,"chose_seed":false,"campfire_upgraded":6,"win_rate":0.0,"timestamp":1612658824,"path_taken":["M","?","M","?","M","E","R","M","T","?","M","R","E","M","R","BOSS","M","?","M","?","?","R","M","$","T","E","M","R","E","M","R","BOSS","M","?","M","?","?","E","R","E","T","E","$","R","$","?","R","BOSS","BOSS"],"items_purchased_type":["Card","Relic"],"build_version":"2020-12-22","purchased_purges":2,"victory":false,"max_hp_per_floor":[75,75,75,75,75,75,75,75,75,75,75,75,75,75,75,75,75,75,75,75,75,75,75,75,75,82,92,92,92,92,92,92,92,92,92,92,92,92,92,92,92,92,92,92,92,92,92,92,92,92,92,92],"relic_stats":{"Regal Pillow":0,"Happy Flower":[18],"Singing Bowl":0,"Torii":14,"counters":[27,123],"PreservedInsect":208,"Pen Nib":[2],"Burning Blood":156,"Dream Catcher":3,"Mummified Hand":[48],"Shuriken":[18],"MealTicket":15,"Turnip":[10],"Black Star":5,"Art of War":[2],"Champion Belt":[52],"obtain_stats":[{"Regal Pillow":44,"Pear":27,"Happy Flower":30,"Singing Bowl":42,"Torii":42,"Thread and Needle":9,"PreservedInsect":27,"Pen Nib":45,"Burning Blood":0,"Dream Catcher":40,"Mummified Hand":13,"Shuriken":30,"Strawberry":26,"MealTicket":39,"Turnip":22,"Fusion Hammer":34,"Bag of Marbles":6,"Black Star":17,"Art of War":40,"Red Mask":48,"Champion Belt":19,"Red Skull":44},{"Regal Pillow":25,"Pear":15,"Happy Flower":17,"Singing Bowl":24,"Torii":24,"Thread and Needle":6,"PreservedInsect":15,"Pen Nib":25,"Burning Blood":0,"Dream Catcher":23,"Mummified Hand":9,"Shuriken":17,"Strawberry":14,"MealTicket":22,"Turnip":13,"Fusion Hammer":19,"Bag of Marbles":5,"Black Star":11,"Art of War":23,"Red Mask":25,"Champion Belt":12,"Red Skull":25},{"Regal Pillow":110,"Pear":60,"Happy Flower":68,"Singing Bowl":105,"Torii":105,"Thread and Needle":26,"PreservedInsect":60,"Pen Nib":110,"Burning Blood":0,"Dream Catcher":101,"Mummified Hand":40,"Shuriken":68,"Strawberry":55,"MealTicket":96,"Turnip":51,"Fusion Hammer":82,"Bag of Marbles":24,"Black Star":45,"Art of War":101,"Red Mask":110,"Champion Belt":47,"Red Skull":110}]},"card_choices":[{"not_picked":["Battle Trance","Iron Wave"],"picked":"Spot Weakness","floor":1.0},{"not_picked":["Clothesline","Blood for Blood"],"picked":"Anger","floor":3.0},{"not_picked":["Seeing Red","Armaments"],"picked":"True Grit","floor":4.0},{"not_picked":["Rampage","Flex"],"picked":"Thunderclap","floor":5.0},{"not_picked":["Seeing Red","Brutality"],"picked":"Carnage","floor":6.0},{"not_picked":["Rage","Pommel Strike"],"picked":"Sword Boomerang","floor":8.0},{"not_picked":["Searing Blow","True Grit","Heavy Blade"],"picked":"SKIP","floor":10.0},{"not_picked":["Searing Blow","True Grit","Heavy Blade"],"picked":"SKIP","floor":10.0},{"not_picked":["Headbutt","Cleave"],"picked":"Hemokinesis","floor":11.0},{"not_picked":["Dropkick","Wild Strike"],"picked":"Disarm","floor":13.0},{"not_picked":["Double Tap","Shockwave"],"picked":"Inflame","floor":14.0},{"not_picked":["Berserk","Demon Form"],"picked":"Impervious","floor":16.0},{"not_picked":["Havoc","Thunderclap"],"picked":"Sword Boomerang","floor":18.0},{"not_picked":["Dropkick","True Grit"],"picked":"Inflame","floor":20.0},{"not_picked":["Anger+1","True Grit","Warcry"],"picked":"SKIP","floor":24.0},{"not_picked":["Barricade","Twin Strike"],"picked":"Warcry+1","floor":27.0},{"not_picked":["Sentinel","Carnage","Havoc"],"picked":"SKIP","floor":28.0},{"not_picked":["Thunderclap+1","Twin Strike"],"picked":"Berserk","floor":30.0},{"not_picked":["Clash","Perfected Strike","Blood for Blood"],"picked":"SKIP","floor":31.0},{"not_picked":["Brutality","Demon Form"],"picked":"Impervious","floor":33.0},{"not_picked":["Bloodletting+1","Perfected Strike"],"picked":"Headbutt","floor":35.0},{"not_picked":["Second Wind","Body Slam+1"],"picked":"Whirlwind","floor":37.0},{"not_picked":["Carnage","Flex"],"picked":"Burning Pact","floor":38.0},{"not_picked":["Shrug It Off","Heavy Blade"],"picked":"Offering","floor":40.0},{"not_picked":["Armaments","Heavy Blade"],"picked":"Battle Trance","floor":42.0},{"not_picked":["Demon Form","Flex"],"picked":"Limit Break","floor":44.0},{"not_picked":["Twin Strike","Warcry"],"picked":"Shrug It Off+1","floor":46.0},{"not_picked":["Perfected Strike","Cleave+1"],"picked":"Power Through+1","floor":49.0}],"player_experience":3080185,"relics_obtained":[{"floor":6.0,"key":"Bag of Marbles"},{"floor":9.0,"key":"Thread and Needle"},{"floor":13.0,"key":"Mummified Hand"},{"floor":22.0,"key":"Turnip"},{"floor":26.0,"key":"Strawberry"},{"floor":27.0,"key":"PreservedInsect"},{"floor":27.0,"key":"Pear"},{"floor":30.0,"key":"Happy Flower"},{"floor":30.0,"key":"Shuriken"},{"floor":39.0,"key":"MealTicket"},{"floor":40.0,"key":"Art of War"},{"floor":40.0,"key":"Dream Catcher"},{"floor":42.0,"key":"Singing Bowl"},{"floor":42.0,"key":"Torii"},{"floor":44.0,"key":"Regal Pillow"},{"floor":44.0,"key":"Red Skull"}],"event_choices":[{"damage_healed":0.0,"max_hp_gain":0.0,"max_hp_loss":0.0,"gold_gain":0.0,"event_name":"Lab","player_choice":"Got Potions","floor":2.0,"gold_loss":0.0,"damage_taken":0.0},{"damage_healed":0.0,"max_hp_gain":0.0,"max_hp_loss":0.0,"gold_gain":0.0,"event_name":"Addict","player_choice":"Obtained Relic","floor":19.0,"gold_loss":85.0,"damage_taken":0.0,"relics_obtained":["Champion Belt"]},{"damage_healed":0.0,"max_hp_gain":0.0,"max_hp_loss":0.0,"gold_gain":0.0,"event_name":"Back to Basics","player_choice":"Simplicity","floor":21.0,"gold_loss":0.0,"damage_taken":0.0,"cards_upgraded":["Strike_R","Strike_R","Strike_R","Defend_R","Defend_R","Defend_R","Defend_R"]},{"damage_healed":0.0,"max_hp_gain":0.0,"max_hp_loss":0.0,"gold_gain":0.0,"event_name":"Designer","player_choice":"Upgraded Two","floor":36.0,"gold_loss":50.0,"damage_taken":0.0,"cards_upgraded":["Blood for Blood","Thunderclap"]},{"damage_healed":0.0,"max_hp_gain":0.0,"max_hp_loss":0.0,"gold_gain":0.0,"event_name":"Tomb of Lord Red Mask","player_choice":"Paid","floor":48.0,"gold_loss":70.0,"damage_taken":0.0,"relics_obtained":["Red Mask"]}],"is_beta":false,"boss_relics":[{"not_picked":["Calling Bell","Black Blood"],"picked":"Black Star"},{"not_picked":["Tiny House","Busted Crown"],"picked":"Fusion Hammer"}],"items_purged_floors":[45,47],"is_endless":false,"potions_floor_spawned":[1,5,10,13,14,18,27,28,33,38,42,44],"killed_by":"Donu and Deca","ascension_level":20}}