{"host":"l60rmjjsfi0fipmi","time":1612716798,"event":{"mods":["BaseMod","Colored Map","DeckTracker","Downfall","Highlight Path","Minty Spire (QoL Compilation)","StSLib"],"gold_per_floor":[99,99,163,163,183,199,199,199,21,31,49,62,62,62,72,174,174,174,191,22,48,68,68,92,92,77,102,102,127,127,127,143,247,247,247,261,277,277,63,63,89,74,89,105,61,61,61,81,98,98,98,98],"floor_reached":50,"language":"ENG","playtime":5294,"items_purged":["hexamod:Defend","hexamod:Strike","hexamod:Defend"],"score":520,"play_id":"a3d440f1-8675-4242-9f4a-de2775eced9d","local_time":"20210207115318","is_ascension_mode":false,"campfire_choices":[{"data":"hexamod:Sear","floor":1,"key":"SMITH"},{"data":"hexamod:HeatShield","floor":8,"key":"SMITH"},{"data":"hexamod:ThermalTransfer","floor":13,"key":"SMITH"},{"data":"hexamod:HauntingEcho","floor":18,"key":"SMITH"},{"data":"hexamod:ShieldOfDarkness","floor":25,"key":"SMITH"},{"data":"hexamod:HexaLevel","floor":28,"key":"SMITH"},{"data":"hexamod:ForkedFlame","floor":35,"key":"SMITH"},{"floor":46,"key":"REST"}],"circlet_count":0,"master_deck":["hexamod:Strike+1","hexamod:Strike","hexamod:Defend+1","hexamod:Defend","hexamod:Sear+1","hexamod:Float+1","hexamod:ThermalTransfer+1","hexamod:FirstSeal","hexamod:HeatShield+1","hexamod:ShieldOfDarkness+1","hexamod:WildfireWeapon","hexamod:GhostOfSpireFuture","hexamod:HauntingEcho+1","hexamod:StepThrough","hexamod:Firestarter","hexamod:TimeWarp","hexamod:AdvancingGuard+1","hexamod:HexaLevel+1","hexamod:RadiantFlame","hexamod:SwordOfDarkness+1","hexamod:ForkedFlame+1","hexamod:BurningTouch+1","hexamod:InspiringFlames+1","expansioncontent:Chronoboost","expansioncontent:YouAreMine","hexamod:ChargedBarrage+1","hexamod:SixthSeal","hexamod:AdvancingGuard+1"],"relics":["hexamod:SpiritBrand","Tiny Chest","Question Card","SlaversCollar","Omamori","Centennial Puzzle","Dream Catcher","Oddly Smooth Stone","Toy Ornithopter","Eternal Feather","SacredBark","Bronze Scales","Vajra","Membership Card","Unceasing Top"],"acts_visited":["Exordium","TheCity","TheBeyond"],"potions_floor_usage":[16,27,29,32,33,44,48,50,50,50],"damage_taken":[{"damage":32,"enemies":"Lagavulin Event","floor":3,"turns":6},{"damage":3,"enemies":"Small Slimes","floor":5,"turns":3},{"damage":0,"enemies":"2 Louse","floor":6,"turns":3},{"damage":0,"enemies":"downfall:FleeingMerchant","floor":9,"turns":4},{"damage":1,"enemies":"Jaw Worm","floor":10,"turns":3},{"damage":9,"enemies":"Exordium Wildlife","floor":11,"turns":6},{"damage":7,"enemies":"3 Louse","floor":12,"turns":4},{"damage":6,"enemies":"Gremlin Gang","floor":15,"turns":5},{"damage":30,"enemies":"WA_ARCHETYPE_RETAIN","floor":16,"turns":10},{"damage":9,"enemies":"Shell Parasite","floor":19,"turns":5},{"damage":0,"enemies":"downfall:FleeingMerchant","floor":20,"turns":4},{"damage":10,"enemies":"Spheric Guardian","floor":22,"turns":6},{"damage":0,"enemies":"downfall:FleeingMerchant","floor":26,"turns":4},{"damage":21,"enemies":"Book of Stabbing","floor":27,"turns":6},{"damage":29,"enemies":"Gremlin Leader","floor":29,"turns":6},{"damage":17,"enemies":"Snecko","floor":32,"turns":6},{"damage":7,"enemies":"SI_MIRROR_ARCHETYPE","floor":33,"turns":11},{"damage":15,"enemies":"3 Darklings","floor":36,"turns":8},{"damage":11,"enemies":"3 Shapes","floor":37,"turns":4},{"damage":1,"enemies":"downfall:FleeingMerchant","floor":39,"turns":4},{"damage":14,"enemies":"downfall:FleeingMerchant","floor":42,"turns":4},{"damage":22,"enemies":"Sphere and 2 Shapes","floor":43,"turns":4},{"damage":21,"enemies":"Jaw Worm Horde","floor":44,"turns":4},{"damage":0,"enemies":"downfall:FleeingMerchant","floor":45,"turns":1},{"damage":30,"enemies":"4 Shapes","floor":48,"turns":7},{"damage":14,"enemies":"3 Darklings","floor":49,"turns":12},{"damage":42,"enemies":"DF_ARCHETYPE_ORBS","floor":50,"turns":9}],"seed_played":"4569900475324274161","potions_obtained":[{"floor":5,"key":"LiquidBronze"},{"floor":6,"key":"hexamod:EctoCoolerPotion"},{"floor":12,"key":"SpeedPotion"},{"floor":16,"key":"GamblersBrew"},{"floor":19,"key":"ColorlessPotion"},{"floor":22,"key":"Energy Potion"},{"floor":32,"key":"LiquidMemories"},{"floor":37,"key":"EssenceOfSteel"},{"floor":44,"key":"ColorlessPotion"},{"floor":48,"key":"SpeedPotion"},{"floor":49,"key":"LiquidMemories"}],"is_trial":false,"path_per_floor":["R","?","?","?","M","M","T","R","$","M","M","M","R","?","M","B",null,"R","M","$","T","M","?","T","R","$","E","R","E","?","T","M","B",null,"R","M","M","?","$","?","T","$","M","M","?","R","T","M","M","B"],"character_chosen":"THE_SPIRIT","items_purchased":["hexamod:GhostOfSpireFuture","hexamod:HauntingEcho","Omamori","Explosive Potion","SpeedPotion","Vajra","Membership Card"],"campfire_rested":1,"item_purchase_floors":[9,9,20,39,39,45,45],"current_hp_per_floor":[70,70,38,31,35,42,42,42,49,55,53,46,46,46,40,17,70,70,68,70,70,67,67,67,67,70,56,56,34,34,34,29,34,70,70,55,51,46,52,52,52,45,23,14,14,50,50,32,25,0,0,0],"gold":98,"neow_bonus":"UPGRADE_CARD","is_daily":false,"chose_seed":false,"campfire_upgraded":7,"win_rate":0.0,"timestamp":1612716798,"path_taken":["R","?","?","?","M","M","T","R","$","M","?","M","R","?","M","BOSS","R","M","$","?","M","?","T","R","?","E","R","E","?","?","M","BOSS","R","M","M","?","$","?","T","$","M","M","?","R","?","?","M","BOSS"],"items_purchased_type":["Card","Card","Relic","Potion","Potion","Relic","Relic"],"build_version":"2020-12-22","purchased_purges":3,"victory":false,"max_hp_per_floor":[70,70,70,70,70,70,70,70,70,70,70,70,70,70,70,70,70,70,70,70,70,70,70,70,70,70,70,70,70,70,70,70,70,70,70,70,70,70,70,70,70,70,70,70,70,70,70,70,70,70,70,70],"card_choices":[{"not_picked":["hexamod:NightmareGuise","hexamod:GhostLash"],"picked":"hexamod:ThermalTransfer","floor":3},{"not_picked":["hexamod:GhostShield","hexamod:PhantomFireball"],"picked":"hexamod:HeatShield","floor":5},{"not_picked":["hexamod:RetreatToShadows","hexamod:BurningTouch"],"picked":"hexamod:ShieldOfDarkness","floor":6},{"not_picked":["hexamod:CatchUp","hexamod:ChargedBarrage","hexamod:RetreatToShadows"],"picked":"hexamod:WildfireWeapon","floor":9},{"not_picked":["hexamod:Haunt","hexamod:Again","hexamod:CatchUp"],"picked":"hexamod:StepThrough","floor":10},{"not_picked":["hexamod:RainOfEmbers","hexamod:FastForward","hexamod:HeatCrush","hexamod:AdvancingGuard"],"picked":"SKIP","floor":11},{"not_picked":["hexamod:SecondSeal","hexamod:InspiringFlames","hexamod:GhostLash"],"picked":"hexamod:Firestarter","floor":12},{"not_picked":["hexamod:GhostShield","hexamod:RetreatToShadows","hexamod:RecurringNightmare","hexamod:SpectersWail"],"picked":"SKIP","floor":15},{"not_picked":["hexamod:FifthSeal","hexamod:SixthSeal","hexamod:GhostflameInferno"],"picked":"hexamod:TimeWarp","floor":16},{"not_picked":["hexamod:HauntingEcho+1","hexamod:AdvancingGuard","hexamod:PhantomCloak+1","hexamod:SwordOfDarkness"],"picked":"SKIP","floor":19},{"not_picked":["hexamod:NightmareGuise","hexamod:GhostShield+1","hexamod:ShieldOfDarkness+1","hexamod:RetreatToShadows"],"picked":"SKIP","floor":20},{"not_picked":["hexamod:ShieldOfDarkness","hexamod:ThirdSeal","hexamod:SpectersWail"],"picked":"hexamod:AdvancingGuard+1","floor":22},{"not_picked":["hexamod:GhostLash","hexamod:FourthSeal","hexamod:GhostShield","hexamod:FirstSeal"],"picked":"SKIP","floor":26},{"not_picked":["hexamod:SecondSeal","hexamod:NightmareGuise","hexamod:AdvancingGuard"],"picked":"hexamod:HexaLevel","floor":27},{"not_picked":["hexamod:GhostShield+1","hexamod:HeatMetal","hexamod:Firestarter+1"],"picked":"hexamod:RadiantFlame","floor":29},{"not_picked":["hexamod:PhantomCloak","hexamod:FourthSeal","hexamod:RetreatToShadows"],"picked":"hexamod:SwordOfDarkness+1","floor":32},{"not_picked":["hexamod:FifthSeal","hexamod:GhostflameInferno","hexamod:UnleashSpirits"],"picked":"hexamod:ForkedFlame","floor":33},{"not_picked":["hexamod:RainOfEmbers+1","hexamod:ShieldOfDarkness","hexamod:GhostLash+1"],"picked":"hexamod:BurningTouch+1","floor":36},{"not_picked":["hexamod:HauntingEcho","hexamod:UnleashSpirits","hexamod:RetreatToShadows"],"picked":"hexamod:InspiringFlames+1","floor":37},{"not_picked":["expansioncontent:PrepareCrush","expansioncontent:InvincibleStrength"],"picked":"expansioncontent:Chronoboost","floor":38},{"not_picked":["expansioncontent:GuardianWhirl","expansioncontent:Chronoboost"],"picked":"expansioncontent:YouAreMine","floor":38},{"not_picked":["hexamod:GhostflameBarrier+1","hexamod:RainOfEmbers","hexamod:HauntingEcho","hexamod:GhostLash"],"picked":"SKIP","floor":39},{"not_picked":["hexamod:NightmareGuise","hexamod:GhostShield+1","hexamod:BurningTouch"],"picked":"hexamod:ChargedBarrage+1","floor":42},{"not_picked":["hexamod:GhostShield+1","hexamod:FlamesFromBeyond","hexamod:PhantomFireball+1","hexamod:ChargedBarrage"],"picked":"SKIP","floor":43},{"not_picked":["hexamod:TurnItUp","hexamod:Firestarter+1","hexamod:ShieldOfDarkness+1","hexamod:HauntingEcho+1"],"picked":"SKIP","floor":44},{"not_picked":["hexamod:GhostLash+1","hexamod:ThirdSeal","hexamod:HauntingEcho+1"],"picked":"hexamod:SixthSeal","floor":45},{"not_picked":["hexamod:NightmareGuise","hexamod:RecurringNightmare+1","hexamod:ShieldOfDarkness"],"picked":"hexamod:AdvancingGuard+1","floor":48},{"not_picked":["hexamod:FastForward","hexamod:SpectersWail","hexamod:SoulSteal+1","hexamod:Hexaguard"],"picked":"SKIP","floor":49}],"player_experience":806402,"relics_obtained":[{"floor":3,"key":"Tiny Chest"},{"floor":7,"key":"Question Card"},{"floor":21,"key":"Centennial Puzzle"},{"floor":24,"key":"Dream Catcher"},{"floor":27,"key":"Oddly Smooth Stone"},{"floor":29,"key":"Toy Ornithopter"},{"floor":31,"key":"Eternal Feather"},{"floor":41,"key":"Bronze Scales"},{"floor":47,"key":"Unceasing Top"}],"event_choices":[{"damage_healed":0,"gold_gain":0,"player_choice":"Ignored","damage_taken":0,"max_hp_gain":0,"max_hp_loss":0,"event_name":"NoteForYourself","floor":30,"gold_loss":0}],"is_beta":false,"boss_relics":[{"not_picked":["Snecko Eye","Cursed Key"],"picked":"SlaversCollar"},{"not_picked":["hexamod:UnbrokenSoul","Runic Dome"],"picked":"SacredBark"}],"items_purged_floors":[9,39,45],"is_endless":false,"potions_floor_spawned":[5,6,12,16,19,22,32,37,44,48,49],"killed_by":"DF_ARCHETYPE_ORBS","ascension_level":0}}