{"host":"n605f8gctjc87d7h","time":1612718712,"event":{"mods":["Aspiration","Bard","BaseMod","Better Match","Better Note","Better Skull","Better Third Choice","Conspire","Downfall","Halation","Hermit","Infinite Spire","Minty Spire (QoL Compilation)","Replay The Spire","Retaliation","Shade Mod","Spicy Shops","StSLib","The IronCluck","The Jungle"],"gold_per_floor":[110,110,122,122,122,153,153,172,195,195,195,225,55,75,75,171,171,190,190,47,62,62,62,62,87,87,6,53,53,83,83,101,115,115,115,115],"floor_reached":35,"language":"ENG","playtime":2223,"items_purged":[],"score":557,"play_id":"eae01658-b4a6-49f0-9d8c-f3797efea1f6","local_time":"20210207092512","is_ascension_mode":true,"campfire_choices":[{"floor":7,"key":"REST"},{"floor":10,"key":"REST"},{"floor":15,"key":"REST"},{"floor":26,"key":"REST"},{"floor":29,"key":"REST"},{"floor":31,"key":"REST"},{"floor":34,"key":"REST"}],"circlet_count":0,"master_deck":["AscendersBane","conspire:GhostlyStrike","conspire:GhostlyStrike","conspire:GhostlyStrike","conspire:GhostlyStrike","conspire:GhostlyDefend","conspire:GhostlyDefend","conspire:GhostlyDefend","conspire:GhostlyDefend","Survivor","Neutralize","Infinite Blades","Slice","conspire:DoublingDagger","Flex","Blade Dance","Caltrops","Accuracy","Cloak And Dagger","Deflect+1","Cloak And Dagger+1"],"relics":["Ring of the Snake","aspiration:Nostalgia","m_CorellonBlood","aspiration:TomeofQuesting","Bag of Marbles","Replay:Ringing Soul","TheAbacus","SacredBark","Sling","Black Star","Replay:Kaleidoscope","halation:WeightlessCrab","Ornamental Fan","Happy Flower","infinitespire:Eraser","StrikeDummy"],"acts_visited":["Exordium","TheCity"],"potions_floor_usage":[6,16,16,30,30,32,35],"damage_taken":[{"damage":0,"enemies":"2 Louse","floor":1,"turns":4},{"damage":2,"enemies":"Small Slimes","floor":3,"turns":5},{"damage":42,"enemies":"3 Sentries","floor":6,"turns":12},{"damage":0,"enemies":"Jaw Worm","floor":8,"turns":4},{"damage":38,"enemies":"Lagavulin","floor":12,"turns":8},{"damage":0,"enemies":"2 Fungi Beasts","floor":14,"turns":3},{"damage":10,"enemies":"The Guardian","floor":16,"turns":15},{"damage":12,"enemies":"conspire:FuzzyDice","floor":18,"turns":12},{"damage":17,"enemies":"Shell Parasite","floor":21,"turns":6},{"damage":27,"enemies":"Gremlin Leader","floor":25,"turns":8},{"damage":56,"enemies":"Slavers","floor":30,"turns":8},{"damage":22,"enemies":"Snecko","floor":32,"turns":5},{"damage":1,"enemies":"Cultist and Chosen","floor":33,"turns":6},{"damage":62,"enemies":"Automaton","floor":35,"turns":8}],"seed_played":"7859641809882093972","potions_obtained":[{"floor":3,"key":"Weak Potion"},{"floor":6,"key":"Explosive Potion"},{"floor":14,"key":"AttackPotion"},{"floor":21,"key":"SpeedPotion"},{"floor":25,"key":"Weak Potion"},{"floor":30,"key":"Venom Potion"},{"floor":33,"key":"GamblersBrew"}],"is_trial":false,"path_per_floor":["M","?","M","?","?","E","R","M","T","R","?","E","$","M","R","B",null,"M","?","$","M","AVR","PTL","PTL","E","R","$","T","R","E","R","M","M","R","B"],"character_chosen":"THE_SILENT","items_purchased":["TheAbacus","Flex","Sling","Accuracy"],"campfire_rested":7,"item_purchase_floors":[13,13,20,27],"current_hp_per_floor":[63,56,54,54,54,12,33,33,33,54,58,23,26,26,48,38,67,58,63,63,46,46,46,46,22,46,49,49,74,21,47,28,30,58,0,0],"gold":115,"neow_bonus":"NOSTALGIA","is_daily":false,"chose_seed":false,"campfire_upgraded":0,"win_rate":0.0,"timestamp":1612718712,"path_taken":["M","?","M","?","?","E","R","?","T","R","?","E","$","M","R","BOSS","M","?","$","?","AVR","PTL","PTL","E","R","?","T","R","E","R","?","M","R","BOSS"],"items_purchased_type":["Relic","Card","Relic","Card"],"build_version":"2020-12-22","purchased_purges":0,"victory":false,"max_hp_per_floor":[70,70,70,70,70,70,70,70,70,70,70,73,76,76,76,76,76,79,79,79,79,79,79,79,82,82,85,85,85,88,88,91,94,94,94,94],"card_choices":[{"not_picked":["PiercingWail","Sucker Punch","Outmaneuver"],"picked":"SKIP","floor":1},{"not_picked":["Acrobatics","Dagger Throw"],"picked":"Infinite Blades","floor":3},{"not_picked":["Outmaneuver","Deflect"],"picked":"Slice","floor":6},{"not_picked":["Wraith Form v2","Calculated Gamble","Deadly Poison"],"picked":"SKIP","floor":8},{"not_picked":["Dagger Throw","Poisoned Stab"],"picked":"conspire:DoublingDagger","floor":12},{"not_picked":["Setup","Twin Strike","Poisoned Stab"],"picked":"SKIP","floor":14},{"not_picked":["Bane","conspire:DoublingDagger"],"picked":"Blade Dance","floor":18},{"not_picked":["Bane","Slice","Flying Knee+1"],"picked":"SKIP","floor":21},{"not_picked":["Poisoned Stab","Night Terror"],"picked":"Caltrops","floor":25},{"not_picked":["Quick Slash+1","Deflect+1"],"picked":"Cloak And Dagger","floor":30},{"not_picked":["Outmaneuver","Deadly Poison"],"picked":"Deflect+1","floor":32},{"not_picked":["Deflect","Die Die Die"],"picked":"Cloak And Dagger+1","floor":33}],"player_experience":834392,"relics_obtained":[{"floor":6,"key":"aspiration:TomeofQuesting"},{"floor":9,"key":"Bag of Marbles"},{"floor":12,"key":"Replay:Ringing Soul"},{"floor":25,"key":"halation:WeightlessCrab"},{"floor":25,"key":"Ornamental Fan"},{"floor":28,"key":"Happy Flower"},{"floor":30,"key":"infinitespire:Eraser"},{"floor":30,"key":"StrikeDummy"}],"event_choices":[{"cards_removed":["Defend_G"],"damage_healed":0,"gold_gain":0,"player_choice":"Card Removal","damage_taken":7,"max_hp_gain":0,"max_hp_loss":0,"event_name":"Golden Wing","floor":2,"gold_loss":0},{"damage_healed":0,"gold_gain":0,"player_choice":"Agree","damage_taken":0,"max_hp_gain":0,"max_hp_loss":0,"event_name":"conspire:LoneGhost","floor":4,"gold_loss":0},{"damage_healed":4,"gold_gain":0,"player_choice":"LEAVE ","damage_taken":0,"relics_obtained":[],"max_hp_gain":0,"max_hp_loss":0,"event_name":"betterSkull:BetterSkull","floor":11,"gold_loss":0,"cards_upgraded":[]},{"cards_removed":["conspire:GhostlyStrike"],"damage_healed":5,"gold_gain":0,"player_choice":"Offered Special","damage_taken":0,"max_hp_gain":0,"max_hp_loss":0,"event_name":"Bonfire Elementals","floor":19,"gold_loss":0}],"is_beta":false,"boss_relics":[{"not_picked":["Velvet Choker","Snecko Eye"],"picked":"SacredBark"}],"items_purged_floors":[],"is_endless":false,"potions_floor_spawned":[3,6,14,21,25,30,33],"killed_by":"Automaton","ascension_level":12}}