{"host":"yhhyog5h1q67ienp","time":1612733019,"event":{"mods":["AchievementEnabler","BaseMod","Block Reminder","Colored Map","Colored Powertips","Minty Spire (QoL Compilation)","Quick Restart","Relic Stats","StSLib","ojb\u0027s Better Paths Mod","ojb\u0027s Info Mod"],"gold_per_floor":[109,24,24,39,54,54,82,96,121,121,141,11,40,66,66,144,144,157,157,168,183,202,235,235,235],"floor_reached":24,"language":"ENG","playtime":1351,"items_purged":["Strike_G"],"score":456,"play_id":"6075c550-cb53-438d-99e7-766d02aafb0e","local_time":"20210207182339","is_ascension_mode":true,"campfire_choices":[{"data":"Crippling Poison","floor":6,"key":"SMITH"},{"floor":10,"key":"REST"},{"data":"Noxious Fumes","floor":15,"key":"SMITH"}],"circlet_count":0,"master_deck":["AscendersBane","Strike_G","Strike_G","Strike_G+1","Defend_G","Defend_G","Defend_G","Defend_G","Defend_G","Survivor","Neutralize","Dagger Spray","Deadly Poison","Dagger Spray+1","Crippling Poison+1","Burst","Dagger Throw","Noxious Fumes+1","PiercingWail","Dodge and Roll","Corpse Explosion","PiercingWail","Expertise+1","Leg Sweep"],"relics":["Ring of the Snake","Whetstone","Regal Pillow","Orichalcum","Bronze Scales","Philosopher\u0027s Stone","Snake Skull"],"acts_visited":["Exordium","TheCity"],"potions_floor_usage":[13,22,22],"damage_taken":[{"damage":4,"enemies":"Small Slimes","floor":1,"turns":5},{"damage":0,"enemies":"Jaw Worm","floor":4,"turns":5},{"damage":0,"enemies":"2 Louse","floor":5,"turns":2},{"damage":28,"enemies":"Lagavulin","floor":7,"turns":6},{"damage":15,"enemies":"Red Slaver","floor":8,"turns":6},{"damage":5,"enemies":"Exordium Wildlife","floor":11,"turns":3},{"damage":27,"enemies":"Gremlin Nob","floor":13,"turns":4},{"damage":12,"enemies":"The Guardian","floor":16,"turns":9},{"damage":0,"enemies":"Spheric Guardian","floor":18,"turns":3},{"damage":6,"enemies":"2 Thieves","floor":20,"turns":4},{"damage":0,"enemies":"Snake Plant","floor":21,"turns":3},{"damage":4,"enemies":"Cultist and Chosen","floor":22,"turns":4},{"damage":22,"enemies":"Slavers","floor":23,"turns":2},{"damage":25,"enemies":"Shelled Parasite and Fungi","floor":24,"turns":4}],"seed_played":"1460859103218608386","potions_obtained":[{"floor":7,"key":"AttackPotion"},{"floor":13,"key":"AttackPotion"}],"is_trial":false,"path_per_floor":["M","$","?","M","M","R","E","M","T","R","M","$","E","T","R","B",null,"M","?","M","M","M","E","M"],"character_chosen":"THE_SILENT","items_purchased":["SteroidPotion","Deadly Poison","PiercingWail"],"campfire_rested":1,"item_purchase_floors":[2,2,12],"current_hp_per_floor":[61,61,54,54,54,54,26,11,11,47,42,42,15,15,15,3,55,55,55,49,49,45,23,0,0],"gold":235,"neow_bonus":"TEN_PERCENT_HP_BONUS","is_daily":false,"chose_seed":false,"campfire_upgraded":2,"win_rate":0.0,"timestamp":1612733019,"path_taken":["M","$","?","M","M","R","E","M","T","R","M","$","E","?","R","BOSS","M","?","M","M","M","E","M"],"items_purchased_type":["Potion","Card","Card"],"build_version":"2020-12-22","purchased_purges":1,"victory":false,"max_hp_per_floor":[72,72,72,72,72,72,72,72,72,72,72,72,72,72,72,72,72,72,72,72,72,72,72,72,72],"relic_stats":{"Regal Pillow":15,"counters":[14,60],"Bronze Scales":[87],"Snake Skull":[7],"Whetstone":["Dagger Spray","Strike_G"],"Orichalcum":[78],"obtain_stats":[{"Regal Pillow":9,"Bronze Scales":14,"Philosopher\u0027s Stone":17,"Snake Skull":23,"Whetstone":7,"Orichalcum":13,"Ring of the Snake":0},{"Regal Pillow":5,"Bronze Scales":7,"Philosopher\u0027s Stone":8,"Snake Skull":13,"Whetstone":4,"Orichalcum":7,"Ring of the Snake":0},{"Regal Pillow":24,"Bronze Scales":31,"Philosopher\u0027s Stone":40,"Snake Skull":56,"Whetstone":18,"Orichalcum":31,"Ring of the Snake":0}],"Ring of the Snake":[28]},"card_choices":[{"not_picked":["Finisher","Tactician"],"picked":"Dagger Spray","floor":1},{"not_picked":["Cloak And Dagger","Bane"],"picked":"Dagger Spray","floor":4},{"not_picked":["Prepared","All Out Attack"],"picked":"Crippling Poison","floor":5},{"not_picked":["Calculated Gamble","Prepared"],"picked":"Burst","floor":7},{"not_picked":["Sucker Punch","Backflip"],"picked":"Dagger Throw","floor":8},{"not_picked":["Deflect","Backflip"],"picked":"Noxious Fumes","floor":11},{"not_picked":["Underhanded Strike","Acrobatics"],"picked":"Dodge and Roll","floor":13},{"not_picked":["Grand Finale","Doppelganger"],"picked":"Corpse Explosion","floor":16},{"not_picked":["Reflex","Outmaneuver","Slice"],"picked":"SKIP","floor":18},{"not_picked":["Acrobatics","Distraction"],"picked":"PiercingWail","floor":20},{"not_picked":["Underhanded Strike","Deflect","Phantasmal Killer"],"picked":"SKIP","floor":21},{"not_picked":["Quick Slash","Slice"],"picked":"Expertise+1","floor":22},{"not_picked":["Finisher","Bane"],"picked":"Leg Sweep","floor":23}],"player_experience":1425626,"relics_obtained":[{"floor":7,"key":"Whetstone"},{"floor":9,"key":"Regal Pillow"},{"floor":13,"key":"Orichalcum"},{"floor":14,"key":"Bronze Scales"},{"floor":23,"key":"Snake Skull"}],"event_choices":[{"cards_removed":["Strike_G"],"damage_healed":0,"gold_gain":0,"player_choice":"Card Removal","damage_taken":7,"max_hp_gain":0,"max_hp_loss":0,"event_name":"Golden Wing","floor":3,"gold_loss":0},{"damage_healed":0,"gold_gain":0,"player_choice":"Ignored","damage_taken":0,"max_hp_gain":0,"max_hp_loss":0,"event_name":"The Mausoleum","floor":19,"gold_loss":0}],"is_beta":false,"boss_relics":[{"not_picked":["Fusion Hammer","Ring of the Serpent"],"picked":"Philosopher\u0027s Stone"}],"items_purged_floors":[12],"is_endless":false,"potions_floor_spawned":[7,11,13,18],"killed_by":"Shelled Parasite and Fungi","ascension_level":20}}