{"host":"d52brwsy6af8zvaq","time":1612723466,"event":{"mods":["AchievementEnabler","BaseMod","Bestiary","Highlight Path","Minty Spire (QoL Compilation)","Quick Restart","Relic Stats","ojb\u0027s Better Paths Mod"],"gold_per_floor":[212,212,51,70,87,121,121,135,135,158,190,190,190,205,205,284,284,299,309,326,152,165,165,165,165],"floor_reached":24,"language":"ENG","playtime":928,"items_purged":["Strike_B","Strike_B"],"score":416,"play_id":"820dfd4d-1f76-43be-82de-14ffe73b090e","local_time":"20210207114426","is_ascension_mode":true,"campfire_choices":[{"floor":7.0,"key":"REST"},{"floor":13.0,"key":"REST"},{"data":"Zap","floor":15.0,"key":"SMITH"},{"floor":23,"key":"REST"}],"circlet_count":0,"master_deck":["AscendersBane","Strike_B","Defend_B","Defend_B","Defend_B","Defend_B","Zap+1","Dualcast","Glacier","Tempest","Sunder+1","Capacitor","Redo","White Noise","FTL","Leap","Biased Cognition","Self Repair","Ball Lightning","Doom and Gloom+1","Defragment","Stack"],"relics":["Cracked Core","Vajra","Mummified Hand","Bronze Scales","Torii","Cursed Key"],"acts_visited":["Exordium","TheCity"],"potions_floor_usage":[18,18],"damage_taken":[{"damage":0.0,"enemies":"2 Louse","floor":1.0,"turns":1.0},{"damage":0.0,"enemies":"Jaw Worm","floor":4.0,"turns":3.0},{"damage":0.0,"enemies":"Cultist","floor":5.0,"turns":3.0},{"damage":54.0,"enemies":"Gremlin Nob","floor":6.0,"turns":5.0},{"damage":6.0,"enemies":"Gremlin Gang","floor":8.0,"turns":5.0},{"damage":11.0,"enemies":"3 Sentries","floor":11.0,"turns":7.0},{"damage":1.0,"enemies":"Blue Slaver","floor":14.0,"turns":3.0},{"damage":29.0,"enemies":"The Guardian","floor":16.0,"turns":10.0},{"damage":17,"enemies":"2 Thieves","floor":18,"turns":2},{"damage":1,"enemies":"3 Byrds","floor":19,"turns":3},{"damage":40,"enemies":"3 Cultists","floor":20,"turns":4},{"damage":13,"enemies":"Snecko","floor":22,"turns":4},{"damage":38,"enemies":"Book of Stabbing","floor":24,"turns":3}],"seed_played":"-4165137406995334179","potions_obtained":[{"floor":1.0,"key":"BlessingOfTheForge"},{"floor":6.0,"key":"Weak Potion"},{"floor":11.0,"key":"Explosive Potion"},{"floor":16,"key":"Energy Potion"},{"floor":18,"key":"PotionOfCapacity"}],"is_trial":false,"path_per_floor":["M","?","$","M","M","E","R","M","T","T","E","?","R","M","R","B",null,"M","M","M","$","M","R","E"],"character_chosen":"DEFECT","items_purchased":["Sunder","Defragment"],"campfire_rested":3,"item_purchase_floors":[3,21],"current_hp_per_floor":[64,64,64,64,64,10,31,25,25,25,14,14,35,34,34,5,55,38,44,18,18,12,33,0,0],"gold":165,"neow_bonus":"HUNDRED_GOLD","is_daily":false,"chose_seed":false,"campfire_upgraded":1,"win_rate":0.0,"timestamp":1612723466,"path_taken":["M","?","$","M","M","E","R","M","T","?","E","?","R","M","R","BOSS","BOSS","M","M","?","$","M","R","E"],"items_purchased_type":["Card","Card"],"build_version":"2020-12-22","purchased_purges":2,"victory":false,"max_hp_per_floor":[71,71,71,71,71,71,71,71,71,71,71,71,71,71,71,71,71,71,71,71,71,71,71,71,71],"relic_stats":{"Torii":2,"counters":[13,53],"Mummified Hand":[29],"Bronze Scales":[132],"Cursed Key":0,"obtain_stats":[{"Torii":11,"Mummified Hand":9,"Bronze Scales":10,"Vajra":6,"Cracked Core":0,"Cursed Key":17},{"Torii":6,"Mummified Hand":5,"Bronze Scales":5,"Vajra":4,"Cracked Core":0,"Cursed Key":8},{"Torii":24,"Mummified Hand":17,"Bronze Scales":17,"Vajra":12,"Cracked Core":0,"Cursed Key":37}]},"card_choices":[{"not_picked":["Beam Cell","Barrage"],"picked":"Glacier","floor":1.0},{"not_picked":["Compile Driver","Force Field"],"picked":"Capacitor","floor":4.0},{"not_picked":["Gash","Glacier"],"picked":"Redo","floor":5.0},{"not_picked":["Thunder Strike","Hologram"],"picked":"White Noise","floor":6.0},{"not_picked":["Coolheaded","Storm"],"picked":"FTL","floor":8.0},{"not_picked":["Tempest","Sweeping Beam"],"picked":"Leap","floor":11.0},{"not_picked":["Compile Driver","Recycle","Force Field"],"picked":"SKIP","floor":14.0},{"not_picked":["Meteor Strike","All For One"],"picked":"Biased Cognition","floor":16},{"not_picked":["Leap","Rip and Tear"],"picked":"Self Repair","floor":18},{"not_picked":["Cold Snap","Streamline+1"],"picked":"Ball Lightning","floor":19},{"not_picked":["Melter","Heatsinks"],"picked":"Doom and Gloom+1","floor":20},{"not_picked":["Leap","Defragment"],"picked":"Stack","floor":22}],"player_experience":2185190,"relics_obtained":[{"floor":6.0,"key":"Vajra"},{"floor":9.0,"key":"Mummified Hand"},{"floor":10.0,"key":"Bronze Scales"},{"floor":11.0,"key":"Torii"}],"event_choices":[{"damage_healed":0.0,"max_hp_gain":0.0,"max_hp_loss":0.0,"gold_gain":0.0,"cards_transformed":["Strike_B"],"event_name":"Living Wall","player_choice":"Change","floor":2.0,"gold_loss":0.0,"damage_taken":0.0,"cards_obtained":["Tempest"]},{"damage_healed":0.0,"max_hp_gain":0.0,"max_hp_loss":0.0,"gold_gain":0.0,"event_name":"Upgrade Shrine","player_choice":"Upgraded","floor":12.0,"gold_loss":0.0,"damage_taken":0.0,"cards_upgraded":["Sunder"]}],"is_beta":false,"boss_relics":[{"not_picked":["Empty Cage","Busted Crown"],"picked":"Cursed Key"}],"items_purged_floors":[3,21],"is_endless":false,"potions_floor_spawned":[1,6,11,16,18],"killed_by":"Book of Stabbing","ascension_level":20}}