{"host":"5h6e4l6hpn0p5lap","time":1612657477,"event":{"mods":["AchievementEnabler","BaseMod","Better Altar","Better Match","Better Sensory Stone","Better Skull","Better Third Choice","Colored Map","Filter the Spire","Minty Spire (QoL Compilation)","StSLib"],"gold_per_floor":[119,119,131,142,155,188,188,188,211,211,224,33,64,88,88,207,207,207,207,227,78,39,75,75,25,52,52,52],"floor_reached":27,"language":"ENG","playtime":885,"items_purged":["Parasite"],"score":253,"play_id":"5bcaa70f-69fb-4bb9-ac48-c7460c7e5556","local_time":"20210206192437","is_ascension_mode":true,"campfire_choices":[{"data":"DevaForm","floor":8,"key":"SMITH"},{"data":"Eruption","floor":10,"key":"SMITH"},{"floor":15,"key":"REST"},{"floor":24,"key":"REST"}],"circlet_count":0,"master_deck":["Strike_P","Strike_P","Strike_P","Strike_P","Defend_P","Defend_P","Defend_P","Defend_P","Eruption+1","Vigilance","FearNoEvil","FlyingSleeves","BattleHymn","SashWhip","DevaForm+1","Wireheading","EmptyFist","Perseverance","Prostrate","Brilliance","ThirdEye","WheelKick","CutThroughFate","Shame"],"relics":["Cursed Key","Orichalcum","Strawberry","Golden Idol","Bag of Marbles","Nunchaku","Runic Pyramid","Damaru","Pantograph"],"acts_visited":["Exordium","TheCity"],"potions_floor_usage":[6,14,16,18,20],"damage_taken":[{"damage":0,"enemies":"Jaw Worm","floor":1,"turns":3},{"damage":0,"enemies":"2 Louse","floor":3,"turns":2},{"damage":0,"enemies":"Cultist","floor":4,"turns":2},{"damage":3,"enemies":"Red Slaver","floor":5,"turns":2},{"damage":17,"enemies":"Gremlin Nob","floor":6,"turns":4},{"damage":9,"enemies":"Blue Slaver","floor":11,"turns":4},{"damage":16,"enemies":"Lagavulin","floor":13,"turns":4},{"damage":9,"enemies":"Gremlin Gang","floor":14,"turns":4},{"damage":9,"enemies":"Hexaghost","floor":16,"turns":8},{"damage":0,"enemies":"3 Byrds","floor":18,"turns":1},{"damage":4,"enemies":"2 Thieves","floor":20,"turns":3},{"damage":44,"enemies":"Slavers","floor":23,"turns":6},{"damage":0,"enemies":"Gremlin Leader","floor":27,"turns":1}],"seed_played":"3532236945179682306","potions_obtained":[{"floor":1,"key":"SmokeBomb"},{"floor":5,"key":"FearPotion"},{"floor":13,"key":"Energy Potion"},{"floor":14,"key":"ColorlessPotion"},{"floor":16,"key":"BlessingOfTheForge"}],"is_trial":false,"path_per_floor":["M","?","M","M","M","E","?","R","T","R","M","$","E","M","R","B",null,"M","?","M","$","$","E","R","?","T","E"],"character_chosen":"WATCHER","items_purchased":["EmptyFist","Perseverance","Damaru","WheelKick"],"campfire_rested":2,"item_purchase_floors":[12,12,21,22],"current_hp_per_floor":[72,69,69,69,66,56,56,56,56,56,47,47,31,22,43,34,70,70,70,66,66,66,22,43,43,43,43,43],"gold":52,"neow_bonus":"BOSS_RELIC","is_daily":false,"chose_seed":false,"campfire_upgraded":2,"win_rate":0.0,"timestamp":1612657477,"path_taken":["M","?","M","M","M","E","?","R","T","R","M","$","E","M","R","BOSS","M","?","?","?","$","E","R","?","T","E"],"items_purchased_type":["Card","Card","Relic","Card"],"build_version":"2020-12-22","purchased_purges":1,"victory":false,"max_hp_per_floor":[72,72,72,72,72,79,73,73,73,73,73,70,70,70,70,70,70,70,70,70,70,70,70,70,70,70,70,70],"card_choices":[{"not_picked":["Sanctity","SashWhip"],"picked":"FearNoEvil","floor":1},{"not_picked":["SashWhip","ClearTheMind"],"picked":"FlyingSleeves","floor":3},{"not_picked":["Wireheading","Protect"],"picked":"BattleHymn","floor":4},{"not_picked":["Halt","CrushJoints"],"picked":"SashWhip","floor":5},{"not_picked":["FearNoEvil","EmptyBody"],"picked":"DevaForm","floor":6},{"not_picked":["Prostrate","WreathOfFlame"],"picked":"Wireheading","floor":11},{"not_picked":["SashWhip","JustLucky"],"picked":"Prostrate","floor":13},{"not_picked":["Evaluate","CrushJoints","FlyingSleeves"],"picked":"SKIP","floor":14},{"not_picked":["ConjureBlade","DeusExMachina"],"picked":"Brilliance","floor":16},{"not_picked":["SashWhip","WaveOfTheHand"],"picked":"ThirdEye","floor":20},{"not_picked":["BowlingBash","Halt"],"picked":"CutThroughFate","floor":23}],"player_experience":1070565,"relics_obtained":[{"floor":6,"key":"Strawberry"},{"floor":9,"key":"Bag of Marbles"},{"floor":13,"key":"Nunchaku"},{"floor":23,"key":"Pantograph"}],"event_choices":[{"damage_healed":0,"gold_gain":0,"player_choice":"Relic ","damage_taken":3,"max_hp_gain":0,"max_hp_loss":0,"event_name":"betterThird:BetterScrap","floor":2,"gold_loss":0,"cards_obtained":["Immolate"]},{"damage_healed":0,"gold_gain":0,"player_choice":"Lose Max HP","damage_taken":0,"relics_obtained":["Golden Idol"],"max_hp_gain":0,"max_hp_loss":6,"event_name":"Golden Idol","floor":7,"gold_loss":0},{"damage_healed":0,"gold_gain":0,"player_choice":"Full Heal","damage_taken":0,"max_hp_gain":0,"max_hp_loss":0,"event_name":"Wheel of Change","floor":19,"gold_loss":0},{"damage_healed":0,"gold_gain":0,"player_choice":"Bet on Owner","damage_taken":0,"max_hp_gain":0,"max_hp_loss":0,"event_name":"The Joust","floor":25,"gold_loss":50}],"is_beta":false,"boss_relics":[{"not_picked":["Philosopher\u0027s Stone","Snecko Eye"],"picked":"Runic Pyramid"}],"items_purged_floors":[12],"is_endless":false,"potions_floor_spawned":[1,5,13,14,16,18],"killed_by":"Gremlin Leader","ascension_level":1}}