{"host":"y0i0tbisecj7yjyn","time":1612740078,"event":{"mods":["A Penny For Your Troubles","AlwaysNeverKeys","BaseMod","BetterRewards","Colored Map","Colored Powertips","Curses Come First","Displayed Cursed Tome","Keyboard Shortcuts","Minty Spire (QoL Compilation)","Random Character Button","Rare Cards Sparkle","Relic Sorter","StSLib","SuperFastMode","Transform Curses","Weighted Paths"],"gold_per_floor":[112,36,55,130,305,340,340,265,265,265,279,279,279,312,312,407,457,471,471,471],"floor_reached":19,"language":"ENG","playtime":563,"items_purged":["Doubt"],"score":243,"play_id":"4e190b3a-3872-42fc-bd35-f299a42ca9a8","local_time":"20210207172118","is_ascension_mode":true,"campfire_choices":[{"data":"Static Discharge","floor":10,"key":"SMITH"},{"data":"Hello World","floor":15,"key":"SMITH"}],"circlet_count":0,"master_deck":["Strike_B+1","Strike_B","Strike_B","Defend_B","Defend_B","Defend_B","Defend_B","Zap","Dualcast","Static Discharge+1","Storm+1","Defragment","Barrage","Hello World+1","Creative AI"],"relics":["Cracked Core","NeowsBlessing","Kunai","Orichalcum","Ginger","Tiny House"],"acts_visited":["Exordium","TheCity"],"potions_floor_usage":[14,16,17,19],"damage_taken":[{"damage":0,"enemies":"Jaw Worm","floor":1,"turns":1},{"damage":0,"enemies":"Small Slimes","floor":3,"turns":1},{"damage":0,"enemies":"3 Sentries","floor":6,"turns":1},{"damage":1,"enemies":"Cultist","floor":11,"turns":3},{"damage":10,"enemies":"Gremlin Nob","floor":14,"turns":3},{"damage":21,"enemies":"Slime Boss","floor":16,"turns":7},{"damage":18,"enemies":"Shell Parasite","floor":18,"turns":3},{"damage":73,"enemies":"Masked Bandits","floor":19,"turns":3}],"seed_played":"-1321235677278966179","potions_obtained":[{"floor":1,"key":"CultistPotion"},{"floor":3,"key":"FearPotion"},{"floor":14,"key":"Fruit Juice"},{"floor":17,"key":"Fruit Juice"}],"is_trial":false,"path_per_floor":["M","$","M","?","?","E","?","$","T","R","M","?","?","E","R","B",null,"M","?"],"character_chosen":"DEFECT","items_purchased":["Storm"],"campfire_rested":0,"item_purchase_floors":[2],"current_hp_per_floor":[75,75,75,64,64,64,64,64,64,64,63,63,63,53,53,37,90,72,0,0],"gold":471,"neow_bonus":"THREE_ENEMY_KILL","is_daily":false,"chose_seed":false,"campfire_upgraded":2,"win_rate":0.0,"timestamp":1612740078,"path_taken":["M","$","M","?","?","E","?","$","T","R","?","?","?","E","R","BOSS","M","?"],"items_purchased_type":["Card"],"build_version":"2020-12-22","purchased_purges":1,"victory":false,"max_hp_per_floor":[75,75,75,75,75,75,75,75,75,75,75,75,75,75,75,80,90,90,90,90],"card_choices":[{"not_picked":["Blizzard","Barrage"],"picked":"Static Discharge","floor":1},{"not_picked":["Coolheaded","Melter","Barrage"],"picked":"SKIP","floor":3},{"not_picked":["Hello World","Stack"],"picked":"Defragment","floor":6},{"not_picked":["Scrape","Hologram","Streamline"],"picked":"SKIP","floor":11},{"not_picked":["Gash","FTL"],"picked":"Hello World","floor":14},{"not_picked":["Amplify","Machine Learning"],"picked":"Creative AI","floor":16},{"not_picked":["Coolheaded","Barrage+1","Genetic Algorithm"],"picked":"SKIP","floor":18}],"player_experience":388093,"relics_obtained":[{"floor":6,"key":"Kunai"},{"floor":9,"key":"Orichalcum"},{"floor":14,"key":"Ginger"}],"event_choices":[{"damage_healed":0,"gold_gain":75,"player_choice":"Gather Gold","damage_taken":11,"max_hp_gain":0,"max_hp_loss":0,"event_name":"World of Goop","floor":4,"gold_loss":0},{"damage_healed":0,"gold_gain":175,"player_choice":"AGREE","damage_taken":0,"max_hp_gain":0,"max_hp_loss":0,"event_name":"Liars Game","floor":5,"gold_loss":0,"cards_obtained":["Doubt"]},{"damage_healed":0,"gold_gain":0,"player_choice":"Forge","damage_taken":0,"max_hp_gain":0,"max_hp_loss":0,"event_name":"Accursed Blacksmith","floor":7,"gold_loss":0,"cards_upgraded":["Storm"]},{"damage_healed":0,"gold_gain":0,"cards_transformed":["Strike_B"],"player_choice":"Change","damage_taken":0,"max_hp_gain":0,"max_hp_loss":0,"event_name":"Living Wall","floor":12,"gold_loss":0,"cards_obtained":["Barrage"]},{"damage_healed":0,"gold_gain":0,"player_choice":"Ignored","damage_taken":0,"max_hp_gain":0,"max_hp_loss":0,"event_name":"Golden Idol","floor":13,"gold_loss":0},{"damage_healed":0,"gold_gain":0,"player_choice":"Fought Bandits","damage_taken":0,"max_hp_gain":0,"max_hp_loss":0,"event_name":"Masked Bandits","floor":19,"gold_loss":0}],"is_beta":false,"boss_relics":[{"not_picked":["Nuclear Battery","FrozenCore"],"picked":"Tiny House"}],"items_purged_floors":[8],"is_endless":false,"potions_floor_spawned":[1,3,14],"killed_by":"Masked Bandits","ascension_level":2}}