{"host":"1mv6gj0zv8k9e9tz","time":1612694500,"event":{"mods":["AchievementEnabler","BaseMod","Better Third Choice","Colored Map","DeckTracker","Highlight Path","KOR Keyword Fix","Keyboard Shortcuts","Minty Spire (QoL Compilation)","Permanent Neow","Quick Restart","Rare Cards Sparkle","StSLib","SuperFastMode","everything is the same but u backflip on backflip"],"gold_per_floor":[10,20,35,35,54,54,82,82,82,95,95,114,114,133,133,205,205,221,233,245,260,260,260],"floor_reached":22,"language":"KOR","playtime":582,"items_purged":[],"score":460,"play_id":"4c4dffc9-6ca1-492f-9ba0-f50a8a62a02b","local_time":"20210207194140","is_ascension_mode":true,"campfire_choices":[{"data":"Double Energy","floor":6.0,"key":"SMITH"},{"data":"Zap","floor":8.0,"key":"SMITH"},{"data":"Tempest","floor":11.0,"key":"SMITH"},{"data":"Capacitor","floor":13.0,"key":"SMITH"},{"data":"Consume","floor":15.0,"key":"SMITH"}],"circlet_count":0,"master_deck":["AscendersBane","Strike_B","Strike_B","Strike_B","Strike_B","Defend_B","Defend_B","Defend_B","Defend_B","Zap+1","Dualcast","Electrodynamics","Consume+1","Tempest+1","Double Energy+1","Capacitor+1","Sunder","Hologram","BootSequence+1","Conserve Battery"],"relics":["Cracked Core","HornCleat","Meat on the Bone","Cables","SlaversCollar"],"acts_visited":["Exordium","TheCity"],"potions_floor_usage":[],"damage_taken":[{"damage":4.0,"enemies":"2 Louse","floor":1.0,"turns":3.0},{"damage":1.0,"enemies":"Cultist","floor":2.0,"turns":3.0},{"damage":7.0,"enemies":"Jaw Worm","floor":3.0,"turns":3.0},{"damage":0.0,"enemies":"Large Slime","floor":5.0,"turns":3.0},{"damage":40.0,"enemies":"Lagavulin","floor":7.0,"turns":5.0},{"damage":7.0,"enemies":"2 Fungi Beasts","floor":10.0,"turns":2.0},{"damage":5.0,"enemies":"Gremlin Gang","floor":12.0,"turns":2.0},{"damage":0.0,"enemies":"3 Louse","floor":14.0,"turns":1.0},{"damage":0.0,"enemies":"Slime Boss","floor":16.0,"turns":6.0},{"damage":22.0,"enemies":"2 Thieves","floor":18.0,"turns":3.0},{"damage":29.0,"enemies":"Shell Parasite","floor":19.0,"turns":4.0},{"damage":16.0,"enemies":"Snake Plant","floor":20.0,"turns":4.0},{"damage":13.0,"enemies":"Cultist and Chosen","floor":21.0,"turns":4.0},{"damage":27,"enemies":"Centurion and Healer","floor":22,"turns":4}],"seed_played":"4685924466706396109","potions_obtained":[{"floor":1.0,"key":"Swift Potion"},{"floor":2.0,"key":"DistilledChaos"},{"floor":3.0,"key":"SkillPotion"},{"floor":12.0,"key":"LiquidBronze"},{"floor":21.0,"key":"PotionOfCapacity"}],"is_trial":false,"path_per_floor":["M","M","M","?","M","R","E","R","T","M","R","M","R","M","R","B",null,"M","M","M","M","M"],"character_chosen":"DEFECT","items_purchased":[],"campfire_rested":0,"item_purchase_floors":[],"current_hp_per_floor":[60,59,52,52,52,52,12,12,12,17,17,24,24,36,36,36,62,40,23,19,18,0,0],"gold":260,"neow_bonus":"THREE_RARE_CARDS","is_daily":false,"chose_seed":false,"campfire_upgraded":5,"win_rate":0.0,"timestamp":1612694500,"path_taken":["M","M","M","?","?","R","E","R","T","M","R","M","R","M","R","BOSS","M","?","M","M","?"],"items_purchased_type":[],"build_version":"2020-12-22","purchased_purges":0,"victory":false,"max_hp_per_floor":[71,71,71,71,71,71,71,71,71,71,71,71,71,71,71,71,71,71,71,71,71,71,71],"card_choices":[{"not_picked":["Machine Learning","Reboot"],"picked":"Electrodynamics","floor":0.0},{"not_picked":["Leap","Static Discharge"],"picked":"Consume","floor":1.0},{"not_picked":["Static Discharge","Fusion","Steam"],"picked":"SKIP","floor":2.0},{"not_picked":["Redo","Stack"],"picked":"Tempest","floor":3.0},{"not_picked":["Darkness","Auto Shields"],"picked":"Double Energy","floor":5.0},{"not_picked":["Turbo","Stack"],"picked":"Capacitor","floor":7.0},{"not_picked":["Barrage","Rebound"],"picked":"Sunder","floor":10.0},{"not_picked":["Sweeping Beam","Rebound","Stack"],"picked":"SKIP","floor":12.0},{"not_picked":["Steam","Steam Power","Streamline"],"picked":"SKIP","floor":14.0},{"not_picked":["Barrage","Sweeping Beam"],"picked":"Hologram","floor":18.0},{"not_picked":["Beam Cell","Hologram"],"picked":"BootSequence+1","floor":19.0},{"not_picked":["Turbo","Genetic Algorithm"],"picked":"Conserve Battery","floor":20.0},{"not_picked":["Go for the Eyes","Loop","Rebound"],"picked":"SKIP","floor":21.0}],"player_experience":635401,"relics_obtained":[{"floor":4.0,"key":"HornCleat"},{"floor":7.0,"key":"Meat on the Bone"},{"floor":9.0,"key":"Cables"}],"event_choices":[{"damage_healed":0.0,"max_hp_gain":0.0,"max_hp_loss":0.0,"gold_gain":0.0,"event_name":"Wheel of Change","player_choice":"Relic","floor":4.0,"gold_loss":0.0,"damage_taken":0.0}],"is_beta":false,"boss_relics":[{"not_picked":["Empty Cage","Cursed Key"],"picked":"SlaversCollar"}],"items_purged_floors":[],"is_endless":false,"potions_floor_spawned":[1,2,3,12,21],"killed_by":"Centurion and Healer","ascension_level":18}}