{"host":"u1ystlfkdtaqkn2r","time":1612713634,"event":{"mods":["ATMod(阿瑾Mod)","Act Like it!","Arknights","BaseMod","Colored Powertips","Downfall","Friendly Minions","Gensokyo","GifTheSpireLib","Jedi Mod","Luminous","Minty Spire (QoL Compilation)","Replay The Spire","RumiaBox-露米娅的神秘盒子","Spicy Shops","StSLib","SuperFastMode","UnlockEverythingMod","Waifu the Spire","WarShipGirlsR/战舰少女R mod","Warlord Emblem","Yakumo Yukari mod","【遗物卡牌】REMEMod"],"gold_per_floor":[113,113,129,53,13,40,40,74,74,86,103,22,22,22,22,123,123,135,25,37,37,550,550,550,550,621,621,640,32,58,75,75,175,175,190,190,18,18,32,66,66,100,125,166,190,233,259,283,295,307],"floor_reached":51,"language":"ZHS","playtime":2123,"items_purged":[],"score":1218,"play_id":"6df712a7-5df9-4604-9f34-6a1f52fe8799","local_time":"20210208000034","is_ascension_mode":false,"campfire_choices":[{"data":"rmod:maintain","floor":7.0,"key":"SMITH"},{"data":"rmod:generalist","floor":13.0,"key":"SMITH"},{"data":"rmod:strick","floor":15.0,"key":"PURGE"},{"data":"rmod:desperatesituation","floor":23,"key":"SMITH"},{"data":"rmod:desperatesituation","floor":25,"key":"SMITH"},{"floor":27,"key":"REST"},{"data":"rmod:desperatesituation","floor":49,"key":"SMITH"}],"circlet_count":0,"master_deck":["rmod:defend","rmod:defend","rmod:defend","rmod:defend","rmod:maintain+1","rmod:fletcherpendant","rmod:fletcherpendant","rmod:rockthrower","rmod:desperatesituation+1","rmod:generalist+1","rmod:salvage+1","rmod:fletcherpendant+1","rmod:desperatesituation+1","rmod:fletcherpendant+1","rmod:fletcherpendant+1","rmod:fletcherpendant+1","rmod:fletcherpendant+1","rmod:fletcherpendant+1","rmod:fletcherpendant+1","rmod:goodsister","REME_MawOfCthun","rmod:secretscript","rmod:fletcherpendant+1","rmod:lonelyqueen+1","rmod:fletcherpendant+1","rmod:acesubmarine+1","AT_EmpoweredMortalDraw+1","rmod:fletcherpendant+1","rmod:fletcherpendant+1","rmod:fletcherpendant+1","rmod:fletcherpendant+1","rmod:fletcherpendant+1","rmod:desperatesituation+1"],"relics":["rmod:firstchargereward","AT_ATBox","REME_ComplimentaryCards","Gensokyo:Justice","Ancient Tea Set","DollysMirror","Ice Cream","Tiny Chest","Molten Egg 2","Empty Cage","Gensokyo:MosesMiracle","ReplayTheSpireMod:Shallot","AT_Manta","Replay:Rubber Ducky","rmod:extraamm","AT_BellowingDragoncrestRing","REME_IWantAll","Replay:Grab Bag","Sozu","Coffee Dripper","AT_MortalBlade","ReplayTheSpireMod:Lightbulb","ReplayFunnel","AT_BellDemon","MawBank","TungstenRod","Divine Protection","ZombieArmy","Replay:Kaleidoscope","Toxic Egg 2","AT_SilverBalance","REME_HandOfSuture"],"acts_visited":["Gensokyo:Gensokyo","Gensokyo:Gensokyoer","Gensokyo:Gensokyoest"],"potions_floor_usage":[16,16,16,22],"damage_taken":[{"damage":0.0,"enemies":"Gensokyo:2_Kodama","floor":1.0,"turns":2.0},{"damage":0.0,"enemies":"Gensokyo:Python","floor":3.0,"turns":2.0},{"damage":39.0,"enemies":"Gensokyo:Mamizou","floor":6.0,"turns":9.0},{"damage":8.0,"enemies":"Gensokyo:Aya","floor":8.0,"turns":3.0},{"damage":0.0,"enemies":"Gensokyo:3_Fairies","floor":10.0,"turns":3.0},{"damage":5.0,"enemies":"Gensokyo:VengefulSpirit","floor":11.0,"turns":7.0},{"damage":7,"enemies":"Gensokyo:Yukari","floor":16,"turns":5},{"damage":16,"enemies":"Gensokyo:2_Gloops","floor":18,"turns":6},{"damage":50,"enemies":"Gensokyo:3_Dogs","floor":20,"turns":5},{"damage":8,"enemies":"Gensokyo:Slime_Group","floor":22,"turns":6},{"damage":0,"enemies":"Gensokyo:3_Gloops","floor":28,"turns":3},{"damage":5,"enemies":"Gensokyo:Reisen","floor":30,"turns":4},{"damage":4,"enemies":"Gensokyo:Swordslinger","floor":31,"turns":2},{"damage":0,"enemies":"Gensokyo:Eiki","floor":33,"turns":2},{"damage":0,"enemies":"Gensokyo:AncientGuardian","floor":35,"turns":3},{"damage":0,"enemies":"Gensokyo:3_Bats","floor":39,"turns":1},{"damage":18,"enemies":"Gensokyo:Marisa","floor":40,"turns":3},{"damage":2,"enemies":"Gensokyo:Doremy","floor":42,"turns":3},{"damage":0,"enemies":"Gensokyo:Kasen","floor":44,"turns":1},{"damage":0,"enemies":"Gensokyo:3_Boulders","floor":45,"turns":1},{"damage":0,"enemies":"Gensokyo:Marisa","floor":46,"turns":2},{"damage":0,"enemies":"Gensokyo:Rafflesia","floor":47,"turns":1},{"damage":0,"enemies":"Gensokyo:Dusk_and_Dawn","floor":48,"turns":1},{"damage":10,"enemies":"Gensokyo:Yuyuko","floor":50,"turns":3}],"seed_played":"5242966220915833717","potions_obtained":[{"floor":8.0,"key":"Energy Potion"},{"floor":10.0,"key":"LiquidBronze"},{"floor":11.0,"key":"ColorlessPotion"},{"floor":16,"key":"Swift Potion"},{"floor":18,"key":"jedi:hoardpotion"},{"floor":31,"key":"champ:CounterPotion"}],"is_trial":false,"path_per_floor":["M","?","M","$","?","E","R","E","T","M","M","COS","R","?","R","B",null,"M","COS","M","?","M","R","T","R","T","R","M","$","E","M","R","B",null,"M","?","COS","T","M","E","?","E","T","E","M","E","M","M","R","B",null],"character_chosen":"PRAEFECT","items_purchased":["DollysMirror","rmod:goodsister","rmod:extraamm","FairyPotion","REME_MawOfCthun"],"campfire_rested":1,"item_purchase_floors":[4,29,29,29,29],"current_hp_per_floor":[75,60,60,60,60,21,21,13,13,13,8,8,8,8,8,1,75,59,59,9,9,1,1,1,1,1,23,23,23,18,14,14,14,75,75,75,75,75,75,57,57,55,55,55,55,55,55,55,55,55],"gold":319,"neow_bonus":"RANDOM_EVENT","is_daily":false,"chose_seed":false,"campfire_upgraded":5,"win_rate":0.0,"timestamp":1612713634,"path_taken":["M","?","?","?","?","E","R","E","T","?","M","COS","R","?","R","BOSS","M","COS","M","?","M","R","?","R","T","R","?","?","E","M","R","BOSS","M","?","COS","?","M","E","?","E","T","E","?","E","M","M","R","BOSS"],"items_purchased_type":["Relic","Card","Relic","Potion","Card"],"build_version":"2020-12-22","purchased_purges":0,"victory":true,"max_hp_per_floor":[75,75,75,75,75,75,75,75,75,75,75,75,75,75,75,75,75,75,75,75,75,75,75,75,75,75,75,75,75,75,75,75,75,75,75,75,75,75,75,75,75,75,75,75,75,75,75,75,75,77],"card_choices":[{"not_picked":["rmod:aluminumsupply","rmod:diamondstrike"],"picked":"rmod:maintain","floor":1.0},{"not_picked":["rmod:supportescort","rmod:aviationdawn"],"picked":"rmod:fletcherpendant","floor":3.0},{"not_picked":[],"picked":"rmod:rockthrower","floor":5.0},{"not_picked":[],"picked":"rmod:wife","floor":5.0},{"not_picked":["rmod:aviationdawn","rmod:tearstotiara"],"picked":"rmod:desperatesituation","floor":6.0},{"not_picked":["rmod:wife","rmod:circuitoustactics"],"picked":"rmod:generalist","floor":8.0},{"not_picked":["rmod:ring","rmod:luckystar+1"],"picked":"rmod:salvage+1","floor":10.0},{"not_picked":["rmod:robin","rmod:lonelyqueen","rmod:unsinkable"],"picked":"SKIP","floor":11.0},{"not_picked":["rmod:highspeedmaneuver","rmod:acesubmarine+1"],"picked":"rmod:desperatesituation","floor":16},{"not_picked":["rmod:bulid","rmod:maintain"],"picked":"rmod:fletcherpendant+1","floor":18},{"not_picked":["rmod:firesupport+1","rmod:fuelsupply"],"picked":"rmod:salvage+1","floor":20},{"not_picked":["rmod:punchline","rmod:ring"],"picked":"rmod:fletcherpendant+1","floor":22},{"not_picked":["rmod:rockthrower+1","rmod:launchingtorpedo+1","rmod:advancebysurprise"],"picked":"SKIP","floor":28},{"not_picked":["rmod:goodfighter+1","rmod:sl"],"picked":"rmod:secretscript","floor":30},{"not_picked":["rmod:ammunitionsupply","rmod:wolves+1"],"picked":"rmod:lonelyqueen+1","floor":31},{"not_picked":["rmod:saltedfish","rmod:u235"],"picked":"rmod:acesubmarine+1","floor":33},{"not_picked":["rmod:victimresponsibility+1","rmod:firesupport+1","rmod:slowdown+1"],"picked":"SKIP","floor":35},{"not_picked":["rmod:ring+1","rmod:luckystar+1","rmod:unsinkable"],"picked":"SKIP","floor":39},{"not_picked":["rmod:tearstotiara+1","rmod:launchingtorpedo+1","rmod:luckystar+1"],"picked":"SKIP","floor":40},{"not_picked":["rmod:stealaluminum","rmod:steelsupply+1","rmod:diamondstrike+1"],"picked":"SKIP","floor":42},{"not_picked":["rmod:circuitoustactics+1","rmod:tearstotiara+1","rmod:salvage+1"],"picked":"SKIP","floor":44},{"not_picked":["rmod:intelligenceanalysis+1","rmod:unsinkable","rmod:combined+1"],"picked":"SKIP","floor":45},{"not_picked":["rmod:seals","rmod:firesupport+1","rmod:shuttlebombing+1"],"picked":"SKIP","floor":46},{"not_picked":["rmod:seals","rmod:firesupport+1","rmod:shuttlebombing+1"],"picked":"SKIP","floor":46},{"not_picked":["rmod:shuttlebombing+1","rmod:unsinkable+1"],"picked":"rmod:fletcherpendant+1","floor":47},{"not_picked":["rmod:chargemoney","rmod:ammunitionsupply+1"],"picked":"rmod:desperatesituation","floor":48}],"player_experience":105428,"relics_obtained":[{"floor":6.0,"key":"Ice Cream"},{"floor":8.0,"key":"Tiny Chest"},{"floor":9.0,"key":"Molten Egg 2"},{"floor":24,"key":"ChaoDraw"},{"floor":26,"key":"ReplayTheSpireMod:Shallot"},{"floor":30,"key":"Gensokyo:MosesMiracle"},{"floor":30,"key":"REME_IWantAll"},{"floor":40,"key":"ReplayTheSpireMod:Lightbulb"},{"floor":42,"key":"AT_BellDemon"},{"floor":43,"key":"MawBank"},{"floor":44,"key":"TungstenRod"},{"floor":44,"key":"Divine Protection"},{"floor":45,"key":"ZombieArmy"},{"floor":46,"key":"Replay:Kaleidoscope"},{"floor":46,"key":"Toxic Egg 2"},{"floor":48,"key":"AT_SilverBalance"}],"event_choices":[],"is_beta":false,"boss_relics":[{"not_picked":["Painkiller Herb","Tiny House"],"picked":"Empty Cage"},{"not_picked":["REME_ChargedStone","SacredBark"],"picked":"Replay:Grab Bag"},{"not_picked":["Cursed Key","SlaversCollar"],"picked":"Sozu"},{"not_picked":["Fusion Hammer","Busted Crown"],"picked":"Coffee Dripper"},{"not_picked":["REME_LowDesire","Pandora\u0027s Box"],"picked":"AT_MortalBlade"}],"items_purged_floors":[],"is_endless":false,"potions_floor_spawned":[8,10,11,16,18,31,33,39,40,46,47,48],"ascension_level":0}}