{"host":"md0dejzd6k70gl1f","time":1612735202,"event":{"mods":["BaseMod","Bestiary","Minty Spire (QoL Compilation)","Quick Restart"],"gold_per_floor":[213,213,230,245,11,11,44,58,85,116,116,116,131,149,149,149,149],"floor_reached":16,"language":"ENG","playtime":369,"items_purged":["Strike_B"],"score":168,"play_id":"d4ba694c-e161-4285-9660-f2bac2e252bd","local_time":"20210207230002","is_ascension_mode":true,"campfire_choices":[{"data":"Hyperbeam","floor":6,"key":"SMITH"},{"data":"Genetic Algorithm","floor":12,"key":"SMITH"},{"floor":15,"key":"REST"}],"circlet_count":0,"master_deck":["AscendersBane","Strike_B","Strike_B","Strike_B","Defend_B","Defend_B+1","Defend_B","Defend_B+1","Zap","Dualcast","Lockon","Hologram","Sweeping Beam","Hyperbeam+1","Beam Cell+1","Gash","Genetic Algorithm+1","FTL","Buffer"],"relics":["Cracked Core","Strawberry","PreservedInsect","Potion Belt"],"acts_visited":["Exordium"],"potions_floor_usage":[16],"damage_taken":[{"damage":0,"enemies":"Small Slimes","floor":1,"turns":3},{"damage":3,"enemies":"2 Louse","floor":3,"turns":3},{"damage":0,"enemies":"Jaw Worm","floor":4,"turns":3},{"damage":2,"enemies":"3 Sentries","floor":7,"turns":2},{"damage":7,"enemies":"Gremlin Gang","floor":8,"turns":2},{"damage":16,"enemies":"Gremlin Nob","floor":10,"turns":3},{"damage":13,"enemies":"Lots of Slimes","floor":13,"turns":2},{"damage":0,"enemies":"Looter","floor":14,"turns":2},{"damage":36,"enemies":"The Guardian","floor":16,"turns":10}],"seed_played":"-499750100866969571","potions_obtained":[{"floor":1,"key":"Energy Potion"},{"floor":14,"key":"SneckoOil"}],"is_trial":false,"path_per_floor":["M","?","M","M","$","R","E","M","T","E","?","R","M","M","R","B"],"character_chosen":"DEFECT","items_purchased":["Hyperbeam"],"campfire_rested":1,"item_purchase_floors":[5],"current_hp_per_floor":[68,53,50,50,50,50,55,48,48,32,32,32,19,19,43,7,7],"gold":149,"neow_bonus":"HUNDRED_GOLD","is_daily":false,"chose_seed":false,"campfire_upgraded":2,"win_rate":0.0,"timestamp":1612735202,"path_taken":["M","?","M","M","$","R","E","M","T","E","?","R","M","M","R","BOSS"],"items_purchased_type":["Card"],"build_version":"2020-12-22","purchased_purges":1,"victory":false,"max_hp_per_floor":[75,75,75,75,75,75,82,82,82,82,82,82,82,82,82,82,82],"card_choices":[{"not_picked":["Hologram","Steam"],"picked":"Lockon","floor":1},{"not_picked":["Leap","Force Field"],"picked":"Hologram","floor":3},{"not_picked":["Gash","Steam"],"picked":"Sweeping Beam","floor":4},{"not_picked":["Hologram","Chill"],"picked":"Beam Cell","floor":7},{"not_picked":["Redo","Cold Snap"],"picked":"Gash","floor":8},{"not_picked":["Sweeping Beam","Blizzard"],"picked":"Genetic Algorithm","floor":10},{"not_picked":["Darkness","Blizzard"],"picked":"FTL","floor":13},{"not_picked":["Beam Cell","Coolheaded"],"picked":"Buffer","floor":14}],"player_experience":495595,"relics_obtained":[{"floor":7,"key":"Strawberry"},{"floor":9,"key":"PreservedInsect"},{"floor":10,"key":"Potion Belt"}],"event_choices":[{"damage_healed":0,"gold_gain":0,"player_choice":"Entered Light","damage_taken":15,"max_hp_gain":0,"max_hp_loss":0,"event_name":"Shining Light","floor":2,"gold_loss":0,"cards_upgraded":["Defend_B","Defend_B"]},{"damage_healed":0,"gold_gain":0,"player_choice":"Grow","damage_taken":0,"max_hp_gain":0,"max_hp_loss":0,"event_name":"Living Wall","floor":11,"gold_loss":0,"cards_upgraded":["Beam Cell"]}],"is_beta":false,"boss_relics":[],"items_purged_floors":[5],"is_endless":false,"potions_floor_spawned":[1,14],"killed_by":"The Guardian","ascension_level":10}}