{"host":"oopoa2qluour3scl","time":1612735628,"event":{"mods":["2.2 Compatiblity","AchievementEnabler","AlwaysNeverKeys","BaseMod","Better Match","Better Note","Better Sensory Stone","Better Third Choice","Better Vampires","BetterRewards","Bossed Relics","Colored Powertips","Communication Mod","Minty Spire (QoL Compilation)","Practice Mode","Random Character Button","Relic Filter Mod","Relic Stats","Smile Girya","StS++","StSLib","SuperFastMode","Swap Starting Deck Mod","Weighted Paths"],"gold_per_floor":[115,126,126,51,51,51,82,82,82,111,129,140,90,102,102,197,197,212,312,4,4,14,45,45,58,81,81,111,121,137,162,162,257,257,274,274,324,342,442,477,487,514,539,175,175,175],"floor_reached":45,"language":"ENG","playtime":2167,"items_purged":["Defend_P","Meditate+1","Strike_P"],"score":741,"play_id":"3325559b-f49a-4b3d-81b8-d25430eceef0","local_time":"20210207230708","is_ascension_mode":false,"campfire_choices":[{"data":"Eruption","floor":6,"key":"SMITH"},{"data":"Pray","floor":8,"key":"SMITH"},{"floor":15,"key":"REST"},{"floor":24,"key":"REST"},{"floor":32,"key":"REST"}],"circlet_count":0,"master_deck":["Strike_P","Strike_P","Defend_P","Defend_P","Defend_P","Eruption+1","WindmillStrike+1","FlurryOfBlows","Dramatic Entrance","Pray+1","Alpha+1","Worship+1","ThirdEye+1","Alpha+1","ThirdEye+1","Prostrate+1","SandsOfTime","Vault+1","ConjureBlade+1","JustLucky","DevaForm"],"relics":["PureWater","TungstenRod","Unceasing Top","Meat on the Bone","Mummified Hand","Toxic Egg 2","StSpp:SailorCap","Pandora\u0027s Box","Melange","Damaru","MealTicket","Orichalcum","Tiny House","Gambling Chip","Yang","Bottled Flame","Smiling Mask","GoldenEye"],"acts_visited":["Exordium","TheCity","TheBeyond"],"potions_floor_usage":[23,30,41,41,42],"damage_taken":[{"damage":0,"enemies":"2 Louse","floor":1,"turns":3},{"damage":0,"enemies":"Cultist","floor":2,"turns":4},{"damage":0,"enemies":"Gremlin Nob","floor":7,"turns":2},{"damage":25,"enemies":"Lagavulin","floor":10,"turns":5},{"damage":10,"enemies":"Small Slimes","floor":11,"turns":4},{"damage":9,"enemies":"Red Slaver","floor":12,"turns":3},{"damage":10,"enemies":"Large Slime","floor":14,"turns":4},{"damage":17,"enemies":"Slime Boss","floor":16,"turns":6},{"damage":18,"enemies":"Spheric Guardian","floor":18,"turns":4},{"damage":13,"enemies":"Shell Parasite","floor":22,"turns":3},{"damage":24,"enemies":"Gremlin Leader","floor":23,"turns":4},{"damage":22,"enemies":"Shelled Parasite and Fungi","floor":25,"turns":5},{"damage":35,"enemies":"Slavers","floor":28,"turns":5},{"damage":11,"enemies":"Centurion and Healer","floor":29,"turns":4},{"damage":13,"enemies":"Snake Plant","floor":30,"turns":2},{"damage":13,"enemies":"Book of Stabbing","floor":31,"turns":5},{"damage":13,"enemies":"Automaton","floor":33,"turns":5},{"damage":34,"enemies":"3 Shapes","floor":35,"turns":5},{"damage":6,"enemies":"Mind Bloom Boss Battle","floor":37,"turns":5},{"damage":9,"enemies":"Orb Walker","floor":38,"turns":3},{"damage":18,"enemies":"Nemesis","floor":40,"turns":6},{"damage":15,"enemies":"Maw","floor":41,"turns":6},{"damage":31,"enemies":"Reptomancer","floor":42,"turns":5},{"damage":34,"enemies":"Spire Growth","floor":45,"turns":4}],"seed_played":"-3391347975025144787","potions_obtained":[{"floor":1,"key":"Ambrosia"},{"floor":7,"key":"Strength Potion"},{"floor":12,"key":"StSpp:InhibitionPotion"},{"floor":25,"key":"Explosive Potion"},{"floor":30,"key":"Ancient Potion"},{"floor":31,"key":"Fire Potion"},{"floor":37,"key":"BottledMiracle"},{"floor":38,"key":"PowerPotion"},{"floor":42,"key":"SkillPotion"}],"is_trial":false,"path_per_floor":["M","M","?","$","?","R","E","R","T","E","M","M","?","M","R","B",null,"M","?","$","?","M","E","R","M","T","?","E","M","M","E","R","B",null,"M","?","?","M","?","E","M","E","T","$","M"],"character_chosen":"WATCHER","items_purchased":["Unceasing Top","Meat on the Bone","Prostrate+1","Melange","GoldenEye"],"campfire_rested":3,"item_purchase_floors":[0,0,20,20,44],"current_hp_per_floor":[72,72,72,72,72,72,72,72,72,47,37,40,40,42,63,46,72,54,54,54,54,41,29,50,40,40,72,37,38,37,36,57,44,72,38,38,44,47,47,41,38,19,19,34,0,0],"gold":175,"neow_bonus":"","is_daily":false,"chose_seed":false,"campfire_upgraded":2,"win_rate":0.0,"timestamp":1612735628,"path_taken":["M","M","?","?","?","R","E","R","T","E","?","M","?","M","R","BOSS","M","?","$","?","M","E","R","M","T","?","E","M","M","E","R","BOSS","M","?","?","M","?","E","M","E","T","$","M"],"items_purchased_type":["Relic","Relic","Card","Relic","Relic"],"build_version":"2020-12-22","purchased_purges":3,"victory":false,"max_hp_per_floor":[72,72,72,72,72,72,72,72,72,72,72,72,72,72,72,72,72,72,72,72,72,72,72,72,72,72,72,72,72,72,72,72,72,72,72,72,72,72,72,72,72,72,72,72,72,72],"relic_stats":{"counters":[98,364],"Melange":[63],"Yang":[26],"Orichalcum":[60],"Smiling Mask":63,"GoldenEye":[6],"Mummified Hand":[40],"Gambling Chip":[3],"Pandora\u0027s Box":[],"MealTicket":15,"obtain_stats":[{"Tiny House":34,"CeramicFish":48,"Vajra":28,"Whetstone":26,"Ginger":54,"Bottled Tornado":43,"Sling":20,"Boot":25,"Sozu":0,"HornCleat":30,"Sundial":42,"MealTicket":26,"Toxic Egg 2":26,"Girya":37,"Dead Branch":31,"Astrolabe":34,"Oddly Smooth Stone":9,"Letter Opener":24,"Question Card":38,"Cables":0,"Bottled Flame":10,"Shuriken":38,"Bronze Scales":0,"Bird Faced Urn":9,"Snecko Eye":17,"Molten Egg 2":26,"Pandora\u0027s Box":17,"StrikeDummy":6,"Unceasing Top":0,"Pocketwatch":6,"Meat on the Bone":0,"Regal Pillow":0,"Singing Bowl":25,"Melange":20,"Yang":40,"Bag of Preparation":53,"Cursed Key":17,"Smiling Mask":40,"Nunchaku":53,"Mummified Hand":0,"Pantograph":0,"Gambling Chip":37,"Cracked Core":0,"StSpp:SailorCap":10,"Golden Idol":0,"Damaru":23,"Frozen Egg 2":23,"Orichalcum":31,"GoldenEye":8,"DataDisk":40,"Anchor":11,"Turnip":23,"Coffee Dripper":34,"Bag of Marbles":6,"Bottled Lightning":54,"Membership Card":53,"PureWater":29,"Toy Ornithopter":23,"FossilizedHelix":20,"TungstenRod":0},{"Tiny House":91,"CeramicFish":30,"Vajra":20,"Whetstone":4,"Ginger":73,"Bottled Tornado":28,"Sling":43,"Boot":62,"Sozu":0,"HornCleat":21,"Sundial":69,"MealTicket":86,"Toxic Egg 2":62,"Girya":25,"Dead Branch":64,"Astrolabe":65,"Oddly Smooth Stone":51,"Letter Opener":45,"Question Card":25,"Cables":0,"Bottled Flame":39,"Shuriken":25,"Bronze Scales":0,"Bird Faced Urn":9,"Snecko Eye":42,"Molten Egg 2":19,"Pandora\u0027s Box":82,"StrikeDummy":37,"Unceasing Top":74,"Pocketwatch":9,"Meat on the Bone":74,"Regal Pillow":33,"Singing Bowl":19,"Melange":83,"Yang":95,"Bag of Preparation":72,"Cursed Key":56,"Smiling Mask":67,"Nunchaku":31,"Mummified Hand":0,"Pantograph":0,"Gambling Chip":93,"Cracked Core":0,"StSpp:SailorCap":78,"Golden Idol":0,"Damaru":85,"Frozen Egg 2":17,"Orichalcum":90,"GoldenEye":38,"DataDisk":27,"Anchor":53,"Turnip":61,"Coffee Dripper":23,"Bag of Marbles":50,"Bottled Lightning":32,"Membership Card":72,"PureWater":88,"Toy Ornithopter":3,"FossilizedHelix":58,"TungstenRod":74},{"Tiny House":330,"CeramicFish":94,"Vajra":64,"Whetstone":18,"Ginger":259,"Bottled Tornado":90,"Sling":156,"Boot":217,"Sozu":0,"HornCleat":66,"Sundial":240,"MealTicket":309,"Toxic Egg 2":217,"Girya":81,"Dead Branch":223,"Astrolabe":228,"Oddly Smooth Stone":180,"Letter Opener":167,"Question Card":81,"Cables":0,"Bottled Flame":133,"Shuriken":81,"Bronze Scales":0,"Bird Faced Urn":31,"Snecko Eye":150,"Molten Egg 2":61,"Pandora\u0027s Box":293,"StrikeDummy":121,"Unceasing Top":262,"Pocketwatch":31,"Meat on the Bone":262,"Regal Pillow":102,"Singing Bowl":61,"Melange":297,"Yang":349,"Bag of Preparation":255,"Cursed Key":196,"Smiling Mask":234,"Nunchaku":96,"Mummified Hand":0,"Pantograph":0,"Gambling Chip":340,"Cracked Core":0,"StSpp:SailorCap":276,"Golden Idol":0,"Damaru":304,"Frozen Egg 2":54,"Orichalcum":325,"GoldenEye":124,"DataDisk":86,"Anchor":185,"Turnip":213,"Coffee Dripper":73,"Bag of Marbles":178,"Bottled Lightning":99,"Membership Card":255,"PureWater":318,"Toy Ornithopter":14,"FossilizedHelix":203,"TungstenRod":262}],"TungstenRod":57,"Unceasing Top":[5],"Meat on the Bone":144},"card_choices":[{"not_picked":["InnerPeace","FearNoEvil"],"picked":"WindmillStrike","floor":1},{"not_picked":["Evaluate","CrushJoints"],"picked":"FlurryOfBlows","floor":2},{"not_picked":["Jack Of All Trades","Chrysalis"],"picked":"Dramatic Entrance","floor":3},{"not_picked":["JustLucky","WheelKick"],"picked":"Pray","floor":7},{"not_picked":["WindmillStrike","MentalFortress"],"picked":"Alpha+1","floor":10},{"not_picked":["Consecrate","InnerPeace+1"],"picked":"Worship+1","floor":11},{"not_picked":["Wallop","JustLucky"],"picked":"Meditate+1","floor":12},{"not_picked":["CutThroughFate","EmptyBody+1"],"picked":"ThirdEye+1","floor":14},{"not_picked":["Devotion","SpiritShield+1"],"picked":"Alpha+1","floor":16},{"not_picked":["Protect+1","BowlingBash+1"],"picked":"ThirdEye+1","floor":18},{"not_picked":["TalkToTheHand","Adaptation","Crescendo+1"],"picked":"SKIP","floor":22},{"not_picked":["Evaluate+1","Consecrate"],"picked":"Vault+1","floor":23},{"not_picked":["BattleHymn+1","CrushJoints","Protect+1"],"picked":"SKIP","floor":25},{"not_picked":["StSpp:Renounce+1","StSpp:TimeDodge+1","Halt+1"],"picked":"SKIP","floor":28},{"not_picked":["BowlingBash+1","Vengeance+1","StSpp:LatentStrike+1"],"picked":"SKIP","floor":29},{"not_picked":["PathToVictory+1","StSpp:LatentStrike","EmptyFist"],"picked":"SKIP","floor":30},{"not_picked":["WindmillStrike","FollowUp","Halt+1"],"picked":"SKIP","floor":31},{"not_picked":["Ragnarok","LessonLearned"],"picked":"ConjureBlade+1","floor":33},{"not_picked":["WindmillStrike+1","EmptyMind+1","ForeignInfluence+1"],"picked":"SKIP","floor":35},{"not_picked":["SashWhip","TalkToTheHand+1"],"picked":"JustLucky","floor":37},{"not_picked":["Crescendo+1","BowlingBash+1","SashWhip+1"],"picked":"SKIP","floor":38},{"not_picked":["ThirdEye+1","Collect+1"],"picked":"DevaForm","floor":40},{"not_picked":["StSpp:Renounce+1","JustLucky","Prostrate+1"],"picked":"SKIP","floor":41},{"not_picked":["JustLucky","SashWhip+1","StSpp:Renounce+1"],"picked":"SKIP","floor":42}],"player_experience":484925,"relics_obtained":[{"floor":7,"key":"Mummified Hand"},{"floor":9,"key":"Toxic Egg 2"},{"floor":10,"key":"StSpp:SailorCap"},{"floor":23,"key":"Damaru"},{"floor":26,"key":"MealTicket"},{"floor":28,"key":"Shuriken"},{"floor":31,"key":"Orichalcum"},{"floor":37,"key":"Gambling Chip"},{"floor":40,"key":"Yang"},{"floor":42,"key":"Bottled Flame"},{"floor":43,"key":"Smiling Mask"}],"event_choices":[{"damage_healed":0,"gold_gain":1,"player_choice":"1","damage_taken":0,"max_hp_gain":0,"max_hp_loss":0,"event_name":"betterStone:BetterStone","floor":3,"gold_loss":0},{"damage_healed":0,"gold_gain":0,"player_choice":"Upgraded","damage_taken":0,"max_hp_gain":0,"max_hp_loss":0,"event_name":"Upgrade Shrine","floor":5,"gold_loss":0,"cards_upgraded":["WindmillStrike"]},{"cards_removed":["Strike_P"],"damage_healed":0,"gold_gain":0,"player_choice":"Card Removal","damage_taken":0,"max_hp_gain":0,"max_hp_loss":0,"event_name":"The Cleric","floor":13,"gold_loss":50},{"damage_healed":0,"gold_gain":100,"player_choice":"Pray","damage_taken":0,"max_hp_gain":0,"max_hp_loss":0,"event_name":"Golden Shrine","floor":19,"gold_loss":0},{"damage_healed":0,"gold_gain":0,"cards_transformed":["Vigilance"],"player_choice":"Transformed","damage_taken":0,"max_hp_gain":0,"max_hp_loss":0,"event_name":"Transmorgrifier","floor":21,"gold_loss":0,"cards_obtained":["SandsOfTime"]},{"damage_healed":32,"gold_gain":0,"player_choice":"Full Heal","damage_taken":0,"max_hp_gain":0,"max_hp_loss":0,"event_name":"Wheel of Change","floor":27,"gold_loss":0},{"damage_healed":0,"gold_gain":0,"player_choice":"Ignored","damage_taken":0,"max_hp_gain":0,"max_hp_loss":0,"event_name":"Tomb of Lord Red Mask","floor":36,"gold_loss":0},{"damage_healed":0,"gold_gain":0,"player_choice":"Fight","damage_taken":0,"max_hp_gain":0,"max_hp_loss":0,"event_name":"MindBloom","floor":37,"gold_loss":0},{"damage_healed":0,"gold_gain":100,"player_choice":"Pray","damage_taken":0,"max_hp_gain":0,"max_hp_loss":0,"event_name":"Golden Shrine","floor":39,"gold_loss":0}],"is_beta":false,"boss_relics":[{"not_picked":["StSpp:PileOfSugar","Calling Bell"],"picked":"Pandora\u0027s Box"},{"not_picked":["VioletLotus","StSpp:FireArrow"],"picked":"Tiny House"}],"items_purged_floors":[4,20,44],"is_endless":false,"potions_floor_spawned":[1,7,12,25,29,30,31,33,37,38,40,42],"killed_by":"Spire Growth","ascension_level":0}}