{"host":"jpcy2bclvs7juczu","time":1612665635,"event":{"mods":["Alarm Clock","BaseMod","Bestiary","Block Reminder","Colored Map","Colored Powertips","Current Relic Mod","Curses Come First","Dark Map","Filter the Spire","Minty Spire (QoL Compilation)","Quick Restart","RNG Fix","Relic Stats","Slay the Relics Exporter","Smile Girya","StSLib","everything is the same but u backflip on backflip","ojb\u0027s Better Paths Mod","ojb\u0027s Info Mod","slay the spire mod where everything is the same but ironclad has a cowboy hat"],"gold_per_floor":[116,33,48,48,58,133,167,179,191,203,248,277,299,330,342,429,441,466,496,13,44,44,44,44,44],"floor_reached":24,"language":"ENG","playtime":936,"items_purged":["Strike_P"],"score":412,"play_id":"544400c7-5a33-44dc-814f-5b44577e02e9","local_time":"20210206214035","is_ascension_mode":true,"campfire_choices":[{"data":"Eruption","floor":8.0,"key":"SMITH"},{"data":"Worship","floor":10.0,"key":"SMITH"},{"data":"WaveOfTheHand","floor":15.0,"key":"SMITH"},{"floor":23,"key":"REST"}],"circlet_count":0,"master_deck":["AscendersBane","Strike_P","Strike_P","Strike_P","Defend_P","Defend_P","Defend_P","Eruption+1","Vigilance","FearNoEvil","TalkToTheHand","Conclude","Worship+1","DeceiveReality","WheelKick","FlyingSleeves","WaveOfTheHand+1","BowlingBash","SandsOfTime","SpiritShield","EmptyFist","EmptyMind","Apotheosis+1","Brilliance"],"relics":["PureWater","Shovel","MawBank","White Beast Statue","Letter Opener","Black Star","Bag of Marbles","Red Mask"],"acts_visited":["Exordium","TheCity"],"potions_floor_usage":[19,21,21,24],"damage_taken":[{"damage":0.0,"enemies":"2 Louse","floor":1.0,"turns":4.0},{"damage":0.0,"enemies":"Small Slimes","floor":3.0,"turns":2.0},{"damage":6.0,"enemies":"Jaw Worm","floor":5.0,"turns":2.0},{"damage":20.0,"enemies":"3 Sentries","floor":7.0,"turns":13.0},{"damage":9.0,"enemies":"Gremlin Nob","floor":11.0,"turns":4.0},{"damage":0.0,"enemies":"Red Slaver","floor":12.0,"turns":1.0},{"damage":0.0,"enemies":"Large Slime","floor":13.0,"turns":3.0},{"damage":4.0,"enemies":"Exordium Wildlife","floor":14.0,"turns":3.0},{"damage":10.0,"enemies":"The Guardian","floor":16.0,"turns":9.0},{"damage":32.0,"enemies":"Spheric Guardian","floor":18.0,"turns":6.0},{"damage":21,"enemies":"Chosen","floor":19,"turns":4},{"damage":0,"enemies":"Masked Bandits","floor":21,"turns":2},{"damage":26,"enemies":"Book of Stabbing","floor":24,"turns":6}],"seed_played":"8025901457760016782","potions_obtained":[{"floor":3.0,"key":"DistilledChaos"},{"floor":5.0,"key":"SpeedPotion"},{"floor":7.0,"key":"ColorlessPotion"},{"floor":11.0,"key":"SteroidPotion"},{"floor":12.0,"key":"PowerPotion"},{"floor":13.0,"key":"StancePotion"},{"floor":14.0,"key":"FearPotion"},{"floor":16.0,"key":"Fruit Juice"},{"floor":18.0,"key":"PowerPotion"},{"floor":19,"key":"EssenceOfSteel"},{"floor":21,"key":"Swift Potion"}],"is_trial":false,"path_per_floor":["M","$","M","?","M","?","E","R","T","R","E","M","M","M","R","B",null,"M","M","$","?","?","R","E"],"character_chosen":"WATCHER","items_purchased":["Conclude","Bag of Marbles","Apotheosis","Block Potion"],"campfire_rested":1,"item_purchase_floors":[2,20,20,20],"current_hp_per_floor":[61,61,61,56,50,50,30,30,30,30,21,21,21,17,17,7,53,26,5,5,5,5,26,0,0],"gold":44,"neow_bonus":"TRANSFORM_CARD","is_daily":false,"chose_seed":false,"campfire_upgraded":3,"win_rate":0.0,"timestamp":1612665635,"path_taken":["M","$","M","?","M","?","E","R","T","R","E","M","M","M","R","BOSS","M","M","$","?","?","R","E"],"items_purchased_type":["Card","Relic","Card","Potion"],"build_version":"2020-12-22","purchased_purges":1,"victory":false,"max_hp_per_floor":[68,68,68,68,68,68,68,68,68,68,68,68,68,68,68,68,68,73,73,73,73,73,73,73,73],"relic_stats":{"Shovel":0,"counters":[13,59],"Black Star":0,"Letter Opener":[35],"MawBank":156,"obtain_stats":[{"Shovel":4,"Black Star":17,"Bag of Marbles":20,"Red Mask":21,"Letter Opener":11,"PureWater":0,"MawBank":7,"White Beast Statue":9},{"Shovel":2,"Black Star":9,"Bag of Marbles":11,"Red Mask":12,"Letter Opener":5,"PureWater":0,"MawBank":4,"White Beast Statue":4},{"Shovel":6,"Black Star":41,"Bag of Marbles":51,"Red Mask":53,"Letter Opener":25,"PureWater":0,"MawBank":21,"White Beast Statue":21}]},"card_choices":[{"not_picked":["BowlingBash","EmptyBody"],"picked":"TalkToTheHand","floor":1.0},{"not_picked":["ThirdEye","Weave"],"picked":"Worship","floor":3.0},{"not_picked":["ThirdEye","JustLucky"],"picked":"DeceiveReality","floor":5.0},{"not_picked":["InnerPeace","Judgement"],"picked":"WheelKick","floor":7.0},{"not_picked":["Halt","MasterReality"],"picked":"FlyingSleeves","floor":11.0},{"not_picked":["Indignation","BowlingBash"],"picked":"WaveOfTheHand","floor":12.0},{"not_picked":["ReachHeaven","Halt"],"picked":"BowlingBash","floor":13.0},{"not_picked":["EmptyMind","CrushJoints"],"picked":"SandsOfTime","floor":14.0},{"not_picked":["MasterReality","Devotion"],"picked":"SpiritShield","floor":16.0},{"not_picked":["BowlingBash","Wireheading"],"picked":"EmptyFist","floor":18.0},{"not_picked":["ReachHeaven+1","Swivel"],"picked":"EmptyMind","floor":19},{"not_picked":["ClearTheMind","JustLucky"],"picked":"Brilliance","floor":21}],"player_experience":1587373,"relics_obtained":[{"floor":7.0,"key":"MawBank"},{"floor":9.0,"key":"White Beast Statue"},{"floor":11.0,"key":"Letter Opener"},{"floor":21,"key":"Red Mask"}],"event_choices":[{"damage_healed":0.0,"max_hp_gain":0.0,"max_hp_loss":0.0,"gold_gain":0.0,"event_name":"Scrap Ooze","player_choice":"Success","floor":4.0,"gold_loss":0.0,"damage_taken":5.0,"relics_obtained":["Shovel"]},{"damage_healed":0.0,"max_hp_gain":0.0,"max_hp_loss":0.0,"gold_gain":75.0,"event_name":"Golden Wing","player_choice":"Gained Gold","floor":6.0,"gold_loss":0.0,"damage_taken":0.0},{"damage_healed":0,"gold_gain":0,"player_choice":"Fought Bandits","damage_taken":0,"max_hp_gain":0,"max_hp_loss":0,"event_name":"Masked Bandits","floor":21,"gold_loss":0},{"damage_healed":0,"gold_gain":0,"player_choice":"Upgraded","damage_taken":0,"max_hp_gain":0,"max_hp_loss":0,"event_name":"Upgrade Shrine","floor":22,"gold_loss":0,"cards_upgraded":["Apotheosis"]}],"is_beta":false,"boss_relics":[{"not_picked":["SacredBark","HolyWater"],"picked":"Black Star"}],"items_purged_floors":[20],"is_endless":false,"potions_floor_spawned":[3,5,7,11,12,13,14,16,18,19,21],"killed_by":"Book of Stabbing","ascension_level":20}}