{"host":"z94nnvkgi5lm5f4m","time":1612678451,"event":{"mods":["AchievementEnabler","BaseMod","Colored Map","Colored Powertips","Minty Spire (QoL Compilation)"],"gold_per_floor":[215,234,309,46,57,84,102,102,102,102,102,125,125,139,139,262,262,278,291,60,74,74,74,95,95,122,156,136,136,154,173,173,173,173],"floor_reached":33,"language":"ENG","playtime":2264,"items_purged":[],"score":269,"play_id":"cb8e8831-6d4f-42b5-b0f2-952d4ffaea0c","local_time":"20210206221411","is_ascension_mode":false,"campfire_choices":[{"floor":8.0,"key":"REST"},{"floor":13.0,"key":"RECALL"},{"data":"Flex","floor":15.0,"key":"SMITH"},{"data":"Thunderclap","floor":23.0,"key":"SMITH"},{"data":"Defend_R","floor":25.0,"key":"SMITH"},{"data":"Defend_R","floor":29.0,"key":"SMITH"},{"floor":32,"key":"REST"}],"circlet_count":0,"master_deck":["Strike_R","Strike_R","Strike_R","Strike_R","Strike_R","Defend_R","Defend_R+1","Defend_R","Defend_R+1","Bash","Flex+1","Heavy Blade","Thunderclap+1","Shrug It Off+1","Anger+1","Injury","Twin Strike+1","Flex+1","Reaper+1","Cleave+1","Intimidate+1","Bloodletting+1","Ghostly Armor+1","Intimidate+1"],"relics":["Burning Blood","Toxic Egg 2","Molten Egg 2","Golden Idol","Omamori","SacredBark","Lee\u0027s Waffle","Oddly Smooth Stone","Gremlin Horn"],"acts_visited":["Exordium","TheCity"],"potions_floor_usage":[31,33],"damage_taken":[{"damage":0.0,"enemies":"2 Louse","floor":1.0,"turns":3.0},{"damage":9.0,"enemies":"Jaw Worm","floor":2.0,"turns":4.0},{"damage":0.0,"enemies":"Cultist","floor":5.0,"turns":2.0},{"damage":24.0,"enemies":"Lagavulin","floor":6.0,"turns":8.0},{"damage":7.0,"enemies":"Lots of Slimes","floor":7.0,"turns":4.0},{"damage":5.0,"enemies":"3 Louse","floor":12.0,"turns":3.0},{"damage":15.0,"enemies":"Gremlin Gang","floor":14.0,"turns":4.0},{"damage":50.0,"enemies":"Hexaghost","floor":16.0,"turns":11.0},{"damage":30.0,"enemies":"2 Thieves","floor":18.0,"turns":4.0},{"damage":18.0,"enemies":"3 Byrds","floor":19.0,"turns":5.0},{"damage":5.0,"enemies":"Snecko","floor":21.0,"turns":5.0},{"damage":11.0,"enemies":"Chosen and Byrds","floor":24.0,"turns":6.0},{"damage":54.0,"enemies":"Gremlin Leader","floor":27.0,"turns":10.0},{"damage":0.0,"enemies":"3 Cultists","floor":30.0,"turns":3.0},{"damage":26,"enemies":"Snecko","floor":31,"turns":7},{"damage":112,"enemies":"Champ","floor":33,"turns":12}],"seed_played":"290895338812320657","potions_obtained":[{"floor":1.0,"key":"SkillPotion"},{"floor":2.0,"key":"Swift Potion"},{"floor":7.0,"key":"Dexterity Potion"},{"floor":16.0,"key":"Fire Potion"},{"floor":19.0,"key":"ColorlessPotion"},{"floor":21.0,"key":"DuplicationPotion"},{"floor":24.0,"key":"FearPotion"},{"floor":28.0,"key":"DuplicationPotion"}],"is_trial":false,"path_per_floor":["M","M","?","$","M","E","M","R","T","?","T","M","R","M","R","B",null,"M","M","$","M","$","R","M","R","T","E","?","R","M","M","R","B"],"character_chosen":"IRONCLAD","items_purchased":["Toxic Egg 2","Thunderclap","Lee\u0027s Waffle","Bloodletting+1"],"campfire_rested":2,"item_purchase_floors":[4,4,20,20],"current_hp_per_floor":[80,77,66,66,72,54,53,77,77,77,77,78,78,69,69,25,80,56,61,87,87,87,87,82,82,82,61,61,61,82,62,87,0,0],"gold":173,"neow_bonus":"HUNDRED_GOLD","is_daily":false,"chose_seed":false,"campfire_upgraded":4,"win_rate":0.0,"timestamp":1612678451,"path_taken":["M","M","?","$","M","E","M","R","T","?","?","M","R","M","R","BOSS","M","?","?","M","$","R","M","R","T","E","?","R","?","M","R","BOSS"],"items_purchased_type":["Relic","Card","Relic","Card"],"build_version":"2020-12-22","purchased_purges":0,"victory":false,"max_hp_per_floor":[80,80,80,80,80,80,80,80,80,80,80,80,80,80,80,80,80,80,80,87,87,87,87,87,87,87,87,87,87,87,87,87,87,87],"card_choices":[{"not_picked":["Intimidate","Sentinel"],"picked":"Flex","floor":1.0},{"not_picked":["Body Slam","Wild Strike"],"picked":"Heavy Blade","floor":2.0},{"not_picked":["Pommel Strike","Heavy Blade"],"picked":"Shrug It Off+1","floor":5.0},{"not_picked":["Sword Boomerang+1","Reaper+1"],"picked":"Anger+1","floor":6.0},{"not_picked":["Heavy Blade+1","Blood for Blood+1","Pommel Strike+1"],"picked":"SKIP","floor":7.0},{"not_picked":["Feel No Pain","Havoc+1"],"picked":"Twin Strike+1","floor":12.0},{"not_picked":["Wild Strike+1","True Grit+1"],"picked":"Flex+1","floor":14.0},{"not_picked":["Fiend Fire+1","Immolate+1"],"picked":"Reaper+1","floor":16.0},{"not_picked":["Clash+1","Body Slam+1"],"picked":"Cleave+1","floor":18.0},{"not_picked":["Heavy Blade+1","Flex+1"],"picked":"Intimidate+1","floor":19.0},{"not_picked":["Entrench+1","Headbutt+1"],"picked":"Ghostly Armor+1","floor":21.0},{"not_picked":["Rampage+1","Armaments+1"],"picked":"Intimidate+1","floor":24.0},{"not_picked":["Clothesline+1","Armaments+1","Entrench+1"],"picked":"SKIP","floor":27.0},{"not_picked":["Heavy Blade+1","Power Through+1","Body Slam+1"],"picked":"SKIP","floor":30.0},{"not_picked":["Evolve","Sword Boomerang+1","Uppercut+1"],"picked":"SKIP","floor":31}],"player_experience":90348,"relics_obtained":[{"floor":6.0,"key":"Molten Egg 2"},{"floor":11.0,"key":"Omamori"},{"floor":26.0,"key":"Oddly Smooth Stone"},{"floor":27.0,"key":"Gremlin Horn"}],"event_choices":[{"damage_healed":0.0,"max_hp_gain":0.0,"max_hp_loss":0.0,"gold_gain":75.0,"event_name":"World of Goop","player_choice":"Gather Gold","floor":3.0,"gold_loss":0.0,"damage_taken":11.0},{"damage_healed":0.0,"max_hp_gain":0.0,"max_hp_loss":0.0,"gold_gain":0.0,"event_name":"Golden Idol","player_choice":"Take Wound","floor":10.0,"gold_loss":0.0,"damage_taken":0.0,"relics_obtained":["Golden Idol"],"cards_obtained":["Injury"]},{"damage_healed":0.0,"max_hp_gain":0.0,"max_hp_loss":0.0,"gold_gain":0.0,"event_name":"The Woman in Blue","player_choice":"Bought 1 Potion","floor":28.0,"gold_loss":0.0,"damage_taken":0.0}],"is_beta":false,"boss_relics":[{"not_picked":["Busted Crown","Philosopher\u0027s Stone"],"picked":"SacredBark"}],"items_purged_floors":[],"is_endless":false,"potions_floor_spawned":[1,2,7,16,19,21,24],"killed_by":"Champ","ascension_level":0}}