{"host":"ksbvp3awiitpakcf","time":1612685685,"event":{"mods":["ATMod(∞¢Ë™Mod)","BaseMod","Decade(Õı–°√˜)","KinomotoSakuraMod(ƒæ÷Æ±æ”£)","KomeijiMod","Marisa£®ÏF”Í°°ƒß¿Ì…≥£©","Minty Spire (QoL Compilation)","Reimu£®≤©¿ˆ¡È√Œ£©","Relic Filter Mod","Remilia£®¿Ÿ√◊¿Ú—«£©","Shop Mod","StSLib","WarShipGirlsR/’ΩΩ¢…Ÿ≈ÆR mod","Youmu£®ªÍ∆«—˝√Œ£©","Yuyuko","noobMod"],"gold_per_floor":[178,178,178,188,202,202,228,295,295,358,399,461,580,633,633,757,757,799,867,930,972,331,331,387,387,414,480,550,218,284,323,323,493,493,633,724,816,906,947,1099,1124,1219,1288,1496,1496,1476,1612,1612,1612,1937],"floor_reached":51,"language":"ZHS","playtime":4277,"items_purged":["Strike_Remiria","Defend_Remirira"],"score":1003,"play_id":"2db7d26f-6a7c-4387-b8ea-419f21174430","local_time":"20210207171445","is_ascension_mode":false,"campfire_choices":[{"data":"BathedInBlood","floor":6,"key":"SMITH"},{"data":"TricksterDevil","floor":15,"key":"SMITH"},{"data":"BloodyMagicSquare","floor":23,"key":"SMITH"},{"data":"Warpath","floor":25,"key":"SMITH"},{"data":"BodyStrengthen","floor":32,"key":"SMITH"},{"data":"MillenniumVampire","floor":45,"key":"SMITH"},{"data":"DamonLordCradle_Remiria","floor":49,"key":"SMITH"}],"circlet_count":2,"master_deck":["Strike_Remiria","Strike_Remiria","Strike_Remiria","Defend_Remirira","Absorbed+1","Scratch","AT_Dispersion+1","Feint","Warpath+1","BathedInBlood+1","BloodCoagulation","BloodPact","BloodCollect","TricksterDevil+1","BloodCollect","FierceSweep","Offensive","MillenniumVampire+1","ServantFlier+1","DemonsDinnerFork_Remiria+1","BloodyMagicSquare+1","Exsanguinate+1","BodyStrengthen+1","DamonLordCradle_Remiria+1","BloodySuit+1","CombatMeter+1","TricksterDevil+1","StarOfDavid+1","DoubleEdge+1","BloodSurge+1","Reaper_Remiria+1","CurseOfTheBell","Feint+1","NaturallyHealing+1","FastHealing+1","BloodSurge+1","FastHealing+1","BodyStrengthen+1","DemonsDinnerFork_Remiria+1","DamonLordCradle_Remiria+1","NightDance+1","RocketKickup+1","BathedInBlood+1","QueenOfMidnight+1","BloodyMagicSquare+1","Iron Wave+1"],"relics":["ThirstyCrossSpe","ice","AT_ATBox","AT_MibuBalloonWealth","AT_BellDemon","Bottled Tornado","AT_GreenNoBalance","AT_SunfireAegis","AT_ArcaneBoots","AT_ChloranthyRing","AT_ArchangelStaff","AT_BladeRuinedKing","Black Star","Molten Egg 2","AT_EbonyIvory","AT_RedTearstoneRing","AT_TimeSand","AT_DeathDance","AT_SilvercatRing","AT_ImmortalShieldbow","AT_GuinsooRageblade","AT_BellowingDragoncrestRing","AT_ForceNature","Frozen Egg 2","CrazyTorch:ReiMu","TentaclePot:ReiMu","Meat on the Bone","AT_LudenTempest","Letter Opener","Calling Bell","Shuriken","Toxic Egg 2","Ice Cream","Bird Faced Urn","ShirouKen","AT_TheCollector","KyoryuNoHagoromo","Incense Burner","PureWhite:ReiMu","AT_Kusabimaru","RedTeaWithBlood","Torii","AT_GoldPhoenixTree","Lizard Tail","AT_Manta","AT_RabadonDeathcap","Circlet"],"acts_visited":["Exordium","TheCity","TheBeyond"],"potions_floor_usage":[14],"damage_taken":[{"damage":5,"enemies":"Small Slimes","floor":1,"turns":3},{"damage":2,"enemies":"Jaw Worm","floor":4,"turns":3},{"damage":0,"enemies":"Cultist","floor":5,"turns":2},{"damage":21,"enemies":"Gremlin Nob","floor":7,"turns":4},{"damage":23,"enemies":"Large Slime","floor":8,"turns":5},{"damage":25,"enemies":"Exordium Wildlife","floor":10,"turns":4},{"damage":32,"enemies":"Blue Slaver","floor":11,"turns":4},{"damage":7,"enemies":"Exordium Thugs","floor":12,"turns":4},{"damage":0,"enemies":"Gremlin Gang","floor":13,"turns":1},{"damage":58,"enemies":"Lagavulin","floor":14,"turns":5},{"damage":43,"enemies":"Hexaghost","floor":16,"turns":6},{"damage":30,"enemies":"Spheric Guardian","floor":18,"turns":3},{"damage":78,"enemies":"2 Thieves","floor":19,"turns":4},{"damage":10,"enemies":"Cultist and Chosen","floor":20,"turns":3},{"damage":28,"enemies":"Snake Plant","floor":21,"turns":3},{"damage":49,"enemies":"Book of Stabbing","floor":24,"turns":4},{"damage":8,"enemies":"Centurion and Healer","floor":27,"turns":2},{"damage":3,"enemies":"Sentry and Sphere","floor":28,"turns":4},{"damage":0,"enemies":"Shelled Parasite and Fungi","floor":30,"turns":1},{"damage":9,"enemies":"Snake Plant","floor":31,"turns":2},{"damage":1,"enemies":"Automaton","floor":33,"turns":3},{"damage":22,"enemies":"3 Darklings","floor":35,"turns":2},{"damage":0,"enemies":"3 Shapes","floor":36,"turns":1},{"damage":9,"enemies":"Sphere and 2 Shapes","floor":37,"turns":2},{"damage":2,"enemies":"Jaw Worm Horde","floor":38,"turns":2},{"damage":0,"enemies":"Spire Growth","floor":39,"turns":2},{"damage":26,"enemies":"Giant Head","floor":40,"turns":3},{"damage":0,"enemies":"Writhing Mass","floor":41,"turns":1},{"damage":0,"enemies":"Sphere and 2 Shapes","floor":42,"turns":1},{"damage":0,"enemies":"Reptomancer","floor":44,"turns":1},{"damage":0,"enemies":"3 Darklings","floor":47,"turns":1},{"damage":0,"enemies":"Awakened One","floor":50,"turns":3}],"seed_played":"-8862244931735631319","potions_obtained":[{"floor":5,"key":"EssenceOfSteel"},{"floor":7,"key":"Weak Potion"},{"floor":10,"key":"Energy Potion"},{"floor":11,"key":"Regen Potion"},{"floor":18,"key":"LiquidBronze"},{"floor":33,"key":"JyouchiReiPotion"}],"is_trial":false,"path_per_floor":["M","?","?","M","M","R","E","M","T","M","M","M","M","E","R","B",null,"M","M","M","M","$","R","E","R","T","M","M","$","M","M","R","B",null,"M","M","M","M","M","E","M","M","T","E","R","?","M","?","R","B",null],"character_chosen":"RemiriaScarlet","items_purchased":["AT_DeathDance","AT_SilvercatRing","BodyStrengthen","DamonLordCradle_Remiria","TentaclePot:ReiMu","StarOfDavid+1"],"campfire_rested":0,"item_purchase_floors":[22,22,22,22,29,29],"current_hp_per_floor":[105,105,105,103,103,103,82,59,59,34,2,49,55,9,9,30,110,80,2,100,72,72,72,25,25,25,23,20,20,20,131,131,132,134,112,118,116,122,128,144,144,144,144,144,144,144,144,144,144,146],"gold":1937,"neow_bonus":"TEN_PERCENT_HP_BONUS","is_daily":false,"chose_seed":false,"campfire_upgraded":7,"win_rate":0.0,"timestamp":1612685685,"path_taken":["M","?","?","?","M","R","E","M","T","M","M","M","M","E","R","BOSS","M","M","M","M","$","R","E","R","T","M","M","$","M","M","R","BOSS","M","M","M","M","M","E","M","M","T","E","R","?","M","?","R","BOSS"],"items_purchased_type":["Relic","Relic","Card","Card","Relic","Card"],"build_version":"2020-12-22","purchased_purges":2,"victory":true,"max_hp_per_floor":[110,110,110,110,110,110,110,110,110,110,110,110,110,110,110,110,110,110,110,111,114,114,114,124,124,124,126,129,129,129,131,131,134,134,137,140,141,143,143,144,144,144,144,144,144,144,144,144,144,146],"card_choices":[{"not_picked":["Rewrite","Warpath"],"picked":"Feint","floor":1},{"not_picked":["ChainGang","ScarletNetherworld"],"picked":"Warpath","floor":4},{"not_picked":["Feint","Offensive"],"picked":"BathedInBlood","floor":5},{"not_picked":["BloodCleaner","Cripple"],"picked":"BloodCoagulation","floor":7},{"not_picked":["Cripple","PainBurst"],"picked":"BloodPact","floor":8},{"not_picked":["Rewrite","VampireKiss_Remiria"],"picked":"BloodCollect","floor":10},{"not_picked":["VampireClaw","DemonsDinnerFork_Remiria"],"picked":"TricksterDevil","floor":11},{"not_picked":["ScarletNetherworld","BloodCleaner"],"picked":"BloodCollect","floor":12},{"not_picked":["LifeBreak","Offensive"],"picked":"FierceSweep","floor":13},{"not_picked":["BloodSurge","Reaper_Remiria"],"picked":"Offensive","floor":14},{"not_picked":["Septette","RedtheNightlessCastle"],"picked":"MillenniumVampire","floor":16},{"not_picked":["DoubleEdge+1","FastHealing"],"picked":"ServantFlier+1","floor":18},{"not_picked":["Cripple+1","PartStrengthen+1"],"picked":"DemonsDinnerFork_Remiria","floor":19},{"not_picked":["FastHealing","VampirishNight+1"],"picked":"BloodyMagicSquare","floor":20},{"not_picked":["BloodCleaner+1","BathedInBlood+1"],"picked":"Exsanguinate+1","floor":21},{"not_picked":["BodyStrengthen","BloodCollect"],"picked":"BloodySuit+1","floor":24},{"not_picked":["Warpath+1","AllTheWorldInNightmare"],"picked":"CombatMeter+1","floor":27},{"not_picked":["Feint+1","DamonLordCradle_Remiria"],"picked":"TricksterDevil","floor":28},{"not_picked":["DamonLordCradle_Remiria","Cripple+1"],"picked":"DoubleEdge+1","floor":30},{"not_picked":["VampirishNight+1","CombatMeter+1"],"picked":"BloodSurge+1","floor":31},{"not_picked":["BombardNight+1","ScarletDestiny"],"picked":"Reaper_Remiria+1","floor":33},{"not_picked":["PainBurst+1","BloodySuit+1"],"picked":"Feint+1","floor":35},{"not_picked":["BodyStrengthen+1","Impregnable+1"],"picked":"NaturallyHealing+1","floor":36},{"not_picked":["ThePrice+1","HeartBreak_Remiria+1"],"picked":"FastHealing+1","floor":37},{"not_picked":["ThirstForBlood+1","VampireClaw+1"],"picked":"BloodSurge+1","floor":38},{"not_picked":["BloodySuit+1","BloodCleaner+1"],"picked":"FastHealing+1","floor":39},{"not_picked":["FateCollect+1","BloodCollect+1"],"picked":"BodyStrengthen+1","floor":40},{"not_picked":["StigmaNizer+1","FierceSweep+1"],"picked":"DemonsDinnerFork_Remiria+1","floor":41},{"not_picked":["CruelSlaughter+1","ScarletNetherworld+1"],"picked":"DamonLordCradle_Remiria+1","floor":42},{"not_picked":["FastHealing+1","Impregnable+1"],"picked":"NightDance+1","floor":44},{"not_picked":[],"picked":"RocketKickup","floor":46},{"not_picked":[],"picked":"BathedInBlood","floor":46},{"not_picked":[],"picked":"QueenOfMidnight","floor":46},{"not_picked":["DamonLordCradle_Remiria+1","DemonsDinnerFork_Remiria+1"],"picked":"BloodyMagicSquare+1","floor":47}],"player_experience":16324,"relics_obtained":[{"floor":7,"key":"AT_MibuBalloonWealth"},{"floor":9,"key":"AT_BellDemon"},{"floor":10,"key":"Bottled Tornado"},{"floor":11,"key":"AT_SilverBalance"},{"floor":12,"key":"AT_SunfireAegis"},{"floor":13,"key":"AT_SpeedBoots"},{"floor":14,"key":"AT_ChloranthyRing"},{"floor":14,"key":"AT_ArchangelStaff"},{"floor":16,"key":"AT_BladeRuinedKing"},{"floor":18,"key":"Molten Egg 2"},{"floor":19,"key":"AT_EbonyIvory"},{"floor":20,"key":"AT_RedTearstoneRing"},{"floor":21,"key":"AT_TimeSand"},{"floor":24,"key":"AT_ImmortalShieldbow"},{"floor":24,"key":"AT_GuinsooRageblade"},{"floor":24,"key":"AT_BellowingDragoncrestRing"},{"floor":26,"key":"AT_ForceNature"},{"floor":27,"key":"Frozen Egg 2"},{"floor":28,"key":"CrazyTorch:ReiMu"},{"floor":30,"key":"Meat on the Bone"},{"floor":31,"key":"AT_LudenTempest"},{"floor":33,"key":"Letter Opener"},{"floor":34,"key":"Shuriken"},{"floor":34,"key":"Toxic Egg 2"},{"floor":34,"key":"Ice Cream"},{"floor":35,"key":"Bird Faced Urn"},{"floor":36,"key":"ShirouKen"},{"floor":37,"key":"AT_TheCollector"},{"floor":38,"key":"KyoryuNoHagoromo"},{"floor":39,"key":"Incense Burner"},{"floor":40,"key":"PureWhite:ReiMu"},{"floor":40,"key":"AT_Kusabimaru"},{"floor":40,"key":"RedTeaWithBlood"},{"floor":41,"key":"Torii"},{"floor":42,"key":"AT_GoldPhoenixTree"},{"floor":43,"key":"Lizard Tail"},{"floor":44,"key":"AT_Manta"},{"floor":44,"key":"AT_RabadonDeathcap"},{"floor":44,"key":"Circlet"},{"floor":47,"key":"Circlet"}],"event_choices":[{"damage_healed":0,"gold_gain":0,"player_choice":"Grow","damage_taken":0,"max_hp_gain":0,"max_hp_loss":0,"event_name":"Living Wall","floor":2,"gold_loss":0,"cards_upgraded":["AT_Dispersion"]},{"cards_removed":["Defend_Remirira"],"damage_healed":0,"gold_gain":0,"player_choice":"Purged","damage_taken":0,"max_hp_gain":0,"max_hp_loss":0,"event_name":"Purifier","floor":3,"gold_loss":0},{"cards_removed":["Defend_Remirira"],"damage_healed":0,"gold_gain":0,"player_choice":"Took Card","damage_taken":0,"max_hp_gain":0,"max_hp_loss":0,"event_name":"NoteForYourself","floor":48,"gold_loss":0,"cards_obtained":["Iron Wave"]}],"is_beta":false,"boss_relics":[{"not_picked":["AT_MortalBlade","UnsealingCross"],"picked":"Black Star"},{"not_picked":["Runic Pyramid","AT_TrinityForce"],"picked":"Calling Bell"}],"items_purged_floors":[22,29],"is_endless":false,"potions_floor_spawned":[1,5,7,10,11,18,20,24,27,30,33,36,38,39,44],"ascension_level":0}}