{"host":"4d3077vv24x7opeb","time":1612741083,"event":{"mods":["100% Spire Juice","2.2 Compatiblity","Act Like it!","BaseMod","Bestiary","Better Altar","Better Match","Better Note","Better Sensory Stone","Better Skull","Better Third Choice","Colored Map","Colored Powertips","Hermit","Highlight Path","Marisa????????","Minty Spire (QoL Compilation)","Relic Stats","Robot Space Explorer","StSLib","The Administrix","The Construct","The Gatherer","The Senshi","The Servant 0.9.4","TheFirefly","everything is the same but u backflip on backflip","slay the spire mod where everything is the same but ironclad has a cowboy hat"],"gold_per_floor":[111,111,123,7,7,39,57,57,109,143,34,34,89,105,105,209,89,102,121,12,12,12,37,37,57,127,127,7,40,40,73,73,53,53,63,63,78,78,88,122,122,157,183,183,198,216,250,3,3,3],"floor_reached":51,"language":"ENG","playtime":5926,"items_purged":["Doubt","Moonworks:ReproductionOfRecords"],"score":801,"play_id":"b7165f84-45c2-46eb-92dd-a908364fe2a9","local_time":"20210207153803","is_ascension_mode":false,"campfire_choices":[{"floor":8,"key":"REST"},{"floor":12,"key":"REST"},{"data":"Moonworks:EvilSpyWorkPreparation","floor":15,"key":"SMITH"},{"data":"Moonworks:Encore","floor":27,"key":"SMITH"},{"data":"Moonworks:Ambush","floor":30,"key":"SMITH"},{"data":"Moonworks:MetallicMonocoque","floor":32,"key":"SMITH"},{"floor":41,"key":"REST"},{"floor":44,"key":"REST"},{"data":"Moonworks:PlushieMaster","floor":49,"key":"SMITH"}],"circlet_count":0,"master_deck":["Moonworks:Ambush+1","Moonworks:LongDistanceShot","Moonworks:WindyEnchantment","Moonworks:SakisCookie","Moonworks:FullSpeedAlicianrone","Moonworks:CookingTime","Moonworks:WindyEnchantment","Moonworks:EvilSpyWorkPreparation+1","Moonworks:SakisCookie","Moonworks:Encore+1","Moonworks:StiffCrystal+1","Moonworks:EvilSpyWorkPreparation+1","Moonworks:Poppoformation","Moonworks:MiracleWalker+1","Moonworks:Flamethrower","Moonworks:MetallicMonocoque+1","Moonworks:StarBlastingFuse","Moonworks:HolyNight","Moonworks:ScrambledEve","Moonworks:AwakeningOfTalent+1","Moonworks:Poppoformation","Moonworks:RocketCannon+1","Moonworks:BigBangBell+1","Moonworks:DeployBits+1","Violence","Jack Of All Trades","Moonworks:PlushieMaster+1"],"relics":["Moonworks:BrokenBomb","Moonworks:Homemark","Anchor","Boot","Potion Belt","HornCleat","Philosopher\u0027s Stone","Bag of Preparation","theSenshi:SuperSailorFukuRelic","Bottled Flame","Molten Egg 2","Pandora\u0027s Box","White Beast Statue","MealTicket","Bronze Scales","Moonworks:LittleGull","Cauldron"],"acts_visited":["Exordium","TheCity","TheBeyond"],"potions_floor_usage":[6,23,23,35,40,48,50,50,50],"damage_taken":[{"damage":4,"enemies":"Small Slimes","floor":1,"turns":3},{"damage":6,"enemies":"Jaw Worm","floor":3,"turns":2},{"damage":22,"enemies":"3 Sentries","floor":6,"turns":9},{"damage":0,"enemies":"2 Louse","floor":7,"turns":2},{"damage":30,"enemies":"Gremlin Nob","floor":10,"turns":4},{"damage":0,"enemies":"2 Fungi Beasts","floor":11,"turns":2},{"damage":0,"enemies":"3 Louse","floor":14,"turns":1},{"damage":40,"enemies":"Hexaghost","floor":16,"turns":13},{"damage":0,"enemies":"Shell Parasite","floor":18,"turns":3},{"damage":2,"enemies":"Chosen","floor":19,"turns":4},{"damage":16,"enemies":"Gremlin Leader","floor":23,"turns":4},{"damage":4,"enemies":"Shelled Parasite and Fungi","floor":25,"turns":3},{"damage":0,"enemies":"Book of Stabbing","floor":29,"turns":3},{"damage":0,"enemies":"Slavers","floor":31,"turns":4},{"damage":16,"enemies":"Automaton","floor":33,"turns":8},{"damage":27,"enemies":"3 Shapes","floor":35,"turns":3},{"damage":0,"enemies":"Orb Walker","floor":37,"turns":3},{"damage":6,"enemies":"Sphere and 2 Shapes","floor":39,"turns":3},{"damage":25,"enemies":"Reptomancer","floor":40,"turns":6},{"damage":30,"enemies":"Nemesis","floor":42,"turns":5},{"damage":9,"enemies":"4 Shapes","floor":45,"turns":3},{"damage":0,"enemies":"Jaw Worm Horde","floor":46,"turns":3},{"damage":16,"enemies":"Reptomancer","floor":47,"turns":5},{"damage":49,"enemies":"Time Eater","floor":50,"turns":10}],"seed_played":"6017406494855085713","potions_obtained":[{"floor":3,"key":"Weak Potion"},{"floor":10,"key":"Strength Potion"},{"floor":11,"key":"ColorlessPotion"},{"floor":14,"key":"FairyPotion"},{"floor":18,"key":"SkillPotion"},{"floor":25,"key":"GamblersBrew"},{"floor":33,"key":"Energy Potion"},{"floor":42,"key":"Explosive Potion"},{"floor":45,"key":"Energy Potion"},{"floor":46,"key":"Dexterity Potion"},{"floor":48,"key":"Fruit Juice"},{"floor":48,"key":"LiquidMemories"},{"floor":48,"key":"SpeedPotion"},{"floor":48,"key":"LiquidBronze"},{"floor":48,"key":"DuplicationPotion"}],"is_trial":false,"path_per_floor":["M","?","M","$","?","E","M","R","T","E","M","R","?","M","R","B",null,"M","M","$","?","?","E","$","M","T","R","$","E","R","E","R","B",null,"M","$","M","?","M","E","R","E","T","R","M","M","E","$","R","B",null],"character_chosen":"THE_STARBREAKER","items_purchased":["Moonworks:FullSpeedAlicianrone","Moonworks:CookingTime","Moonworks:Poppoformation","Cauldron"],"campfire_rested":4,"item_purchase_floors":[4,4,20,48],"current_hp_per_floor":[62,55,49,49,42,25,27,46,46,21,26,45,45,45,45,13,66,66,66,66,66,66,60,60,62,62,62,62,66,66,66,66,50,66,39,39,45,45,47,37,56,32,32,51,42,48,42,62,62,17],"gold":3,"neow_bonus":"TEN_PERCENT_HP_BONUS","is_daily":false,"chose_seed":false,"campfire_upgraded":5,"win_rate":0.0,"timestamp":1612741083,"path_taken":["M","?","M","$","?","E","M","R","T","E","M","R","?","M","R","BOSS","M","M","$","?","?","E","?","M","T","R","$","E","R","E","R","BOSS","M","$","M","?","?","E","R","E","T","R","M","M","E","$","R","BOSS"],"items_purchased_type":["Card","Card","Card","Relic"],"build_version":"2020-12-22","purchased_purges":2,"victory":true,"max_hp_per_floor":[66,66,66,66,66,66,66,66,66,66,66,66,66,66,66,66,66,66,66,66,66,66,66,66,66,66,66,66,66,66,66,66,66,66,66,66,66,66,66,66,66,66,66,66,66,66,66,71,71,71],"relic_stats":{"counters":[24,106],"Bronze Scales":[60],"Pandora\u0027s Box":["Moonworks:ReproductionOfRecords","Moonworks:HolyNight","Moonworks:ScrambledEve","Moonworks:AwakeningOfTalent","Moonworks:Poppoformation","Moonworks:RocketCannon"],"MealTicket":15,"Bag of Preparation":[26],"Boot":[362],"obtain_stats":[{"Potion Belt":9,"theSenshi:SuperSailorFukuRelic":26,"Moonworks:LittleGull":47,"Bag of Preparation":23,"Boot":6,"White Beast Statue":40,"Cauldron":48,"Anchor":5,"Bottled Flame":29,"HornCleat":10,"Moonworks:Homemark":0,"Bronze Scales":43,"Philosopher\u0027s Stone":17,"Molten Egg 2":31,"Pandora\u0027s Box":34,"MealTicket":42,"Moonworks:BrokenBomb":0},{"Potion Belt":4,"theSenshi:SuperSailorFukuRelic":12,"Moonworks:LittleGull":23,"Bag of Preparation":11,"Boot":3,"White Beast Statue":19,"Cauldron":23,"Anchor":2,"Bottled Flame":13,"HornCleat":5,"Moonworks:Homemark":0,"Bronze Scales":20,"Philosopher\u0027s Stone":8,"Molten Egg 2":14,"Pandora\u0027s Box":15,"MealTicket":20,"Moonworks:BrokenBomb":0},{"Potion Belt":16,"theSenshi:SuperSailorFukuRelic":50,"Moonworks:LittleGull":96,"Bag of Preparation":47,"Boot":14,"White Beast Statue":80,"Cauldron":96,"Anchor":5,"Bottled Flame":53,"HornCleat":20,"Moonworks:Homemark":0,"Bronze Scales":85,"Philosopher\u0027s Stone":36,"Molten Egg 2":57,"Pandora\u0027s Box":65,"MealTicket":85,"Moonworks:BrokenBomb":0}]},"card_choices":[{"not_picked":["Moonworks:LulusLuckyEgg","Moonworks:Assault"],"picked":"Moonworks:WindyEnchantment","floor":1},{"not_picked":["Moonworks:IndiscriminateFireSupport","Moonworks:DeployBits"],"picked":"Moonworks:SakisCookie","floor":3},{"not_picked":["Moonworks:Gamble","Moonworks:DeployBits"],"picked":"Moonworks:WindyEnchantment","floor":6},{"not_picked":["Moonworks:ImOnFire","Moonworks:ImmovableObject"],"picked":"Moonworks:EvilSpyWorkPreparation","floor":7},{"not_picked":["Moonworks:IndiscriminateFireSupport","Moonworks:ReproductionOfRecords","Moonworks:DevilHand"],"picked":"SKIP","floor":10},{"not_picked":["Moonworks:Bloodlust","Moonworks:LulusLuckyEgg"],"picked":"Moonworks:SakisCookie","floor":11},{"not_picked":["Moonworks:JonathanRush","Moonworks:Assault"],"picked":"Moonworks:MixPhenomenon","floor":14},{"not_picked":["Moonworks:MetallicMonocoque","Moonworks:SubspaceTunnel"],"picked":"Moonworks:Encore","floor":16},{"not_picked":["Moonworks:ImOnFire+1","Moonworks:UnpaidWork+1"],"picked":"Moonworks:StiffCrystal+1","floor":18},{"not_picked":["Moonworks:UnluckyCharm","Moonworks:SakisCookie"],"picked":"Moonworks:EvilSpyWorkPreparation+1","floor":19},{"not_picked":["Moonworks:JonathanRush","Moonworks:SakisCookie","Moonworks:EvilSpyWorkPreparation"],"picked":"SKIP","floor":23},{"not_picked":["Moonworks:DeployBits","Moonworks:IndiscriminateFireSupport"],"picked":"Moonworks:MiracleWalker+1","floor":25},{"not_picked":["Moonworks:BigMagnum+1","Moonworks:AngelHand+1"],"picked":"Moonworks:Flamethrower","floor":29},{"not_picked":["Moonworks:SakisCookie+1","Moonworks:DeployBits"],"picked":"Moonworks:MetallicMonocoque","floor":31},{"not_picked":["Moonworks:MetallicMonocoque","Moonworks:EvilMastermind"],"picked":"Moonworks:StarBlastingFuse","floor":33},{"not_picked":["Moonworks:FullSpeedAlicianrone+1","Moonworks:NicePresent"],"picked":"Moonworks:BigBangBell+1","floor":35},{"not_picked":["Moonworks:Assault+1","Moonworks:RagingMadness"],"picked":"Moonworks:DeployBits+1","floor":37},{"not_picked":["Secret Technique","Dark Shackles"],"picked":"Violence","floor":38},{"not_picked":["Dramatic Entrance+1","Dark Shackles"],"picked":"Jack Of All Trades","floor":38},{"not_picked":["Moonworks:CloudOfSeagulls+1","Moonworks:ExtendedPhotonRifle+1","Moonworks:Assault+1"],"picked":"SKIP","floor":39},{"not_picked":["Moonworks:EvilSpyWorkPreparation+1","Moonworks:Assault+1","Moonworks:IntelligenceOfficer+1"],"picked":"SKIP","floor":40},{"not_picked":["Moonworks:JonathanRush+1","Moonworks:RedAndBlue","Moonworks:EvilSpyWorkPreparation+1"],"picked":"SKIP","floor":42},{"not_picked":["Moonworks:ImOnFire+1","Moonworks:LulusLuckyEgg+1","Moonworks:JonathanRush+1"],"picked":"SKIP","floor":45},{"not_picked":["Moonworks:Assault+1","Moonworks:SelfDestruct+1","Moonworks:TreasureThief"],"picked":"SKIP","floor":46},{"not_picked":["Moonworks:EvilMastermind","Moonworks:CastOff"],"picked":"Moonworks:PlushieMaster","floor":47}],"player_experience":262372,"relics_obtained":[{"floor":6,"key":"Boot"},{"floor":9,"key":"Potion Belt"},{"floor":10,"key":"HornCleat"},{"floor":23,"key":"Bag of Preparation"},{"floor":26,"key":"theSenshi:SuperSailorFukuRelic"},{"floor":29,"key":"Bottled Flame"},{"floor":31,"key":"Molten Egg 2"},{"floor":40,"key":"White Beast Statue"},{"floor":42,"key":"MealTicket"},{"floor":43,"key":"Bronze Scales"},{"floor":47,"key":"Moonworks:LittleGull"}],"event_choices":[{"cards_removed":["Moonworks:Strike"],"damage_healed":0,"gold_gain":0,"player_choice":"Card Removal","damage_taken":7,"max_hp_gain":0,"max_hp_loss":0,"event_name":"Golden Wing","floor":2,"gold_loss":0},{"damage_healed":0,"gold_gain":0,"player_choice":"Relic ","damage_taken":7,"max_hp_gain":0,"max_hp_loss":0,"event_name":"betterThird:BetterScrap","floor":5,"gold_loss":0,"cards_obtained":["Searing Blow"]},{"damage_healed":0,"gold_gain":175,"player_choice":"AGREE","damage_taken":34,"max_hp_gain":0,"max_hp_loss":0,"event_name":"betterThird:BetterSerpent","floor":13,"gold_loss":0},{"cards_removed":["Moonworks:Strike"],"damage_healed":0,"gold_gain":0,"player_choice":"Purged","damage_taken":0,"max_hp_gain":0,"max_hp_loss":0,"event_name":"Purifier","floor":21,"gold_loss":0},{"cards_removed":["Moonworks:MixPhenomenon"],"damage_healed":0,"gold_gain":0,"player_choice":"Offered Uncommon","damage_taken":0,"max_hp_gain":0,"max_hp_loss":0,"event_name":"Bonfire Elementals","floor":22,"gold_loss":0},{"damage_healed":0,"gold_gain":3,"player_choice":"1","damage_taken":0,"max_hp_gain":0,"max_hp_loss":0,"event_name":"betterStone:BetterStone","floor":38,"gold_loss":0}],"is_beta":false,"boss_relics":[{"not_picked":["Runic Pyramid","Fusion Hammer"],"picked":"Philosopher\u0027s Stone"},{"not_picked":["Velvet Choker","Tiny House"],"picked":"Pandora\u0027s Box"}],"items_purged_floors":[20,48],"is_endless":false,"potions_floor_spawned":[3,10,11,14,18,25,33,42,45,46,47],"ascension_level":0}}