{"host":"u21q392b5xaj11fl","time":1612739709,"event":{"mods":["2.2 Compatiblity","Bard","BaseMod","Better Note","Colored Map","Colored Powertips","Conspire","Custom Start","Downfall","Faster Ascension Climbing","GifTheSpireLib","Gremlin Skip","Highlight Path","Hubris","Infinite Spire","Mad Scientist","Marisa????????","Mimic Mod","Minty Spire (QoL Compilation)","Monster B Gone","Permanent Neow","Potionbrewer","Quick Restart","READ ME - Guardian Mod","Relic Sorter","Replay The Spire","Shop Mod","Somnambulant","StSLib","Stuff the Spire","SuperFastMode","The Construct","The Disciple","The Servant 0.9.4"],"gold_per_floor":[118,129,144,144,159,191,191,191,191,191,203,235,235,251,251,327,327,341,416,435,448,448,481,481,495,495,527,542,576,576,546,546,623,623,639,658,673,673,685,716,716,734,760,760,774,358,408,426,426,426,426,426,16,49,49],"floor_reached":56,"language":"ENG","playtime":4262,"items_purged":["Strike_G","Strike_G","Strike_G"],"score":2178,"play_id":"ce0bcd26-fb93-49ea-a52a-da4eaf1a61b2","local_time":"20210207171509","is_ascension_mode":true,"campfire_choices":[{"data":"Deadly Poison","floor":8.0,"key":"SMITH"},{"data":"Bane","floor":10.0,"key":"SMITH"},{"data":"StuffTheSpire:Python","floor":15.0,"key":"SMITH"},{"floor":24.0,"key":"REST"},{"data":"ReplayTheSpireMod:Black Plague","floor":32.0,"key":"SMITH"},{"data":"StuffTheSpire:MirrorStance","floor":41.0,"key":"SMITH"},{"data":"Catalyst","floor":44.0,"key":"SMITH"},{"floor":49.0,"key":"RECALL"},{"data":"ReplayUltimateDefense","floor":52,"key":"SMITH"}],"circlet_count":0,"master_deck":["AscendersBane","Strike_G","Defend_G","Defend_G","Defend_G","Defend_G","Defend_G","Survivor","Neutralize+1","Bane+1","Poisoned Stab+1","Deadly Poison+1","StuffTheSpire:Injection","Dash","StuffTheSpire:Shiver","StuffTheSpire:Python+1","Adrenaline","Acrobatics","Calculated Gamble","Catalyst+1","ReplayTheSpireMod:Black Plague+1","StuffTheSpire:MirrorStance+1","Replay:Fractal Strike","infinitespire:Neurotoxin","Backflip","Crippling Poison","ReplayTheSpireMod:The Works","Catalyst","Backflip","ReplayUltimateDefense+1","Hidden Blade+1","Well Laid Plans"],"relics":["Ring of the Snake","hubris:BundleOfHerbs","potionbrewer:MortarAndPestle","hexamod:CandleOfCauterizing","expansioncontent:StudyCardRelic","Vampiric Spirits","hubris:VirtuousBlindfold","ReplayFunnel","StuffTheSpire:Expresso","Boot","Ginger","hubris:TerracottaHorce","Guardian:PocketSentry","MerchantsRug","Membership Card","ReplayTheSpireMod:Ninjato","Slimebound:StickyStick"],"acts_visited":["Exordium","TheCity","TheBeyond","TheEnding"],"potions_floor_usage":[55,55],"damage_taken":[{"damage":0.0,"enemies":"Small Slimes","floor":1.0,"turns":6.0},{"damage":2.0,"enemies":"conspire:RoseBush","floor":2.0,"turns":5.0},{"damage":0.0,"enemies":"2 Louse","floor":3.0,"turns":3.0},{"damage":6.0,"enemies":"Red Slaver","floor":5.0,"turns":4.0},{"damage":12.0,"enemies":"Lagavulin","floor":6.0,"turns":5.0},{"damage":0.0,"enemies":"Large Slime","floor":11.0,"turns":4.0},{"damage":19.0,"enemies":"3 Sentries","floor":12.0,"turns":10.0},{"damage":4.0,"enemies":"Exordium Wildlife","floor":14.0,"turns":2.0},{"damage":44.0,"enemies":"Slime Boss","floor":16.0,"turns":10.0},{"damage":2.0,"enemies":"Chosen","floor":18.0,"turns":3.0},{"damage":6.0,"enemies":"Shell Parasite","floor":20.0,"turns":4.0},{"damage":16.0,"enemies":"Centurion and Healer","floor":21.0,"turns":7.0},{"damage":14.0,"enemies":"Gremlin Leader","floor":23.0,"turns":4.0},{"damage":8.0,"enemies":"Chosen and Byrds","floor":25.0,"turns":4.0},{"damage":22.0,"enemies":"Slavers","floor":27.0,"turns":4.0},{"damage":8.0,"enemies":"3 Cultists","floor":28.0,"turns":4.0},{"damage":0.0,"enemies":"Nightmare","floor":29.0,"turns":4.0},{"damage":37.0,"enemies":"Champ","floor":33.0,"turns":8.0},{"damage":5.0,"enemies":"Orb Walker","floor":35.0,"turns":3.0},{"damage":7.0,"enemies":"3 Darklings","floor":36.0,"turns":4.0},{"damage":7.0,"enemies":"Spire Growth","floor":37.0,"turns":3.0},{"damage":7.0,"enemies":"Maw","floor":39.0,"turns":5.0},{"damage":14.0,"enemies":"Nemesis","floor":40.0,"turns":5.0},{"damage":0.0,"enemies":"Transient","floor":42.0,"turns":6.0},{"damage":14.0,"enemies":"3 Darklings","floor":45.0,"turns":5.0},{"damage":0.0,"enemies":"Spire Growth","floor":48.0,"turns":2.0},{"damage":65,"enemies":"Donu and Deca","floor":50,"turns":8},{"damage":1,"enemies":"Shield and Spear","floor":54,"turns":4},{"damage":8,"enemies":"The Heart","floor":55,"turns":7}],"seed_played":"-7685657196285143462","potions_obtained":[{"floor":0.0,"key":"potionbrewer:InfectionPotion"},{"floor":0.0,"key":"Weak Potion"},{"floor":0.0,"key":"ColorlessPotion"},{"floor":6.0,"key":"champ:CounterPotion"},{"floor":14.0,"key":"potionbrewer:BoundlessPotion"},{"floor":20.0,"key":"Elixir"},{"floor":21.0,"key":"Explosive Potion"},{"floor":23.0,"key":"potionbrewer:NoxiousPotion"},{"floor":27.0,"key":"potionbrewer:FreezingPotion"},{"floor":31.0,"key":"Fruit Juice"},{"floor":31.0,"key":"DuplicationPotion"},{"floor":36.0,"key":"FearPotion"},{"floor":40.0,"key":"potionbrewer:CleansingPotion"}],"is_trial":false,"path_per_floor":["M","M","M","?","M","E","?","R","T","R","M","E","?","M","R","B",null,"M","?","M","M","AVR","E","R","M","T","E","M","NM","?","?","R","B",null,"M","M","M","?","M","E","R","M","T","R","M","$","?","M","R","B",null,"R","$","E","B",null],"character_chosen":"THE_SILENT","items_purchased":["Strawberry","ReplayUltimateDefense","MerchantsRug","Membership Card","ReplayTheSpireMod:Ninjato"],"campfire_rested":1,"item_purchase_floors":[46,46,53,53,53],"current_hp_per_floor":[59,57,57,57,51,39,39,39,39,39,39,20,20,16,16,17,54,52,46,40,29,29,22,41,34,34,16,15,17,76,81,81,44,72,72,72,74,74,72,61,61,64,64,64,56,63,63,68,68,33,74,74,74,75,73],"gold":49,"neow_bonus":"THREE_SMALL_POTIONS","is_daily":false,"chose_seed":false,"campfire_upgraded":7,"win_rate":0.0,"timestamp":1612739709,"path_taken":["M","M","M","?","M","E","?","R","T","R","M","E","?","?","R","BOSS","M","?","M","M","AVR","E","R","M","T","E","M","NM","?","?","R","BOSS","M","M","M","?","M","E","R","M","T","R","M","$","?","M","R","BOSS","R","$","E","BOSS"],"items_purchased_type":["Relic","Card","Relic","Relic","Relic"],"build_version":"2020-12-22","purchased_purges":3,"victory":true,"max_hp_per_floor":[66,66,66,66,66,66,66,66,66,66,66,66,66,66,66,66,66,66,66,66,66,66,66,66,66,66,66,66,66,76,81,81,81,81,81,81,81,81,81,81,81,81,81,81,81,88,88,88,88,88,88,88,88,88,88],"card_choices":[{"not_picked":["Eviscerate","Deflect"],"picked":"Bane","floor":1.0},{"not_picked":["ReplayTheSpireMod:Shiv Toss","Catalyst"],"picked":"Poisoned Stab","floor":2.0},{"not_picked":["Riddle With Holes","Quick Slash"],"picked":"Deadly Poison","floor":3.0},{"not_picked":["Backflip","StuffTheSpire:ReptileScales"],"picked":"StuffTheSpire:Injection","floor":5.0},{"not_picked":["Underhanded Strike","StuffTheSpire:Injection","Slice"],"picked":"SKIP","floor":6.0},{"not_picked":["Quick Slash","hubris:Sniper"],"picked":"Dash","floor":11.0},{"not_picked":["Backflip","Skewer"],"picked":"StuffTheSpire:Shiver","floor":12.0},{"not_picked":["ReplayTheSpireMod:Shiv Toss","Hidden Blade"],"picked":"StuffTheSpire:Python","floor":14.0},{"not_picked":["Night Terror","Grand Finale"],"picked":"Adrenaline","floor":16.0},{"not_picked":["hubris:SlightOfHand","ReplayTheSpireMod:Scrap Shanks+1"],"picked":"Acrobatics","floor":18.0},{"not_picked":["Flying Knee","Dagger Spray"],"picked":"Calculated Gamble","floor":20.0},{"not_picked":["StuffTheSpire:Fury","Fluid Movement"],"picked":"Catalyst","floor":21.0},{"not_picked":["Distraction","Cloak And Dagger","hubris:Counter"],"picked":"SKIP","floor":23.0},{"not_picked":["StuffTheSpire:BumpUp","Slice","Hidden Blade"],"picked":"SKIP","floor":25.0},{"not_picked":["Outmaneuver","Deadly Poison"],"picked":"StuffTheSpire:MirrorStance","floor":27.0},{"not_picked":["Storm of Steel","Riddle With Holes","Sucker Punch"],"picked":"SKIP","floor":28.0},{"not_picked":["infinitespire:Punishment","infinitespire:FutureSight"],"picked":"Replay:Fractal Strike","floor":29.0},{"not_picked":["Bouncing Flask","Poisoned Stab"],"picked":"infinitespire:Neurotoxin","floor":29.0},{"not_picked":["Bullet Time","Die Die Die"],"picked":"infinitespire:Neurotoxin","floor":33.0},{"not_picked":["hubris:SlightOfHand","All Out Attack"],"picked":"Backflip","floor":35.0},{"not_picked":["Choke","Flying Knee","Prepared+1"],"picked":"SKIP","floor":36.0},{"not_picked":["StuffTheSpire:BumpUp","All Out Attack"],"picked":"Crippling Poison","floor":37.0},{"not_picked":["Eviscerate+1","Blade Dance"],"picked":"ReplayTheSpireMod:The Works","floor":39.0},{"not_picked":["Flying Knee+1","StuffTheSpire:BumpUp"],"picked":"Catalyst","floor":40.0},{"not_picked":["Expertise","Poisoned Stab"],"picked":"Backflip","floor":42.0},{"not_picked":["Flying Knee","Skewer","Prepared"],"picked":"SKIP","floor":45.0},{"not_picked":["Acrobatics","Prepared+1"],"picked":"Hidden Blade+1","floor":48.0},{"not_picked":["Cloak And Dagger","Backflip"],"picked":"Well Laid Plans","floor":54}],"player_experience":219737,"relics_obtained":[{"floor":6.0,"key":"potionbrewer:MortarAndPestle"},{"floor":9.0,"key":"hubris:BundleOfHerbs"},{"floor":12.0,"key":"hexamod:CandleOfCauterizing"},{"floor":23.0,"key":"ReplayFunnel"},{"floor":26.0,"key":"StuffTheSpire:Expresso"},{"floor":27.0,"key":"Boot"},{"floor":29.0,"key":"Ginger"},{"floor":40.0,"key":"Matryoshka"},{"floor":43.0,"key":"Guardian:PocketSentry"},{"floor":54,"key":"Slimebound:StickyStick"}],"event_choices":[{"damage_healed":0.0,"max_hp_gain":0.0,"max_hp_loss":0.0,"gold_gain":0.0,"event_name":"Upgrade Shrine","player_choice":"Upgraded","floor":13.0,"gold_loss":0.0,"damage_taken":0.0,"cards_upgraded":["Neutralize"]},{"damage_healed":0.0,"max_hp_gain":0.0,"max_hp_loss":0.0,"gold_gain":75.0,"event_name":"FaceTrader","player_choice":"Touch","floor":19.0,"gold_loss":0.0,"damage_taken":6.0},{"cards_removed":["infinitespire:Neurotoxin"],"damage_healed":49.0,"max_hp_gain":10.0,"max_hp_loss":0.0,"gold_gain":0.0,"event_name":"Bonfire Elementals","player_choice":"Offered Rare","floor":30.0,"gold_loss":0.0,"damage_taken":0.0},{"damage_healed":0.0,"max_hp_gain":0.0,"max_hp_loss":0.0,"gold_gain":0.0,"event_name":"The Woman in Blue","player_choice":"Bought 2 Potions","floor":31.0,"gold_loss":0.0,"damage_taken":0.0},{"cards_removed":["Strike_G"],"damage_healed":0.0,"max_hp_gain":0.0,"max_hp_loss":0.0,"gold_gain":0.0,"event_name":"Falling","player_choice":"Removed Attack","floor":38.0,"gold_loss":0.0,"damage_taken":0.0},{"damage_healed":0.0,"max_hp_gain":0.0,"max_hp_loss":0.0,"gold_gain":50.0,"event_name":"Golden Shrine","player_choice":"Pray","floor":47.0,"gold_loss":0.0,"damage_taken":0.0}],"is_beta":false,"boss_relics":[{"not_picked":["Tiny House","Philosopher\u0027s Stone"],"picked":"expansioncontent:StudyCardRelic"},{"not_picked":["StuffTheSpire:ModemDavis","StuffTheSpire:RunicConfusion"],"picked":"hubris:TerracottaHorce"}],"items_purged_floors":[22,46,53],"is_endless":false,"potions_floor_spawned":[2,6,14,20,21,23,27,36,40,42],"ascension_level":19}}