{"host":"Ringo","time":1612715459,"event":{"mods":["BaseMod","Colored Map","Conspire","Dota2Spire","Hubris","Minty Spire (QoL Compilation)","Replay The Spire","StSLib","The Construct","[IsaacMod]ÒÔÈö¼âËþ","¡¾ÒÅÎï¿¨ÅÆ¡¿REMEMod"],"gold_per_floor":[109,34,45,56,72,72,102,136,188,217,227,255,284,317,317,391,391,406,420,420,518,530,555,580,605,651,677,132,312,347,422,422,493,493,505,518,792,811,828,859,249,278,278,308,388,65,99,130,130,130,130],"floor_reached":52,"language":"ZHS","playtime":1410,"items_purged":["Shrug It Off","Seeing Red"],"score":3875,"play_id":"45cbe780-7c62-4030-8413-d4ebf8c556e1","local_time":"20210208003059","daily_mods":["SealedDeck","Vintage","Red Cards","Heirloom","Time Dilation","Flight","DeadlyEvents","Elite Swarm","Lethality","Binary"],"is_ascension_mode":true,"campfire_choices":[{"data":"REME_Scribble","floor":6.0,"key":"SMITH"},{"data":"Crescendo","floor":15.0,"key":"SMITH"},{"data":"Study","floor":32,"key":"SMITH"},{"data":"REME_Scribble+1","floor":49,"key":"SMITH"}],"circlet_count":0,"master_deck":["AscendersBane","EmptyFist","FlurryOfBlows+1","Shrug It Off+1","Armaments","Anger","Twin Strike","FollowUp+1","Crescendo+1","REME_Scribble+2","Poisoned Strike","Sword Boomerang","Study+1","Swift Strike+1","Wallop","Infernal Blade","Metallicize+1","LessonLearned"],"relics":["PureWater","Busted Crown","HushsDoor","REME_ComplimentaryCards","replay:Trail_Library","MoneyPower","D6","Dota2Spire:BattleFury","hubris:TenFootPole","Bottled Lightning","CaptainsWheel","hubris:SphereOfDissonance","Torii","BelialBook","Replay:Purple Gloves","HowToJump","GuppysHead","Matryoshka","Snack Pack","construct:ClawGrip","GuppysCollar","GuppysHairball","hubris:TinFlute","TuHaoJin","Orichalcum","Dota2Spire:OrchidMalevolence","Blood Vial","TheBible","Ancient Tea Set","Toy Ornithopter","DoctorsRemote","Iron Hammer","YumHeart","Question Card","Replay:Ringing Soul","conspire:RunicOctahedron","ReplayTheSpireMod:Ninjato","Nunchaku","BloodDonationBag","Dota2Spire:EchoSabre","Garlic","Bag of Preparation","Pet Ghost","SatanicBible","Dota2Spire:EtherealBlade","EdensBlessing","HornCleat","conspire:InfiniteJournal","REME_HandOfSuture","Shuriken","Unceasing Top","Onion Ring"],"acts_visited":["Exordium","TheCity","TheBeyond"],"potions_floor_usage":[51,51],"damage_taken":[{"damage":0.0,"enemies":"2 Louse","floor":1.0,"turns":1.0},{"damage":0.0,"enemies":"Jaw Worm","floor":3.0,"turns":1.0},{"damage":11.0,"enemies":"Cultist","floor":4.0,"turns":3.0},{"damage":2.0,"enemies":"Exordium Thugs","floor":5.0,"turns":2.0},{"damage":16.0,"enemies":"3 Sentries","floor":7.0,"turns":2.0},{"damage":3.0,"enemies":"Gremlin Nob","floor":8.0,"turns":1.0},{"damage":3.0,"enemies":"3 Sentries","floor":10.0,"turns":2.0},{"damage":3.0,"enemies":"Looter","floor":11.0,"turns":1.0},{"damage":3.0,"enemies":"Replay:BlueRogue","floor":12.0,"turns":2.0},{"damage":3.0,"enemies":"Gremlin Nob","floor":13.0,"turns":1.0},{"damage":0.0,"enemies":"Lagavulin","floor":14.0,"turns":1.0},{"damage":0.0,"enemies":"Hexaghost","floor":16.0,"turns":1.0},{"damage":0.0,"enemies":"3 Byrds","floor":18.0,"turns":1.0},{"damage":0.0,"enemies":"conspire:FuzzyDice","floor":19.0,"turns":1.0},{"damage":0.0,"enemies":"conspire:HollyBat","floor":21.0,"turns":3.0},{"damage":3.0,"enemies":"Sentry and Sphere","floor":22.0,"turns":1.0},{"damage":3.0,"enemies":"Slavers","floor":23.0,"turns":1.0},{"damage":0.0,"enemies":"REME_1_Revenger","floor":24.0,"turns":1.0},{"damage":0.0,"enemies":"Slavers","floor":25.0,"turns":1.0},{"damage":0.0,"enemies":"Book of Stabbing","floor":27.0,"turns":2.0},{"damage":0.0,"enemies":"Gremlin Leader","floor":29.0,"turns":1.0},{"damage":3.0,"enemies":"conspire:Head Lice","floor":30.0,"turns":1.0},{"damage":3,"enemies":"Cultist and Chosen","floor":31,"turns":2},{"damage":3,"enemies":"Champ","floor":33,"turns":1},{"damage":3,"enemies":"3 Shapes","floor":35,"turns":1},{"damage":3,"enemies":"Orb Walker","floor":36,"turns":1},{"damage":3,"enemies":"Writhing Mass","floor":37,"turns":1},{"damage":3,"enemies":"Transient","floor":38,"turns":1},{"damage":3,"enemies":"4 Shapes","floor":39,"turns":1},{"damage":3,"enemies":"Nemesis","floor":40,"turns":1},{"damage":3,"enemies":"R_Hoarder","floor":42,"turns":1},{"damage":3,"enemies":"Giant Head","floor":44,"turns":1},{"damage":3,"enemies":"R_Hoarder","floor":45,"turns":1},{"damage":3,"enemies":"Reptomancer","floor":47,"turns":1},{"damage":3,"enemies":"R_Hoarder","floor":48,"turns":1},{"damage":0,"enemies":"Awakened One","floor":50,"turns":2},{"damage":0,"enemies":"Donu and Deca","floor":51,"turns":1}],"seed_played":"4988913590185598727","potions_obtained":[{"floor":3.0,"key":"Fire Potion"},{"floor":5.0,"key":"Elixir"},{"floor":7.0,"key":"EntropicBrew"},{"floor":12.0,"key":"AttackPotion"},{"floor":13.0,"key":"LiquidBronze"}],"is_trial":true,"path_per_floor":["M","$","M","M","M","R","E","E","T","E","M","E","E","E","R","B",null,"M","M","?","M","M","E","E","E","T","E","$","E","E","M","R","B",null,"M","M","M","M","M","E","$","E","T","E","E","$","E","E","R","B","B",null],"character_chosen":"WATCHER","items_purchased":["GuppysCollar","GuppysHairball","Iron Hammer","Study","Swift Strike","Wallop","Infernal Blade","SatanicBible","Dota2Spire:EtherealBlade","Metallicize+1","Unceasing Top"],"campfire_rested":0,"item_purchase_floors":[17,17,28,28,28,34,34,41,41,41,46],"current_hp_per_floor":[61,61,61,52,52,52,39,39,39,39,39,39,39,42,42,47,67,72,77,77,68,70,72,77,84,84,89,89,100,102,93,93,99,106,109,112,59,92,96,100,103,114,114,122,139,139,143,146,146,150,154],"gold":130,"neow_bonus":"","is_daily":false,"chose_seed":false,"campfire_upgraded":4,"win_rate":0.0,"timestamp":1612715459,"path_taken":["M","$","M","M","M","R","E","E","T","E","M","E","E","E","R","BOSS","M","M","?","M","M","E","E","E","T","E","$","E","E","M","R","BOSS","M","?","M","M","M","E","$","E","T","E","E","$","E","?","R","BOSS","BOSS"],"items_purchased_type":["Relic","Relic","Relic","Card","Card","Card","Card","Relic","Relic","Card","Relic"],"build_version":"2020-12-18","purchased_purges":2,"victory":true,"max_hp_per_floor":[68,68,68,70,72,72,75,78,78,81,84,87,90,93,93,96,73,76,79,79,82,85,88,91,94,94,97,97,100,103,106,106,109,107,110,113,116,119,122,125,128,134,134,137,140,140,143,146,146,150,154],"card_choices":[{"not_picked":["Reaper"],"picked":"SKIP","floor":40},{"not_picked":[],"picked":"LessonLearned","floor":42},{"not_picked":["Juggernaut"],"picked":"SKIP","floor":44},{"not_picked":["Scrawl"],"picked":"SKIP","floor":45},{"not_picked":["Hemogenesis"],"picked":"SKIP","floor":47},{"not_picked":["conspire:HitWhereItHurts"],"picked":"SKIP","floor":48}],"player_experience":652330,"relics_obtained":[{"floor":1.0,"key":"Dota2Spire:BattleFury"},{"floor":3.0,"key":"hubris:TenFootPole"},{"floor":4.0,"key":"Bottled Lightning"},{"floor":5.0,"key":"CaptainsWheel"},{"floor":7.0,"key":"hubris:SphereOfDissonance"},{"floor":8.0,"key":"Torii"},{"floor":9.0,"key":"BelialBook"},{"floor":10.0,"key":"Replay:Purple Gloves"},{"floor":11.0,"key":"HowToJump"},{"floor":12.0,"key":"GuppysHead"},{"floor":13.0,"key":"Matryoshka"},{"floor":14.0,"key":"Snack Pack"},{"floor":18.0,"key":"hubris:TinFlute"},{"floor":19.0,"key":"TuHaoJin"},{"floor":21.0,"key":"BloodDonationMachine"},{"floor":22.0,"key":"Orichalcum"},{"floor":23.0,"key":"Dota2Spire:OrchidMalevolence"},{"floor":24.0,"key":"Blood Vial"},{"floor":25.0,"key":"TheBible"},{"floor":26.0,"key":"Ancient Tea Set"},{"floor":26.0,"key":"Toy Ornithopter"},{"floor":27.0,"key":"DoctorsRemote"},{"floor":29.0,"key":"YumHeart"},{"floor":30,"key":"Question Card"},{"floor":31,"key":"Replay:Ringing Soul"},{"floor":35,"key":"ReplayTheSpireMod:Ninjato"},{"floor":36,"key":"Nunchaku"},{"floor":37,"key":"Dota2Spire:EchoSabre"},{"floor":38,"key":"Garlic"},{"floor":39,"key":"Bag of Preparation"},{"floor":40,"key":"Pet Ghost"},{"floor":42,"key":"EdensBlessing"},{"floor":43,"key":"HornCleat"},{"floor":43,"key":"conspire:InfiniteJournal"},{"floor":44,"key":"REME_HandOfSuture"},{"floor":45,"key":"Shuriken"},{"floor":48,"key":"Onion Ring"}],"event_choices":[{"damage_healed":0.0,"max_hp_gain":0.0,"max_hp_loss":0.0,"gold_gain":0.0,"event_name":"Lab","player_choice":"Got Potions","floor":20.0,"gold_loss":0.0,"damage_taken":0.0}],"is_beta":true,"boss_relics":[{"not_picked":["hubris:HollowSoul","ChewingGum"],"picked":"construct:ClawGrip"},{"not_picked":[]},{"not_picked":["Replay:Wanted Poster","Sozu"],"picked":"conspire:RunicOctahedron"},{"not_picked":[]}],"items_purged_floors":[2,28],"is_endless":false,"potions_floor_spawned":[3,5,7,12,13,14,18,21,24,30,31,36,38,40,42,44],"ascension_level":20}}