{"host":"jewdtr7eremy7cl3","time":1612701709,"event":{"mods":["ATMod(阿瑾Mod)","Act Like it!","Arknights","BaseMod","Dota2Spire","Gensokyo","Lobotomy","LobotomyExtend","Minty Spire (QoL Compilation)","Remilia（蕾米莉亚）","Spicy Shops","StSLib","The Alterego","The Forsaken","The Servant 0.9.4","TheWitcher","WarShipGirlsR/战舰少女R mod","Yakumo Yukari mod","残留之物"],"gold_per_floor":[113,113,113,113,113,142,160,160,160],"floor_reached":8,"language":"ZHS","playtime":941,"items_purged":[],"score":56,"play_id":"2d723ab3-3b9e-4198-a4f1-88a399620a20","local_time":"20210207204149","is_ascension_mode":true,"campfire_choices":[],"circlet_count":0,"master_deck":["Strike_S","Strike_S","Strike_S","Strike_S","Defend_S","Defend_S","Defend_S","KidneyShot","Exchange","Snipe","Pain","WasteNot","InstantArmor","LongBird","InstantArmor","OSAHOGD","StarChef"],"relics":["Uniform","AT_ATBox","CogitoBucket","LetterFromLob","Gensokyo:LunaticRedEyes","Dota2Spire:ShivaGuard"],"acts_visited":["Gensokyo:Gensokyo"],"potions_floor_usage":[8],"damage_taken":[{"damage":0,"enemies":"Gensokyo:3_Fairies","floor":1,"turns":4},{"damage":39,"enemies":"Gensokyo:Aya","floor":6,"turns":7},{"damage":2,"enemies":"Gensokyo:Python","floor":7,"turns":3},{"damage":24,"enemies":"Gensokyo:Cirno","floor":8,"turns":6}],"seed_played":"-7435642828412095681","potions_obtained":[{"floor":1,"key":"SpeedPotion"},{"floor":6,"key":"SkillPotion"}],"is_trial":false,"path_per_floor":["M","?","?","?","?","E","M","E"],"character_chosen":"THE_SERVANT","items_purchased":[],"campfire_rested":0,"item_purchase_floors":[],"current_hp_per_floor":[65,65,65,65,65,26,24,0,0],"gold":160,"neow_bonus":"","is_daily":false,"chose_seed":false,"campfire_upgraded":0,"win_rate":0.0,"timestamp":1612701709,"path_taken":["M","?","?","?","?","E","M","E"],"items_purchased_type":[],"build_version":"2020-12-22","purchased_purges":0,"victory":false,"max_hp_per_floor":[65,65,65,65,65,65,65,65,65],"card_choices":[{"not_picked":["HeroicMonk","VoidDream","BeautyBeast"],"picked":"Singing Bowl","floor":1},{"not_picked":["Rearm","DualDimension"],"picked":"Snipe","floor":1},{"not_picked":["Snipe","Alleviate"],"picked":"WasteNot","floor":5},{"not_picked":["TimeWarp","Shuttle"],"picked":"InstantArmor","floor":5},{"not_picked":["SpiderBud","Wellcheers"],"picked":"LongBird","floor":6},{"not_picked":["TimeWarp","Shuttle"],"picked":"InstantArmor","floor":6},{"not_picked":["CherryBlossoms","WallGazer"],"picked":"OSAHOGD","floor":7},{"not_picked":["DualDimension","Gouge"],"picked":"StarChef","floor":7}],"player_experience":156272,"relics_obtained":[{"floor":1,"key":"LetterFromLob"},{"floor":6,"key":"Dota2Spire:ShivaGuard"}],"event_choices":[],"is_beta":false,"boss_relics":[],"items_purged_floors":[],"is_endless":false,"potions_floor_spawned":[1,6],"killed_by":"Gensokyo:Cirno","ascension_level":1}}