{"host":"wghdsg8ym2wc7ov9","time":1612659704,"event":{"mods":["A Penny For Your Troubles","AchievementEnabler","Astrologer","BaseMod","Beaked The Cultist","Better Altar","Better Note","ChefMod","Colored Map","Evolution","Fox Events","Hermit","Highlight Path","Jorbs\u0027s Wanderer Trilogy","KinomotoSakuraMod(????)","Minty Spire (QoL Compilation)","Random Character Button","Relic Stats","SIMod","Shop Mod","StSLib","The Blackbeard","The Bladedancer","The Construct","The Cursed","The Death Knight","The Gatherer","The Hierophant","The Marked","The Mystic","The Necromancer","The Runesmith","The Senshi","The Servant 0.9.4"],"gold_per_floor":[114,129,144,159,334,364,379,409,459,459,459,459,474,489,489,589,589,604,619,212,212,242,272,272,22,22,52,67,67,67],"floor_reached":29,"language":"ENG","playtime":7163,"items_purged":[],"score":295,"play_id":"0b09d5e9-11ef-4103-a7cd-e32657a2739b","local_time":"20210206170144","daily_mods":["Draft","Colorless Cards","DeadlyEvents"],"is_ascension_mode":false,"campfire_choices":[{"floor":10,"key":"REST"},{"floor":12,"key":"REST"},{"floor":15,"key":"REST"},{"floor":24,"key":"REST"}],"circlet_count":0,"master_deck":["DeathKnight:Rot","DeathKnight:DeathCoil","DeathKnight:BloodStrike","DeathKnight:BloodPact","DeathKnight:Pestilence","DeathKnight:HartStrike","DeathKnight:IceboundArmor+1","DeathKnight:FrosPresence","DeathKnight:MindFreeze","DeathKnight:DreadStrike","DeathKnight:FrosPresence","DeathKnight:Hemostasis","DeathKnight:MindFreeze","DeathKnight:UnholyFrenzy+1","DeathKnight:Hysteria","DeathKnight:DeathGrip","DeathKnight:Hysteria","DeathKnight:ShatteringStrikes","DeathKnight:Ossuary","DeathKnight:DancingRuneblade","DeathKnight:BoneShield","DeathKnight:DreadStrike","DeathKnight:IcyTouch","DeathKnight:DeathStrike+1","Sadistic Nature","DeathKnight:HowlingBlast","DeathKnight:DeathCoil","DeathKnight:PlagueStrike+1","DeathKnight:DreadStrike","Thinking Ahead","DeathKnight:DeathStrike","Mind Blast","DeathKnight:DeathAndDecay"],"relics":["DeathKnight:BrokenRuneblade","EVO:Axolotl","Bottled Lightning","Runesmith:AutoHammer","Ancient Tea Set","Black Star","War Paint","DeathKnight:SoulFragment","Whetstone","StrikeDummy","Runesmith:Locket","Centennial Puzzle","Toxic Egg 2","Bag of Marbles","Blood Vial","construct:FoamFinger"],"acts_visited":["Exordium","TheCity"],"potions_floor_usage":[4,14,16,16,16,22,23],"damage_taken":[{"damage":6,"enemies":"Small Slimes","floor":1,"turns":3},{"damage":0,"enemies":"2 Louse","floor":2,"turns":3},{"damage":2,"enemies":"Cultist","floor":3,"turns":3},{"damage":2,"enemies":"Red Slaver","floor":4,"turns":2},{"damage":20,"enemies":"Gremlin Nob","floor":6,"turns":4},{"damage":6,"enemies":"Looter","floor":7,"turns":4},{"damage":25,"enemies":"Lagavulin","floor":8,"turns":7},{"damage":14,"enemies":"3 Louse","floor":13,"turns":4},{"damage":15,"enemies":"Exordium Wildlife","floor":14,"turns":5},{"damage":4,"enemies":"The Guardian","floor":16,"turns":11},{"damage":29,"enemies":"Spheric Guardian","floor":18,"turns":5},{"damage":6,"enemies":"Chosen","floor":19,"turns":5},{"damage":20,"enemies":"Book of Stabbing","floor":22,"turns":6},{"damage":43,"enemies":"Slavers","floor":23,"turns":5},{"damage":25,"enemies":"Gremlin Leader","floor":27,"turns":5},{"damage":11,"enemies":"Shelled Parasite and Fungi","floor":28,"turns":2},{"damage":12,"enemies":"Slavers","floor":29,"turns":1}],"seed_played":"5285009320175426936","potions_obtained":[{"floor":2,"key":"Explosive Potion"},{"floor":3,"key":"Block Potion"},{"floor":6,"key":"Ancient Potion"},{"floor":8,"key":"DeathKnight:RimePotion"},{"floor":14,"key":"Fire Potion"},{"floor":19,"key":"Regen Potion"},{"floor":23,"key":"Fruit Juice"}],"is_trial":false,"path_per_floor":["M","M","M","M","?","E","M","E","T","R","?","R","M","M","R","B",null,"M","M","$","?","E","E","R","$","T","E","M","E"],"character_chosen":"DEATH_KNIGHT","items_purchased":["War Paint","DeathKnight:PlagueStrike","DeathKnight:DreadStrike","DeathKnight:SoulFragment","Toxic Egg 2"],"campfire_rested":4,"item_purchase_floors":[20,20,20,20,25],"current_hp_per_floor":[69,69,67,65,65,45,39,14,14,36,36,58,44,29,51,47,75,53,54,54,54,56,18,42,42,42,17,8,0,0],"gold":67,"neow_bonus":"","is_daily":true,"chose_seed":false,"campfire_upgraded":0,"win_rate":0.0,"timestamp":1612659704,"path_taken":["M","M","M","M","?","E","M","E","T","R","?","R","M","?","R","BOSS","M","M","$","?","?","E","R","?","T","E","?","?"],"items_purchased_type":["Relic","Card","Card","Relic","Relic"],"build_version":"2020-12-22","purchased_purges":0,"victory":false,"max_hp_per_floor":[75,75,75,75,75,75,75,75,75,75,75,75,75,75,75,75,75,75,75,75,75,75,80,80,80,80,80,80,80,80],"relic_stats":{"Blood Vial":4,"Centennial Puzzle":[6],"counters":[17,75],"Black Star":3,"Whetstone":["DeathKnight:PlagueStrike","DeathKnight:DeathStrike"],"War Paint":["DeathKnight:IceboundArmor","DeathKnight:UnholyFrenzy"],"obtain_stats":[{"construct:FoamFinger":27,"Runesmith:Locket":23,"EVO:Axolotl":0,"Whetstone":22,"War Paint":20,"Ancient Tea Set":9,"DeathKnight:SoulFragment":20,"Blood Vial":27,"Centennial Puzzle":23,"Black Star":17,"Bag of Marbles":26,"Bottled Lightning":6,"Runesmith:AutoHammer":8,"Toxic Egg 2":25,"StrikeDummy":22,"DeathKnight:BrokenRuneblade":0},{"construct:FoamFinger":15,"Runesmith:Locket":14,"EVO:Axolotl":0,"Whetstone":13,"War Paint":12,"Ancient Tea Set":7,"DeathKnight:SoulFragment":12,"Blood Vial":15,"Centennial Puzzle":14,"Black Star":10,"Bag of Marbles":14,"Bottled Lightning":5,"Runesmith:AutoHammer":7,"Toxic Egg 2":14,"StrikeDummy":13,"DeathKnight:BrokenRuneblade":0},{"construct:FoamFinger":72,"Runesmith:Locket":67,"EVO:Axolotl":0,"Whetstone":62,"War Paint":56,"Ancient Tea Set":26,"DeathKnight:SoulFragment":56,"Blood Vial":72,"Centennial Puzzle":67,"Black Star":46,"Bag of Marbles":67,"Bottled Lightning":15,"Runesmith:AutoHammer":26,"Toxic Egg 2":67,"StrikeDummy":62,"DeathKnight:BrokenRuneblade":0}]},"card_choices":[{"not_picked":["DeathKnight:DreadStrike","DeathKnight:Runeguard"],"picked":"DeathKnight:Rot","floor":0},{"not_picked":["DeathKnight:RunicCorruption","DeathKnight:RuneShock"],"picked":"DeathKnight:DeathCoil","floor":0},{"not_picked":["Dramatic Entrance","Good Instincts"],"picked":"DeathKnight:BloodStrike","floor":0},{"not_picked":["DeathKnight:IcyTouch","DeathKnight:ShatteringStrikes"],"picked":"DeathKnight:BloodPact","floor":0},{"not_picked":["DeathKnight:DeathAndDecay","DeathKnight:Hemostasis"],"picked":"DeathKnight:Pestilence","floor":0},{"not_picked":["Deep Breath","DeathKnight:BloodTap"],"picked":"DeathKnight:BoneSpear","floor":0},{"not_picked":["Jack Of All Trades","DeathKnight:BloodEchoes"],"picked":"DeathKnight:HartStrike","floor":0},{"not_picked":["DeathKnight:DreadStrike","DeathKnight:Ossuary"],"picked":"DeathKnight:IceboundArmor","floor":0},{"not_picked":["Bandage Up","DeathKnight:MindFreeze"],"picked":"DeathKnight:FrosPresence","floor":0},{"not_picked":["DeathKnight:UnholyAssault","DeathKnight:DeathCoil"],"picked":"DeathKnight:MindFreeze","floor":0},{"not_picked":["DeathKnight:HartStrike","DeathKnight:FrosPresence"],"picked":"DeathKnight:DreadStrike","floor":0},{"not_picked":["Madness","Trip"],"picked":"DeathKnight:FrosPresence","floor":0},{"not_picked":["DeathKnight:HornOfWinter","DeathKnight:MindFreeze"],"picked":"DeathKnight:Hemostasis","floor":0},{"not_picked":["DeathKnight:UnholyPresence","DeathKnight:Rot"],"picked":"DeathKnight:MindFreeze","floor":0},{"not_picked":["DeathKnight:FrosPresence","DeathKnight:MindFreeze"],"picked":"DeathKnight:UnholyFrenzy","floor":0},{"not_picked":["DeathKnight:ShatteringStrikes","Enlightenment"],"picked":"DeathKnight:Hysteria","floor":1},{"not_picked":["DeathKnight:Parry","DeathKnight:DeathsAdvance"],"picked":"DeathKnight:DeathGrip","floor":2},{"not_picked":["Master of Strategy","DeathKnight:BloodTap"],"picked":"DeathKnight:Hysteria","floor":3},{"not_picked":["DeathKnight:Ossuary","DeathKnight:VampiricBlood"],"picked":"DeathKnight:ShatteringStrikes","floor":4},{"not_picked":["Madness","DeathKnight:UnholyAssault"],"picked":"DeathKnight:Ossuary","floor":6},{"not_picked":["DeathKnight:HornOfWinter","Panacea"],"picked":"DeathKnight:DancingRuneblade","floor":7},{"not_picked":["DeathKnight:Ossuary","DeathKnight:BoneSpear"],"picked":"DeathKnight:BoneShield","floor":8},{"not_picked":["DeathKnight:DarkSuccor","DeathKnight:DreadStrike"],"picked":"DeathKnight:IcyTouch","floor":13},{"not_picked":["Panacea","DeathKnight:DreadStrike"],"picked":"DeathKnight:DeathStrike","floor":14},{"not_picked":["Panache","HandOfGreed"],"picked":"Sadistic Nature","floor":16},{"not_picked":["DeathKnight:DarkSuccor","DeathKnight:Parry"],"picked":"DeathKnight:HowlingBlast","floor":18},{"not_picked":["Dramatic Entrance","DeathKnight:DreadStrike"],"picked":"DeathKnight:DeathCoil","floor":19},{"not_picked":["DeathKnight:UnholyAssault","DeathKnight:RaiseAlly"],"picked":"Thinking Ahead","floor":22},{"not_picked":["DeathKnight:BloodPact+1","Flash of Steel"],"picked":"DeathKnight:DeathStrike","floor":23},{"not_picked":["DeathKnight:IceboundArmor+1","Secret Weapon+1"],"picked":"Mind Blast","floor":27},{"not_picked":["DeathKnight:ShatteringStrikes","Flash of Steel"],"picked":"DeathKnight:DeathAndDecay","floor":28}],"player_experience":893568,"relics_obtained":[{"floor":6,"key":"Bottled Lightning"},{"floor":8,"key":"Runesmith:AutoHammer"},{"floor":9,"key":"Ancient Tea Set"},{"floor":22,"key":"Whetstone"},{"floor":22,"key":"StrikeDummy"},{"floor":23,"key":"Runesmith:Locket"},{"floor":23,"key":"Centennial Puzzle"},{"floor":26,"key":"Bag of Marbles"},{"floor":27,"key":"Blood Vial"},{"floor":27,"key":"construct:FoamFinger"}],"event_choices":[{"damage_healed":0,"gold_gain":175,"player_choice":"AGREE","damage_taken":0,"max_hp_gain":0,"max_hp_loss":0,"event_name":"Liars Game","floor":5,"gold_loss":0,"cards_obtained":["Doubt"]},{"damage_healed":0,"gold_gain":0,"cards_transformed":["DeathKnight:BoneSpear"],"player_choice":"Change","damage_taken":0,"max_hp_gain":0,"max_hp_loss":0,"event_name":"Living Wall","floor":11,"gold_loss":0,"cards_obtained":["DeathKnight:DreadStrike"]},{"cards_removed":["Doubt"],"damage_healed":0,"gold_gain":0,"player_choice":"Removed Curses","damage_taken":0,"max_hp_gain":0,"max_hp_loss":0,"event_name":"Fountain of Cleansing","floor":21,"gold_loss":0}],"is_beta":false,"boss_relics":[{"not_picked":["SlaversCollar","theSenshi:MoonKaleidoScopeRelic"],"picked":"Black Star"}],"items_purged_floors":[],"is_endless":false,"potions_floor_spawned":[2,3,6,8,14,19,23],"killed_by":"Slavers","ascension_level":0}}