{"host":"m8o7tt929h4qck9e","time":1612704978,"event":{"mods":["Act Like it!","Aspiration","BaseMod","Better Third Choice","BetterRewards","Card Forge","Colored Powertips","Conspire","Defuse TimeMaze Blight","Friendly Minions","Gensokyo","Halation","Hubris","Infinite Spire","Jedi Mod","KomeijiMod","Minty Spire (QoL Compilation)","Replay The Spire","Shop Mod","Spicy Shops","StSLib","The Jungle","Transform Curses","??????REMEMod"],"gold_per_floor":[133,59,92,92,131,131,191,191,214,214,255,320,112,148,148,244,244,228,228,245,245,245,245,245,245,292,327,307,307,335,400,400,529,529,529,529],"floor_reached":35,"language":"ENG","playtime":57372,"items_purged":["Strike_Komeiji","Strike_Komeiji"],"score":425,"play_id":"e1a2cba1-a335-4968-a467-03a066c0aeb5","local_time":"20210207083618","is_ascension_mode":false,"campfire_choices":[{"data":"HandOfGreed","floor":6.0,"key":"SMITH"},{"data":"SemiAutomaton","floor":8.0,"key":"SMITH"},{"data":"Dash_Komeiji","floor":10.0,"key":"SMITH"},{"data":"Defend_Komeiji","floor":15,"key":"PURGE"},{"data":"GasuOrimono","floor":23,"key":"SMITH"},{"data":"VampireKiss","floor":25,"key":"SMITH"},{"data":"Master of Strategy","floor":29,"key":"SMITH"},{"data":"Defend_Komeiji","floor":32,"key":"SMITH"}],"circlet_count":0,"master_deck":["Strike_Komeiji+1","Strike_Komeiji+1","Defend_Komeiji","Defend_Komeiji","Defend_Komeiji+1","Dash_Komeiji+1","HandOfGreed+1","SuitokuNoKyoryu+1","Master of Strategy+1","VampireKiss+1","SemiAutomaton+1","NingyouFukuhei+1","NingyouSP+1","GasuOrimono+1","SeekerWire+1","SeekerWire+1","HelanNingyou"],"relics":["KomeijisEye","SpellCardsRule","MusicBox","Hammer of Thor","Seething Fire","Anvil of the Gods","REME_ComplimentaryCards","KyoryuNoHagoromo","Bronze Scales","hubris:OldNail","CrystalOfMemory","Whetstone","infinitespire:Satchel","SacredBark","halation:AfternoonTea","halation:EternalFortune","aspiration:ChemicalBlood","infinitespire:PuzzleCube","halation:Prosthetics"],"acts_visited":["Exordium","TheCity","TheBeyond"],"potions_floor_usage":[31],"damage_taken":[{"damage":0.0,"enemies":"Jaw Worm","floor":1.0,"turns":7.0},{"damage":0.0,"enemies":"2 Louse","floor":3.0,"turns":3.0},{"damage":0.0,"enemies":"Small Slimes","floor":5.0,"turns":4.0},{"damage":11.0,"enemies":"Gremlin Nob","floor":7.0,"turns":9.0},{"damage":2.0,"enemies":"Blue Slaver","floor":11.0,"turns":6.0},{"damage":1.0,"enemies":"Large Slime","floor":12.0,"turns":7.0},{"damage":0.0,"enemies":"Red Slaver","floor":14.0,"turns":4.0},{"damage":0,"enemies":"Slime Boss","floor":16,"turns":6},{"damage":17,"enemies":"2 Thieves","floor":18,"turns":4},{"damage":10,"enemies":"Chosen","floor":20,"turns":6},{"damage":0,"enemies":"conspire:HollyBat","floor":27,"turns":7},{"damage":1,"enemies":"Replay:Snechameleon","floor":30,"turns":7},{"damage":7,"enemies":"Shelled Parasite and Fungi","floor":31,"turns":6},{"damage":1,"enemies":"Collector","floor":33,"turns":11},{"damage":0,"enemies":"3 Shapes","floor":35,"turns":1}],"seed_played":"-4969880271191402083","potions_obtained":[{"floor":1.0,"key":"Elixir"},{"floor":3.0,"key":"Regen Potion"},{"floor":5.0,"key":"Dexterity Potion"},{"floor":27,"key":"Block Potion"},{"floor":28,"key":"conspire:TimeTravelPotion"},{"floor":33,"key":"Flashbang"}],"is_trial":false,"path_per_floor":["M","$","M","?","M","R","E","R","T","R","M","M","$","M","R","B",null,"M","$","M","?","?","R","?","R","T","M","?","R","E","M","R","B",null,"M"],"character_chosen":"KomeijiSatori","items_purchased":["KyoryuNoHagoromo","HandOfGreed","SuitokuNoKyoryu+1","Bronze Scales","hubris:OldNail","infinitespire:Satchel","GasuOrimono"],"campfire_rested":0,"item_purchase_floors":[0,0,0,0,2,13,13],"current_hp_per_floor":[27,27,27,27,42,42,39,39,39,39,44,49,49,49,49,50,50,39,39,32,32,32,32,35,35,35,44,44,44,52,45,45,54,21,21,21],"gold":529,"neow_bonus":"","is_daily":false,"chose_seed":false,"campfire_upgraded":7,"win_rate":0.0,"timestamp":1612704978,"path_taken":["M","$","M","?","M","R","E","R","T","R","M","M","$","M","R","BOSS","M","$","M","?","?","R","?","R","T","?","?","R","E","M","R","BOSS","M"],"items_purchased_type":["Relic","Card","Card","Relic","Relic","Relic","Card"],"build_version":"2020-12-22","purchased_purges":2,"victory":false,"max_hp_per_floor":[50,50,50,50,50,50,50,50,50,50,50,50,50,50,50,50,50,50,50,50,50,50,50,53,53,53,53,53,53,56,56,56,56,21,21,21],"card_choices":[{"not_picked":["ShyakuBuku","NingyouSP+1"],"picked":"VampireKiss","floor":1.0},{"not_picked":["ShyakuBuku","DochyakuKami+1","SenyouGoraku+1"],"picked":"SKIP","floor":3.0},{"not_picked":["NarrowSpark","Melting","EnMu+1"],"picked":"SKIP","floor":5.0},{"not_picked":["KoKei+1","HagoromoMizu"],"picked":"SemiAutomaton","floor":7.0},{"not_picked":["SeekerDolls","NingyouKisou+1","DemonsDinnerFork"],"picked":"NingyouFukuhei+1","floor":11.0},{"not_picked":["KeiseiJin+1","NarrowSpark","KimairaNoYoku"],"picked":"NingyouSP+1","floor":12.0},{"not_picked":["Melting","NingyouKisou+1","GroundStardust+1","MajikuruSanhai+1"],"picked":"SKIP","floor":14.0},{"not_picked":["NingyouFukuhei+1","NingyouMusou+1","HagoromoKu"],"picked":"SeekerWire+1","floor":18},{"not_picked":["HagoromoMizu","NingyouKisou+1","Mishyaguji+1","Agarareta+1"],"picked":"SKIP","floor":20},{"not_picked":["JyouchiJin+1","SeekerDolls","NingyouShinki+1"],"picked":"SeekerWire+1","floor":27},{"not_picked":["InscribeRedSoul+1","NingyouFukuhei+1","LunaticRedEyes","HisouNoKen"],"picked":"SKIP","floor":30},{"not_picked":["NingyouShinki+1","HenyouMirume","LittleLegion","DochyakuKami+1"],"picked":"SKIP","floor":31},{"not_picked":["ShanghaiNingyou","TerribleSouvenir","IceTornado"],"picked":"HelanNingyou","floor":33}],"player_experience":29783,"relics_obtained":[{"floor":7.0,"key":"CrystalOfMemory"},{"floor":9.0,"key":"Whetstone"},{"floor":22,"key":"halation:AfternoonTea"},{"floor":26,"key":"aspiration:ChemicalBlood"},{"floor":30,"key":"halation:EternalFortune"},{"floor":30,"key":"infinitespire:PuzzleCube"}],"event_choices":[{"damage_healed":0,"gold_gain":0,"player_choice":"Ignored","damage_taken":0,"max_hp_gain":0,"max_hp_loss":0,"event_name":"Ghosts","floor":21,"gold_loss":0},{"damage_healed":0,"gold_gain":0,"player_choice":"Bought 1 Potion","damage_taken":0,"max_hp_gain":0,"max_hp_loss":0,"event_name":"The Woman in Blue","floor":28,"gold_loss":0}],"is_beta":false,"boss_relics":[{"not_picked":["halation:PlatinumPhoenix","halation:Risk"],"picked":"SacredBark"},{"not_picked":["aspiration:FutureDiary","jedi:paperlyon"],"picked":"halation:Prosthetics"}],"items_purged_floors":[0,0],"is_endless":false,"potions_floor_spawned":[1,3,5,27,33],"killed_by":"3 Shapes","ascension_level":0}}