{"host":"2ehbln4r1tfoeq56","time":1612658336,"event":{"mods":["Aspiration","BaseMod","Better Altar","Better Match","Better Note","Better Sensory Stone","Better Skull","Better Third Choice","Friendly Minions","GifTheSpireLib","Minty Spire (QoL Compilation)","Reliquary","Replay The Spire","StSLib"],"gold_per_floor":[109,125,200,264,229,264,283,303,328,328,340,367,367,63,63,160,160,170,170,370,388,408,435,435,40,40,74,74,104,104,114,114,217,217,232,232,83,133,149,149,80,80,80,29,29,29,43,54,54,54],"floor_reached":51,"language":"ENG","playtime":5596,"items_purged":["Strike_G"],"score":762,"play_id":"2cc3b26d-b8cb-4a88-8135-a0171289c7e1","local_time":"20210206183856","is_ascension_mode":true,"campfire_choices":[{"floor":10,"key":"REST"},{"data":"Distraction","floor":13,"key":"SMITH"},{"data":"Infinite Blades","floor":15,"key":"SMITH"},{"data":"Burst","floor":24,"key":"SMITH"},{"floor":30,"key":"REST"},{"data":"Draining Mist","floor":32,"key":"SMITH"},{"data":"Hidden Blade","floor":40,"key":"SMITH"},{"data":"Leg Sweep","floor":42,"key":"SMITH"},{"data":"Backflip","floor":45,"key":"SMITH"},{"floor":49,"key":"REST"}],"circlet_count":0,"master_deck":["Strike_G+1","Strike_G","Defend_G","Defend_G","Defend_G","Defend_G","Survivor","Neutralize","Dodge and Roll","Leg Sweep+1","Footwork","Distraction+1","Dagger Spray+1","Footwork","Infinite Blades+1","Hidden Blade+1","Burst+1","ReplayTheSpireMod:Shiv Toss+1","Corpse Explosion+1","Finisher+1","Draining Mist+1","Backflip+1","Well Laid Plans+1","Accuracy+1","PiercingWail","Die Die Die","Distraction+1","Replay:Poison Smokescreen+1","Caltrops+1","Deadly Poison","Madness","Madness"],"relics":["Ring of the Snake","aspiration:FetidBarrel","aspiration:StickyExplosives_weak","Bag of Marbles","Regal Pillow","Lee\u0027s Waffle","Astrolabe","Ring of Fury","ReplayTheSpireMod:Ring of Challenge","Juzu Bracelet","aspiration:Lifesprig","reliquary:PrincelyHelmet","Frozen Egg 2","Bronze Scales","reliquary:WeakTea","Whetstone","reliquary:KinkedSpring","Oddly Smooth Stone","Lizard Tail","Iron Hammer"],"acts_visited":["Exordium","TheCity","TheBeyond"],"potions_floor_usage":[6,6,11,16,27,27,50,50,50],"damage_taken":[{"damage":6,"enemies":"Cultist","floor":1,"turns":4},{"damage":3,"enemies":"2 Louse","floor":2,"turns":4},{"damage":40,"enemies":"Gremlin Nob","floor":6,"turns":5},{"damage":0,"enemies":"Jaw Worm","floor":7,"turns":4},{"damage":0,"enemies":"Exordium Wildlife","floor":8,"turns":5},{"damage":3,"enemies":"Looter","floor":11,"turns":3},{"damage":6,"enemies":"Fading Forest","floor":16,"turns":11},{"damage":0,"enemies":"Spheric Guardian","floor":18,"turns":7},{"damage":18,"enemies":"3 Byrds","floor":21,"turns":4},{"damage":14,"enemies":"Snake Plant","floor":22,"turns":3},{"damage":6,"enemies":"Replay:Snechameleon","floor":23,"turns":4},{"damage":18,"enemies":"Book of Stabbing","floor":27,"turns":4},{"damage":16,"enemies":"Gremlin Leader","floor":29,"turns":7},{"damage":5,"enemies":"Centurion and Healer","floor":31,"turns":7},{"damage":6,"enemies":"Champ","floor":33,"turns":13},{"damage":2,"enemies":"Orb Walker","floor":35,"turns":4},{"damage":0,"enemies":"Mind Bloom Boss Battle","floor":38,"turns":6},{"damage":1,"enemies":"3 Darklings","floor":39,"turns":4},{"damage":32,"enemies":"Spire Growth","floor":47,"turns":6},{"damage":12,"enemies":"4 Shapes","floor":48,"turns":3},{"damage":32,"enemies":"Awakened One","floor":50,"turns":13}],"seed_played":"-4638212492025344143","potions_obtained":[{"floor":1,"key":"Poison Potion"},{"floor":4,"key":"CultistPotion"},{"floor":6,"key":"Adrenaline Potion"},{"floor":7,"key":"Fire Potion"},{"floor":18,"key":"DuplicationPotion"},{"floor":22,"key":"Elixir"},{"floor":23,"key":"FearPotion"},{"floor":33,"key":"Milkshake"},{"floor":38,"key":"Weak Potion"},{"floor":39,"key":"LifebloodPotion"}],"is_trial":false,"path_per_floor":["M","M","?","?","?","E","M","M","T","R","M","T","R","$","R","B",null,"M","?","?","M","M","E","R","$","T","E","?","E","R","M","R","B",null,"M","?","$","?","M","R","$","R","T","$","R","?","M","M","R","B",null],"character_chosen":"THE_SILENT","items_purchased":["Lee\u0027s Waffle","Infinite Blades","Hidden Blade","aspiration:Lifesprig","reliquary:PrincelyHelmet","Oddly Smooth Stone","Caltrops+1","Deadly Poison"],"campfire_rested":3,"item_purchase_floors":[14,14,14,25,25,37,41,44],"current_hp_per_floor":[71,68,57,27,46,6,6,6,6,29,26,26,26,84,84,84,84,84,84,84,66,52,46,46,46,46,28,28,12,52,47,47,41,84,82,82,82,82,81,81,81,81,81,81,81,70,38,26,66,34],"gold":54,"neow_bonus":"TEN_PERCENT_HP_BONUS","is_daily":false,"chose_seed":false,"campfire_upgraded":7,"win_rate":0.0,"timestamp":1612658336,"path_taken":["M","M","?","?","?","E","M","?","T","R","M","?","R","$","R","BOSS","M","?","?","M","M","E","R","$","T","E","?","E","R","M","R","BOSS","M","?","?","?","M","R","$","R","T","?","R","?","M","M","R","BOSS"],"items_purchased_type":["Relic","Card","Card","Relic","Relic","Relic","Card","Card"],"build_version":"2020-12-22","purchased_purges":1,"victory":true,"max_hp_per_floor":[77,77,77,77,77,77,77,77,77,77,77,77,77,84,84,84,84,84,84,84,84,84,84,84,84,84,84,84,84,84,84,84,84,84,84,84,84,84,84,84,84,84,84,84,84,84,84,84,84,84],"card_choices":[{"not_picked":["ReplayTheSpireMod:The Works","Prepared"],"picked":"Dodge and Roll","floor":1},{"not_picked":["Slice","Dagger Throw"],"picked":"Leg Sweep","floor":2},{"not_picked":["Acrobatics","Hidden Blade"],"picked":"Footwork","floor":4},{"not_picked":["Bane","Deflect"],"picked":"Distraction","floor":6},{"not_picked":["Reflex","Quick Slash"],"picked":"Dagger Spray","floor":7},{"not_picked":["Catalyst","Hidden Blade"],"picked":"Footwork","floor":8},{"not_picked":["Prepared","Underhanded Strike","Sucker Punch"],"picked":"SKIP","floor":11},{"not_picked":["Wraith Form v2","Doppelganger"],"picked":"Burst","floor":16},{"not_picked":["Backstab","Outmaneuver+1","Prepared"],"picked":"SKIP","floor":18},{"not_picked":["ReplayTheSpireMod:Shiv Toss","Slice"],"picked":"Draining Mist","floor":21},{"not_picked":["Underhanded Strike","Endless Agony"],"picked":"Backflip","floor":22},{"not_picked":["Deflect","Sucker Punch","Bane"],"picked":"SKIP","floor":23},{"not_picked":["Deadly Poison","Quick Slash+1"],"picked":"Well Laid Plans+1","floor":27},{"not_picked":["Quick Slash","Prepared"],"picked":"Accuracy+1","floor":29},{"not_picked":["Wraith Form v2+1","Distraction"],"picked":"PiercingWail","floor":31},{"not_picked":["ReplayTheSpireMod:From All Sides","Adrenaline"],"picked":"Die Die Die","floor":33},{"not_picked":["Flying Knee+1","ReplayTheSpireMod:Tripwire+1"],"picked":"Distraction+1","floor":35},{"not_picked":["Sucker Punch","Acrobatics"],"picked":"Replay:Poison Smokescreen+1","floor":39},{"not_picked":["Dagger Throw","Backflip","Endless Agony"],"picked":"SKIP","floor":47},{"not_picked":["ReplayTheSpireMod:The Works","Distraction","PiercingWail"],"picked":"SKIP","floor":48}],"player_experience":86585,"relics_obtained":[{"floor":4,"key":"aspiration:FetidBarrel"},{"floor":6,"key":"aspiration:StickyExplosives_weak"},{"floor":9,"key":"Bag of Marbles"},{"floor":12,"key":"Regal Pillow"},{"floor":19,"key":"Ring of Fury"},{"floor":19,"key":"ReplayTheSpireMod:Ring of Challenge"},{"floor":23,"key":"Juzu Bracelet"},{"floor":26,"key":"Frozen Egg 2"},{"floor":27,"key":"Bronze Scales"},{"floor":29,"key":"Whetstone"},{"floor":38,"key":"Lizard Tail"},{"floor":43,"key":"Iron Hammer"}],"event_choices":[{"damage_healed":0,"gold_gain":75,"player_choice":"Gold","damage_taken":11,"max_hp_gain":0,"max_hp_loss":0,"event_name":"betterThird:BetterGoop","floor":3,"gold_loss":0},{"damage_healed":19,"gold_gain":0,"player_choice":"Healed","damage_taken":0,"max_hp_gain":0,"max_hp_loss":0,"event_name":"The Cleric","floor":5,"gold_loss":35},{"damage_healed":0,"gold_gain":200,"player_choice":"Gold","damage_taken":0,"max_hp_gain":0,"max_hp_loss":0,"event_name":"Wheel of Change","floor":20,"gold_loss":0},{"damage_healed":0,"gold_gain":0,"player_choice":"Stole Relic","damage_taken":0,"relics_obtained":["reliquary:WeakTea"],"max_hp_gain":0,"max_hp_loss":0,"event_name":"Addict","floor":28,"gold_loss":0,"cards_obtained":["Shame"]},{"cards_removed":["Shame","Spreading Infection"],"damage_healed":0,"gold_gain":0,"player_choice":"Removed Curses","damage_taken":0,"max_hp_gain":0,"max_hp_loss":0,"event_name":"Fountain of Cleansing","floor":36,"gold_loss":0},{"damage_healed":0,"gold_gain":0,"player_choice":"Fight","damage_taken":0,"max_hp_gain":0,"max_hp_loss":0,"event_name":"MindBloom","floor":38,"gold_loss":0},{"damage_healed":0,"gold_gain":0,"player_choice":"Embrace Madness","damage_taken":11,"max_hp_gain":0,"max_hp_loss":0,"event_name":"Winding Halls","floor":46,"gold_loss":0,"cards_obtained":["Madness","Madness"]}],"is_beta":false,"boss_relics":[{"not_picked":["SacredBark","Kintsugi"],"picked":"Astrolabe"},{"not_picked":["Black Star","Replay:Drink Me"],"picked":"reliquary:KinkedSpring"}],"items_purged_floors":[14],"is_endless":false,"potions_floor_spawned":[1,6,7,18,22,23,33,38,39,48],"ascension_level":1}}