{"host":"fxrgx7wt2cpkbhka","time":1612675624,"event":{"mods":["AchievementEnabler","BaseMod","Colored Powertips","Dark Map","Minty Spire (QoL Compilation)","Permanent Neow","Quick Restart","Slay-I","StSLib","Waifu the Spire"],"gold_per_floor":[113,113,87,97,19,48,67,84,84,84,84,96,115,129,129,226,226,226,226],"floor_reached":18,"language":"ENG","playtime":401,"items_purged":[],"score":284,"play_id":"6a876673-f4f4-4396-bb24-76676b8913ba","local_time":"20210206212704","is_ascension_mode":true,"campfire_choices":[{"data":"Dagger Spray","floor":10,"key":"SMITH"},{"data":"Deadly Poison","floor":15,"key":"SMITH"}],"circlet_count":0,"master_deck":["AscendersBane","Strike_G","Strike_G","Strike_G","Strike_G+1","Strike_G","Defend_G","Defend_G","Defend_G","Defend_G","Defend_G","Survivor","Neutralize+1","Dagger Spray+1","Masterful Stab","Poisoned Stab+1","Deadly Poison+1","Sucker Punch","Unload"],"relics":["Ring of the Snake","NeowsBlessing","White Beast Statue","Sozu"],"acts_visited":["Exordium","TheCity"],"potions_floor_usage":[16,16],"damage_taken":[{"damage":0,"enemies":"Jaw Worm","floor":1,"turns":1},{"damage":0,"enemies":"Small Slimes","floor":4,"turns":1},{"damage":0,"enemies":"3 Sentries","floor":6,"turns":1},{"damage":1,"enemies":"2 Louse","floor":7,"turns":3},{"damage":0,"enemies":"2 Fungi Beasts","floor":8,"turns":3},{"damage":0,"enemies":"Red Slaver","floor":12,"turns":3},{"damage":0,"enemies":"Large Slime","floor":13,"turns":4},{"damage":12,"enemies":"Lots of Slimes","floor":14,"turns":2},{"damage":21,"enemies":"Hexaghost","floor":16,"turns":11},{"damage":0,"enemies":"Chosen","floor":18,"turns":4}],"seed_played":"-2342108451077228607","potions_obtained":[{"floor":1,"key":"ColorlessPotion"},{"floor":6,"key":"Strength Potion"},{"floor":7,"key":"EssenceOfSteel"},{"floor":16,"key":"Weak Potion"}],"is_trial":false,"path_per_floor":["M","?","$","M","$","E","M","M","T","R","?","M","M","M","R","B",null,"M"],"character_chosen":"THE_SILENT","items_purchased":["Dagger Spray","Masterful Stab"],"campfire_rested":0,"item_purchase_floors":[3,5],"current_hp_per_floor":[63,63,63,63,63,63,62,62,62,62,48,48,48,36,36,15,56,56,56],"gold":226,"neow_bonus":"THREE_ENEMY_KILL","is_daily":false,"chose_seed":false,"campfire_upgraded":2,"win_rate":0.0,"timestamp":1612675624,"path_taken":["M","?","$","M","$","E","M","M","T","R","?","M","M","M","R","BOSS","M"],"items_purchased_type":["Card","Card"],"build_version":"2020-12-22","purchased_purges":0,"victory":false,"max_hp_per_floor":[70,70,70,70,70,70,70,70,70,70,70,70,70,70,70,70,70,70,70],"card_choices":[{"not_picked":["Dash","Endless Agony","Choke"],"picked":"SKIP","floor":1},{"not_picked":["Quick Slash","Acrobatics","Deflect"],"picked":"SKIP","floor":4},{"not_picked":["Masterful Stab","Catalyst"],"picked":"Poisoned Stab","floor":6},{"not_picked":["Well Laid Plans","Bane"],"picked":"Deadly Poison","floor":7},{"not_picked":["Cloak And Dagger","Skewer","Terror"],"picked":"SKIP","floor":8},{"not_picked":["Flying Knee","PiercingWail","Heel Hook"],"picked":"SKIP","floor":12},{"not_picked":["Flying Knee","PiercingWail","Heel Hook"],"picked":"SKIP","floor":12},{"not_picked":["Dash","Malaise"],"picked":"Sucker Punch","floor":13},{"not_picked":["Terror","Escape Plan","Slice"],"picked":"SKIP","floor":14},{"not_picked":["Phantasmal Killer","Glass Knife"],"picked":"Unload","floor":16}],"player_experience":748791,"relics_obtained":[{"floor":6,"key":"White Beast Statue"}],"event_choices":[{"damage_healed":0,"gold_gain":0,"player_choice":"Grow","damage_taken":0,"max_hp_gain":0,"max_hp_loss":0,"event_name":"Living Wall","floor":2,"gold_loss":0,"cards_upgraded":["Neutralize"]},{"damage_healed":0,"gold_gain":0,"player_choice":"Entered Light","damage_taken":14,"max_hp_gain":0,"max_hp_loss":0,"event_name":"Shining Light","floor":11,"gold_loss":0,"cards_upgraded":["Poisoned Stab","Strike_G"]}],"is_beta":false,"boss_relics":[{"not_picked":["Ectoplasm","Black Star"],"picked":"Sozu"}],"items_purged_floors":[],"is_endless":false,"potions_floor_spawned":[1,6,7,8,12,13,14,16],"killed_by":"Chosen","ascension_level":10}}