{"host":"0kk91h4bq4kgfj0u","time":1612660891,"event":{"mods":["BaseMod","Block Reminder","Colored Map","Highlight Path","Minty Spire (QoL Compilation)","Shade Mod","StSLib","The Bug Knight"],"gold_per_floor":[115,115,132,151,151,181,197,197,197,197,197,228,7,18,18,18,18],"floor_reached":16,"language":"ENG","playtime":535,"items_purged":[],"score":143,"play_id":"5e94f3fa-141d-413e-8e57-cb059d0457f4","local_time":"20210206202131","is_ascension_mode":true,"campfire_choices":[{"floor":8,"key":"REST"},{"floor":10,"key":"REST"},{"floor":11,"key":"REST"},{"floor":15,"key":"REST"}],"circlet_count":0,"master_deck":["Strike_G","Strike_G","Strike_G","Strike_G+1","Strike_G","Defend_G","Defend_G","Defend_G","Defend_G","Defend_G","Survivor+1","Neutralize","Poisoned Stab","Slice","Bane","Escape Plan+1","Underhanded Strike","Leg Sweep","Caltrops","Reflex","Dagger Spray"],"relics":["Ring of the Snake","WingedGreaves","Dead Branch","Turnip","Lantern"],"acts_visited":["Exordium"],"potions_floor_usage":[16,16],"damage_taken":[{"damage":0,"enemies":"Cultist","floor":1,"turns":4},{"damage":2,"enemies":"2 Louse","floor":3,"turns":2},{"damage":0,"enemies":"Jaw Worm","floor":4,"turns":3},{"damage":32,"enemies":"Gremlin Nob","floor":6,"turns":4},{"damage":6,"enemies":"Looter","floor":7,"turns":3},{"damage":34,"enemies":"Lagavulin","floor":12,"turns":7},{"damage":5,"enemies":"2 Fungi Beasts","floor":14,"turns":3},{"damage":76,"enemies":"Slime Boss","floor":16,"turns":11}],"seed_played":"6626881378051636238","potions_obtained":[{"floor":1,"key":"FairyPotion"},{"floor":4,"key":"BlessingOfTheForge"},{"floor":7,"key":"GhostInAJar"}],"is_trial":false,"path_per_floor":["M","?","M","M","?","E","M","R","T","R","R","E","$","M","R","B"],"character_chosen":"THE_SILENT","items_purchased":["Lantern","Reflex"],"campfire_rested":4,"item_purchase_floors":[13,13],"current_hp_per_floor":[63,49,47,47,47,15,9,30,30,51,70,36,36,31,52,0,0],"gold":18,"neow_bonus":"THREE_CARDS","is_daily":false,"chose_seed":false,"campfire_upgraded":0,"win_rate":0.0,"timestamp":1612660891,"path_taken":["M","?","M","M","?","E","M","R","T","R","R","E","$","?","R","BOSS"],"items_purchased_type":["Relic","Card"],"build_version":"2020-12-22","purchased_purges":0,"victory":false,"max_hp_per_floor":[70,70,70,70,70,70,70,70,70,70,70,70,70,70,70,70,70],"card_choices":[{"not_picked":["Backflip","PiercingWail"],"picked":"Poisoned Stab","floor":0},{"not_picked":["Expertise","Concentrate"],"picked":"Slice","floor":1},{"not_picked":["Expertise","PiercingWail"],"picked":"Bane","floor":3},{"not_picked":["Setup","Flechettes"],"picked":"Escape Plan","floor":4},{"not_picked":["Phantasmal Killer","Reflex"],"picked":"Underhanded Strike","floor":6},{"not_picked":["Tactician","Heel Hook"],"picked":"Leg Sweep","floor":7},{"not_picked":["Dodge and Roll","Deadly Poison"],"picked":"Caltrops","floor":12},{"not_picked":["Acrobatics","Sucker Punch"],"picked":"Dagger Spray","floor":14}],"player_experience":855423,"relics_obtained":[{"floor":6,"key":"WingedGreaves"},{"floor":9,"key":"Dead Branch"},{"floor":12,"key":"Turnip"}],"event_choices":[{"damage_healed":0,"gold_gain":0,"player_choice":"Entered Light","damage_taken":14,"max_hp_gain":0,"max_hp_loss":0,"event_name":"Shining Light","floor":2,"gold_loss":0,"cards_upgraded":["Strike_G","Survivor"]},{"damage_healed":0,"gold_gain":0,"player_choice":"Grow","damage_taken":0,"max_hp_gain":0,"max_hp_loss":0,"event_name":"Living Wall","floor":5,"gold_loss":0,"cards_upgraded":["Escape Plan"]}],"is_beta":false,"boss_relics":[],"items_purged_floors":[],"is_endless":false,"potions_floor_spawned":[1,4,7,12,14],"killed_by":"Slime Boss","ascension_level":6}}