{"host":"imy0w7zcgpxryx7c","time":1612672463,"event":{"mods":["AchievementEnabler","BaseMod","Colored Map","Colored Powertips","Minty Spire (QoL Compilation)","Relic Sorter","StSLib"],"gold_per_floor":[118,118,118,43,63,63,95,114,114,14,70,70,89,108,108,211,211,223,223,44,60,60,88,88,99,147,247,273,188,208,221,221,326,326,343,343,109,129,147,175,9,28,100,100,127,127,145,176,176,176],"floor_reached":51,"language":"ENG","playtime":5100,"items_purged":["Defend_P","Eruption","Writhe"],"score":960,"play_id":"898ae176-9be5-431d-b063-9c336e150848","local_time":"20210206233423","is_ascension_mode":true,"campfire_choices":[{"data":"Brilliance","floor":6,"key":"SMITH"},{"data":"CrushJoints","floor":15,"key":"SMITH"},{"data":"Scrawl","floor":24,"key":"SMITH"},{"floor":32,"key":"REST"},{"floor":44,"key":"REST"},{"data":"Worship","floor":46,"key":"SMITH"},{"data":"Scrawl","floor":49,"key":"SMITH"}],"circlet_count":0,"master_deck":["Defend_P","Defend_P","Vigilance","Brilliance+1","EmptyMind","EmptyMind","Study+1","CrushJoints+1","Scrawl+1","Study+1","SashWhip+1","Swivel+1","Pray+1","Evaluate","FollowUp+1","Worship+1","Prostrate+1","Establishment+1","FearNoEvil+1","Dark Shackles","Scrawl+1","Blind","MentalFortress+1","CarveReality"],"relics":["PureWater","InkBottle","Happy Flower","Pen Nib","NeowsBlessing","Frozen Egg 2","Juzu Bracelet","Astrolabe","Pantograph","Bottled Lightning","Strawberry","Centennial Puzzle","Lantern","Black Star","Bag of Preparation","HornCleat","Regal Pillow","Gremlin Horn","Blood Vial","Molten Egg 2","Toy Ornithopter"],"acts_visited":["Exordium","TheCity","TheBeyond"],"potions_floor_usage":[11,14,16,21,23,40,42,50],"damage_taken":[{"damage":0,"enemies":"2 Louse","floor":1,"turns":1},{"damage":0,"enemies":"Small Slimes","floor":5,"turns":1},{"damage":0,"enemies":"Gremlin Nob","floor":7,"turns":1},{"damage":0,"enemies":"Jaw Worm","floor":8,"turns":3},{"damage":8,"enemies":"Gremlin Nob","floor":11,"turns":3},{"damage":2,"enemies":"Gremlin Gang","floor":13,"turns":4},{"damage":5,"enemies":"Large Slime","floor":14,"turns":3},{"damage":16,"enemies":"Hexaghost","floor":16,"turns":9},{"damage":15,"enemies":"Chosen","floor":18,"turns":5},{"damage":17,"enemies":"3 Byrds","floor":21,"turns":5},{"damage":17,"enemies":"Book of Stabbing","floor":23,"turns":7},{"damage":5,"enemies":"Centurion and Healer","floor":25,"turns":4},{"damage":19,"enemies":"Gremlin Leader","floor":28,"turns":6},{"damage":0,"enemies":"Cultist and Chosen","floor":30,"turns":5},{"damage":0,"enemies":"Snecko","floor":31,"turns":4},{"damage":8,"enemies":"Collector","floor":33,"turns":5},{"damage":0,"enemies":"3 Shapes","floor":35,"turns":4},{"damage":7,"enemies":"Orb Walker","floor":38,"turns":2},{"damage":25,"enemies":"Transient","floor":39,"turns":5},{"damage":34,"enemies":"Nemesis","floor":40,"turns":7},{"damage":0,"enemies":"Jaw Worm Horde","floor":42,"turns":4},{"damage":0,"enemies":"Giant Head","floor":45,"turns":3},{"damage":3,"enemies":"Writhing Mass","floor":47,"turns":4},{"damage":2,"enemies":"Nemesis","floor":48,"turns":3},{"damage":18,"enemies":"Donu and Deca","floor":50,"turns":4}],"seed_played":"4296453813965816264","potions_obtained":[{"floor":7,"key":"Weak Potion"},{"floor":8,"key":"SteroidPotion"},{"floor":13,"key":"Swift Potion"},{"floor":16,"key":"ColorlessPotion"},{"floor":18,"key":"Weak Potion"},{"floor":28,"key":"SmokeBomb"},{"floor":30,"key":"Ancient Potion"},{"floor":39,"key":"EssenceOfSteel"},{"floor":40,"key":"GamblersBrew"},{"floor":42,"key":"SteroidPotion"}],"is_trial":false,"path_per_floor":["M","?","?","$","M","R","E","M","T","$","?","?","M","M","R","B",null,"M","?","$","M","?","E","R","M","T","?","E","?","M","M","R","B",null,"M","?","$","M","M","E","$","M","T","R","E","R","M","E","R","B",null],"character_chosen":"WATCHER","items_purchased":["Evaluate","Dark Shackles","Bag of Preparation","Blind","MentalFortress+1"],"campfire_rested":2,"item_purchase_floors":[20,37,37,41,41],"current_hp_per_floor":[72,65,65,65,65,65,65,65,65,65,57,39,37,32,32,16,72,57,57,57,40,40,23,23,18,25,25,6,6,6,6,29,46,79,79,79,79,72,47,13,13,13,13,51,51,51,50,50,50,61],"gold":176,"neow_bonus":"THREE_ENEMY_KILL","is_daily":false,"chose_seed":false,"campfire_upgraded":5,"win_rate":0.0,"timestamp":1612672463,"path_taken":["M","?","?","?","M","R","E","?","T","$","?","?","M","M","R","BOSS","M","?","$","M","?","E","R","M","T","?","E","?","M","M","R","BOSS","M","?","$","M","M","E","$","M","T","R","E","R","M","E","R","BOSS"],"items_purchased_type":["Card","Card","Relic","Card","Card"],"build_version":"2020-12-22","purchased_purges":3,"victory":true,"max_hp_per_floor":[72,72,72,72,72,72,72,72,72,72,72,72,72,72,72,72,72,72,72,72,72,72,72,72,72,79,79,79,79,79,79,79,79,79,79,79,79,79,79,79,79,79,79,79,79,79,79,79,79,79],"card_choices":[{"not_picked":["EmptyBody","Crescendo","FlyingSleeves"],"picked":"SKIP","floor":1},{"not_picked":["CutThroughFate","PathToVictory"],"picked":"Brilliance","floor":5},{"not_picked":["LikeWater","FlyingSleeves"],"picked":"EmptyMind","floor":7},{"not_picked":["JustLucky","WreathOfFlame"],"picked":"EmptyMind","floor":8},{"not_picked":["FollowUp","Collect"],"picked":"Study+1","floor":11},{"not_picked":["BowlingBash","FollowUp"],"picked":"CrushJoints","floor":13},{"not_picked":["Crescendo","PathToVictory","FlurryOfBlows"],"picked":"SKIP","floor":14},{"not_picked":["Wish","DevaForm+1"],"picked":"Scrawl","floor":16},{"not_picked":["Protect+1","FollowUp"],"picked":"Pray","floor":18},{"not_picked":["BowlingBash","WheelKick+1","Halt"],"picked":"SKIP","floor":21},{"not_picked":["FlurryOfBlows","ClearTheMind"],"picked":"FollowUp+1","floor":23},{"not_picked":["ClearTheMind","WreathOfFlame","Nirvana+1"],"picked":"SKIP","floor":25},{"not_picked":["CutThroughFate+1","Meditate","Collect"],"picked":"SKIP","floor":28},{"not_picked":["CrushJoints","Protect"],"picked":"Worship","floor":30},{"not_picked":["BowlingBash+1","FlurryOfBlows"],"picked":"Prostrate+1","floor":31},{"not_picked":["DevaForm+1","ConjureBlade"],"picked":"Establishment+1","floor":33},{"not_picked":["BowlingBash","EmptyFist+1"],"picked":"FearNoEvil+1","floor":35},{"not_picked":["PathToVictory","Collect","Crescendo"],"picked":"SKIP","floor":38},{"not_picked":["TalkToTheHand+1","FlurryOfBlows","Vengeance"],"picked":"SKIP","floor":39},{"not_picked":["JustLucky+1","FlyingSleeves+1"],"picked":"Scrawl","floor":40},{"not_picked":["Study+1","ReachHeaven","PathToVictory"],"picked":"SKIP","floor":42},{"not_picked":["ClearTheMind+1","ThirdEye+1"],"picked":"CarveReality","floor":45},{"not_picked":["CutThroughFate","EmptyBody","FlurryOfBlows"],"picked":"SKIP","floor":47},{"not_picked":["CutThroughFate+1","Wish","Wireheading+1"],"picked":"SKIP","floor":48}],"player_experience":370349,"relics_obtained":[{"floor":7,"key":"InkBottle"},{"floor":9,"key":"Frozen Egg 2"},{"floor":23,"key":"Bottled Lightning"},{"floor":26,"key":"Strawberry"},{"floor":28,"key":"Centennial Puzzle"},{"floor":40,"key":"HornCleat"},{"floor":40,"key":"Regal Pillow"},{"floor":43,"key":"Gremlin Horn"},{"floor":45,"key":"Pen Nib"},{"floor":45,"key":"Blood Vial"},{"floor":48,"key":"Molten Egg 2"},{"floor":48,"key":"Toy Ornithopter"}],"event_choices":[{"cards_removed":["Defend_P"],"damage_healed":0,"gold_gain":0,"player_choice":"Card Removal","damage_taken":7,"max_hp_gain":0,"max_hp_loss":0,"event_name":"Golden Wing","floor":2,"gold_loss":0},{"cards_removed":["Strike_P"],"damage_healed":0,"gold_gain":0,"player_choice":"Forget","damage_taken":0,"max_hp_gain":0,"max_hp_loss":0,"event_name":"Living Wall","floor":3,"gold_loss":0},{"damage_healed":0,"gold_gain":0,"player_choice":"Searched \u00273\u0027 times","damage_taken":0,"relics_obtained":["Juzu Bracelet"],"max_hp_gain":0,"max_hp_loss":0,"event_name":"Dead Adventurer","floor":11,"gold_loss":0},{"damage_healed":0,"gold_gain":0,"player_choice":"Success","damage_taken":18,"relics_obtained":["Happy Flower"],"max_hp_gain":0,"max_hp_loss":0,"event_name":"Scrap Ooze","floor":12,"gold_loss":0},{"damage_healed":0,"gold_gain":0,"player_choice":"Opened","damage_taken":0,"relics_obtained":["Pantograph"],"max_hp_gain":0,"max_hp_loss":0,"event_name":"The Mausoleum","floor":19,"gold_loss":0,"cards_obtained":["Writhe"]},{"damage_healed":0,"gold_gain":0,"player_choice":"Forge","damage_taken":0,"max_hp_gain":0,"max_hp_loss":0,"event_name":"Accursed Blacksmith","floor":22,"gold_loss":0,"cards_upgraded":["Pray"]},{"damage_healed":0,"gold_gain":100,"player_choice":"Pray","damage_taken":0,"max_hp_gain":0,"max_hp_loss":0,"event_name":"Golden Shrine","floor":27,"gold_loss":0},{"damage_healed":0,"gold_gain":0,"player_choice":"Obtained Relic","damage_taken":0,"relics_obtained":["Lantern"],"max_hp_gain":0,"max_hp_loss":0,"event_name":"Addict","floor":29,"gold_loss":85},{"damage_healed":0,"gold_gain":0,"player_choice":"Ignored","damage_taken":0,"max_hp_gain":0,"max_hp_loss":0,"event_name":"Mysterious Sphere","floor":36,"gold_loss":0}],"is_beta":false,"boss_relics":[{"not_picked":["Snecko Eye","Fusion Hammer"],"picked":"Astrolabe"},{"not_picked":["Calling Bell","Velvet Choker"],"picked":"Black Star"}],"items_purged_floors":[4,10,20],"is_endless":false,"potions_floor_spawned":[7,8,13,16,18,28,30,39,40,42,47],"ascension_level":4}}