{"host":"c6xy0a74zz7y4nf6","time":1612680436,"event":{"mods":["BaseMod","Colored Map","Hermit","Minty Spire (QoL Compilation)","Replay The Spire","Robot Space Explorer","StSLib","The Cursed","The Death Knight","The Exalted","The Servant 0.9.4","The Wild Card"],"gold_per_floor":[112,62,62,78,92,167,201,201,248,266,278,278,42,42,42,146,146,166,106,124,224,234,245,9,27,77,94,104,104,131,143,143,243,243,254,267,120,0,13,47,47,47,70,70,84,114,14,45,45,45],"floor_reached":51,"language":"ENG","playtime":3219,"items_purged":["Spreading Infection","Writhe"],"score":1284,"play_id":"c92cf2a7-cd25-44ae-a0c5-b11728294581","local_time":"20210207004716","is_ascension_mode":false,"campfire_choices":[{"data":"DeathKnight:Contagion","floor":8,"key":"SMITH"},{"data":"DeathKnight:RuneTap","floor":12,"key":"SMITH"},{"data":"DeathKnight:PathOfFrost","floor":15,"key":"SMITH"},{"floor":32,"key":"REST"},{"floor":41,"key":"REST"},{"floor":44,"key":"RECALL"},{"data":"DeathKnight:FrosPresence","floor":49,"key":"SMITH"}],"circlet_count":0,"master_deck":["DeathKnight:Strike_DeathKnight","DeathKnight:Strike_DeathKnight","DeathKnight:Strike_DeathKnight","DeathKnight:Strike_DeathKnight","DeathKnight:Defend_DeathKnight","DeathKnight:Defend_DeathKnight","DeathKnight:Defend_DeathKnight+1","DeathKnight:Defend_DeathKnight","DeathKnight:Defend_DeathKnight","DeathKnight:RuneTap+1","DeathKnight:RuneStrike","Bandage Up","DeathKnight:IceboundArmor","DeathKnight:HowlingBlast","DeathKnight:FrostStrike","DeathKnight:Contagion+1","DeathKnight:DeathRune+1","DeathKnight:PathOfFrost+1","DeathKnight:RaiseAlly+1","DeathKnight:MutagenicPlague+1","Finesse","DeathKnight:HornOfWinter","DeathKnight:BladedArmor+1","DeathKnight:Simulacrum","DeathKnight:DancingRuneblade","DeathKnight:FrosPresence+1","DeathKnight:MindFreeze+1","DeathKnight:Runesurge"],"relics":["DeathKnight:BrokenRuneblade","Bag of Marbles","Anchor","ReplayTheSpireMod:CursedCoin","Bag of Preparation","Strawberry","Sozu","ReplayFunnel","Pen Nib","DeathKnight:TomeOfBloodSpecialization","ChewingGum","Chemical X","Red Mask","InkBottle","Bronze Scales","DeathKnight:PreciousRibbon","Ancient Tea Set"],"acts_visited":["Exordium","TheCity","TheBeyond"],"potions_floor_usage":[7,11,16],"damage_taken":[{"damage":2,"enemies":"2 Louse","floor":1,"turns":3},{"damage":1,"enemies":"Jaw Worm","floor":4,"turns":7},{"damage":10,"enemies":"Small Slimes","floor":5,"turns":4},{"damage":7,"enemies":"Lagavulin","floor":7,"turns":10},{"damage":0,"enemies":"2 Fungi Beasts","floor":10,"turns":2},{"damage":7,"enemies":"Exordium Thugs","floor":11,"turns":4},{"damage":0,"enemies":"The Guardian","floor":16,"turns":10},{"damage":7,"enemies":"2 Thieves","floor":18,"turns":4},{"damage":0,"enemies":"Spheric Guardian","floor":20,"turns":6},{"damage":19,"enemies":"Chosen and Byrds","floor":22,"turns":6},{"damage":0,"enemies":"Centurion and Healer","floor":23,"turns":7},{"damage":13,"enemies":"Sentry and Sphere","floor":25,"turns":5},{"damage":7,"enemies":"Chosen and Byrds","floor":27,"turns":5},{"damage":8,"enemies":"Cultist and Chosen","floor":28,"turns":6},{"damage":32,"enemies":"Slavers","floor":30,"turns":7},{"damage":19,"enemies":"3 Cultists","floor":31,"turns":5},{"damage":3,"enemies":"Pondfish","floor":33,"turns":10},{"damage":6,"enemies":"Orb Walker","floor":35,"turns":3},{"damage":11,"enemies":"3 Darklings","floor":36,"turns":6},{"damage":25,"enemies":"Maw","floor":39,"turns":7},{"damage":25,"enemies":"Reptomancer","floor":40,"turns":5},{"damage":14,"enemies":"Jaw Worm Horde","floor":45,"turns":4},{"damage":18,"enemies":"R_Hoarder","floor":46,"turns":9},{"damage":19,"enemies":"Giant Head","floor":48,"turns":9},{"damage":16,"enemies":"Time Eater","floor":50,"turns":18}],"seed_played":"-4561394247192837495","potions_obtained":[{"floor":1,"key":"BlessingOfTheForge"},{"floor":7,"key":"ColorlessPotion"},{"floor":10,"key":"Elixir"},{"floor":11,"key":"Block Potion"}],"is_trial":false,"path_per_floor":["M","?","?","M","M","?","E","R","T","M","M","R","$","?","R","B",null,"M","?","M","?","M","M","$","M","T","M","M","?","E","M","R","B",null,"M","M","$","?","M","E","R","?","T","R","M","E","$","E","R","B",null],"character_chosen":"DEATH_KNIGHT","items_purchased":["ReplayTheSpireMod:CursedCoin","Bag of Preparation","Strawberry","ReplayFunnel","Finesse","Chemical X"],"campfire_rested":2,"item_purchase_floors":[13,13,13,24,24,37],"current_hp_per_floor":[75,75,75,74,68,57,54,54,54,58,55,55,62,62,62,66,82,79,79,82,82,63,67,67,58,58,55,51,56,28,13,37,38,82,76,69,69,69,48,27,51,72,72,72,62,48,48,33,33,21],"gold":45,"neow_bonus":"RANDOM_COLORLESS","is_daily":false,"chose_seed":false,"campfire_upgraded":4,"win_rate":0.0,"timestamp":1612680436,"path_taken":["M","?","?","M","M","?","E","R","T","M","M","R","$","?","R","BOSS","M","?","M","?","M","M","$","?","T","M","M","?","E","?","R","BOSS","M","M","$","?","M","E","R","?","T","R","M","E","?","E","R","BOSS"],"items_purchased_type":["Relic","Relic","Relic","Relic","Card","Relic"],"build_version":"2020-12-22","purchased_purges":2,"victory":true,"max_hp_per_floor":[75,75,75,75,75,75,75,75,75,75,75,75,82,82,82,82,82,82,82,82,82,82,82,82,82,82,82,82,82,82,82,82,82,82,82,82,82,82,82,82,82,82,82,82,82,82,82,82,82,82],"card_choices":[{"not_picked":["Trip","Purity"],"picked":"Bandage Up","floor":0},{"not_picked":["DeathKnight:HornOfWinter","DeathKnight:RuneShock"],"picked":"DeathKnight:IceboundArmor","floor":1},{"not_picked":["DeathKnight:UnholyAssault","DeathKnight:Rot"],"picked":"DeathKnight:HowlingBlast","floor":4},{"not_picked":["DeathKnight:Rot","DeathKnight:HornOfWinter"],"picked":"DeathKnight:FrostStrike","floor":5},{"not_picked":["DeathKnight:Rot","DeathKnight:DreadStrike"],"picked":"DeathKnight:Contagion","floor":7},{"not_picked":["DeathKnight:Contagion","DeathKnight:PillarOfFrost"],"picked":"DeathKnight:DeathRune","floor":10},{"not_picked":["DeathKnight:DeathAndDecay","DeathKnight:HartStrike"],"picked":"DeathKnight:PathOfFrost","floor":11},{"not_picked":["DeathKnight:RaiseAlly","DeathKnight:Culling","DeathKnight:DeathAndDecay"],"picked":"SKIP","floor":18},{"not_picked":["DeathKnight:PillarOfFrost","DeathKnight:DeathCoil","DeathKnight:RuneShock"],"picked":"SKIP","floor":20},{"not_picked":["DeathKnight:BloodStrike","DeathKnight:DreadStrike"],"picked":"DeathKnight:RaiseAlly+1","floor":22},{"not_picked":["DeathKnight:BloodEchoes","DeathKnight:UnholyPresence"],"picked":"DeathKnight:MutagenicPlague+1","floor":23},{"not_picked":["DeathKnight:Hysteria","DeathKnight:Culling","DeathKnight:HartStrike"],"picked":"SKIP","floor":25},{"not_picked":["DeathKnight:HartStrike+1","DeathKnight:IcyTouch","DeathKnight:BloodBoil"],"picked":"SKIP","floor":27},{"not_picked":["DeathKnight:ScourgeStrike","DeathKnight:Ossuary"],"picked":"DeathKnight:IcyTouch+1","floor":28},{"not_picked":["DeathKnight:Culling","DeathKnight:UnholyExperiment"],"picked":"DeathKnight:HornOfWinter","floor":30},{"not_picked":["DeathKnight:RunicCorruption","DeathKnight:IcyTouch"],"picked":"DeathKnight:BladedArmor+1","floor":31},{"not_picked":["DeathKnight:Outbreak","DeathKnight:RunicDetonation"],"picked":"DeathKnight:Simulacrum","floor":33},{"not_picked":["DeathKnight:BloodPact+1","DeathKnight:BloodBoil+1"],"picked":"DeathKnight:DancingRuneblade","floor":35},{"not_picked":["DeathKnight:UnholyPresence","DeathKnight:DeathRune+1","DeathKnight:RaiseAlly+1"],"picked":"SKIP","floor":36},{"not_picked":["DeathKnight:BloodStrike+1","DeathKnight:IcyTouch+1","DeathKnight:HartStrike+1"],"picked":"SKIP","floor":39},{"not_picked":["DeathKnight:Hysteria+1","DeathKnight:Razorice"],"picked":"DeathKnight:FrosPresence","floor":40},{"not_picked":["DeathKnight:BloodTap+1","DeathKnight:DeathsAdvance"],"picked":"DeathKnight:MindFreeze+1","floor":45},{"not_picked":["DeathKnight:UnholyPresence+1","DeathKnight:FoulBulwark+1"],"picked":"DeathKnight:Runesurge","floor":46},{"not_picked":["DeathKnight:BoneSpear+1","DeathKnight:RunicDetonation","DeathKnight:BloodPact+1"],"picked":"SKIP","floor":48}],"player_experience":111481,"relics_obtained":[{"floor":7,"key":"Bag of Marbles"},{"floor":9,"key":"Anchor"},{"floor":26,"key":"Pen Nib"},{"floor":30,"key":"DeathKnight:TomeOfBloodSpecialization"},{"floor":40,"key":"InkBottle"},{"floor":43,"key":"Bronze Scales"},{"floor":46,"key":"DeathKnight:PreciousRibbon"},{"floor":48,"key":"Ancient Tea Set"}],"event_choices":[{"cards_removed":["DeathKnight:Strike_DeathKnight"],"damage_healed":0,"gold_gain":0,"player_choice":"Card Removal","damage_taken":0,"max_hp_gain":0,"max_hp_loss":0,"event_name":"The Cleric","floor":2,"gold_loss":50},{"damage_healed":0,"gold_gain":75,"player_choice":"Gather Gold","damage_taken":11,"max_hp_gain":0,"max_hp_loss":0,"event_name":"World of Goop","floor":6,"gold_loss":0},{"damage_healed":0,"gold_gain":0,"player_choice":"Grow","damage_taken":0,"max_hp_gain":0,"max_hp_loss":0,"event_name":"Living Wall","floor":14,"gold_loss":0,"cards_upgraded":["DeathKnight:DeathRune"]},{"damage_healed":0,"gold_gain":100,"player_choice":"Pray","damage_taken":0,"max_hp_gain":0,"max_hp_loss":0,"event_name":"Golden Shrine","floor":21,"gold_loss":0},{"cards_removed":["DeathKnight:IcyTouch"],"damage_healed":5,"gold_gain":0,"player_choice":"Offered Common","damage_taken":0,"max_hp_gain":0,"max_hp_loss":0,"event_name":"Bonfire Elementals","floor":29,"gold_loss":0},{"cards_removed":["DeathKnight:IcyTouch"],"damage_healed":5,"gold_gain":0,"player_choice":"Offered Special","damage_taken":0,"max_hp_gain":0,"max_hp_loss":0,"event_name":"Bonfire Elementals","floor":29,"gold_loss":0},{"damage_healed":0,"gold_gain":0,"player_choice":"Paid","damage_taken":0,"relics_obtained":["Red Mask"],"max_hp_gain":0,"max_hp_loss":0,"event_name":"Tomb of Lord Red Mask","floor":38,"gold_loss":120},{"damage_healed":21,"gold_gain":0,"player_choice":"Writhe","damage_taken":0,"max_hp_gain":0,"max_hp_loss":0,"event_name":"Winding Halls","floor":42,"gold_loss":0,"cards_obtained":["Writhe"]}],"is_beta":false,"boss_relics":[{"not_picked":["Pandora\u0027s Box","Fusion Hammer"],"picked":"Sozu"},{"not_picked":["Kintsugi","Empty Cage"],"picked":"ChewingGum"}],"items_purged_floors":[13,47],"is_endless":false,"potions_floor_spawned":[1,7,10,11,20,22,25,27,33,40,45],"ascension_level":0}}