{"host":"u1ystlfkdtaqkn2r","time":1612708076,"event":{"mods":["ATMod(阿瑾Mod)","Act Like it!","Arknights","BaseMod","Colored Powertips","Downfall","Friendly Minions","Gensokyo","GifTheSpireLib","Jedi Mod","Luminous","Minty Spire (QoL Compilation)","Replay The Spire","RumiaBox-露米娅的神秘盒子","Spicy Shops","StSLib","SuperFastMode","UnlockEverythingMod","Waifu the Spire","WarShipGirlsR/战舰少女R mod","Warlord Emblem","Yakumo Yukari mod","【遗物卡牌】REMEMod"],"gold_per_floor":[111,131,131,150,21,31,65,65,65,93,166,181,181,192,219,239,239,344,344,362,372,372,385,385,385,385],"floor_reached":25,"language":"ZHS","playtime":1361,"items_purged":[],"score":225,"play_id":"c9c82b2d-78d2-4bf4-b364-aa909debab48","local_time":"20210207222756","is_ascension_mode":false,"campfire_choices":[{"data":"sneckomod:Restock","floor":13.0,"key":"SMITH"},{"floor":17.0,"key":"DIG"}],"circlet_count":0,"master_deck":["rmod:strick","rmod:defend","rmod:defend","rmod:fletcherpendant","sneckomod:Restock+1","rmod:ammunitionsupply","rmod:rockthrower","rmod:intelligenceanalysis","rmod:slowdown","rmod:highspeedmaneuver","rmod:firesupport","rmod:goodsister","Gensokyo:AllTheWorldsEvil","jedi:thedog","rmod:fletcherpendant"],"relics":["rmod:firstchargereward","AT_ATBox","REME_ComplimentaryCards","Happy Flower","jedi:matchstick","Replay:Baseball","jedi:cryingmask","ReplayTheSpireMod:Shallot","Counterbalance","Bronze Scales","AT_BellDemon","REME_PuzzleBoxRelic","Black Star","AT_SunfireAegis","REME_HandOfSuture","Kintsugi","AT_Manta"],"acts_visited":["Gensokyo:Gensokyo","Gensokyo:Gensokyoer"],"potions_floor_usage":[25],"damage_taken":[{"damage":0.0,"enemies":"Gensokyo:Gryphon","floor":1.0,"turns":3.0},{"damage":0.0,"enemies":"Gensokyo:2_Kodama","floor":2.0,"turns":3.0},{"damage":4.0,"enemies":"Gensokyo:Python","floor":4.0,"turns":3.0},{"damage":9.0,"enemies":"Gensokyo:3_Kodama","floor":6.0,"turns":6.0},{"damage":3.0,"enemies":"Gensokyo:Mamizou","floor":7.0,"turns":5.0},{"damage":14.0,"enemies":"Gensokyo:Cirno","floor":10.0,"turns":7.0},{"damage":2.0,"enemies":"Gensokyo:Python_and_Kodama","floor":12.0,"turns":4.0},{"damage":0.0,"enemies":"Gensokyo:Gryphon_and_Rabbit","floor":14.0,"turns":4.0},{"damage":9.0,"enemies":"Gensokyo:Mamizou","floor":15.0,"turns":4.0},{"damage":0.0,"enemies":"Gensokyo:VengefulSpirit","floor":16.0,"turns":4.0},{"damage":5.0,"enemies":"Gensokyo:Yukari","floor":18.0,"turns":5.0},{"damage":0.0,"enemies":"Gensokyo:Chomper","floor":20.0,"turns":3.0},{"damage":37.0,"enemies":"Gensokyo:3_Dogs","floor":21.0,"turns":4.0},{"damage":26,"enemies":"Gensokyo:Wraith","floor":23,"turns":3},{"damage":19,"enemies":"Gensokyo:Tenshi","floor":25,"turns":1}],"seed_played":"1127333682490712923","potions_obtained":[{"floor":2.0,"key":"Cursed Concoction"},{"floor":6.0,"key":"LiquidMemories"},{"floor":10.0,"key":"Fire Potion"},{"floor":16.0,"key":"Venom Potion"},{"floor":23,"key":"AttackPotion"}],"is_trial":false,"path_per_floor":["M","M","?","M","COS","M","?","PTL","PTL","E","T","M","R","M","E","M","R","B",null,"M","M","?","M","?","E"],"character_chosen":"PRAEFECT","items_purchased":[],"campfire_rested":0,"item_purchase_floors":[],"current_hp_per_floor":[75,75,75,71,71,62,59,59,59,45,45,43,43,43,34,34,34,29,75,75,38,38,12,12,0,0],"gold":385,"neow_bonus":"REMOVE_CARD","is_daily":false,"chose_seed":false,"campfire_upgraded":1,"win_rate":0.0,"timestamp":1612708076,"path_taken":["M","M","?","M","COS","M","?","PTL","PTL","E","T","M","R","M","E","M","R","BOSS","M","M","?","?","?","E"],"items_purchased_type":[],"build_version":"2020-12-22","purchased_purges":0,"victory":false,"max_hp_per_floor":[75,75,75,75,75,75,75,75,75,75,75,75,75,75,75,75,75,75,75,75,75,57,57,57,57,57],"card_choices":[{"not_picked":["rmod:tearstotiara","rmod:aviationdawn"],"picked":"rmod:fletcherpendant","floor":1.0},{"not_picked":["rmod:fuelsupply","rmod:luckystar"],"picked":"rmod:ammunitionsupply","floor":2.0},{"not_picked":["rmod:spoils","rmod:aluminumsupply"],"picked":"rmod:rockthrower","floor":4.0},{"not_picked":["rmod:sl","rmod:supportescort"],"picked":"rmod:intelligenceanalysis","floor":6.0},{"not_picked":["rmod:steelsupply","rmod:stealaluminum"],"picked":"rmod:slowdown","floor":7.0},{"not_picked":["rmod:lonelyqueen","rmod:aluminumsupply","rmod:rockthrower"],"picked":"SKIP","floor":10.0},{"not_picked":["rmod:unsinkable","rmod:steelsupply","rmod:slowdown"],"picked":"SKIP","floor":12.0},{"not_picked":["rmod:supportescort","rmod:launchingtorpedo","rmod:aluminumsupply"],"picked":"SKIP","floor":14.0},{"not_picked":["rmod:diamondstrike","rmod:victimresponsibility","rmod:supportescort"],"picked":"SKIP","floor":15.0},{"not_picked":["rmod:steelsupply","rmod:victimresponsibility","rmod:aviationdawn"],"picked":"SKIP","floor":16.0},{"not_picked":["rmod:expeditionaryescort","rmod:abidefaith"],"picked":"rmod:highspeedmaneuver","floor":18.0},{"not_picked":["rmod:wolves","rmod:gendarmerie"],"picked":"rmod:firesupport","floor":20.0},{"not_picked":["rmod:victimresponsibility","rmod:fuelsupply+1"],"picked":"rmod:goodsister","floor":21.0},{"not_picked":["rmod:ammunitionsupply+1","rmod:generalist"],"picked":"rmod:fletcherpendant","floor":23}],"player_experience":101792,"relics_obtained":[{"floor":7.0,"key":"jedi:matchstick"},{"floor":10.0,"key":"jedi:cryingmask"},{"floor":11.0,"key":"ReplayTheSpireMod:Shallot"},{"floor":15.0,"key":"Bronze Scales"},{"floor":17.0,"key":"AT_BellDemon"},{"floor":18.0,"key":"REME_PuzzleBoxRelic"},{"floor":20.0,"key":"AT_SunfireAegis"},{"floor":21.0,"key":"REME_HandOfSuture"},{"floor":23,"key":"AT_Manta"}],"event_choices":[],"is_beta":false,"boss_relics":[{"not_picked":["Ectoplasm","ReplayTheSpireMod:DimensionalGlitch"],"picked":"Black Star"}],"items_purged_floors":[],"is_endless":false,"potions_floor_spawned":[2,6,10,16,23],"killed_by":"Gensokyo:Tenshi","ascension_level":0}}