{"host":"djoj10dqzzvtkauc","time":1612706264,"event":{"mods":["2.2 Compatiblity","BaseMod","Colored Map","DeckTracker","Highlight Path","Keyboard Shortcuts","Marisa£¨Ùöéë¡¡Øª×âÞÞ£©","Minty Spire (QoL Compilation)","Permanent Neow","Quick Restart","Random Character Button","StSLib","SuperFastMode","everything is the same but u backflip on backflip"],"gold_per_floor":[15,15,40,55,5,5,24,363,436,471,471,471,215,236,236,367,367,391,22,22,40,58,58,81,122,170,205,246,246,270,305,305,433,496,514,534,558,4,4,4,17,50,75,90,115,19,38,38,38,38],"floor_reached":51,"language":"KOR","playtime":1937,"items_purged":["Defend_G","Strike_G","Strike_G","Strike_G"],"score":1041,"play_id":"f81868ce-0d94-4934-b756-225b2f558f70","local_time":"20210207225744","is_ascension_mode":true,"campfire_choices":[{"data":"Dash","floor":6,"key":"SMITH"},{"floor":11,"key":"REST"},{"data":"Prepared","floor":15,"key":"SMITH"},{"floor":23,"key":"REST"},{"data":"A Thousand Cuts","floor":29,"key":"SMITH"},{"floor":32,"key":"REST"},{"data":"Malaise","floor":40,"key":"SMITH"},{"floor":49,"key":"REST"}],"circlet_count":0,"master_deck":["Defend_G","Defend_G","Defend_G","Survivor","Neutralize","Slice","Underhanded Strike","Dash+1","Poisoned Stab","Endless Agony","Quick Slash","Endless Agony","Dash","Leg Sweep","Prepared+1","A Thousand Cuts+1","Calculated Gamble+1","Footwork","Dagger Spray","Necronomicurse","PiercingWail","Adrenaline","Reflex+1","Escape Plan+1","Finisher","Deflect+1","Crippling Poison+1","Burst+1","Finisher","Dagger Spray+1","Malaise+1","PiercingWail+1","PiercingWail","Backstab","Panache+1","Dodge and Roll+1","Noxious Fumes+1","Cloak And Dagger+1","Tactician+1","Backflip"],"relics":["Ring of the Snake","Golden Idol","Old Coin","Paper Crane","Lantern","Orichalcum","Philosopher\u0027s Stone","Tiny Chest","Necronomicon","Frozen Egg 2","Vajra","The Specimen","Red Mask","Bag of Marbles","Tiny House","War Paint","HornCleat","Smiling Mask","Tough Bandages"],"acts_visited":["Exordium","TheCity","TheBeyond"],"potions_floor_usage":[10,16,27,27,30,33,50],"damage_taken":[{"damage":1,"enemies":"Jaw Worm","floor":1,"turns":5},{"damage":0,"enemies":"Cultist","floor":3,"turns":3},{"damage":1,"enemies":"Small Slimes","floor":4,"turns":4},{"damage":0,"enemies":"Blue Slaver","floor":7,"turns":4},{"damage":14,"enemies":"Lagavulin","floor":8,"turns":8},{"damage":2,"enemies":"Gremlin Nob","floor":10,"turns":3},{"damage":0,"enemies":"Exordium Wildlife","floor":14,"turns":3},{"damage":22,"enemies":"The Guardian","floor":16,"turns":12},{"damage":0,"enemies":"Chosen","floor":18,"turns":4},{"damage":0,"enemies":"Shell Parasite","floor":21,"turns":3},{"damage":5,"enemies":"Snecko","floor":22,"turns":5},{"damage":0,"enemies":"Centurion and Healer","floor":24,"turns":3},{"damage":3,"enemies":"Gremlin Leader","floor":25,"turns":5},{"damage":4,"enemies":"Slavers","floor":27,"turns":5},{"damage":0,"enemies":"Masked Bandits","floor":28,"turns":2},{"damage":0,"enemies":"Snake Plant","floor":30,"turns":2},{"damage":9,"enemies":"Book of Stabbing","floor":31,"turns":3},{"damage":52,"enemies":"Champ","floor":33,"turns":9},{"damage":2,"enemies":"Orb Walker","floor":35,"turns":3},{"damage":9,"enemies":"3 Shapes","floor":36,"turns":2},{"damage":0,"enemies":"3 Darklings","floor":37,"turns":1},{"damage":6,"enemies":"Spire Growth","floor":41,"turns":4},{"damage":0,"enemies":"Reptomancer","floor":42,"turns":5},{"damage":3,"enemies":"Jaw Worm Horde","floor":44,"turns":5},{"damage":0,"enemies":"3 Darklings","floor":45,"turns":1},{"damage":5,"enemies":"4 Shapes","floor":47,"turns":2},{"damage":19,"enemies":"Awakened One","floor":50,"turns":17}],"seed_played":"-4071749764577828088","potions_obtained":[{"floor":3,"key":"SteroidPotion"},{"floor":8,"key":"DistilledChaos"},{"floor":10,"key":"Poison Potion"},{"floor":16,"key":"SteroidPotion"},{"floor":24,"key":"Block Potion"},{"floor":25,"key":"Energy Potion"},{"floor":27,"key":"ColorlessPotion"},{"floor":33,"key":"Dexterity Potion"},{"floor":34,"key":"GamblersBrew"},{"floor":35,"key":"FearPotion"},{"floor":47,"key":"Block Potion"}],"is_trial":false,"path_per_floor":["M","?","M","M","?","R","M","E","T","E","R","T","$","M","R","B",null,"M","$","?","M","M","R","M","E","T","E","?","R","M","E","R","B",null,"M","M","M","$","?","R","M","E","T","M","M","$","M","T","R","B",null],"character_chosen":"THE_SILENT","items_purchased":["Endless Agony","Dash","Leg Sweep","Footwork","Dagger Spray","Tiny Chest","PiercingWail","War Paint","Backstab","Panache+1","Backflip"],"campfire_rested":4,"item_purchase_floors":[13,13,13,19,19,19,38,38,38,38,46],"current_hp_per_floor":[62,45,45,44,44,44,44,30,30,28,49,49,49,49,49,27,59,59,59,43,43,38,59,59,56,56,52,52,52,52,43,64,12,61,59,50,50,50,50,50,44,44,44,41,41,41,36,36,57,38],"gold":38,"neow_bonus":"REMOVE_TWO","is_daily":false,"chose_seed":false,"campfire_upgraded":4,"win_rate":0.0,"timestamp":1612706264,"path_taken":["M","?","M","M","?","R","M","E","T","E","R","?","$","M","R","BOSS","M","$","?","M","M","R","M","E","T","E","?","R","M","E","R","BOSS","M","M","M","$","?","R","M","E","T","M","M","$","M","?","R","BOSS"],"items_purchased_type":["Card","Card","Card","Card","Card","Relic","Card","Relic","Card","Card","Card"],"build_version":"2020-12-22","purchased_purges":4,"victory":true,"max_hp_per_floor":[70,70,70,70,70,70,70,70,70,70,70,70,70,70,70,70,70,70,70,70,70,70,70,70,70,70,70,70,70,70,70,70,70,75,75,75,75,75,71,71,71,71,71,71,71,71,71,71,71,71],"card_choices":[{"not_picked":["Outmaneuver","Flying Knee"],"picked":"Slice","floor":1},{"not_picked":["Sucker Punch","Dodge and Roll"],"picked":"Underhanded Strike","floor":3},{"not_picked":["Corpse Explosion","Slice"],"picked":"Dash","floor":4},{"not_picked":["Expertise","Backflip"],"picked":"Poisoned Stab","floor":7},{"not_picked":["Sucker Punch","Heel Hook"],"picked":"Endless Agony","floor":8},{"not_picked":["Bane","Poisoned Stab"],"picked":"Quick Slash","floor":10},{"not_picked":["Leg Sweep","Blade Dance"],"picked":"Prepared","floor":14},{"not_picked":["Unload","Bullet Time"],"picked":"A Thousand Cuts","floor":16},{"not_picked":["Backstab","Prepared"],"picked":"Calculated Gamble+1","floor":18},{"not_picked":["Dash","Deadly Poison"],"picked":"PiercingWail","floor":21},{"not_picked":["Poisoned Stab+1","PiercingWail+1"],"picked":"Adrenaline","floor":22},{"not_picked":["Bane+1","Flechettes"],"picked":"Reflex+1","floor":24},{"not_picked":["Venomology","Dash"],"picked":"Escape Plan+1","floor":25},{"not_picked":["Eviscerate","Distraction+1","Dash"],"picked":"SKIP","floor":27},{"not_picked":["Catalyst","Backflip"],"picked":"Finisher","floor":28},{"not_picked":["Underhanded Strike","Concentrate"],"picked":"Deflect+1","floor":30},{"not_picked":["Dodge and Roll","Underhanded Strike"],"picked":"Crippling Poison","floor":31},{"not_picked":["Tools of the Trade+1","Die Die Die"],"picked":"Burst","floor":33},{"not_picked":["Poisoned Stab","Cloak And Dagger"],"picked":"Finisher","floor":34},{"not_picked":["Poisoned Stab","Deflect"],"picked":"Dagger Spray+1","floor":35},{"not_picked":["Backstab","Tactician"],"picked":"Malaise","floor":36},{"not_picked":["Slice","Choke+1"],"picked":"PiercingWail","floor":37},{"not_picked":["Underhanded Strike+1","Quick Slash"],"picked":"Dodge and Roll+1","floor":41},{"not_picked":["Infinite Blades+1","Dash+1"],"picked":"Noxious Fumes+1","floor":42},{"not_picked":["Prepared","Flying Knee+1"],"picked":"Cloak And Dagger+1","floor":44},{"not_picked":["Outmaneuver+1","Cloak And Dagger+1"],"picked":"Tactician+1","floor":45},{"not_picked":["Deadly Poison","Dagger Spray","Dagger Throw"],"picked":"SKIP","floor":47}],"player_experience":182879,"relics_obtained":[{"floor":8,"key":"Old Coin"},{"floor":9,"key":"Paper Crane"},{"floor":10,"key":"Lantern"},{"floor":12,"key":"Orichalcum"},{"floor":20,"key":"Necronomicon"},{"floor":25,"key":"Frozen Egg 2"},{"floor":26,"key":"Vajra"},{"floor":27,"key":"The Specimen"},{"floor":28,"key":"Red Mask"},{"floor":31,"key":"Bag of Marbles"},{"floor":42,"key":"HornCleat"},{"floor":43,"key":"Smiling Mask"},{"floor":48,"key":"Tough Bandages"}],"event_choices":[{"damage_healed":0,"gold_gain":0,"player_choice":"Take Damage","damage_taken":17,"relics_obtained":["Golden Idol"],"max_hp_gain":0,"max_hp_loss":0,"event_name":"Golden Idol","floor":2,"gold_loss":0},{"cards_removed":["Strike_G"],"damage_healed":0,"gold_gain":0,"player_choice":"Card Removal","damage_taken":0,"max_hp_gain":0,"max_hp_loss":0,"event_name":"The Cleric","floor":5,"gold_loss":50},{"damage_healed":0,"gold_gain":0,"player_choice":"Obtained Book","damage_taken":16,"max_hp_gain":0,"max_hp_loss":0,"event_name":"Cursed Tome","floor":20,"gold_loss":0},{"damage_healed":0,"gold_gain":0,"player_choice":"Fought Bandits","damage_taken":0,"max_hp_gain":0,"max_hp_loss":0,"event_name":"Masked Bandits","floor":28,"gold_loss":0},{"damage_healed":0,"gold_gain":0,"player_choice":"Max HP","damage_taken":0,"max_hp_gain":0,"max_hp_loss":4,"event_name":"Winding Halls","floor":39,"gold_loss":0}],"is_beta":false,"boss_relics":[{"not_picked":["HoveringKite","Calling Bell"],"picked":"Philosopher\u0027s Stone"},{"not_picked":["Empty Cage","Fusion Hammer"],"picked":"Tiny House"}],"items_purged_floors":[13,19,38,46],"is_endless":false,"potions_floor_spawned":[3,8,10,16,24,25,27,33,35,36,47],"ascension_level":6}}