{"host":"gc8h028r85mpey4t","time":1612672527,"event":{"mods":["BaseMod","BetterRewards","Colored Powertips","Minty Spire (QoL Compilation)","StSLib","The Senshi"],"gold_per_floor":[114,114,114,129,129,129,129,129,204,219,219,234,234,249,249,249,249],"floor_reached":16,"language":"ENG","playtime":500,"items_purged":[],"score":90,"play_id":"2a70108e-e517-4344-83a3-afcb8e55707a","local_time":"20210206203527","daily_mods":["Heirloom","Purple Cards","Lethality"],"is_ascension_mode":false,"campfire_choices":[{"data":"theSenshi:MoonTiaraMagic","floor":6,"key":"SMITH"},{"data":"theSenshi:SailorKick","floor":7,"key":"SMITH"},{"floor":8,"key":"REST"},{"data":"theSenshi:LunasBite","floor":11,"key":"SMITH"},{"data":"theSenshi:SailorJupiterAssists","floor":15,"key":"SMITH"}],"circlet_count":0,"master_deck":["theSenshi:SailorKick","theSenshi:SailorKick+1","theSenshi:SailorKick","theSenshi:SailorKick","theSenshi:SailorBlock","theSenshi:SailorBlock","theSenshi:SailorBlock","theSenshi:SailorBlock","theSenshi:RoseThrow","theSenshi:MoonPrismPowerMakeUp","theSenshi:LunasBite+1","theSenshi:MoonTiaraMagic+1","theSenshi:MoonPower","theSenshi:SailorMercuryAssists","theSenshi:SailorJupiterAssists+1"],"relics":["theSenshi:TransformationBroochRelic","WingedGreaves","theSenshi:TransformationPenRelic"],"acts_visited":["Exordium"],"potions_floor_usage":[],"damage_taken":[{"damage":8,"enemies":"2 Louse","floor":1,"turns":4},{"damage":8,"enemies":"Jaw Worm","floor":4,"turns":3},{"damage":3,"enemies":"Cultist","floor":10,"turns":3},{"damage":7,"enemies":"Looter","floor":12,"turns":2},{"damage":0,"enemies":"Gremlin Gang","floor":14,"turns":2},{"damage":66,"enemies":"The Guardian","floor":16,"turns":6}],"seed_played":"8884597751285247366","potions_obtained":[{"floor":4,"key":"DuplicationPotion"}],"is_trial":false,"path_per_floor":["M","$","?","M","$","R","R","R","T","M","R","M","?","M","R","B"],"character_chosen":"THE_SENSHI","items_purchased":[],"campfire_rested":1,"item_purchase_floors":[],"current_hp_per_floor":[67,67,67,59,59,59,59,75,75,72,72,65,65,65,65,0,0],"gold":249,"neow_bonus":"","is_daily":true,"chose_seed":false,"campfire_upgraded":4,"win_rate":0.0,"timestamp":1612672527,"path_taken":["M","$","?","M","$","R","R","R","T","M","R","M","?","?","R","BOSS"],"items_purchased_type":[],"build_version":"2020-12-22","purchased_purges":0,"victory":false,"max_hp_per_floor":[75,75,75,75,75,75,75,75,75,75,75,75,75,75,75,75,75],"card_choices":[{"not_picked":["theSenshi:MoonPower","theSenshi:SchoolBag"],"picked":"theSenshi:LunasBite","floor":1},{"not_picked":["theSenshi:LunasBite","theSenshi:SailorMercuryAssists"],"picked":"theSenshi:MoonTiaraMagic","floor":4},{"not_picked":["theSenshi:Sidestep","theSenshi:SailorVenusAssists"],"picked":"theSenshi:MoonPower","floor":10},{"not_picked":["theSenshi:MoonPower","theSenshi:GlimpseOfThePast"],"picked":"theSenshi:SailorMercuryAssists","floor":12},{"not_picked":["theSenshi:PlutosSolemnity","theSenshi:TuxedoSmokingBomber"],"picked":"theSenshi:SailorJupiterAssists","floor":14}],"player_experience":109594,"relics_obtained":[{"floor":9,"key":"theSenshi:TransformationPenRelic"}],"event_choices":[{"damage_healed":0,"gold_gain":0,"player_choice":"Ignored","damage_taken":0,"max_hp_gain":0,"max_hp_loss":0,"event_name":"Golden Idol","floor":3,"gold_loss":0},{"damage_healed":0,"gold_gain":0,"player_choice":"Ignored","damage_taken":0,"max_hp_gain":0,"max_hp_loss":0,"event_name":"Liars Game","floor":13,"gold_loss":0}],"is_beta":false,"boss_relics":[],"items_purged_floors":[],"is_endless":false,"potions_floor_spawned":[4],"killed_by":"The Guardian","ascension_level":0}}