{"host":"i2ntsfwoh5q5m216","time":1612658526,"event":{"mods":["BaseMod","Colored Map","Downfall","Minty Spire (QoL Compilation)","StSLib"],"gold_per_floor":[119,135,310,323,273,273,305,305,305,305,305,336,354,367,367,367,367],"floor_reached":16,"language":"ENG","playtime":441,"items_purged":[],"score":110,"play_id":"6b7b5ef9-2134-4adc-990f-967371286a71","local_time":"20210206184206","is_ascension_mode":false,"campfire_choices":[{"data":"Armaments","floor":6,"key":"SMITH"},{"data":"Second Wind","floor":8,"key":"SMITH"},{"data":"Feed","floor":15,"key":"SMITH"}],"circlet_count":0,"master_deck":["Strike_R","Strike_R","Strike_R","Strike_R","Strike_R","Defend_R","Defend_R","Defend_R","Defend_R","Bash","Twin Strike","Second Wind+1","Armaments+1","Flex","Feed+1","Burning Pact","Cleave"],"relics":["Burning Blood","WingedGreaves","HornCleat","Regal Pillow","Mummified Hand","Lantern"],"acts_visited":["Exordium"],"potions_floor_usage":[12,12],"damage_taken":[{"damage":11,"enemies":"2 Louse","floor":1,"turns":3},{"damage":5,"enemies":"Small Slimes","floor":2,"turns":4},{"damage":4,"enemies":"Jaw Worm","floor":4,"turns":3},{"damage":15,"enemies":"3 Sentries","floor":7,"turns":12},{"damage":13,"enemies":"Lagavulin","floor":12,"turns":4},{"damage":15,"enemies":"Exordium Wildlife","floor":13,"turns":6},{"damage":0,"enemies":"3 Louse","floor":14,"turns":2},{"damage":64,"enemies":"Slime Boss","floor":16,"turns":11}],"seed_played":"-3907170208063867516","potions_obtained":[{"floor":2,"key":"CultistPotion"},{"floor":7,"key":"LiquidMemories"},{"floor":13,"key":"bronze:BurnAndBuffPotion"}],"is_trial":false,"path_per_floor":["M","M","?","M","?","R","E","R","T","?","T","E","M","M","R","B"],"character_chosen":"IRONCLAD","items_purchased":[],"campfire_rested":0,"item_purchase_floors":[],"current_hp_per_floor":[75,76,76,78,78,78,69,69,69,62,62,55,49,58,58,0,0],"gold":367,"neow_bonus":"ONE_RARE_RELIC","is_daily":false,"chose_seed":false,"campfire_upgraded":3,"win_rate":0.0,"timestamp":1612658526,"path_taken":["M","M","?","M","?","R","E","R","T","?","?","E","M","M","R","BOSS"],"items_purchased_type":[],"build_version":"2020-12-22","purchased_purges":0,"victory":false,"max_hp_per_floor":[80,80,80,80,80,80,80,80,80,80,80,80,83,86,86,90,90],"card_choices":[{"not_picked":["Body Slam","Headbutt"],"picked":"Twin Strike","floor":1},{"not_picked":["Thunderclap","Pommel Strike"],"picked":"Second Wind","floor":2},{"not_picked":["Uppercut","Clash"],"picked":"Armaments","floor":4},{"not_picked":["Battle Trance","Whirlwind"],"picked":"Flex","floor":7},{"not_picked":["Thunderclap","Warcry"],"picked":"Feed","floor":12},{"not_picked":["Armaments","Searing Blow"],"picked":"Burning Pact","floor":13},{"not_picked":["Armaments","Iron Wave"],"picked":"Cleave","floor":14}],"player_experience":35144,"relics_obtained":[{"floor":7,"key":"HornCleat"},{"floor":9,"key":"Regal Pillow"},{"floor":11,"key":"Mummified Hand"},{"floor":12,"key":"Lantern"}],"event_choices":[{"damage_healed":0,"gold_gain":175,"player_choice":"AGREE","damage_taken":0,"max_hp_gain":0,"max_hp_loss":0,"event_name":"Liars Game","floor":3,"gold_loss":0,"cards_obtained":["Doubt"]},{"cards_removed":["Regret"],"damage_healed":0,"gold_gain":0,"player_choice":"Card Removal","damage_taken":0,"max_hp_gain":0,"max_hp_loss":0,"event_name":"The Cleric","floor":5,"gold_loss":50},{"cards_removed":["Doubt"],"damage_healed":0,"gold_gain":0,"player_choice":"Card Removal","damage_taken":7,"max_hp_gain":0,"max_hp_loss":0,"event_name":"Golden Wing","floor":10,"gold_loss":0}],"is_beta":false,"boss_relics":[],"items_purged_floors":[],"is_endless":false,"potions_floor_spawned":[2,7,13],"killed_by":"Slime Boss","ascension_level":0}}