{"host":"bcxgpd1eu8czocm9","time":1612720463,"event":{"mods":["BaseMod","Downfall","Minty Spire (QoL Compilation)","Quick Restart","Replay The Spire","Spicy Shops","StSLib","¡¾ÒÅÎï¿¨ÅÆ¡¿REMEMod"],"gold_per_floor":[109,119,137,157,177,177,206,206,206,239,254,274,287,298,298,402,402,418,109,127,127,144,144,144,144,144],"floor_reached":25,"language":"ZHS","playtime":654,"items_purged":["Defend_R"],"score":219,"play_id":"ba555fd3-e676-4411-837c-eef62836c12e","local_time":"20210208015423","is_ascension_mode":false,"campfire_choices":[{"data":"REME_BattleFury","floor":6,"key":"SMITH"},{"data":"Heavy Blade","floor":15,"key":"SMITH"},{"floor":24,"key":"REST"}],"circlet_count":0,"master_deck":["Strike_R","Strike_R","Strike_R","Strike_R","Strike_R","Defend_R","Defend_R+1","Defend_R","Bash","REME_BattleFury+1","Flex+1","Feel No Pain","Cleave","Flex","Disarm","Heavy Blade+1","Offering","Limit Break"],"relics":["Burning Blood","REME_ComplimentaryCards","NeowsBlessing","Pantograph","Akabeko","Slimebound:StickyStick","Ring of Chaos","Membership Card","Blue Doll","War Paint"],"acts_visited":["Exordium","TheCity"],"potions_floor_usage":[7,10,13,22],"damage_taken":[{"damage":0,"enemies":"Small Slimes","floor":1,"turns":1},{"damage":0,"enemies":"Cultist","floor":2,"turns":1},{"damage":0,"enemies":"Jaw Worm","floor":3,"turns":1},{"damage":24,"enemies":"Blue Slaver","floor":4,"turns":3},{"damage":14,"enemies":"Exordium Thugs","floor":5,"turns":4},{"damage":16,"enemies":"3 Sentries","floor":7,"turns":5},{"damage":28,"enemies":"Lagavulin","floor":10,"turns":4},{"damage":6,"enemies":"Large Slime","floor":11,"turns":3},{"damage":13,"enemies":"Red Slaver","floor":12,"turns":2},{"damage":8,"enemies":"Lots of Slimes","floor":13,"turns":3},{"damage":1,"enemies":"Exordium Thugs","floor":14,"turns":3},{"damage":60,"enemies":"Fading Forest","floor":16,"turns":11},{"damage":11,"enemies":"3 Byrds","floor":18,"turns":4},{"damage":4,"enemies":"Spheric Guardian","floor":20,"turns":3},{"damage":43,"enemies":"Shelled Parasite and Fungi","floor":22,"turns":4},{"damage":51,"enemies":"Slavers","floor":25,"turns":3}],"seed_played":"914870586294561278","potions_obtained":[{"floor":3,"key":"Fire Potion"},{"floor":4,"key":"Languid Potion"},{"floor":10,"key":"Reflective Coating"},{"floor":12,"key":"BloodPotion"},{"floor":14,"key":"Reflective Coating"},{"floor":16,"key":"LiquidMemories"}],"is_trial":false,"path_per_floor":["M","M","M","M","M","R","E","?","T","E","M","M","M","M","R","B",null,"M","$","M","?","M","?","R","E"],"character_chosen":"IRONCLAD","items_purchased":["Membership Card","Blue Doll","War Paint"],"campfire_rested":1,"item_purchase_floors":[19,19,19],"current_hp_per_floor":[80,80,80,62,54,54,44,44,44,22,22,15,29,34,34,15,80,75,75,77,62,25,25,50,0,0],"gold":144,"neow_bonus":"THREE_ENEMY_KILL","is_daily":false,"chose_seed":false,"campfire_upgraded":2,"win_rate":0.0,"timestamp":1612720463,"path_taken":["M","M","M","M","M","R","E","?","T","E","M","M","?","M","R","BOSS","M","$","M","?","M","?","R","E"],"items_purchased_type":["Relic","Relic","Relic"],"build_version":"2020-12-22","purchased_purges":1,"victory":false,"max_hp_per_floor":[80,80,80,80,80,80,80,80,80,80,80,80,80,80,80,80,80,80,80,80,85,85,85,85,85,85],"card_choices":[{"not_picked":["Disarm","Thunderclap"],"picked":"Flex","floor":1},{"not_picked":["Iron Wave","Body Slam","Twin Strike"],"picked":"SKIP","floor":2},{"not_picked":["Pommel Strike","Abandon","Blood for Blood"],"picked":"SKIP","floor":3},{"not_picked":["Anger","Evolve"],"picked":"Feel No Pain","floor":4},{"not_picked":["Clothesline","Bludgeon"],"picked":"Cleave","floor":5},{"not_picked":["Reckless Charge","Heavy Blade"],"picked":"Flex","floor":7},{"not_picked":["ReplayTheSpireMod:Muscle Training","Burning Pact","Metallicize"],"picked":"SKIP","floor":10},{"not_picked":["Anger","Searing Blow","ReplayTheSpireMod:Stacked"],"picked":"SKIP","floor":11},{"not_picked":["Warcry","Clothesline"],"picked":"Disarm","floor":12},{"not_picked":["Clash","Headbutt"],"picked":"Heavy Blade","floor":13},{"not_picked":["Headbutt","Perfected Strike"],"picked":"Offering","floor":14},{"not_picked":["Reaper","Immolate"],"picked":"Limit Break","floor":16},{"not_picked":["ReplayTheSpireMod:Stacked+1","Twin Strike","Clothesline"],"picked":"SKIP","floor":18},{"not_picked":["Anger","Armaments","ReplayReversal+1"],"picked":"SKIP","floor":20},{"not_picked":["Body Slam","Shrug It Off+1","Armaments"],"picked":"SKIP","floor":22}],"player_experience":445341,"relics_obtained":[{"floor":7,"key":"Pantograph"},{"floor":9,"key":"Akabeko"},{"floor":10,"key":"Slimebound:StickyStick"}],"event_choices":[{"damage_healed":0,"gold_gain":0,"player_choice":"Leave","damage_taken":0,"max_hp_gain":0,"max_hp_loss":0,"event_name":"FaceTrader","floor":8,"gold_loss":0},{"damage_healed":0,"gold_gain":0,"player_choice":"Shed Blood","damage_taken":20,"max_hp_gain":5,"max_hp_loss":0,"event_name":"Forgotten Altar","floor":21,"gold_loss":0},{"damage_healed":0,"gold_gain":0,"player_choice":"Ignored","damage_taken":0,"max_hp_gain":0,"max_hp_loss":0,"event_name":"Vampires","floor":23,"gold_loss":0}],"is_beta":false,"boss_relics":[{"not_picked":["Black Blood","Pandora\u0027s Box"],"picked":"Ring of Chaos"}],"items_purged_floors":[19],"is_endless":false,"potions_floor_spawned":[3,4,10,12,14,16],"killed_by":"Slavers","ascension_level":0}}