{"host":"7qoz5gmva6til3yp","time":1612682475,"event":{"mods":["2.2 Compatiblity","Astrologer","BaseMod","Marisa£¨Ùöéë¡¡Øª×âÞÞ£©","Minty Spire (QoL Compilation)","StSLib","SuperFastMode"],"gold_per_floor":[118,130,140,156,29,29,63,63,63,91,105,105,130,130,130,233,233,245,245,261,161,171,203,225,237,301,313,313],"floor_reached":27,"language":"KOR","playtime":1151,"items_purged":["astrologer:Defend","astrologer:Strike"],"score":287,"play_id":"d8237f5a-277f-4aab-88d3-4ef971f03be1","local_time":"20210207162115","is_ascension_mode":true,"campfire_choices":[{"data":"astrologer:CosmicExpanse","floor":6,"key":"SMITH"},{"data":"astrologer:CometStrike","floor":8,"key":"SMITH"},{"floor":15,"key":"REST"}],"circlet_count":0,"master_deck":["astrologer:Strike+1","astrologer:Strike+1","astrologer:Strike+1","astrologer:Defend","astrologer:Defend","astrologer:Defend","astrologer:NorthStar","astrologer:TheFool+1","astrologer:Moonlight","astrologer:Conjunction","astrologer:SolarFlare","astrologer:CosmicExpanse+1","astrologer:CometStrike+1","astrologer:Sunrise","astrologer:Starfield","astrologer:FadingStar","astrologer:BlackHole","astrologer:RejectReality","astrologer:Opposition","astrologer:Stardust+1","astrologer:Shine","astrologer:DarkMatter","astrologer:StarOfMisfortune","Regret"],"relics":["astrologer:SkyMirror","Question Card","Pantograph","Whetstone","Ancient Tea Set","Cursed Key","FaceOfCleric","MawBank","Bag of Preparation"],"acts_visited":["Exordium","TheCity"],"potions_floor_usage":[16,25,25],"damage_taken":[{"damage":1,"enemies":"Cultist","floor":1,"turns":4},{"damage":0,"enemies":"Small Slimes","floor":2,"turns":4},{"damage":0,"enemies":"2 Louse","floor":3,"turns":2},{"damage":0,"enemies":"Large Slime","floor":4,"turns":9},{"damage":26,"enemies":"Lagavulin","floor":7,"turns":8},{"damage":23,"enemies":"3 Sentries","floor":10,"turns":8},{"damage":7,"enemies":"Lots of Slimes","floor":11,"turns":5},{"damage":2,"enemies":"Lagavulin","floor":13,"turns":5},{"damage":34,"enemies":"Slime Boss","floor":16,"turns":7},{"damage":9,"enemies":"Chosen","floor":18,"turns":5},{"damage":4,"enemies":"2 Thieves","floor":20,"turns":4},{"damage":7,"enemies":"Snecko","floor":22,"turns":4},{"damage":15,"enemies":"Book of Stabbing","floor":23,"turns":5},{"damage":36,"enemies":"Centurion and Healer","floor":24,"turns":7},{"damage":9,"enemies":"Gremlin Leader","floor":25,"turns":3},{"damage":4,"enemies":"Shelled Parasite and Fungi","floor":27,"turns":1}],"seed_played":"-4887793804894943015","potions_obtained":[{"floor":2,"key":"Energy Potion"},{"floor":10,"key":"PowerPotion"},{"floor":11,"key":"SteroidPotion"},{"floor":16,"key":"SmokeBomb"}],"is_trial":false,"path_per_floor":["M","M","M","M","$","R","E","R","T","E","M","?","E","?","R","B",null,"M","?","M","$","M","E","M","E","T","M"],"character_chosen":"ASTROLOGER","items_purchased":["astrologer:CometStrike"],"campfire_rested":1,"item_purchase_floors":[5],"current_hp_per_floor":[76,76,76,76,76,76,50,50,50,27,20,20,18,3,26,17,77,68,68,65,65,59,45,10,2,2,0,0],"gold":313,"neow_bonus":"TEN_PERCENT_HP_BONUS","is_daily":false,"chose_seed":false,"campfire_upgraded":2,"win_rate":0.0,"timestamp":1612682475,"path_taken":["M","?","M","M","$","R","E","R","T","E","M","?","E","?","R","BOSS","M","?","M","$","?","E","M","E","T","M"],"items_purchased_type":["Card"],"build_version":"2020-12-22","purchased_purges":2,"victory":false,"max_hp_per_floor":[77,77,77,77,77,77,77,77,77,77,77,77,77,77,77,77,77,77,77,78,78,79,80,81,82,82,82,82],"card_choices":[{"not_picked":["astrologer:ReadTheStars","astrologer:Still"],"picked":"astrologer:Moonlight","floor":1},{"not_picked":["astrologer:TheDevil","astrologer:SpaceDust"],"picked":"astrologer:Conjunction","floor":2},{"not_picked":["astrologer:Still","astrologer:Glimpse"],"picked":"astrologer:SolarFlare","floor":3},{"not_picked":["astrologer:CometStrike","astrologer:Moonlight"],"picked":"astrologer:CosmicExpanse","floor":4},{"not_picked":["astrologer:Conjunction","astrologer:Alignment"],"picked":"astrologer:Sunrise","floor":7},{"not_picked":["astrologer:Stardust","astrologer:Still","astrologer:Radiance"],"picked":"astrologer:Starfield","floor":10},{"not_picked":["astrologer:Radiance","astrologer:Eclipse","astrologer:Moonlight"],"picked":"astrologer:FadingStar","floor":11},{"not_picked":["astrologer:MeteorShower","astrologer:CometStrike","astrologer:Eclipse"],"picked":"astrologer:BlackHole","floor":13},{"not_picked":["astrologer:BlackHole","astrologer:Alignment","astrologer:TheWorld"],"picked":"astrologer:RejectReality","floor":16},{"not_picked":["astrologer:Eclipse","astrologer:LonelyStar+1","astrologer:Conjunction"],"picked":"astrologer:Opposition","floor":18},{"not_picked":["astrologer:ReadTheStars","astrologer:Glimpse","astrologer:TheHangedMan+1"],"picked":"astrologer:Stardust+1","floor":20},{"not_picked":["astrologer:CosmicExpanse","astrologer:NeutronStar+1","astrologer:Sunrise+1"],"picked":"astrologer:Shine","floor":22},{"not_picked":["astrologer:Retelling","astrologer:CometStrike","astrologer:StarOfCourage"],"picked":"astrologer:DarkMatter","floor":23},{"not_picked":["astrologer:Stardust","astrologer:Opposition+1","astrologer:Conjunction"],"picked":"astrologer:StarOfMisfortune","floor":24}],"player_experience":485138,"relics_obtained":[{"floor":7,"key":"Question Card"},{"floor":9,"key":"Pantograph"},{"floor":10,"key":"Whetstone"},{"floor":13,"key":"Ancient Tea Set"},{"floor":23,"key":"MawBank"},{"floor":26,"key":"Bag of Preparation"}],"event_choices":[{"damage_healed":0,"gold_gain":0,"player_choice":"Ignored","damage_taken":0,"max_hp_gain":0,"max_hp_loss":0,"event_name":"Liars Game","floor":12,"gold_loss":0},{"damage_healed":0,"gold_gain":0,"player_choice":"Entered Light","damage_taken":15,"max_hp_gain":0,"max_hp_loss":0,"event_name":"Shining Light","floor":14,"gold_loss":0,"cards_upgraded":["astrologer:Strike","astrologer:Strike"]},{"damage_healed":0,"gold_gain":0,"player_choice":"Trade","damage_taken":0,"relics_obtained":["FaceOfCleric"],"max_hp_gain":0,"max_hp_loss":0,"event_name":"FaceTrader","floor":19,"gold_loss":0}],"is_beta":false,"boss_relics":[{"not_picked":["Calling Bell","Velvet Choker"],"picked":"Cursed Key"}],"items_purged_floors":[5,21],"is_endless":false,"potions_floor_spawned":[2,10,11,16,24,25],"killed_by":"Shelled Parasite and Fungi","ascension_level":1}}