{"host":"fxrgx7wt2cpkbhka","time":1612676984,"event":{"mods":["AchievementEnabler","BaseMod","Colored Powertips","Dark Map","Minty Spire (QoL Compilation)","Permanent Neow","Quick Restart","Slay-I","StSLib","Waifu the Spire"],"gold_per_floor":[209,224,224,10,10,10,10,10,10,10,20,20,32,67,67,163,163,183,98,30,0,13,13,41,41,88,88,99,99,99,99,99,199,199,217,217,236,112,130,130,130],"floor_reached":40,"language":"ENG","playtime":1353,"items_purged":[],"score":650,"play_id":"45d8d5ce-8e0a-4c9d-9226-f6e89cd919fe","local_time":"20210206214944","is_ascension_mode":true,"campfire_choices":[{"data":"Noxious Fumes","floor":6,"key":"SMITH"},{"data":"Noxious Fumes","floor":8,"key":"SMITH"},{"data":"Neutralize","floor":12,"key":"SMITH"},{"data":"Backflip","floor":15,"key":"SMITH"},{"data":"Adrenaline","floor":23,"key":"SMITH"},{"floor":25,"key":"REST"},{"data":"Ghostly","floor":30,"key":"SMITH"},{"data":"Ghostly","floor":32,"key":"SMITH"}],"circlet_count":0,"master_deck":["AscendersBane","Defend_G+1","Defend_G+1","Defend_G","Defend_G","Defend_G","Survivor","Neutralize+1","Noxious Fumes+1","Noxious Fumes+1","Noxious Fumes+1","Backflip","Sucker Punch","Backflip+1","Adrenaline+1","Blur","Acrobatics+1","Deadly Poison+1","Ghostly+1","Ghostly+1","Ghostly","Ghostly","Ghostly","Backstab+1","Adrenaline","Skewer+1","Noxious Fumes+1","Sucker Punch+1","Sucker Punch+1","Masterful Stab","Dodge and Roll","Caltrops","Poisoned Stab"],"relics":["Ring of the Snake","Blood Vial","StoneCalendar","Empty Cage","Nunchaku","Lantern","MealTicket","Astrolabe"],"acts_visited":["Exordium","TheCity","TheBeyond"],"potions_floor_usage":[14,16,24,39],"damage_taken":[{"damage":0,"enemies":"2 Louse","floor":1,"turns":4},{"damage":1,"enemies":"Small Slimes","floor":2,"turns":5},{"damage":2,"enemies":"Jaw Worm","floor":11,"turns":5},{"damage":5,"enemies":"Exordium Thugs","floor":13,"turns":4},{"damage":25,"enemies":"3 Sentries","floor":14,"turns":6},{"damage":2,"enemies":"Slime Boss","floor":16,"turns":7},{"damage":14,"enemies":"3 Byrds","floor":18,"turns":4},{"damage":11,"enemies":"2 Thieves","floor":21,"turns":4},{"damage":7,"enemies":"Centurion and Healer","floor":22,"turns":6},{"damage":25,"enemies":"Book of Stabbing","floor":24,"turns":7},{"damage":0,"enemies":"3 Cultists","floor":28,"turns":6},{"damage":10,"enemies":"Automaton","floor":33,"turns":12},{"damage":12,"enemies":"3 Darklings","floor":35,"turns":5},{"damage":0,"enemies":"3 Shapes","floor":37,"turns":4},{"damage":20,"enemies":"3 Darklings","floor":39,"turns":6},{"damage":22,"enemies":"Giant Head","floor":40,"turns":5}],"seed_played":"995057415915034217","potions_obtained":[{"floor":1,"key":"SpeedPotion"},{"floor":11,"key":"Block Potion"},{"floor":22,"key":"SpeedPotion"},{"floor":28,"key":"Weak Potion"},{"floor":33,"key":"Ancient Potion"}],"is_trial":false,"path_per_floor":["M","M","?","$","?","R","?","R","T","$","M","R","M","E","R","B",null,"M","?","$","M","M","R","E","R","T","?","M","$","R","?","R","B",null,"M","?","M","$","M","E"],"character_chosen":"THE_SILENT","items_purchased":["Noxious Fumes","Blood Vial","Blur","Caltrops","Poisoned Stab"],"campfire_rested":1,"item_purchase_floors":[4,4,20,38,38],"current_hp_per_floor":[63,62,48,48,48,48,70,70,70,70,68,68,65,42,42,42,63,51,51,51,42,37,37,14,35,35,35,35,35,35,35,35,25,33,23,23,25,35,15,0,0],"gold":130,"neow_bonus":"HUNDRED_GOLD","is_daily":false,"chose_seed":false,"campfire_upgraded":7,"win_rate":0.0,"timestamp":1612676984,"path_taken":["M","M","?","$","?","R","?","R","T","$","M","R","M","E","R","BOSS","M","?","?","M","M","R","E","R","T","?","?","$","R","?","R","BOSS","M","?","M","$","?","E"],"items_purchased_type":["Card","Relic","Card","Card","Card"],"build_version":"2020-12-22","purchased_purges":0,"victory":false,"max_hp_per_floor":[70,70,70,70,70,70,70,70,70,70,70,70,70,70,70,70,70,70,70,70,70,70,70,70,70,70,35,35,35,35,35,35,35,35,35,35,35,35,35,35,35],"card_choices":[{"not_picked":["Choke","Bouncing Flask"],"picked":"Noxious Fumes","floor":1},{"not_picked":["Setup","Underhanded Strike"],"picked":"Noxious Fumes","floor":2},{"not_picked":["Acrobatics","Bouncing Flask"],"picked":"Backflip","floor":11},{"not_picked":["Calculated Gamble","Slice"],"picked":"Sucker Punch","floor":13},{"not_picked":["Sucker Punch","Bullet Time"],"picked":"Backflip","floor":14},{"not_picked":["Venomology","A Thousand Cuts"],"picked":"Adrenaline","floor":16},{"not_picked":["Distraction","Escape Plan","Slice"],"picked":"SKIP","floor":18},{"not_picked":["Terror","Dagger Spray+1"],"picked":"Cloak And Dagger","floor":21},{"not_picked":["Dagger Throw","Flying Knee"],"picked":"Acrobatics+1","floor":22},{"not_picked":["Flying Knee","Glass Knife"],"picked":"Deadly Poison+1","floor":24},{"not_picked":["Quick Slash","Poisoned Stab"],"picked":"Backstab+1","floor":28},{"not_picked":["Corpse Explosion","Bullet Time"],"picked":"Adrenaline","floor":33},{"not_picked":["Escape Plan","Slice"],"picked":"Sucker Punch+1","floor":35},{"not_picked":["Acrobatics","Endless Agony"],"picked":"Dodge and Roll","floor":37},{"not_picked":["Slice","Setup","Quick Slash"],"picked":"SKIP","floor":39}],"player_experience":748791,"relics_obtained":[{"floor":14,"key":"StoneCalendar"},{"floor":24,"key":"Lantern"},{"floor":26,"key":"MealTicket"}],"event_choices":[{"damage_healed":0,"gold_gain":0,"player_choice":"Entered Light","damage_taken":14,"max_hp_gain":0,"max_hp_loss":0,"event_name":"Shining Light","floor":3,"gold_loss":0,"cards_upgraded":["Defend_G","Defend_G"]},{"damage_healed":0,"gold_gain":0,"player_choice":"Grow","damage_taken":0,"max_hp_gain":0,"max_hp_loss":0,"event_name":"Living Wall","floor":5,"gold_loss":0,"cards_upgraded":["Noxious Fumes"]},{"damage_healed":23,"gold_gain":0,"player_choice":"Banana","damage_taken":0,"max_hp_gain":0,"max_hp_loss":0,"event_name":"Big Fish","floor":7,"gold_loss":0},{"damage_healed":0,"gold_gain":0,"player_choice":"Obtained Relic","damage_taken":0,"relics_obtained":["Nunchaku"],"max_hp_gain":0,"max_hp_loss":0,"event_name":"Addict","floor":19,"gold_loss":85},{"damage_healed":0,"gold_gain":0,"player_choice":"Became a Ghost","damage_taken":0,"max_hp_gain":0,"max_hp_loss":35,"event_name":"Ghosts","floor":27,"gold_loss":0,"cards_obtained":["Ghostly","Ghostly","Ghostly","Ghostly","Ghostly"]},{"damage_healed":0,"gold_gain":0,"player_choice":"Ignored","damage_taken":0,"max_hp_gain":0,"max_hp_loss":0,"event_name":"Cursed Tome","floor":31,"gold_loss":0},{"damage_healed":0,"gold_gain":0,"cards_transformed":["Cloak And Dagger"],"player_choice":"Transformed","damage_taken":0,"max_hp_gain":0,"max_hp_loss":0,"event_name":"Transmorgrifier","floor":36,"gold_loss":0,"cards_obtained":["Masterful Stab"]}],"is_beta":false,"boss_relics":[{"not_picked":["Ectoplasm","Runic Pyramid"],"picked":"Empty Cage"},{"not_picked":["Velvet Choker","Cursed Key"],"picked":"Astrolabe"}],"items_purged_floors":[],"is_endless":false,"potions_floor_spawned":[1,11,22,28,33],"killed_by":"Giant Head","ascension_level":10}}