{"host":"Timothy","time":1612662448,"event":{"mods":["BaseMod","Bestiary","Filter the Spire","Minty Spire (QoL Compilation)","Quick Restart"],"gold_per_floor":[109,74,90,106,122,122,151,163,163,180,180,355,135,146,146,247,247,257,267,50,50,68,68,68],"floor_reached":23,"language":"ENG","playtime":810,"items_purged":["Doubt"],"score":293,"play_id":"0b6cb76f-5526-444c-8bf9-7295918cc97c","local_time":"20210206174728","is_ascension_mode":true,"campfire_choices":[{"data":"Conserve Battery","floor":6.0,"key":"SMITH"},{"data":"Conserve Battery","floor":15.0,"key":"SMITH"}],"circlet_count":0,"master_deck":["AscendersBane","Zap","Dualcast","Defragment","Streamline","Conserve Battery+1","Streamline","Echo Form","Cold Snap","Conserve Battery+1","All For One","Defragment+1","Force Field","Necronomicurse"],"relics":["Pandora\u0027s Box","Vajra","Lee\u0027s Waffle","Fusion Hammer","Runic Capacitor","Necronomicon"],"acts_visited":["Exordium","TheCity"],"potions_floor_usage":[],"damage_taken":[{"damage":12.0,"enemies":"Small Slimes","floor":1.0,"turns":4.0},{"damage":7.0,"enemies":"2 Louse","floor":3.0,"turns":2.0},{"damage":12.0,"enemies":"Jaw Worm","floor":4.0,"turns":2.0},{"damage":8.0,"enemies":"Looter","floor":5.0,"turns":3.0},{"damage":16.0,"enemies":"Gremlin Nob","floor":7.0,"turns":4.0},{"damage":16.0,"enemies":"Blue Slaver","floor":8.0,"turns":3.0},{"damage":6.0,"enemies":"2 Fungi Beasts","floor":10.0,"turns":3.0},{"damage":11.0,"enemies":"Looter","floor":14.0,"turns":4.0},{"damage":34.0,"enemies":"Hexaghost","floor":16.0,"turns":10.0},{"damage":6.0,"enemies":"Shell Parasite","floor":18.0,"turns":4.0},{"damage":10.0,"enemies":"3 Byrds","floor":19.0,"turns":4.0},{"damage":11,"enemies":"Sentry and Sphere","floor":22,"turns":5},{"damage":51,"enemies":"Book of Stabbing","floor":23,"turns":4}],"seed_played":"-6035607993860546624","potions_obtained":[{"floor":3.0,"key":"Dexterity Potion"},{"floor":4.0,"key":"PotionOfCapacity"},{"floor":10.0,"key":"SmokeBomb"}],"is_trial":false,"path_per_floor":["M","?","M","M","M","R","E","M","T","M","?","?","$","M","R","B",null,"M","M","$","?","M","E"],"character_chosen":"DEFECT","items_purchased":["Lee\u0027s Waffle","Force Field","Runic Capacitor"],"campfire_rested":0,"item_purchase_floors":[13,20,20],"current_hp_per_floor":[56,74,67,55,47,47,31,15,15,9,34,34,82,71,71,37,71,65,55,55,39,28,0,0],"gold":68,"neow_bonus":"BOSS_RELIC","is_daily":false,"chose_seed":false,"campfire_upgraded":2,"win_rate":0.0,"timestamp":1612662448,"path_taken":["M","?","M","M","M","R","E","M","T","M","?","?","$","M","R","BOSS","M","M","$","?","M","E"],"items_purchased_type":["Relic","Card","Relic"],"build_version":"2020-12-18","purchased_purges":1,"victory":false,"max_hp_per_floor":[75,75,75,75,75,75,75,75,75,75,75,75,82,82,82,82,82,82,82,82,82,82,82,82],"card_choices":[{"not_picked":["Ball Lightning","Double Energy"],"picked":"Defragment","floor":1.0},{"not_picked":["Beam Cell","Steam"],"picked":"Streamline","floor":3.0},{"not_picked":["Hello World","Storm"],"picked":"Conserve Battery","floor":4.0},{"not_picked":["Barrage","Chaos"],"picked":"Streamline","floor":5.0},{"not_picked":["Hello World","Redo"],"picked":"Echo Form","floor":7.0},{"not_picked":["Recycle","Static Discharge","Coolheaded"],"picked":"SKIP","floor":8.0},{"not_picked":["Steam","Steam Power"],"picked":"Cold Snap","floor":10.0},{"not_picked":["Streamline","Gash"],"picked":"Conserve Battery","floor":14.0},{"not_picked":["Creative AI","Echo Form"],"picked":"All For One","floor":16.0},{"not_picked":["Double Energy","Cold Snap+1","Loop"],"picked":"SKIP","floor":18.0},{"not_picked":["Stack","Double Energy"],"picked":"Defragment+1","floor":19.0},{"not_picked":["Hello World","Steam","Ball Lightning"],"picked":"SKIP","floor":22}],"player_experience":877807,"relics_obtained":[{"floor":7.0,"key":"Vajra"},{"floor":21,"key":"Necronomicon"}],"event_choices":[{"damage_healed":18.0,"max_hp_gain":0.0,"max_hp_loss":0.0,"gold_gain":0.0,"event_name":"The Cleric","player_choice":"Healed","floor":2.0,"gold_loss":35.0,"damage_taken":0.0},{"damage_healed":25.0,"max_hp_gain":0.0,"max_hp_loss":0.0,"gold_gain":0.0,"event_name":"Big Fish","player_choice":"Banana","floor":11.0,"gold_loss":0.0,"damage_taken":0.0},{"damage_healed":0.0,"max_hp_gain":0.0,"max_hp_loss":0.0,"gold_gain":175.0,"event_name":"Liars Game","player_choice":"AGREE","floor":12.0,"gold_loss":0.0,"damage_taken":0.0,"cards_obtained":["Doubt"]},{"damage_healed":0,"gold_gain":0,"player_choice":"Obtained Book","damage_taken":16,"max_hp_gain":0,"max_hp_loss":0,"event_name":"Cursed Tome","floor":21,"gold_loss":0}],"is_beta":true,"boss_relics":[{"not_picked":["Coffee Dripper","Runic Pyramid"],"picked":"Fusion Hammer"}],"items_purged_floors":[13],"is_endless":false,"potions_floor_spawned":[3,4,10,16],"killed_by":"Book of Stabbing","ascension_level":10}}