{"host":"oiw60b5ins9fyx34","time":1612695791,"event":{"mods":["BaseMod","Colored Map","Colored Powertips","Minty Spire (QoL Compilation)","Permanent Neow","Quick Restart","Rare Cards Sparkle","Relic Stats","StSLib","The Cursed"],"gold_per_floor":[114,132,145,156,174,174,200,200,270,343,343,387,405,405,405,405,405],"floor_reached":16,"language":"JPN","playtime":1974,"items_purged":[],"score":140,"play_id":"b32901e1-ce55-473b-8b87-e494eae9361d","local_time":"20210207200311","is_ascension_mode":true,"campfire_choices":[{"data":"Limit Break","floor":6,"key":"SMITH"},{"floor":11,"key":"REST"},{"floor":15,"key":"REST"}],"circlet_count":0,"master_deck":["Strike_R","Strike_R","Strike_R","Strike_R","Strike_R","Defend_R","Defend_R","Defend_R","Defend_R","Bash","CurseOfTheBell","Infernal Blade","True Grit","Disarm","Inflame+1","Limit Break+1","Clothesline","Thunderclap","Havoc","Armaments"],"relics":["Calling Bell","Blood Vial","Frozen Egg 2","Thread and Needle","Bronze Scales","Golden Idol","Ice Cream","Boot","Unceasing Top"],"acts_visited":["Exordium"],"potions_floor_usage":[7,10,12,16],"damage_taken":[{"damage":2,"enemies":"2 Louse","floor":1,"turns":3},{"damage":0,"enemies":"Small Slimes","floor":2,"turns":4},{"damage":0,"enemies":"Jaw Worm","floor":3,"turns":2},{"damage":10,"enemies":"3 Louse","floor":4,"turns":3},{"damage":0,"enemies":"Blue Slaver","floor":5,"turns":6},{"damage":29,"enemies":"Lagavulin","floor":7,"turns":6},{"damage":14,"enemies":"3 Sentries","floor":10,"turns":8},{"damage":28,"enemies":"3 Sentries","floor":12,"turns":6},{"damage":8,"enemies":"2 Fungi Beasts","floor":13,"turns":3},{"damage":31,"enemies":"Slime Boss","floor":16,"turns":8}],"seed_played":"1707779213729364768","potions_obtained":[{"floor":1,"key":"CultistPotion"},{"floor":3,"key":"Dexterity Potion"},{"floor":5,"key":"SpeedPotion"},{"floor":10,"key":"BlessingOfTheForge"}],"is_trial":false,"path_per_floor":["M","M","M","M","M","R","E","?","T","?","R","E","M","T","R","B"],"character_chosen":"IRONCLAD","items_purchased":[],"campfire_rested":2,"item_purchase_floors":[],"current_hp_per_floor":[78,80,80,70,72,72,45,45,45,33,55,29,23,23,45,16,16],"gold":405,"neow_bonus":"BOSS_RELIC","is_daily":false,"chose_seed":false,"campfire_upgraded":1,"win_rate":0.0,"timestamp":1612695791,"path_taken":["M","M","M","M","M","R","E","?","T","?","R","E","M","?","R","BOSS"],"items_purchased_type":[],"build_version":"2020-12-22","purchased_purges":0,"victory":false,"max_hp_per_floor":[80,80,80,80,80,80,80,74,74,74,74,74,74,74,74,74,74],"relic_stats":{"Blood Vial":14,"counters":[10,49],"Golden Idol":35,"Bronze Scales":[47],"Boot":[0],"obtain_stats":[{"Calling Bell":0,"Blood Vial":0,"Ice Cream":10,"Golden Idol":8,"Bronze Scales":7,"Thread and Needle":0,"Frozen Egg 2":0,"Boot":12,"Burning Blood":0,"Unceasing Top":14},{"Calling Bell":0,"Blood Vial":0,"Ice Cream":7,"Golden Idol":6,"Bronze Scales":6,"Thread and Needle":0,"Frozen Egg 2":0,"Boot":8,"Burning Blood":0,"Unceasing Top":9},{"Calling Bell":0,"Blood Vial":0,"Ice Cream":32,"Golden Idol":24,"Bronze Scales":24,"Thread and Needle":0,"Frozen Egg 2":0,"Boot":38,"Burning Blood":0,"Unceasing Top":41}],"Unceasing Top":[0]},"card_choices":[{"not_picked":["Armaments","Sword Boomerang"],"picked":"Infernal Blade","floor":1},{"not_picked":["Heavy Blade","Flex"],"picked":"True Grit","floor":2},{"not_picked":["Iron Wave","Anger"],"picked":"Disarm","floor":3},{"not_picked":["Twin Strike","True Grit"],"picked":"Inflame+1","floor":4},{"not_picked":["Blood for Blood","Wild Strike"],"picked":"Limit Break","floor":5},{"not_picked":["Second Wind","Infernal Blade"],"picked":"Clothesline","floor":7},{"not_picked":["Flex","Anger"],"picked":"Thunderclap","floor":10},{"not_picked":["Flex","Sword Boomerang"],"picked":"Havoc","floor":12},{"not_picked":["Searing Blow","Thunderclap"],"picked":"Armaments","floor":13}],"player_experience":704704,"relics_obtained":[{"floor":0,"key":"Blood Vial"},{"floor":0,"key":"Frozen Egg 2"},{"floor":0,"key":"Thread and Needle"},{"floor":7,"key":"Bronze Scales"},{"floor":10,"key":"Ice Cream"},{"floor":12,"key":"Boot"},{"floor":14,"key":"Unceasing Top"}],"event_choices":[{"damage_healed":0,"gold_gain":0,"player_choice":"Lose Max HP","damage_taken":0,"relics_obtained":["Golden Idol"],"max_hp_gain":0,"max_hp_loss":6,"event_name":"Golden Idol","floor":8,"gold_loss":0},{"damage_healed":0,"gold_gain":0,"player_choice":"Searched \u00271\u0027 times","damage_taken":0,"max_hp_gain":0,"max_hp_loss":0,"event_name":"Dead Adventurer","floor":10,"gold_loss":0}],"is_beta":false,"boss_relics":[],"items_purged_floors":[],"is_endless":false,"potions_floor_spawned":[1,3,5,10],"killed_by":"Slime Boss","ascension_level":5}}