{"host":"42xf941fomyavgzy","time":1612664191,"event":{"mods":["Act Like it!","Astrologer","BaseMod","Colored Map","Minty Spire (QoL Compilation)","Shop Mod","StSLib","SuperFastMode","The Cursed"],"gold_per_floor":[113,66,166,178,188,219,237,251,323,34,51,80,80,80,80,185,185,195,135,145,155,175,209,209,243,243,258,258,271,128,147,147,147,147],"floor_reached":33,"language":"JPN","playtime":2089,"items_purged":["Defend_P"],"score":439,"play_id":"9e7c600e-b3d9-4328-8425-d32fc4a899b6","local_time":"20210207111631","is_ascension_mode":true,"campfire_choices":[{"data":"TalkToTheHand","floor":13,"key":"SMITH"},{"data":"SandsOfTime","floor":15,"key":"SMITH"},{"floor":24,"key":"REST"},{"data":"Blasphemy","floor":28,"key":"SMITH"},{"data":"Establishment","floor":32,"key":"SMITH"}],"circlet_count":0,"master_deck":["Strike_P","Strike_P","Defend_P","Defend_P","Eruption","Vigilance","EmptyFist","FlurryOfBlows","Sanctity","JustLucky","Meditate","ConjureBlade","WheelKick","SandsOfTime+1","TalkToTheHand+1","Parasite","Judgement","ThirdEye+1","EmptyBody","CarveReality","Worship","SashWhip+1","MentalFortress","Blasphemy+1","WreathOfFlame","ThirdEye+1","Vengeance","Study","Establishment+1"],"relics":["PureWater","Pear","Blue Candle","Bronze Scales","MealTicket","Turnip","Velvet Choker","Pen Nib","Prayer Wheel","Bird Faced Urn"],"acts_visited":["Exordium","TheCity"],"potions_floor_usage":[8,12,23,23,33,33,33,33,33],"damage_taken":[{"damage":0,"enemies":"Small Slimes","floor":1,"turns":3},{"damage":0,"enemies":"Cultist","floor":4,"turns":2},{"damage":0,"enemies":"Jaw Worm","floor":5,"turns":2},{"damage":40,"enemies":"Gremlin Nob","floor":6,"turns":5},{"damage":6,"enemies":"Red Slaver","floor":7,"turns":2},{"damage":4,"enemies":"Large Slime","floor":8,"turns":4},{"damage":0,"enemies":"Blue Slaver","floor":11,"turns":3},{"damage":24,"enemies":"Lagavulin","floor":12,"turns":4},{"damage":0,"enemies":"Hexaghost","floor":16,"turns":8},{"damage":6,"enemies":"Shell Parasite","floor":18,"turns":4},{"damage":0,"enemies":"Spheric Guardian","floor":20,"turns":2},{"damage":2,"enemies":"Chosen and Byrds","floor":21,"turns":5},{"damage":6,"enemies":"Cultist and Chosen","floor":22,"turns":5},{"damage":34,"enemies":"Slavers","floor":23,"turns":5},{"damage":8,"enemies":"Book of Stabbing","floor":25,"turns":4},{"damage":3,"enemies":"Centurion and Healer","floor":27,"turns":6},{"damage":4,"enemies":"Snecko","floor":29,"turns":3},{"damage":5,"enemies":"Cultist and Chosen","floor":31,"turns":3},{"damage":77,"enemies":"Champ","floor":33,"turns":9}],"seed_played":"3858126311967417485","potions_obtained":[{"floor":4,"key":"BottledMiracle"},{"floor":7,"key":"Swift Potion"},{"floor":11,"key":"Strength Potion"},{"floor":18,"key":"DistilledChaos"},{"floor":22,"key":"Energy Potion"},{"floor":27,"key":"EntropicBrew"},{"floor":29,"key":"BlessingOfTheForge"}],"is_trial":false,"path_per_floor":["M","$","?","M","M","E","M","M","T","$","M","E","R","?","R","B",null,"M","?","M","M","M","E","R","E","T","M","R","M","$","M","R","B"],"character_chosen":"WATCHER","items_purchased":["FlurryOfBlows","Bronze Scales","MealTicket","Study"],"campfire_rested":1,"item_purchase_floors":[2,10,10,30],"current_hp_per_floor":[72,72,72,72,72,42,36,32,32,32,32,8,8,28,28,28,69,63,63,63,61,55,21,45,37,37,36,36,34,49,46,46,0,0],"gold":147,"neow_bonus":"REMOVE_CARD","is_daily":false,"chose_seed":false,"campfire_upgraded":4,"win_rate":0.0,"timestamp":1612664191,"path_taken":["M","$","?","M","M","E","M","M","T","?","M","E","R","?","R","BOSS","M","?","M","M","M","E","R","E","T","M","R","M","$","M","R","BOSS"],"items_purchased_type":["Card","Relic","Relic","Card"],"build_version":"2020-12-22","purchased_purges":1,"victory":false,"max_hp_per_floor":[72,72,72,72,72,82,82,82,82,82,82,82,82,82,82,82,82,82,82,82,82,82,82,82,82,82,82,82,82,82,82,82,82,82],"card_choices":[{"not_picked":["EmptyBody","ClearTheMind"],"picked":"EmptyFist","floor":1},{"not_picked":["ClearTheMind","Consecrate"],"picked":"Sanctity","floor":4},{"not_picked":["EmptyFist","Consecrate"],"picked":"JustLucky","floor":5},{"not_picked":["Perseverance","Fasting2"],"picked":"Meditate","floor":6},{"not_picked":["EmptyFist","Weave"],"picked":"ConjureBlade","floor":7},{"not_picked":["CutThroughFate","Pray"],"picked":"WheelKick","floor":8},{"not_picked":["Crescendo","Protect"],"picked":"SandsOfTime","floor":11},{"not_picked":["WindmillStrike","FlyingSleeves"],"picked":"TalkToTheHand","floor":12},{"not_picked":["Brilliance","Blasphemy"],"picked":"Judgement","floor":16},{"not_picked":["Consecrate","JustLucky"],"picked":"ThirdEye+1","floor":18},{"not_picked":["WheelKick","Consecrate"],"picked":"Worship","floor":20},{"not_picked":["JustLucky+1","FollowUp"],"picked":"SashWhip+1","floor":21},{"not_picked":["Halt","Evaluate"],"picked":"MentalFortress","floor":22},{"not_picked":["Crescendo","JustLucky+1"],"picked":"Blasphemy","floor":23},{"not_picked":["EmptyFist","SandsOfTime+1"],"picked":"WreathOfFlame","floor":25},{"not_picked":["SashWhip+1","ClearTheMind+1"],"picked":"ThirdEye+1","floor":27},{"not_picked":["Crescendo","Pray","JustLucky"],"picked":"SKIP","floor":27},{"not_picked":["EmptyFist+1","SandsOfTime"],"picked":"Vengeance","floor":29},{"not_picked":["Halt","Perseverance","FlurryOfBlows"],"picked":"SKIP","floor":29},{"not_picked":["Nirvana+1","EmptyBody"],"picked":"Establishment","floor":31},{"not_picked":["Halt","FollowUp+1","EmptyBody"],"picked":"SKIP","floor":31}],"player_experience":453788,"relics_obtained":[{"floor":6,"key":"Pear"},{"floor":9,"key":"Blue Candle"},{"floor":12,"key":"Turnip"},{"floor":23,"key":"Pen Nib"},{"floor":25,"key":"Prayer Wheel"},{"floor":26,"key":"Bird Faced Urn"}],"event_choices":[{"damage_healed":0,"gold_gain":100,"player_choice":"Pray","damage_taken":0,"max_hp_gain":0,"max_hp_loss":0,"event_name":"Golden Shrine","floor":3,"gold_loss":0},{"damage_healed":20,"gold_gain":0,"player_choice":"Healed and dodged fight","damage_taken":0,"max_hp_gain":0,"max_hp_loss":0,"event_name":"Mushrooms","floor":14,"gold_loss":0,"cards_obtained":["Parasite"]},{"damage_healed":0,"gold_gain":0,"cards_transformed":["Strike_P","Defend_P"],"player_choice":"Transformed Cards","damage_taken":0,"max_hp_gain":0,"max_hp_loss":0,"event_name":"Designer","floor":19,"gold_loss":60,"cards_obtained":["EmptyBody","CarveReality"]}],"is_beta":false,"boss_relics":[{"not_picked":["Fusion Hammer","Tiny House"],"picked":"Velvet Choker"}],"items_purged_floors":[30],"is_endless":false,"potions_floor_spawned":[4,7,11,18,22,27,29],"killed_by":"Champ","ascension_level":5}}