{"host":"q8o6l8eqnoevndy4","time":1612656649,"event":{"mods":["2.2 Compatiblity","AchievementEnabler","Act Like it!","AlwaysNeverKeys","Bard","BaseMod","Bestiary","Better Altar","Better Match","Better Note","Better Sensory Stone","Better Skull","Better Third Choice","Better Vampires","Better-Laid Plans","Booster Modes","Colored Map","Colored Powertips","Custom Start","Disable Question Mark Monsters","Displayed Cursed Tome","Friendly Minions","GifTheSpireLib","Hermit","Highlight Path","Infinite Spire","Keyboard Shortcuts","Minty Spire (QoL Compilation)","Permanent Neow","Quick Restart","Random Character Button","Random Character Mod","Rare Cards Sparkle","Relic Filter","Relic Sorter","Relic Stats","Reliquary","Reorder Act Four","Spicy Shops","Spire Arcade","StSLib","The Blackbeard","The Gatherer","Transform Curses","Virulent Crown"],"gold_per_floor":[117,117,127,127,137,171,184,184,184,184,151,164,180,180,180,180,180,180,180],"floor_reached":18,"language":"ENG","playtime":1576,"items_purged":[],"score":112,"play_id":"691ade5d-c767-4c06-a933-0dad3ab6a3cf","local_time":"20210206181049","is_ascension_mode":false,"campfire_choices":[{"floor":8,"key":"REST"},{"floor":16,"key":"REST"},{"data":"hermit:Roulette","floor":17,"key":"SMITH"}],"circlet_count":0,"master_deck":["hermit:Strike_Hermit","hermit:Strike_Hermit","hermit:Strike_Hermit","hermit:Strike_Hermit","hermit:Defend_Hermit","hermit:Defend_Hermit","hermit:Defend_Hermit","hermit:Defend_Hermit","hermit:Snapshot","hermit:Covet","hermit:RoundhouseKick+1","hermit:Headshot","Regret","hermit:Quickdraw","Sadistic Nature","hermit:Roulette+1","hermit:Misfire","hermit:Enervate","hermit:ShadowCloak","hermit:HighCaliber","hermit:EyeOfTheStorm"],"relics":["hermit:Momento","Omamori","Boot","reliquary:PrincelyHelmet"],"acts_visited":["Exordium"],"potions_floor_usage":[],"damage_taken":[{"damage":1,"enemies":"2 Louse","floor":1,"turns":3},{"damage":0,"enemies":"Small Slimes","floor":3,"turns":3},{"damage":0,"enemies":"Cultist","floor":5,"turns":3},{"damage":34,"enemies":"Gremlin Nob","floor":6,"turns":5},{"damage":8,"enemies":"Exordium Wildlife","floor":7,"turns":2},{"damage":0,"enemies":"Red Slaver","floor":12,"turns":2},{"damage":17,"enemies":"Looter","floor":13,"turns":3},{"damage":80,"enemies":"Hexaghost","floor":18,"turns":10}],"seed_played":"-5132776494693193214","potions_obtained":[{"floor":5,"key":"SkillPotion"},{"floor":7,"key":"Swift Potion"},{"floor":13,"key":"SkillPotion"}],"is_trial":false,"path_per_floor":["M","?","M","?","M","E","M","R","T","T","$","M","M","?","?","R","R","B"],"character_chosen":"HERMIT","items_purchased":["hermit:ShadowCloak"],"campfire_rested":2,"item_purchase_floors":[11],"current_hp_per_floor":[74,74,74,74,74,40,32,54,54,54,54,54,37,55,55,75,75,0,0],"gold":180,"neow_bonus":"ONE_RANDOM_RARE_CARD","is_daily":false,"chose_seed":false,"campfire_upgraded":1,"win_rate":0.0,"timestamp":1612656649,"path_taken":["M","?","M","?","M","E","M","R","T","T","$","M","M","?","?","R","R","BOSS"],"items_purchased_type":["Card"],"build_version":"2020-12-22","purchased_purges":0,"victory":false,"max_hp_per_floor":[75,75,75,75,75,75,75,75,75,75,75,75,75,75,75,75,75,75,75],"relic_stats":{"counters":[8,31],"Boot":[0],"obtain_stats":[{"reliquary:PrincelyHelmet":10,"Omamori":2,"Boot":6,"hermit:Momento":0},{"reliquary:PrincelyHelmet":5,"Omamori":1,"Boot":4,"hermit:Momento":0},{"reliquary:PrincelyHelmet":16,"Omamori":3,"Boot":14,"hermit:Momento":0}]},"card_choices":[{"not_picked":["hermit:BodyArmor","hermit:Cheat"],"picked":"hermit:Headshot","floor":1},{"not_picked":["hermit:Manifest","hermit:Coalescence"],"picked":"hermit:Quickdraw","floor":3},{"not_picked":["Magnetism","Secret Technique"],"picked":"Sadistic Nature","floor":4},{"not_picked":["hermit:Cheat","hermit:ItchyTrigger"],"picked":"hermit:Roulette","floor":5},{"not_picked":["hermit:Midnight","hermit:Coalescence"],"picked":"hermit:Misfire","floor":6},{"not_picked":["hermit:ItchyTrigger","hermit:Shortfuse"],"picked":"hermit:Enervate","floor":7},{"not_picked":["hermit:Scavenge","hermit:Cheat"],"picked":"hermit:HighCaliber","floor":12},{"not_picked":["hermit:ShadowCloak","hermit:FlashPowder"],"picked":"hermit:EyeOfTheStorm","floor":13}],"player_experience":1152779,"relics_obtained":[{"floor":6,"key":"Boot"},{"floor":10,"key":"reliquary:PrincelyHelmet"}],"event_choices":[{"damage_healed":0,"gold_gain":0,"player_choice":"Box","damage_taken":0,"relics_obtained":["Omamori"],"max_hp_gain":0,"max_hp_loss":0,"event_name":"Big Fish","floor":2,"gold_loss":0,"cards_obtained":["Regret"]},{"damage_healed":0,"gold_gain":1,"player_choice":"1","damage_taken":0,"max_hp_gain":0,"max_hp_loss":0,"event_name":"betterStone:BetterStone","floor":4,"gold_loss":0},{"damage_healed":18,"gold_gain":0,"player_choice":"Healed and dodged fight","damage_taken":0,"max_hp_gain":0,"max_hp_loss":0,"event_name":"Mushrooms","floor":14,"gold_loss":0,"cards_obtained":["Parasite"]},{"damage_healed":0,"gold_gain":0,"player_choice":"Upgraded","damage_taken":0,"max_hp_gain":0,"max_hp_loss":0,"event_name":"Upgrade Shrine","floor":15,"gold_loss":0,"cards_upgraded":["hermit:RoundhouseKick"]}],"is_beta":false,"boss_relics":[],"items_purged_floors":[],"is_endless":false,"potions_floor_spawned":[5,7,13],"killed_by":"Hexaghost","ascension_level":0}}