{"host":"8d3fefv2347kqkpz","time":1612735153,"event":{"mods":["AchievementEnabler","Act Like it!","Aspiration","BaseMod","Better Vampires","Colored Map","Colored Powertips","Conspire","Downfall","GifTheSpireLib","Highlight Path","Hubris","Mimic Mod","Minty Spire (QoL Compilation)","Quick Restart","Rare Cards Sparkle","Relic Stats","Replay The Spire","Spicy Shops","StSLib","The Jungle","Waifu the Spire"],"gold_per_floor":[99,99,99,28,28,41,76,226,238,238,254,269,269,269,269],"floor_reached":13,"language":"ZHS","playtime":655,"items_purged":[],"score":73,"play_id":"e98a6390-42e1-4cd1-abe4-2c7307060345","local_time":"20210208055913","is_ascension_mode":false,"campfire_choices":[{"data":"Guardian:TwinSlam","floor":1.0,"key":"SMITH"}],"circlet_count":0,"master_deck":["Guardian:Strike_Guardian","Guardian:Strike_Guardian","Guardian:Strike_Guardian","Guardian:Defend_Guardian","Guardian:Defend_Guardian","Guardian:Defend_Guardian","Guardian:Defend_Guardian","Guardian:CurlUp","Guardian:TwinSlam+1","Guardian:Planning","Guardian:GemFinder","Guardian:Recover","Guardian:Orbwalk","Guardian:BaubleBeam","Guardian:Gem_Cyan","Guardian:Clone","Guardian:Gem_Cyan","Guardian:Orbwalk","downfall:Icky","Guardian:PiercingHide","Guardian:Gem_Lightblue","Guardian:Gem_Lightblue","Guardian:Gem_Yellow","Guardian:Gem_Cyan","Guardian:DecasProtection"],"relics":["Guardian:ModeShifter","downfall:HeartsMalice","ReplayTheSpireMod:Lightbulb"],"acts_visited":["Exordium"],"potions_floor_usage":[],"damage_taken":[{"damage":0.0,"enemies":"Jaw Worm","floor":2.0,"turns":1.0},{"damage":0.0,"enemies":"downfall:FleeingMerchant","floor":4.0,"turns":1.0},{"damage":0.0,"enemies":"Cultist","floor":5.0,"turns":1.0},{"damage":7.0,"enemies":"Small Slimes","floor":6.0,"turns":5.0},{"damage":2.0,"enemies":"Exordium Thugs","floor":7.0,"turns":9.0},{"damage":15.0,"enemies":"Exordium Thugs","floor":9.0,"turns":8.0},{"damage":2.0,"enemies":"Blue Slaver","floor":11.0,"turns":7.0},{"damage":5,"enemies":"2 Fungi Beasts","floor":12,"turns":5},{"damage":46,"enemies":"Gremlin Nob","floor":13,"turns":8}],"seed_played":"-427337456080497637","potions_obtained":[{"floor":6.0,"key":"BlessingOfTheForge"},{"floor":9.0,"key":"Explosive Potion"},{"floor":11.0,"key":"Fire Potion"}],"is_trial":false,"path_per_floor":["R","M","?","$","M","M","MIM","?","M","?","M","M","E"],"character_chosen":"GUARDIAN","items_purchased":["Guardian:Orbwalk"],"campfire_rested":0,"item_purchase_floors":[4],"current_hp_per_floor":[80,80,80,80,80,73,71,71,56,56,54,49,3,3,3],"gold":269,"neow_bonus":"THREE_ENEMY_KILL","is_daily":false,"chose_seed":false,"campfire_upgraded":1,"win_rate":0.0,"timestamp":1612735153,"path_taken":["R","M","?","?","M","M","MIM","?","?","?","M","M","E"],"items_purchased_type":["Card"],"build_version":"2020-12-22","purchased_purges":0,"victory":false,"max_hp_per_floor":[80,80,80,80,80,80,80,80,80,80,80,80,80,80,80],"relic_stats":{"counters":[9,42],"obtain_stats":[{"Guardian:ModeShifter":0,"downfall:HeartsMalice":0,"ReplayTheSpireMod:Lightbulb":7},{"Guardian:ModeShifter":0,"downfall:HeartsMalice":0,"ReplayTheSpireMod:Lightbulb":5},{"Guardian:ModeShifter":0,"downfall:HeartsMalice":0,"ReplayTheSpireMod:Lightbulb":14}]},"card_choices":[{"not_picked":["Guardian:Gem_Green","Guardian:ChargeCore"],"picked":"Guardian:Planning","floor":2.0},{"not_picked":["Guardian:WalkerClaw","Guardian:BronzeOrb"],"picked":"Guardian:Recover","floor":4.0},{"not_picked":["Guardian:Gem_Lightblue","Guardian:PrimingBeam"],"picked":"Guardian:BaubleBeam","floor":5.0},{"not_picked":["Guardian:Gem_Lightblue","Guardian:Gem_Green"],"picked":"Guardian:Gem_Cyan","floor":6.0},{"not_picked":["Guardian:VentSteam","Guardian:Gem_Lightblue"],"picked":"Guardian:Clone","floor":6.0},{"not_picked":["Guardian:Gem_Green","Guardian:Gem_Red"],"picked":"Guardian:Gem_Cyan","floor":7.0},{"not_picked":["Guardian:Gem_Cyan","Guardian:BronzeOrb"],"picked":"Guardian:Orbwalk","floor":7.0},{"not_picked":["Guardian:ShieldCharger","Guardian:Suspension"],"picked":"Guardian:PiercingHide","floor":9.0},{"not_picked":["Guardian:Gem_Red","Guardian:Gem_Cyan"],"picked":"Guardian:Gem_Lightblue","floor":9.0},{"not_picked":["Guardian:Gem_Red","Guardian:Gem_Cyan"],"picked":"Guardian:Gem_Lightblue","floor":11.0},{"not_picked":["Guardian:Gem_Yellow","Guardian:FierceBash","Guardian:Incinerate"],"picked":"SKIP","floor":11.0},{"not_picked":["Guardian:FierceBash","Guardian:Incinerate"],"picked":"Guardian:Gem_Yellow","floor":11.0},{"not_picked":["Guardian:Gem_Lightblue","Guardian:Gem_Red"],"picked":"Guardian:Gem_Cyan","floor":12},{"not_picked":["Guardian:Harden","Guardian:Orbwalk"],"picked":"Guardian:DecasProtection","floor":12}],"player_experience":294015,"relics_obtained":[{"floor":7.0,"key":"ReplayTheSpireMod:Lightbulb"}],"event_choices":[],"is_beta":false,"boss_relics":[],"items_purged_floors":[],"is_endless":false,"potions_floor_spawned":[6,9,11],"killed_by":"Gremlin Nob","ascension_level":0}}