{"host":"by8i6f8xc0ywpsd5","time":1612684605,"event":{"mods":["BaseMod","Colored Map","Minty Spire (QoL Compilation)","Relic Stats"],"gold_per_floor":[110,129,143,143,16,41,41,72,147,147,147,167,185,215,215,293,293,308,308,13,26,41,41,73,84,84,84,84,113,113,113,113,192,192,209,223,223,242,84,84,114,114,114,166,166,66,76,107,107,107,107,107],"floor_reached":51,"language":"ENG","playtime":5197,"items_purged":["Strike_R+1","Strike_R+1"],"score":1622,"play_id":"e29af354-cd3b-4dec-9c53-05a087ed7047","local_time":"20210207095645","is_ascension_mode":true,"campfire_choices":[{"floor":7.0,"key":"REST"},{"floor":15.0,"key":"REST"},{"floor":23.0,"key":"DIG"},{"floor":28.0,"key":"DIG"},{"floor":30.0,"key":"DIG"},{"floor":32.0,"key":"DIG"},{"floor":40.0,"key":"DIG"},{"floor":49.0,"key":"RECALL"}],"circlet_count":0,"master_deck":["AscendersBane","Defend_R+1","Defend_R+1","Defend_R+1","Bash+1","Havoc","Ghostly Armor","Inflame","Hemokinesis","Whirlwind+1","Heavy Blade","Battle Trance","Exhume","Shockwave","Warcry+1","Shrug It Off","Bloodletting","Ghostly","Ghostly","Ghostly","Offering+1","Body Slam+1","Fiend Fire+1","Dual Wield+1","Pommel Strike+1","Pommel Strike+1","Madness+1","Madness+1","Warcry+1","Havoc+1","Whirlwind+1","Disarm+1"],"relics":["Busted Crown","Shovel","Whetstone","Question Card","Mercury Hourglass","Fusion Hammer","Akabeko","Unceasing Top","Gambling Chip","Mummified Hand","Molten Egg 2","Art of War","White Beast Statue","Charon\u0027s Ashes","Toxic Egg 2","Astrolabe","Pantograph","Frozen Egg 2","Dead Branch","HornCleat"],"acts_visited":["Exordium","TheCity","TheBeyond"],"potions_floor_usage":[51],"damage_taken":[{"damage":7.0,"enemies":"Jaw Worm","floor":1.0,"turns":3.0},{"damage":4.0,"enemies":"Small Slimes","floor":2.0,"turns":3.0},{"damage":3.0,"enemies":"2 Louse","floor":3.0,"turns":3.0},{"damage":19.0,"enemies":"Lagavulin","floor":6.0,"turns":6.0},{"damage":12.0,"enemies":"3 Sentries","floor":8.0,"turns":4.0},{"damage":7.0,"enemies":"Lots of Slimes","floor":12.0,"turns":3.0},{"damage":3.0,"enemies":"Blue Slaver","floor":13.0,"turns":3.0},{"damage":10.0,"enemies":"Gremlin Nob","floor":14.0,"turns":3.0},{"damage":9.0,"enemies":"Slime Boss","floor":16.0,"turns":6.0},{"damage":0.0,"enemies":"2 Thieves","floor":18.0,"turns":1.0},{"damage":0.0,"enemies":"Spheric Guardian","floor":21.0,"turns":3.0},{"damage":2.0,"enemies":"Chosen and Byrds","floor":22.0,"turns":2.0},{"damage":16.0,"enemies":"Slavers","floor":24.0,"turns":2.0},{"damage":0.0,"enemies":"Cultist and Chosen","floor":25.0,"turns":3.0},{"damage":5.0,"enemies":"Gremlin Leader","floor":29.0,"turns":5.0},{"damage":8.0,"enemies":"Collector","floor":33.0,"turns":5.0},{"damage":0.0,"enemies":"3 Darklings","floor":35.0,"turns":3.0},{"damage":1.0,"enemies":"3 Shapes","floor":36.0,"turns":4.0},{"damage":0.0,"enemies":"Jaw Worm Horde","floor":38.0,"turns":1.0},{"damage":6.0,"enemies":"Reptomancer","floor":41.0,"turns":1.0},{"damage":2.0,"enemies":"2 Orb Walkers","floor":44.0,"turns":2.0},{"damage":0.0,"enemies":"3 Darklings","floor":47.0,"turns":1.0},{"damage":0.0,"enemies":"Nemesis","floor":48.0,"turns":3.0},{"damage":2.0,"enemies":"Donu and Deca","floor":50.0,"turns":4.0},{"damage":106,"enemies":"Time Eater","floor":51,"turns":11}],"seed_played":"-6673220495877429870","potions_obtained":[{"floor":1.0,"key":"ColorlessPotion"},{"floor":6.0,"key":"Swift Potion"},{"floor":13.0,"key":"CultistPotion"},{"floor":16.0,"key":"SteroidPotion"},{"floor":21.0,"key":"ElixirPotion"},{"floor":25.0,"key":"Weak Potion"},{"floor":29.0,"key":"BloodPotion"},{"floor":33.0,"key":"DuplicationPotion"},{"floor":35.0,"key":"Ancient Potion"},{"floor":38.0,"key":"FairyPotion"}],"is_trial":false,"path_per_floor":["M","M","M","?","$","E","R","E","T","?","?","M","M","E","R","B",null,"M","?","$","M","M","R","E","M","T","?","R","E","R","?","R","B",null,"M","M","?","M","$","R","E","?","T","?","?","$","M","E","R","B","B"],"character_chosen":"IRONCLAD","items_purchased":["Inflame","Hemokinesis","Akabeko","Shockwave","Fire Potion","Warcry+1","Havoc+1"],"campfire_rested":2,"item_purchase_floors":[5,5,20,20,20,39,39],"current_hp_per_floor":[61,57,54,47,47,28,50,38,38,38,38,31,28,18,40,31,64,64,64,64,64,62,62,46,46,46,37,37,32,32,32,32,24,34,34,33,26,26,26,26,20,20,20,18,18,18,18,18,18,35,0,0],"gold":107,"neow_bonus":"BOSS_RELIC","is_daily":false,"chose_seed":false,"campfire_upgraded":0,"win_rate":0.0,"timestamp":1612684605,"path_taken":["M","M","M","?","$","E","R","E","T","?","?","M","M","E","R","BOSS","M","?","$","M","M","R","E","M","T","?","R","E","R","?","R","BOSS","M","?","?","M","$","R","E","?","T","?","?","$","?","E","R","BOSS","BOSS"],"items_purchased_type":["Card","Card","Relic","Card","Potion","Card","Card"],"build_version":"2020-12-22","purchased_purges":2,"victory":false,"max_hp_per_floor":[75,75,75,75,75,75,75,75,75,75,75,75,75,75,75,75,75,75,75,75,75,75,75,75,75,75,37,37,37,37,37,37,37,37,37,37,37,37,37,37,37,37,37,37,37,37,37,37,37,37,37,37],"relic_stats":{"counters":[25,85],"Astrolabe":["Body Slam","Fiend Fire","Dual Wield"],"Dead Branch":[68],"Charon\u0027s Ashes":[469],"Whetstone":["Strike_R","Bash"],"Question Card":18,"Mercury Hourglass":[267],"Busted Crown":46,"Shovel":5,"Mummified Hand":[16],"Gambling Chip":[39],"Pantograph":21,"Art of War":[5],"obtain_stats":[{"Astrolabe":34,"Dead Branch":44,"Charon\u0027s Ashes":31,"Whetstone":8,"Frozen Egg 2":41,"Question Card":9,"Burning Blood":0,"Akabeko":20,"White Beast Statue":30,"Mercury Hourglass":14,"Busted Crown":0,"Shovel":6,"HornCleat":48,"Mummified Hand":26,"Gambling Chip":24,"Pantograph":40,"Molten Egg 2":28,"Fusion Hammer":17,"Art of War":29,"Toxic Egg 2":32,"Unceasing Top":23},{"Astrolabe":16,"Dead Branch":21,"Charon\u0027s Ashes":15,"Whetstone":5,"Frozen Egg 2":20,"Question Card":5,"Burning Blood":0,"Akabeko":10,"White Beast Statue":15,"Mercury Hourglass":8,"Busted Crown":0,"Shovel":4,"HornCleat":23,"Mummified Hand":14,"Gambling Chip":13,"Pantograph":19,"Molten Egg 2":14,"Fusion Hammer":9,"Art of War":15,"Toxic Egg 2":15,"Unceasing Top":12},{"Astrolabe":55,"Dead Branch":66,"Charon\u0027s Ashes":50,"Whetstone":19,"Frozen Egg 2":64,"Question Card":19,"Burning Blood":0,"Akabeko":35,"White Beast Statue":50,"Mercury Hourglass":28,"Busted Crown":0,"Shovel":15,"HornCleat":70,"Mummified Hand":45,"Gambling Chip":42,"Pantograph":63,"Molten Egg 2":45,"Fusion Hammer":34,"Art of War":50,"Toxic Egg 2":50,"Unceasing Top":40}],"Unceasing Top":[3]},"card_choices":[{"not_picked":["Rupture"],"picked":"SKIP","floor":1.0},{"not_picked":[],"picked":"Havoc","floor":2.0},{"not_picked":[],"picked":"Ghostly Armor","floor":3.0},{"not_picked":[],"picked":"Whirlwind","floor":6.0},{"not_picked":[],"picked":"Heavy Blade","floor":8.0},{"not_picked":["Cleave","Second Wind"],"picked":"SKIP","floor":12.0},{"not_picked":["Flame Barrier"],"picked":"Battle Trance","floor":13.0},{"not_picked":["Heavy Blade","True Grit"],"picked":"SKIP","floor":14.0},{"not_picked":["Corruption"],"picked":"Exhume","floor":16.0},{"not_picked":["Shrug It Off"],"picked":"Anger+1","floor":18.0},{"not_picked":["Combust"],"picked":"Warcry+1","floor":21.0},{"not_picked":["Blood for Blood"],"picked":"Shrug It Off","floor":22.0},{"not_picked":["Evolve"],"picked":"Bloodletting","floor":24.0},{"not_picked":["Dropkick","Body Slam"],"picked":"SKIP","floor":25.0},{"not_picked":["Armaments","Blood for Blood+1"],"picked":"SKIP","floor":29.0},{"not_picked":["Bludgeon+1"],"picked":"Offering+1","floor":33.0},{"not_picked":["Wild Strike+1"],"picked":"Pommel Strike+1","floor":35.0},{"not_picked":["Dual Wield+1"],"picked":"Pommel Strike+1","floor":36.0},{"not_picked":["Reckless Charge+1","Entrench+1"],"picked":"SKIP","floor":38.0},{"not_picked":["Carnage+1"],"picked":"Whirlwind+1","floor":41.0},{"not_picked":["Thunderclap+1"],"picked":"Disarm+1","floor":47.0},{"not_picked":["Entrench+1","Pommel Strike+1"],"picked":"SKIP","floor":48.0}],"player_experience":1766506,"relics_obtained":[{"floor":6.0,"key":"Shovel"},{"floor":8.0,"key":"Whetstone"},{"floor":9.0,"key":"Question Card"},{"floor":14.0,"key":"Mercury Hourglass"},{"floor":23.0,"key":"Unceasing Top"},{"floor":24.0,"key":"Gambling Chip"},{"floor":26.0,"key":"Mummified Hand"},{"floor":28.0,"key":"Molten Egg 2"},{"floor":29.0,"key":"Art of War"},{"floor":30.0,"key":"White Beast Statue"},{"floor":32.0,"key":"Toxic Egg 2"},{"floor":40.0,"key":"Pantograph"},{"floor":41.0,"key":"Frozen Egg 2"},{"floor":44.0,"key":"Dead Branch"},{"floor":48.0,"key":"HornCleat"}],"event_choices":[{"cards_removed":["Defend_R"],"damage_healed":0.0,"max_hp_gain":0.0,"max_hp_loss":0.0,"gold_gain":0.0,"event_name":"Golden Wing","player_choice":"Card Removal","floor":4.0,"gold_loss":0.0,"damage_taken":7.0},{"damage_healed":0.0,"max_hp_gain":0.0,"max_hp_loss":0.0,"gold_gain":0.0,"event_name":"Shining Light","player_choice":"Ignored","floor":10.0,"gold_loss":0.0,"damage_taken":0.0},{"damage_healed":0.0,"max_hp_gain":0.0,"max_hp_loss":0.0,"gold_gain":0.0,"event_name":"Living Wall","player_choice":"Grow","floor":11.0,"gold_loss":0.0,"damage_taken":0.0,"cards_upgraded":["Whirlwind"]},{"damage_healed":0.0,"max_hp_gain":0.0,"max_hp_loss":0.0,"gold_gain":0.0,"event_name":"Back to Basics","player_choice":"Simplicity","floor":19.0,"gold_loss":0.0,"damage_taken":0.0,"cards_upgraded":["Strike_R","Strike_R","Strike_R","Strike_R","Defend_R","Defend_R","Defend_R"]},{"damage_healed":0.0,"max_hp_gain":0.0,"max_hp_loss":38.0,"gold_gain":0.0,"event_name":"Ghosts","player_choice":"Became a Ghost","floor":27.0,"gold_loss":0.0,"damage_taken":0.0,"cards_obtained":["Ghostly","Ghostly","Ghostly"]},{"damage_healed":0.0,"max_hp_gain":0.0,"max_hp_loss":0.0,"gold_gain":0.0,"event_name":"WeMeetAgain","player_choice":"Gave Potion","floor":31.0,"gold_loss":0.0,"damage_taken":0.0,"relics_obtained":["Charon\u0027s Ashes"]},{"damage_healed":0.0,"max_hp_gain":0.0,"max_hp_loss":0.0,"gold_gain":0.0,"event_name":"Winding Halls","player_choice":"Embrace Madness","floor":37.0,"gold_loss":0.0,"damage_taken":7.0,"cards_obtained":["Madness","Madness"]},{"cards_removed":["Anger"],"damage_healed":0.0,"max_hp_gain":0.0,"max_hp_loss":0.0,"gold_gain":0.0,"event_name":"Falling","player_choice":"Removed Attack","floor":42.0,"gold_loss":0.0,"damage_taken":0.0},{"damage_healed":0.0,"max_hp_gain":0.0,"max_hp_loss":0.0,"gold_gain":0.0,"event_name":"Mysterious Sphere","player_choice":"Fight","floor":44.0,"gold_loss":0.0,"damage_taken":0.0},{"damage_healed":0.0,"max_hp_gain":0.0,"max_hp_loss":0.0,"gold_gain":0.0,"event_name":"The Moai Head","player_choice":"Ignored","floor":45.0,"gold_loss":0.0,"damage_taken":0.0}],"is_beta":false,"boss_relics":[{"not_picked":["Cursed Key","Coffee Dripper"],"picked":"Fusion Hammer"},{"not_picked":["Runic Cube","Philosopher\u0027s Stone"],"picked":"Astrolabe"}],"items_purged_floors":[39,46],"is_endless":false,"potions_floor_spawned":[1,6,13,16,21,25,29,33,35,36,38,41,44,47,48],"killed_by":"Time Eater","ascension_level":20}}