{"host":"kig4ty9d1aubg29s","time":1612710199,"event":{"mods":["BaseMod","Minty Spire (QoL Compilation)","READ ME - Guardian Mod","READ ME - Snecko Mod","StSLib","The Cursed","The Gatherer","The Hierophant","The Runesmith"],"gold_per_floor":[212,177,197,197,211,240,254,254,254,254,254,274,274,293,293,293,293],"floor_reached":16,"language":"KOR","playtime":436,"items_purged":[],"score":204,"play_id":"74b2f5e2-85ec-4eee-96d8-68fca6c52107","local_time":"20210208000319","is_ascension_mode":true,"campfire_choices":[{"floor":8,"key":"REST"},{"floor":10,"key":"REST"},{"floor":13,"key":"REST"},{"floor":15,"key":"REST"}],"circlet_count":0,"master_deck":["AscendersBane","Strike_B","Strike_B","Strike_B","Strike_B+1","Defend_B","Defend_B+1","Defend_B","Defend_B","Zap","Dualcast","Loop","Cold Snap","White Noise","Chill","Hyperbeam","Defragment","Blizzard"],"relics":["Cracked Core","Blood Vial","Shuriken","White Beast Statue"],"acts_visited":["Exordium"],"potions_floor_usage":[7,14,16],"damage_taken":[{"damage":7,"enemies":"2 Louse","floor":1,"turns":2},{"damage":7,"enemies":"Jaw Worm","floor":3,"turns":5},{"damage":18,"enemies":"Small Slimes","floor":5,"turns":4},{"damage":56,"enemies":"Gremlin Nob","floor":6,"turns":5},{"damage":21,"enemies":"Gremlin Gang","floor":7,"turns":5},{"damage":18,"enemies":"Exordium Wildlife","floor":12,"turns":2},{"damage":7,"enemies":"Red Slaver","floor":14,"turns":4},{"damage":49,"enemies":"Hexaghost","floor":16,"turns":9}],"seed_played":"-7872689393260003441","potions_obtained":[{"floor":1,"key":"Dexterity Potion"},{"floor":3,"key":"FairyPotion"},{"floor":12,"key":"EssenceOfSteel"},{"floor":14,"key":"FearPotion"}],"is_trial":false,"path_per_floor":["M","?","M","?","M","E","M","R","T","R","?","M","R","M","R","B"],"character_chosen":"DEFECT","items_purchased":[],"campfire_rested":4,"item_purchase_floors":[],"current_hp_per_floor":[57,71,64,59,43,21,2,23,23,44,23,7,28,23,44,0,0],"gold":293,"neow_bonus":"HUNDRED_GOLD","is_daily":false,"chose_seed":false,"campfire_upgraded":0,"win_rate":0.0,"timestamp":1612710199,"path_taken":["M","?","M","?","M","E","M","R","T","R","?","M","R","M","R","BOSS"],"items_purchased_type":[],"build_version":"2020-12-22","purchased_purges":0,"victory":false,"max_hp_per_floor":[71,71,71,71,71,71,71,71,71,71,71,71,71,71,71,71,71],"card_choices":[{"not_picked":["Go for the Eyes","Coolheaded"],"picked":"Loop","floor":1},{"not_picked":["Gash","Steam"],"picked":"Cold Snap","floor":3},{"not_picked":["Go for the Eyes","Conserve Battery"],"picked":"White Noise","floor":5},{"not_picked":["Double Energy","Streamline"],"picked":"Chill","floor":6},{"not_picked":["Conserve Battery","Hello World"],"picked":"Hyperbeam","floor":7},{"not_picked":["Go for the Eyes","Cold Snap"],"picked":"Defragment","floor":12},{"not_picked":["Streamline","Barrage"],"picked":"Blizzard","floor":14}],"player_experience":1966776,"relics_obtained":[{"floor":6,"key":"Shuriken"},{"floor":9,"key":"White Beast Statue"}],"event_choices":[{"damage_healed":17,"gold_gain":0,"player_choice":"Healed","damage_taken":0,"max_hp_gain":0,"max_hp_loss":0,"event_name":"The Cleric","floor":2,"gold_loss":35},{"damage_healed":0,"gold_gain":0,"player_choice":"Success","damage_taken":5,"relics_obtained":["Blood Vial"],"max_hp_gain":0,"max_hp_loss":0,"event_name":"Scrap Ooze","floor":4,"gold_loss":0},{"damage_healed":0,"gold_gain":0,"player_choice":"Entered Light","damage_taken":21,"max_hp_gain":0,"max_hp_loss":0,"event_name":"Shining Light","floor":11,"gold_loss":0,"cards_upgraded":["Strike_B","Defend_B"]}],"is_beta":false,"boss_relics":[],"items_purged_floors":[],"is_endless":false,"potions_floor_spawned":[1,3,12,14],"killed_by":"Hexaghost","ascension_level":20}}