{"host":"c35j6tsoy7cxzn43","time":1612721340,"event":{"mods":["BaseMod","Better Third Choice","BetterRewards","Colored Map","Colored Powertips","Conspire","Highlight Path","Hubris","Infinite Spire","Minty Spire (QoL Compilation)","Quick Restart","Replay The Spire","Shop Mod","StSLib"],"gold_per_floor":[113,133,149,164,164,164,194,194,219,246,266,276,131,151,151,247,247,259,359,376,443,443,443,469,481,493,521,543,574,586,618,630,738,750,777,789,801,813,836,848,860,886,898,935,959,984,1007,379,379,379],"floor_reached":51,"language":"ENG","playtime":2845,"items_purged":["Barricade+1"],"score":713,"play_id":"3b6b3c04-8360-463f-9a79-7dce99b3ef8a","local_time":"20210207190900","is_ascension_mode":false,"campfire_choices":[{"data":"Metallicize","floor":6,"key":"SMITH"},{"data":"Perfected Strike","floor":8,"key":"SMITH"},{"data":"Barricade","floor":15,"key":"SMITH"},{"data":"Impervious","floor":23,"key":"SMITH"},{"data":"Iron Wave","floor":25,"key":"SMITH"},{"data":"Demon Form","floor":32,"key":"SMITH"},{"data":"hubris:StunningStrike","floor":40,"key":"SMITH"},{"data":"Limit Break","floor":49,"key":"SMITH"}],"circlet_count":0,"master_deck":["Strike_R","Strike_R","Strike_R","Strike_R","Strike_R","Bash","Perfected Strike+1","Seeing Red+1","Metallicize+1","Barricade+1","Impervious+1","Bloodletting+1","Pummel+1","Iron Wave","Intimidate+1","Iron Wave+1","Body Slam","Rampage+1","Demon Form+1","hubris:StunningStrike+1","Flex+1","Perfected Strike+1","Limit Break+1"],"relics":["Burning Blood","NeowsBlessing","infinitespire:Satchel","infinitespire:Lucky Rock","War Paint","Astrolabe","hubris:EmptyBottle","Replay:Wanted Poster","King of Hearts","MutagenicStrength","MawBank","Peace Pipe","Ooze Armor","InkBottle","Incense Burner","Ornamental Fan","infinitespire:Broken Mirror"],"acts_visited":["Exordium","TheCity","TheBeyond"],"potions_floor_usage":[10,16,28,33,33,42,44,50,50,50,50,50,50],"damage_taken":[{"damage":0,"enemies":"Jaw Worm","floor":1,"turns":1},{"damage":0,"enemies":"Cultist","floor":2,"turns":1},{"damage":0,"enemies":"Small Slimes","floor":3,"turns":1},{"damage":2,"enemies":"3 Louse","floor":4,"turns":5},{"damage":19,"enemies":"Gremlin Nob","floor":7,"turns":4},{"damage":32,"enemies":"Lagavulin","floor":10,"turns":6},{"damage":2,"enemies":"Blue Slaver","floor":11,"turns":2},{"damage":6,"enemies":"Looter","floor":12,"turns":3},{"damage":2,"enemies":"3 Louse","floor":14,"turns":3},{"damage":38,"enemies":"Hexaghost","floor":16,"turns":11},{"damage":15,"enemies":"3 Byrds","floor":18,"turns":6},{"damage":0,"enemies":"Spheric Guardian","floor":20,"turns":5},{"damage":24,"enemies":"conspire:SneckoGhost","floor":24,"turns":7},{"damage":8,"enemies":"Centurion and Healer","floor":27,"turns":5},{"damage":12,"enemies":"Shelled Parasite and Fungi","floor":28,"turns":5},{"damage":1,"enemies":"Cultist and Chosen","floor":29,"turns":6},{"damage":9,"enemies":"Centurion and Healer","floor":31,"turns":4},{"damage":23,"enemies":"Automaton","floor":33,"turns":9},{"damage":2,"enemies":"Orb Walker","floor":35,"turns":4},{"damage":32,"enemies":"infinitespire:Three Voidlings","floor":38,"turns":5},{"damage":12,"enemies":"3 Darklings","floor":39,"turns":4},{"damage":3,"enemies":"Jaw Worm Horde","floor":42,"turns":5},{"damage":25,"enemies":"R_Hoarder","floor":44,"turns":5},{"damage":13,"enemies":"Maw","floor":45,"turns":6},{"damage":14,"enemies":"Spire Growth","floor":46,"turns":4},{"damage":0,"enemies":"Transient","floor":47,"turns":5},{"damage":30,"enemies":"Donu and Deca","floor":50,"turns":7}],"seed_played":"2817888151294218510","potions_obtained":[{"floor":3,"key":"AttackPotion"},{"floor":4,"key":"Milkshake"},{"floor":10,"key":"Adrenaline Potion"},{"floor":16,"key":"AttackPotion"},{"floor":27,"key":"PowerPotion"},{"floor":29,"key":"SteroidPotion"},{"floor":35,"key":"SteroidPotion"},{"floor":45,"key":"LiquidBronze"}],"is_trial":false,"path_per_floor":["M","M","M","M","?","R","E","R","T","E","M","M","$","M","R","B",null,"M","AVR","M","?","?","R","E","R","T","M","M","M","?","M","R","B",null,"M","$","?","?","M","R","?","M","T","E","M","M","M","$","R","B",null],"character_chosen":"IRONCLAD","items_purchased":["War Paint","Ornamental Fan","infinitespire:Broken Mirror","Limit Break"],"campfire_rested":0,"item_purchase_floors":[13,48,48,48],"current_hp_per_floor":[80,80,80,80,80,80,67,67,67,41,45,45,45,49,49,17,80,71,71,77,57,57,57,39,39,39,37,31,36,36,33,33,16,80,80,80,80,72,66,66,66,69,69,51,44,36,42,42,42,18],"gold":379,"neow_bonus":"THREE_ENEMY_KILL","is_daily":false,"chose_seed":false,"campfire_upgraded":8,"win_rate":0.0,"timestamp":1612721340,"path_taken":["M","M","M","M","?","R","E","R","T","E","?","M","$","M","R","BOSS","M","AVR","M","?","?","R","E","R","T","M","M","M","?","M","R","BOSS","M","$","?","?","M","R","?","M","T","E","?","M","M","$","R","BOSS"],"items_purchased_type":["Relic","Relic","Relic","Card"],"build_version":"2020-12-22","purchased_purges":1,"victory":true,"max_hp_per_floor":[80,80,80,80,80,80,80,80,80,80,80,80,80,80,80,80,80,80,80,80,80,80,80,80,80,80,80,80,80,80,80,80,80,80,80,80,80,80,80,80,80,80,80,81,81,81,81,81,81,81],"card_choices":[{"not_picked":["Cleave","Whirlwind"],"picked":"Perfected Strike","floor":1},{"not_picked":["Shrug It Off","Carnage"],"picked":"Seeing Red","floor":2},{"not_picked":["Iron Wave","ReplayTheSpireMod:Strike From Hell"],"picked":"Metallicize","floor":3},{"not_picked":["Massacre","Anger","Heavy Blade"],"picked":"SKIP","floor":4},{"not_picked":["Burning Pact","Clothesline","True Grit"],"picked":"SKIP","floor":7},{"not_picked":["Dropkick","Pommel Strike"],"picked":"Barricade","floor":10},{"not_picked":["Headbutt","Battle Trance","hubris:SharpeningStone"],"picked":"SKIP","floor":11},{"not_picked":["Clash","ReplayTheSpireMod:Strike From Hell","Replay:Undeath\u0027s Touch"],"picked":"SKIP","floor":12},{"not_picked":["Twin Strike","Blood for Blood"],"picked":"Flex","floor":14},{"not_picked":["Brutality","Limit Break"],"picked":"Impervious","floor":16},{"not_picked":["Armaments","Heavy Blade"],"picked":"Iron Wave","floor":18},{"not_picked":["hubris:ReadiedAction+1","Headbutt+1"],"picked":"Intimidate+1","floor":20},{"not_picked":["Rupture","Life Link+1"],"picked":"Iron Wave","floor":24},{"not_picked":["Dropkick","hubris:SharpeningStone","Run Through+1"],"picked":"SKIP","floor":27},{"not_picked":["Evolve+1","Run Through"],"picked":"Body Slam","floor":28},{"not_picked":["Sword Boomerang","Defy Death"],"picked":"Rampage","floor":29},{"not_picked":["Anger","Abandon"],"picked":"Demon Form","floor":31},{"not_picked":["Demonic Infusion","Berserk"],"picked":"hubris:StunningStrike","floor":33},{"not_picked":["Havoc+1","Pommel Strike","hubris:SharpeningStone"],"picked":"SKIP","floor":35},{"not_picked":["Dark Embrace","Havoc","Searing Blow+1"],"picked":"SKIP","floor":39},{"not_picked":["hubris:ReadiedAction+1","Combust+1","Replay:Undeath\u0027s Touch"],"picked":"SKIP","floor":42},{"not_picked":["Reckless Charge","ReplayTheSpireMod:Limb From Limb+1","Double Tap"],"picked":"SKIP","floor":44},{"not_picked":["Replay:Undeath\u0027s Touch","True Grit"],"picked":"Flex+1","floor":45},{"not_picked":["Thunderclap","Replay:Undeath\u0027s Touch"],"picked":"Perfected Strike+1","floor":46},{"not_picked":["Uppercut","Flame Barrier+1","Run Through"],"picked":"SKIP","floor":47}],"player_experience":457024,"relics_obtained":[{"floor":7,"key":"infinitespire:Satchel"},{"floor":10,"key":"infinitespire:Lucky Rock"},{"floor":21,"key":"King of Hearts"},{"floor":24,"key":"MawBank"},{"floor":26,"key":"Peace Pipe"},{"floor":43,"key":"InkBottle"},{"floor":44,"key":"Incense Burner"}],"event_choices":[{"cards_removed":["Defend_R"],"damage_healed":0,"gold_gain":0,"player_choice":"Purged","damage_taken":0,"max_hp_gain":0,"max_hp_loss":0,"event_name":"Purifier","floor":5,"gold_loss":0},{"damage_healed":0,"gold_gain":0,"player_choice":"Inject Mutagens","damage_taken":0,"relics_obtained":["MutagenicStrength"],"max_hp_gain":0,"max_hp_loss":0,"event_name":"Drug Dealer","floor":22,"gold_loss":0},{"damage_healed":0,"gold_gain":0,"player_choice":"Leave","damage_taken":0,"max_hp_gain":0,"max_hp_loss":0,"event_name":"conspire:Investor","floor":37,"gold_loss":0},{"cards_removed":["Defend_R"],"damage_healed":0,"gold_gain":0,"player_choice":"Removed Skill","damage_taken":0,"max_hp_gain":0,"max_hp_loss":0,"event_name":"Falling","floor":41,"gold_loss":0}],"is_beta":false,"boss_relics":[{"not_picked":["Snecko Eye","ReplayTheSpireMod:DimensionalGlitch"],"picked":"Astrolabe"},{"not_picked":["hubris:RunicObelisk","Replay:Ancient Bell"],"picked":"Ooze Armor"}],"items_purged_floors":[19],"is_endless":false,"potions_floor_spawned":[3,4,10,16,27,29,31,35,42,45],"ascension_level":0}}