{"host":"rq7gz685gkaokql0","time":1612741415,"event":{"mods":["BaseMod","Hubris","Infinite Spire","Minty Spire (QoL Compilation)","Replay The Spire","StSLib"],"gold_per_floor":[116,131,131,131,131,171,171,215,215,236,236,236,236],"floor_reached":12,"language":"ENG","playtime":248,"items_purged":[],"score":222,"play_id":"f00f0d72-4c44-4c47-8cca-bc1c5d5380e4","local_time":"20210207134335","is_ascension_mode":true,"campfire_choices":[{"data":"Crippling Poison","floor":7,"key":"SMITH"}],"circlet_count":0,"master_deck":["AscendersBane","Strike_G","Strike_G","Strike_G","Strike_G","Strike_G","Defend_G","Defend_G","Defend_G","Defend_G","Defend_G","Survivor","Neutralize","Backstab","Heel Hook","Injury","Crippling Poison+1","Catalyst","Adrenaline"],"relics":["NeowsBlessing","Golden Idol","hubris:Towel","Omamori","hubris:TenFootPole","Snake Skull","Replay:Accelerometer","Sizzling Blood"],"acts_visited":["Exordium"],"potions_floor_usage":[8],"damage_taken":[{"damage":0,"enemies":"2 Louse","floor":1,"turns":1},{"damage":0,"enemies":"Small Slimes","floor":2,"turns":1},{"damage":0,"enemies":"Lagavulin","floor":6,"turns":1},{"damage":39,"enemies":"3 Sentries","floor":8,"turns":11},{"damage":1,"enemies":"Jaw Worm","floor":10,"turns":2},{"damage":8,"enemies":"Gremlin Nob","floor":12,"turns":3}],"seed_played":"4097888917858447764","potions_obtained":[{"floor":1,"key":"Toxic Potion"},{"floor":8,"key":"Elixir"}],"is_trial":false,"path_per_floor":["M","M","?","?","?","E","R","E","T","M","?","E"],"character_chosen":"THE_SILENT","items_purchased":[],"campfire_rested":0,"item_purchase_floors":[],"current_hp_per_floor":[59,59,59,59,54,54,54,15,15,14,18,10,10],"gold":236,"neow_bonus":"THREE_ENEMY_KILL","is_daily":false,"chose_seed":false,"campfire_upgraded":1,"win_rate":0.0,"timestamp":1612741415,"path_taken":["M","M","?","?","?","E","R","E","T","M","?","E"],"items_purchased_type":[],"build_version":"2020-12-22","purchased_purges":0,"victory":false,"max_hp_per_floor":[66,66,66,66,66,66,66,66,66,66,70,70,70],"card_choices":[{"not_picked":["Blade Dance","Underhanded Strike"],"picked":"Backstab","floor":1},{"not_picked":["Eviscerate","Quick Slash"],"picked":"Heel Hook","floor":2},{"not_picked":["Slice","Outmaneuver"],"picked":"Crippling Poison","floor":6},{"not_picked":["Backstab","hubris:SlightOfHand"],"picked":"Catalyst","floor":8},{"not_picked":["Calculated Gamble","Prepared"],"picked":"Adrenaline","floor":10}],"player_experience":1264243,"relics_obtained":[{"floor":6,"key":"hubris:TenFootPole"},{"floor":8,"key":"Snake Skull"},{"floor":9,"key":"Replay:Accelerometer"}],"event_choices":[{"damage_healed":0,"gold_gain":0,"player_choice":"Take Wound","damage_taken":0,"relics_obtained":["Golden Idol"],"max_hp_gain":0,"max_hp_loss":0,"event_name":"Golden Idol","floor":3,"gold_loss":0,"cards_obtained":["Injury"]},{"damage_healed":0,"gold_gain":0,"player_choice":"Success","damage_taken":5,"relics_obtained":["Omamori"],"max_hp_gain":0,"max_hp_loss":0,"event_name":"Scrap Ooze","floor":5,"gold_loss":0}],"is_beta":false,"boss_relics":[],"items_purged_floors":[],"is_endless":false,"potions_floor_spawned":[1,8],"killed_by":"Gremlin Nob","ascension_level":20}}