{"host":"mcmflfjoldkjkv7m","time":1612700322,"event":{"mods":["AchievementEnabler","BaseMod","DeckTracker","Minty Spire (QoL Compilation)","SuperFastMode"],"gold_per_floor":[118,43,118,293,293,326,326,360,384,384,449,94,110,134,134,243,324,334,209,209,254,179,179,190,213,213,233,11,11,36,55,55,166,166,179,179,192,241,250,282,282,312,312,312,73,100,118,152,152,152,152,152,32,57,57],"floor_reached":56,"language":"KOR","playtime":2360,"items_purged":["Strike_G","Doubt","Bouncing Flask","Choke"],"score":2401,"play_id":"aacdb612-c79e-410a-a442-d7830584db6c","local_time":"20210207211842","is_ascension_mode":true,"campfire_choices":[{"data":"Crippling Poison","floor":7.0,"key":"SMITH"},{"floor":10.0,"key":"REST"},{"data":"Neutralize","floor":15.0,"key":"SMITH"},{"data":"Terror","floor":23.0,"key":"SMITH"},{"data":"Prepared","floor":29.0,"key":"SMITH"},{"data":"Reflex","floor":32.0,"key":"SMITH"},{"floor":44.0,"key":"RECALL"},{"data":"Purity","floor":49.0,"key":"SMITH"},{"data":"Acrobatics","floor":52.0,"key":"SMITH"}],"circlet_count":0,"master_deck":["AscendersBane","Survivor","Neutralize+1","Crippling Poison+1","Acrobatics","Die Die Die","Infinite Blades","Acrobatics+1","After Image","Terror+1","Catalyst","Caltrops","Die Die Die","Ghostly","Ghostly","Ghostly","Ghostly","Ghostly","Well Laid Plans+1","Reflex+1","Prepared+1","Grand Finale","Purity+1"],"relics":["Ring of the Snake","NeowsBlessing","WingedGreaves","MealTicket","Anchor","Regal Pillow","CeramicFish","Shuriken","Pandora\u0027s Box","Enchiridion","Meat on the Bone","Medical Kit","Gremlin Horn","Philosopher\u0027s Stone","TungstenRod","Torii","The Courier","Lee\u0027s Waffle","Oddly Smooth Stone","Akabeko","White Beast Statue","Bronze Scales"],"acts_visited":["Exordium","TheCity","TheBeyond","TheEnding"],"potions_floor_usage":[],"damage_taken":[{"damage":0.0,"enemies":"2 Louse","floor":1.0,"turns":1.0},{"damage":0.0,"enemies":"Gremlin Nob","floor":6.0,"turns":1.0},{"damage":0.0,"enemies":"3 Sentries","floor":8.0,"turns":1.0},{"damage":50.0,"enemies":"3 Sentries","floor":11.0,"turns":22.0},{"damage":0.0,"enemies":"Small Slimes","floor":13.0,"turns":3.0},{"damage":2.0,"enemies":"Jaw Worm","floor":14.0,"turns":5.0},{"damage":29.0,"enemies":"The Guardian","floor":16.0,"turns":16.0},{"damage":16.0,"enemies":"Chosen","floor":18.0,"turns":5.0},{"damage":0.0,"enemies":"Spheric Guardian","floor":24.0,"turns":5.0},{"damage":0.0,"enemies":"Shelled Parasite and Fungi","floor":25.0,"turns":6.0},{"damage":12.0,"enemies":"Sentry and Sphere","floor":27.0,"turns":8.0},{"damage":1.0,"enemies":"Book of Stabbing","floor":30.0,"turns":6.0},{"damage":0.0,"enemies":"Cultist and Chosen","floor":31.0,"turns":5.0},{"damage":0.0,"enemies":"Champ","floor":33.0,"turns":7.0},{"damage":0.0,"enemies":"3 Shapes","floor":35.0,"turns":4.0},{"damage":4.0,"enemies":"3 Darklings","floor":37.0,"turns":3.0},{"damage":0.0,"enemies":"2 Orb Walkers","floor":38.0,"turns":5.0},{"damage":6.0,"enemies":"Nemesis","floor":40.0,"turns":3.0},{"damage":0.0,"enemies":"Giant Head","floor":42.0,"turns":4.0},{"damage":0.0,"enemies":"Transient","floor":47.0,"turns":5.0},{"damage":0.0,"enemies":"Reptomancer","floor":48.0,"turns":3.0},{"damage":0.0,"enemies":"Donu and Deca","floor":50.0,"turns":3.0},{"damage":0.0,"enemies":"Shield and Spear","floor":54.0,"turns":3.0},{"damage":0,"enemies":"The Heart","floor":55,"turns":6}],"seed_played":"6341542102473439506","potions_obtained":[{"floor":1.0,"key":"EssenceOfSteel"},{"floor":11.0,"key":"SteroidPotion"},{"floor":14.0,"key":"PowerPotion"},{"floor":24.0,"key":"Fire Potion"},{"floor":36.0,"key":"FairyPotion"},{"floor":36.0,"key":"FairyPotion"}],"is_trial":false,"path_per_floor":["M","$","?","?","?","E","R","E","T","R","?","$","M","M","R","B",null,"M","$","?","?","?","R","M","M","T","M","$","R","E","M","R","B",null,"M","?","M","?","?","E","?","E","T","R","$","T","M","E","R","B",null,"R","$","E","B",null],"character_chosen":"THE_SILENT","items_purchased":["Shuriken","Medical Kit","Reflex","Prepared","Lee\u0027s Waffle","Oddly Smooth Stone"],"campfire_rested":1,"item_purchase_floors":[12,28,28,28,45,45],"current_hp_per_floor":[63,63,52,52,34,34,34,34,34,70,20,35,35,33,33,4,54,38,53,37,35,35,35,35,35,35,23,35,35,34,34,34,34,35,35,35,31,31,31,25,25,25,25,25,42,42,42,42,42,42,42,42,42,42,42],"gold":57,"neow_bonus":"THREE_ENEMY_KILL","is_daily":false,"chose_seed":false,"campfire_upgraded":7,"win_rate":0.0,"timestamp":1612700322,"path_taken":["M","$","?","?","?","E","R","E","T","R","?","$","M","M","R","BOSS","M","$","?","?","?","R","M","M","T","?","?","R","E","M","R","BOSS","M","?","?","?","?","E","?","E","T","R","?","?","M","E","R","BOSS","R","$","E","BOSS"],"items_purchased_type":["Relic","Relic","Card","Card","Relic","Relic"],"build_version":"2020-12-22","purchased_purges":4,"victory":true,"max_hp_per_floor":[70,70,70,70,70,70,70,70,70,70,70,70,70,70,70,70,70,70,70,70,35,35,35,35,35,35,35,35,35,35,35,35,35,35,35,35,35,35,35,35,35,35,35,35,42,42,42,42,42,42,42,42,42,42,42],"card_choices":[{"not_picked":["Distraction","Outmaneuver"],"picked":"Crippling Poison","floor":1.0},{"not_picked":["Storm of Steel","Dodge and Roll","Underhanded Strike"],"picked":"SKIP","floor":6.0},{"not_picked":["Accuracy","Sucker Punch","Distraction"],"picked":"SKIP","floor":8.0},{"not_picked":["Deflect","Blur"],"picked":"Acrobatics","floor":11.0},{"not_picked":["Outmaneuver","Accuracy","Concentrate"],"picked":"SKIP","floor":13.0},{"not_picked":["Acrobatics","Outmaneuver"],"picked":"Choke","floor":14.0},{"not_picked":["Tools of the Trade","Burst"],"picked":"Die Die Die","floor":16.0},{"not_picked":["Deflect","Accuracy","Bane+1"],"picked":"SKIP","floor":18.0},{"not_picked":["Poisoned Stab","Flying Knee+1","Slice"],"picked":"SKIP","floor":24.0},{"not_picked":["Concentrate","Flying Knee"],"picked":"Well Laid Plans+1","floor":25.0},{"not_picked":["Setup+1","Quick Slash","Flying Knee"],"picked":"SKIP","floor":27.0},{"not_picked":["Sucker Punch","Slice+1","Blade Dance"],"picked":"SKIP","floor":30.0},{"not_picked":["Crippling Poison","Deflect","Catalyst"],"picked":"SKIP","floor":31.0},{"not_picked":["Unload","Doppelganger"],"picked":"Grand Finale","floor":33.0},{"not_picked":["Well Laid Plans","Dagger Throw","Dodge and Roll"],"picked":"SKIP","floor":35.0},{"not_picked":["Distraction+1","Dagger Throw+1","Cloak And Dagger+1"],"picked":"SKIP","floor":37.0},{"not_picked":["Enlightenment","Secret Technique"],"picked":"Purity","floor":39.0},{"not_picked":["Backstab+1","Masterful Stab","Predator"],"picked":"SKIP","floor":40.0},{"not_picked":["Backstab+1","Masterful Stab","Predator"],"picked":"SKIP","floor":40.0},{"not_picked":["Backstab+1","Masterful Stab","Predator"],"picked":"SKIP","floor":40.0},{"not_picked":["Backstab+1","Masterful Stab","Predator"],"picked":"SKIP","floor":40.0},{"not_picked":["Flying Knee","Riddle With Holes","Blade Dance+1"],"picked":"SKIP","floor":42.0},{"not_picked":["Prepared","Flying Knee","Quick Slash"],"picked":"SKIP","floor":47.0},{"not_picked":["Leg Sweep+1","PiercingWail","Terror"],"picked":"SKIP","floor":48.0},{"not_picked":["Expertise","Backstab","Poisoned Stab+1"],"picked":"SKIP","floor":54.0}],"player_experience":362361,"relics_obtained":[{"floor":6.0,"key":"MealTicket"},{"floor":8.0,"key":"Anchor"},{"floor":9.0,"key":"Regal Pillow"},{"floor":11.0,"key":"CeramicFish"},{"floor":20.0,"key":"Enchiridion"},{"floor":26.0,"key":"Meat on the Bone"},{"floor":30.0,"key":"Gremlin Horn"},{"floor":38.0,"key":"TungstenRod"},{"floor":40.0,"key":"Torii"},{"floor":42.0,"key":"The Courier"},{"floor":46.0,"key":"Akabeko"},{"floor":48.0,"key":"White Beast Statue"},{"floor":54.0,"key":"Bronze Scales"}],"event_choices":[{"damage_healed":0.0,"max_hp_gain":0.0,"max_hp_loss":0.0,"gold_gain":75.0,"event_name":"World of Goop","player_choice":"Gather Gold","floor":3.0,"gold_loss":0.0,"damage_taken":11.0},{"damage_healed":0.0,"max_hp_gain":0.0,"max_hp_loss":0.0,"gold_gain":175.0,"event_name":"Liars Game","player_choice":"AGREE","floor":4.0,"gold_loss":0.0,"damage_taken":0.0,"cards_obtained":["Doubt"]},{"damage_healed":0.0,"max_hp_gain":0.0,"max_hp_loss":0.0,"gold_gain":0.0,"event_name":"Scrap Ooze","player_choice":"Success","floor":5.0,"gold_loss":0.0,"damage_taken":18.0,"relics_obtained":["WingedGreaves"]},{"damage_healed":0.0,"max_hp_gain":0.0,"max_hp_loss":0.0,"gold_gain":30.0,"event_name":"Dead Adventurer","player_choice":"Searched \u00273\u0027 times","floor":11.0,"gold_loss":0.0,"damage_taken":0.0},{"damage_healed":0.0,"max_hp_gain":0.0,"max_hp_loss":0.0,"gold_gain":0.0,"event_name":"Cursed Tome","player_choice":"Obtained Book","floor":20.0,"gold_loss":0.0,"damage_taken":16.0},{"damage_healed":0.0,"max_hp_gain":0.0,"max_hp_loss":35.0,"gold_gain":0.0,"event_name":"Ghosts","player_choice":"Became a Ghost","floor":21.0,"gold_loss":0.0,"damage_taken":0.0,"cards_obtained":["Ghostly","Ghostly","Ghostly","Ghostly","Ghostly"]},{"cards_removed":["Sucker Punch"],"damage_healed":0.0,"max_hp_gain":0.0,"max_hp_loss":0.0,"gold_gain":0.0,"event_name":"Beggar","player_choice":"Gave Gold","floor":22.0,"gold_loss":75.0,"damage_taken":0.0},{"damage_healed":0.0,"max_hp_gain":0.0,"max_hp_loss":0.0,"gold_gain":0.0,"event_name":"Lab","player_choice":"Got Potions","floor":36.0,"gold_loss":0.0,"damage_taken":0.0},{"damage_healed":0.0,"max_hp_gain":0.0,"max_hp_loss":0.0,"gold_gain":0.0,"event_name":"Mysterious Sphere","player_choice":"Fight","floor":38.0,"gold_loss":0.0,"damage_taken":0.0},{"damage_healed":0.0,"max_hp_gain":0.0,"max_hp_loss":0.0,"gold_gain":0.0,"event_name":"SensoryStone","player_choice":"Memory 1","floor":39.0,"gold_loss":0.0,"damage_taken":0.0},{"damage_healed":0.0,"max_hp_gain":0.0,"max_hp_loss":0.0,"gold_gain":0.0,"event_name":"Tomb of Lord Red Mask","player_choice":"Ignored","floor":41.0,"gold_loss":0.0,"damage_taken":0.0}],"is_beta":false,"boss_relics":[{"not_picked":["Ectoplasm","Cursed Key"],"picked":"Pandora\u0027s Box"},{"not_picked":["Calling Bell","Runic Pyramid"],"picked":"Philosopher\u0027s Stone"}],"items_purged_floors":[2,12,19,53],"is_endless":false,"potions_floor_spawned":[1,11,14,24,30,31,37,38,47,54],"ascension_level":11}}