{"host":"xltl1aroowo69o4n","time":1612736325,"event":{"mods":["BaseMod","Colored Map","Colored Powertips","Downfall","Marisa????????","Minty Spire (QoL Compilation)","Replay The Spire","StSLib","The Cursed","The Hierophant","The Mystic","The Necromancer","The Servant 0.9.4"],"gold_per_floor":[117,136,136,147,167,195,195,212,212,212,212,225,225,235,235,336,336,355,355,374,392,50,50,24,24,94,112,132,132,143,103,103,201,201,201],"floor_reached":34,"language":"ENG","playtime":2321,"items_purged":[],"score":356,"play_id":"f987ff8c-6a09-4d8c-ad80-e4f9031102df","local_time":"20210207171845","is_ascension_mode":false,"campfire_choices":[{"floor":7.0,"key":"REST"},{"floor":10.0,"key":"REST"},{"data":"Shrug It Off","floor":13.0,"key":"SMITH"},{"floor":15.0,"key":"REST"},{"data":"Apotheosis","floor":23.0,"key":"SMITH"},{"data":"Cleave","floor":25.0,"key":"SMITH"},{"floor":32.0,"key":"REST"}],"circlet_count":0,"master_deck":["Strike_R","Strike_R","Strike_R","Strike_R","Strike_R","Defend_R","Defend_R","Defend_R","Defend_R","Bash+1","Cleave+1","Thunderclap","Twin Strike+1","Shockwave","Demon Form","Anger+1","Shrug It Off+1","Pommel Strike","Juggernaut","Shrug It Off","Pain","Clothesline","Armaments+1","Thunderclap","Apotheosis+1","True Grit","Sword Boomerang","Pommel Strike","Writhe","Thunderclap+1","Reaper"],"relics":["Burning Blood","InkBottle","Ancient Tea Set","Toy Ornithopter","Velvet Choker","WarpedTongs","Lee\u0027s Waffle","Self Forming Clay","Mummified Hand"],"acts_visited":[],"potions_floor_usage":[],"damage_taken":[{"damage":11.0,"enemies":"Jaw Worm","floor":1.0,"turns":2.0},{"damage":1.0,"enemies":"Cultist","floor":2.0,"turns":4.0},{"damage":6.0,"enemies":"2 Louse","floor":4.0,"turns":2.0},{"damage":18.0,"enemies":"Lots of Slimes","floor":5.0,"turns":4.0},{"damage":62.0,"enemies":"Lagavulin","floor":6.0,"turns":9.0},{"damage":9.0,"enemies":"Exordium Wildlife","floor":8.0,"turns":4.0},{"damage":10.0,"enemies":"Looter","floor":12.0,"turns":2.0},{"damage":0.0,"enemies":"Lots of Slimes","floor":14.0,"turns":1.0},{"damage":47.0,"enemies":"The Guardian","floor":16.0,"turns":7.0},{"damage":5.0,"enemies":"Chosen","floor":18.0,"turns":3.0},{"damage":29.0,"enemies":"Shell Parasite","floor":20.0,"turns":6.0},{"damage":24.0,"enemies":"3 Cultists","floor":21.0,"turns":5.0},{"damage":21.0,"enemies":"Shelled Parasite and Fungi","floor":27.0,"turns":5.0},{"damage":23.0,"enemies":"Cultist and Chosen","floor":28.0,"turns":4.0},{"damage":30.0,"enemies":"Snecko","floor":30.0,"turns":5.0},{"damage":20.0,"enemies":"Champ","floor":33.0,"turns":9.0}],"seed_played":"6487650330202597419","potions_obtained":[{"floor":1.0,"key":"Block Potion"},{"floor":4.0,"key":"PowerPotion"},{"floor":8.0,"key":"DistilledChaos"},{"floor":12.0,"key":"EntropicBrew"},{"floor":14.0,"key":"Explosive Potion"},{"floor":20.0,"key":"SteroidPotion"},{"floor":27.0,"key":"CultistPotion"}],"is_trial":false,"path_per_floor":["M","M","?","M","M","E","R","M","T","R","?","M","R","M","R","B",null,"M","?","M","M","$","R","$","R","T","M","M","?","M","?","R","B",null],"character_chosen":"IRONCLAD","items_purchased":["Thunderclap","Lee\u0027s Waffle","Apotheosis","True Grit"],"campfire_rested":4,"item_purchase_floors":[22,22,22,24],"current_hp_per_floor":[75,80,80,80,68,12,36,33,33,57,57,53,53,59,80,59,80,80,80,57,39,87,87,87,87,87,72,55,55,31,31,57,43,43,43],"gold":201,"neow_bonus":"","is_daily":false,"chose_seed":false,"campfire_upgraded":3,"win_rate":0.0,"timestamp":1612736325,"path_taken":["M","M","?","M","?","E","R","?","T","R","?","M","R","M","R","BOSS","M","?","M","M","$","R","$","R","T","?","M","?","M","?","R","BOSS"],"items_purchased_type":["Card","Relic","Card","Card"],"build_version":"2020-12-13","purchased_purges":0,"victory":false,"max_hp_per_floor":[80,80,80,80,80,80,80,80,80,80,80,80,80,80,80,80,80,80,80,80,80,87,87,87,87,87,87,87,87,87,87,87,87,87,87],"card_choices":[{"not_picked":["Ghostly Armor","Dropkick"],"picked":"Cleave","floor":1.0},{"not_picked":["Pummel","True Grit"],"picked":"Thunderclap","floor":2.0},{"not_picked":["Intimidate","Flex"],"picked":"Twin Strike","floor":4.0},{"not_picked":["Thunderclap","Carnage"],"picked":"Shockwave","floor":5.0},{"not_picked":["Cleave","Body Slam"],"picked":"Demon Form","floor":6.0},{"not_picked":["Armaments","Searing Blow"],"picked":"Anger","floor":8.0},{"not_picked":["Perfected Strike","Flame Barrier"],"picked":"Shrug It Off","floor":12.0},{"not_picked":["Anger","Pummel"],"picked":"Pommel Strike","floor":14.0},{"not_picked":["Demon Form","Offering"],"picked":"Juggernaut","floor":16.0},{"not_picked":["Sever Soul","Twin Strike"],"picked":"Shrug It Off","floor":18.0},{"not_picked":["Warcry+1","Burning Pact"],"picked":"Clothesline","floor":20.0},{"not_picked":["Clash+1","Pommel Strike"],"picked":"Armaments+1","floor":21.0},{"not_picked":["Ghostly Armor","Rampage"],"picked":"Sword Boomerang","floor":27.0},{"not_picked":["Body Slam","Twin Strike"],"picked":"Pommel Strike","floor":28.0},{"not_picked":["Armaments","Carnage"],"picked":"Thunderclap+1","floor":30.0},{"not_picked":["Corruption","Brutality"],"picked":"Reaper","floor":33.0}],"player_experience":136409,"relics_obtained":[{"floor":6.0,"key":"Ancient Tea Set"},{"floor":9.0,"key":"Toy Ornithopter"},{"floor":26.0,"key":"Self Forming Clay"}],"event_choices":[{"damage_healed":0.0,"max_hp_gain":0.0,"max_hp_loss":0.0,"gold_gain":0.0,"event_name":"WeMeetAgain","player_choice":"Gave Potion","floor":3.0,"gold_loss":0.0,"damage_taken":0.0,"relics_obtained":["InkBottle"]},{"damage_healed":0.0,"max_hp_gain":0.0,"max_hp_loss":0.0,"gold_gain":0.0,"event_name":"Living Wall","player_choice":"Grow","floor":11.0,"gold_loss":0.0,"damage_taken":0.0,"cards_upgraded":["Twin Strike"]},{"damage_healed":0.0,"max_hp_gain":0.0,"max_hp_loss":0.0,"gold_gain":0.0,"event_name":"Accursed Blacksmith","player_choice":"Rummage","floor":19.0,"gold_loss":0.0,"damage_taken":0.0,"relics_obtained":["WarpedTongs"],"cards_obtained":["Pain"]},{"damage_healed":0.0,"max_hp_gain":0.0,"max_hp_loss":0.0,"gold_gain":0.0,"event_name":"The Mausoleum","player_choice":"Opened","floor":29.0,"gold_loss":0.0,"damage_taken":0.0,"relics_obtained":["Mummified Hand"],"cards_obtained":["Writhe"]},{"damage_healed":0.0,"max_hp_gain":0.0,"max_hp_loss":0.0,"gold_gain":0.0,"event_name":"Designer","player_choice":"Upgraded Two","floor":31.0,"gold_loss":40.0,"damage_taken":0.0,"cards_upgraded":["Bash","Anger"]}],"is_beta":false,"boss_relics":[{"not_picked":["Sozu","Mark of Pain"],"picked":"Velvet Choker"}],"items_purged_floors":[],"is_endless":false,"potions_floor_spawned":[1,4,8,12,14,20,21,27,28],"ascension_level":0}}