{"host":"d52brwsy6af8zvaq","time":1612662410,"event":{"mods":["AchievementEnabler","BaseMod","Bestiary","Highlight Path","Minty Spire (QoL Compilation)","Quick Restart","Relic Stats","ojb\u0027s Better Paths Mod"],"gold_per_floor":[111,30,30,48,48,48,92,113,139,139,139,139,139],"floor_reached":12,"language":"ENG","playtime":241,"items_purged":[],"score":152,"play_id":"53449e17-db1b-4d3d-8669-cdef3617637f","local_time":"20210206184650","is_ascension_mode":true,"campfire_choices":[{"floor":6.0,"key":"REST"},{"data":"Creative AI","floor":10,"key":"SMITH"}],"circlet_count":0,"master_deck":["AscendersBane","Strike_B","Strike_B","Strike_B","Strike_B","Defend_B","Defend_B+1","Defend_B+1","Defend_B","Zap","Dualcast","Creative AI+1","Defragment","Auto Shields","Static Discharge","Leap","Melter"],"relics":["Cracked Core","Golden Idol","Omamori","Bag of Preparation"],"acts_visited":["Exordium"],"potions_floor_usage":[],"damage_taken":[{"damage":2.0,"enemies":"Cultist","floor":1.0,"turns":4.0},{"damage":7.0,"enemies":"Small Slimes","floor":4.0,"turns":4.0},{"damage":20,"enemies":"Lagavulin","floor":7,"turns":8},{"damage":9,"enemies":"Jaw Worm","floor":8,"turns":4},{"damage":25,"enemies":"3 Sentries","floor":12,"turns":3}],"seed_played":"-5150917993719027274","potions_obtained":[{"floor":8,"key":"FocusPotion"}],"is_trial":false,"path_per_floor":["M","$","?","M","?","R","E","M","T","R","?","E"],"character_chosen":"DEFECT","items_purchased":["Auto Shields"],"campfire_rested":1,"item_purchase_floors":[2],"current_hp_per_floor":[62,62,41,34,34,53,33,24,24,24,24,0,0],"gold":139,"neow_bonus":"ONE_RANDOM_RARE_CARD","is_daily":false,"chose_seed":false,"campfire_upgraded":1,"win_rate":0.0,"timestamp":1612662410,"path_taken":["M","$","?","M","?","R","E","M","T","R","?","E"],"items_purchased_type":["Card"],"build_version":"2020-12-22","purchased_purges":0,"victory":false,"max_hp_per_floor":[71,71,71,71,64,64,64,64,64,64,64,64,64],"relic_stats":{"counters":[5,23],"Golden Idol":13,"Bag of Preparation":[2],"obtain_stats":[{"Golden Idol":5,"Omamori":7,"Bag of Preparation":9,"Cracked Core":0},{"Golden Idol":2,"Omamori":3,"Bag of Preparation":4,"Cracked Core":0},{"Golden Idol":8,"Omamori":16,"Bag of Preparation":20,"Cracked Core":0}]},"card_choices":[{"not_picked":["Barrage","FTL"],"picked":"Defragment","floor":1.0},{"not_picked":["Reprogram","Barrage"],"picked":"Static Discharge","floor":4.0},{"not_picked":["Heatsinks","Hyperbeam"],"picked":"Leap","floor":7},{"not_picked":["White Noise","Capacitor"],"picked":"Melter","floor":8}],"player_experience":2169265,"relics_obtained":[{"floor":7,"key":"Omamori"},{"floor":9,"key":"Bag of Preparation"}],"event_choices":[{"damage_healed":0.0,"max_hp_gain":0.0,"max_hp_loss":0.0,"gold_gain":0.0,"event_name":"Shining Light","player_choice":"Entered Light","floor":3.0,"gold_loss":0.0,"damage_taken":21.0,"cards_upgraded":["Defend_B","Defend_B"]},{"damage_healed":0.0,"max_hp_gain":0.0,"max_hp_loss":7.0,"gold_gain":0.0,"event_name":"Golden Idol","player_choice":"Lose Max HP","floor":5.0,"gold_loss":0.0,"damage_taken":0.0,"relics_obtained":["Golden Idol"]},{"damage_healed":0,"gold_gain":0,"player_choice":"Fled","damage_taken":0,"max_hp_gain":0,"max_hp_loss":0,"event_name":"Scrap Ooze","floor":11,"gold_loss":0}],"is_beta":false,"boss_relics":[],"items_purged_floors":[],"is_endless":false,"potions_floor_spawned":[8],"killed_by":"3 Sentries","ascension_level":20}}