{"host":"6p0attdrtjqaih7v","time":1612724316,"event":{"mods":["2.2 Compatiblity","AchievementEnabler","Bard","BaseMod","Better Skull","Better Third Choice","Colored Powertips","Hermit","Highlight Path","Key Reminder","Minty Spire (QoL Compilation)","Permanent Neow","Quick Restart","Random Character Button","Relic Stats","Reliquary","Replay The Spire","Robot Space Explorer","StSLib","The Hayseed","The Witch"],"gold_per_floor":[114,125,195,195,220,220,256,256,256,291,310,3,3,43,43,174,174,193,207,38,38,69,122,134,161,173,219,81,81,101,101,101,232,232,248,93,118,18,41,79,27,127,127,181,208,208,254,285,285,294],"floor_reached":51,"language":"ENG","playtime":2972,"items_purged":["TheSimpletonMod:Defend_TheSimpleton","TheSimpletonMod:Strike_TheSimpleton"],"score":950,"play_id":"8cec85c6-7eb0-4d8a-8f19-3839aebf0b9c","local_time":"20210207135836","is_ascension_mode":true,"campfire_choices":[{"data":"TheSimpletonMod:Rake","floor":6,"key":"SMITH"},{"data":"TheSimpletonMod:Rototilling","floor":8,"key":"SMITH"},{"data":"TheSimpletonMod:Swelter","floor":15,"key":"SMITH"},{"data":"TheSimpletonMod:Rototilling","floor":24,"key":"SMITH"},{"data":"TheSimpletonMod:Rototilling","floor":29,"key":"SMITH"},{"data":"TheSimpletonMod:Swelter","floor":32,"key":"SMITH"},{"data":"TheSimpletonMod:Aerate","floor":46,"key":"SMITH"},{"floor":49,"key":"REST"}],"circlet_count":0,"master_deck":["TheSimpletonMod:Strike_TheSimpleton","TheSimpletonMod:Strike_TheSimpleton","TheSimpletonMod:Strike_TheSimpleton","TheSimpletonMod:Defend_TheSimpleton","TheSimpletonMod:Defend_TheSimpleton","TheSimpletonMod:Defend_TheSimpleton","TheSimpletonMod:Haymaker","TheSimpletonMod:ReapAndSow","TheSimpletonMod:Rake+1","TheSimpletonMod:KeenEdge","TheSimpletonMod:Rototilling+1","TheSimpletonMod:Swelter+1","TheSimpletonMod:Swelter+1","TheSimpletonMod:Mulch","TheSimpletonMod:DoubleBarrel","TheSimpletonMod:ControlledBurn","TheSimpletonMod:ResistantStrain+1","TheSimpletonMod:Sunchoke+1","TheSimpletonMod:Rototilling+1","Master of Strategy","TheSimpletonMod:Rototilling+1","TheSimpletonMod:CrackOfDawn+1","TheSimpletonMod:SpiceUp+1","TheSimpletonMod:Aerate+1","TheSimpletonMod:CrackOfDawn+1","TheSimpletonMod:ResistantStrain+1","TheSimpletonMod:DoubleBarrel+1","TheSimpletonMod:Mulch","TheSimpletonMod:Swelter+1","TheSimpletonMod:SpiceUp+1","TheSimpletonMod:Aerate+1","TheSimpletonMod:Aerate+1"],"relics":["TheSimpletonMod:NightSoil","TheSimpletonMod:TheHarvester","ChewingGum","Vajra","Golden Idol","reliquary:Sideboard","keyreminder:keyreminder","Dream Catcher","TheSimpletonMod:GasCan","Frozen Egg 2","Pear","WristBlade","MawBank","Replay:Accelerometer","Replay:WaspNest","Meat on the Bone","Orrery","Black Star","Torii","Replay:Bandana","reliquary:Knoch","Calipers","reliquary:WeakTea","StoneCalendar"],"acts_visited":["Exordium","TheCity","TheBeyond"],"potions_floor_usage":[7,14,33,33,39,40,44,48,50],"damage_taken":[{"damage":0,"enemies":"Small Slimes","floor":1,"turns":3},{"damage":1,"enemies":"2 Louse","floor":2,"turns":3},{"damage":0,"enemies":"Cultist","floor":5,"turns":3},{"damage":14,"enemies":"Gremlin Nob","floor":7,"turns":4},{"damage":0,"enemies":"Replay:BlueRogue","floor":10,"turns":5},{"damage":1,"enemies":"Looter","floor":11,"turns":3},{"damage":6,"enemies":"3 Sentries","floor":14,"turns":5},{"damage":53,"enemies":"The Guardian","floor":16,"turns":18},{"damage":0,"enemies":"Chosen","floor":18,"turns":4},{"damage":5,"enemies":"Shell Parasite","floor":19,"turns":5},{"damage":3,"enemies":"Snake Plant","floor":22,"turns":4},{"damage":18,"enemies":"Gremlin Leader","floor":23,"turns":5},{"damage":0,"enemies":"Sentry and Sphere","floor":25,"turns":6},{"damage":10,"enemies":"Replay:Snechameleon","floor":27,"turns":4},{"damage":11,"enemies":"Shelled Parasite and Fungi","floor":30,"turns":4},{"damage":30,"enemies":"Automaton","floor":33,"turns":9},{"damage":12,"enemies":"3 Darklings","floor":35,"turns":3},{"damage":4,"enemies":"3 Shapes","floor":37,"turns":5},{"damage":2,"enemies":"Spire Growth","floor":39,"turns":5},{"damage":0,"enemies":"R_Hoarder","floor":40,"turns":10},{"damage":1,"enemies":"Reptomancer","floor":44,"turns":4},{"damage":0,"enemies":"3 Darklings","floor":45,"turns":3},{"damage":0,"enemies":"R_Hoarder","floor":47,"turns":9},{"damage":20,"enemies":"Sphere and 2 Shapes","floor":48,"turns":6},{"damage":13,"enemies":"Time Eater","floor":50,"turns":15}],"seed_played":"-5638321913980191237","potions_obtained":[{"floor":1,"key":"GamblersBrew"},{"floor":3,"key":"Weak Potion"},{"floor":3,"key":"FairyPotion"},{"floor":16,"key":"Fire Potion"},{"floor":18,"key":"Ancient Potion"},{"floor":23,"key":"LiquidMemories"},{"floor":33,"key":"DistilledChaos"},{"floor":44,"key":"Swift Potion"},{"floor":45,"key":"Fire Potion"},{"floor":47,"key":"Block Potion"},{"floor":48,"key":"SteroidPotion"}],"is_trial":false,"path_per_floor":["M","M","?","?","M","R","E","R","T","E","M","$","?","E","R","B",null,"M","M","$","?","M","E","R","M","T","E","$","R","M","?","R","B",null,"M","$","M","$","M","E","$","?","T","E","M","R","E","M","R","B",null],"character_chosen":"THE_SIMPLETON","items_purchased":["TheSimpletonMod:GasCan","Dexterity Potion","Master of Strategy","Orrery","TheSimpletonMod:Mulch","Energy Potion"],"campfire_rested":1,"item_purchase_floors":[12,12,20,28,36,41],"current_hp_per_floor":[75,75,57,57,61,61,51,51,51,55,58,58,58,66,66,17,79,79,74,74,74,75,57,57,61,61,55,55,55,44,48,48,30,79,67,67,67,67,65,69,69,69,69,72,72,72,72,56,79,66],"gold":294,"neow_bonus":"BOSS_RELIC","is_daily":false,"chose_seed":false,"campfire_upgraded":7,"win_rate":0.0,"timestamp":1612724316,"path_taken":["M","M","?","?","M","R","E","R","T","E","M","$","?","E","R","BOSS","M","M","$","?","M","E","R","M","T","E","?","R","M","?","R","BOSS","M","$","M","?","M","E","$","?","T","E","M","R","E","M","R","BOSS"],"items_purchased_type":["Relic","Potion","Card","Relic","Card","Potion"],"build_version":"2020-12-22","purchased_purges":2,"victory":true,"max_hp_per_floor":[75,75,75,69,69,69,69,69,69,69,69,69,69,79,79,79,79,79,79,79,79,79,79,79,79,79,79,79,79,79,79,79,79,79,79,79,79,79,79,79,79,79,79,79,79,79,79,79,79,79],"relic_stats":{"Dream Catcher":1,"Torii":12,"counters":[25,143],"Golden Idol":183,"StoneCalendar":[32],"Black Star":3,"MawBank":84,"obtain_stats":[{"Replay:Accelerometer":23,"Calipers":44,"Torii":40,"Vajra":3,"StoneCalendar":48,"reliquary:FerryPass":47,"TheSimpletonMod:TheHarvester":0,"Dream Catcher":10,"Replay:Bandana":40,"WristBlade":17,"TheSimpletonMod:GasCan":12,"TheSimpletonMod:SpudOfTheInnocent":0,"TheSimpletonMod:NightSoil":0,"Pear":14,"Golden Idol":4,"reliquary:Sideboard":7,"Replay:WaspNest":26,"reliquary:WeakTea":47,"Frozen Egg 2":13,"MawBank":21,"keyreminder:keyreminder":9,"Orrery":28,"ChewingGum":0,"Black Star":34,"reliquary:Knoch":43,"Meat on the Bone":27},{"Replay:Accelerometer":12,"Calipers":21,"Torii":20,"Vajra":2,"StoneCalendar":24,"reliquary:FerryPass":23,"TheSimpletonMod:TheHarvester":0,"Dream Catcher":5,"Replay:Bandana":20,"WristBlade":8,"TheSimpletonMod:GasCan":6,"TheSimpletonMod:SpudOfTheInnocent":0,"TheSimpletonMod:NightSoil":0,"Pear":7,"Golden Idol":2,"reliquary:Sideboard":4,"Replay:WaspNest":13,"reliquary:WeakTea":23,"Frozen Egg 2":6,"MawBank":10,"keyreminder:keyreminder":4,"Orrery":14,"ChewingGum":0,"Black Star":16,"reliquary:Knoch":20,"Meat on the Bone":14},{"Replay:Accelerometer":61,"Calipers":110,"Torii":106,"Vajra":6,"StoneCalendar":128,"reliquary:FerryPass":122,"TheSimpletonMod:TheHarvester":0,"Dream Catcher":18,"Replay:Bandana":106,"WristBlade":44,"TheSimpletonMod:GasCan":21,"TheSimpletonMod:SpudOfTheInnocent":0,"TheSimpletonMod:NightSoil":0,"Pear":26,"Golden Idol":6,"reliquary:Sideboard":13,"Replay:WaspNest":67,"reliquary:WeakTea":122,"Frozen Egg 2":21,"MawBank":53,"keyreminder:keyreminder":13,"Orrery":71,"ChewingGum":0,"Black Star":84,"reliquary:Knoch":106,"Meat on the Bone":71}],"Meat on the Bone":12},"card_choices":[{"not_picked":["TheSimpletonMod:SeedCoat","TheSimpletonMod:CullingStrike"],"picked":"TheSimpletonMod:Rake","floor":1},{"not_picked":["TheSimpletonMod:Sunchoke","TheSimpletonMod:Potatoes"],"picked":"TheSimpletonMod:KeenEdge","floor":2},{"not_picked":["TheSimpletonMod:Fertilaser","TheSimpletonMod:Sunseed"],"picked":"TheSimpletonMod:Rototilling","floor":3},{"not_picked":["TheSimpletonMod:SaladShooter","TheSimpletonMod:Innovate"],"picked":"TheSimpletonMod:Swelter","floor":5},{"not_picked":["TheSimpletonMod:Rake","TheSimpletonMod:Innovate"],"picked":"TheSimpletonMod:Swelter","floor":7},{"not_picked":["TheSimpletonMod:Swelter","TheSimpletonMod:OnionBloom"],"picked":"TheSimpletonMod:Mulch","floor":10},{"not_picked":["TheSimpletonMod:Potatoes","TheSimpletonMod:DigIn"],"picked":"TheSimpletonMod:DoubleBarrel","floor":11},{"not_picked":["TheSimpletonMod:SeedCoat","TheSimpletonMod:CropDiversity"],"picked":"TheSimpletonMod:ControlledBurn","floor":14},{"not_picked":["TheSimpletonMod:Spinach+1","TheSimpletonMod:SaltTheEarth"],"picked":"TheSimpletonMod:ResistantStrain+1","floor":16},{"not_picked":["TheSimpletonMod:Aerate+1","TheSimpletonMod:Innovate"],"picked":"TheSimpletonMod:Sunchoke+1","floor":18},{"not_picked":["TheSimpletonMod:Potatoes+1","TheSimpletonMod:DoubleBarrel"],"picked":"TheSimpletonMod:Rototilling","floor":19},{"not_picked":["TheSimpletonMod:Aerate","TheSimpletonMod:Pruning","TheSimpletonMod:Innovate+1"],"picked":"SKIP","floor":22},{"not_picked":["TheSimpletonMod:Aerate","TheSimpletonMod:Pruning","TheSimpletonMod:Innovate+1"],"picked":"SKIP","floor":22},{"not_picked":["TheSimpletonMod:StockTheCellar+1","TheSimpletonMod:Photosynthesis+1","TheSimpletonMod:SaladShooter"],"picked":"SKIP","floor":23},{"not_picked":["TheSimpletonMod:CloseScrape+1","TheSimpletonMod:Potatoes+1"],"picked":"TheSimpletonMod:Rototilling","floor":25},{"not_picked":["TheSimpletonMod:Aerate","TheSimpletonMod:SlashAndBurn"],"picked":"TheSimpletonMod:CrackOfDawn+1","floor":27},{"not_picked":["TheSimpletonMod:DigIn","TheSimpletonMod:ControlledBurn"],"picked":"TheSimpletonMod:SpiceUp+1","floor":28},{"not_picked":["TheSimpletonMod:PestManagement","TheSimpletonMod:Rototilling"],"picked":"TheSimpletonMod:Aerate+1","floor":28},{"not_picked":["TheSimpletonMod:DoubleBarrel","TheSimpletonMod:CullingStrike+1"],"picked":"TheSimpletonMod:CrackOfDawn+1","floor":30},{"not_picked":["TheSimpletonMod:Fecundity+1","TheSimpletonMod:FlashPasteurize"],"picked":"TheSimpletonMod:ResistantStrain+1","floor":33},{"not_picked":["TheSimpletonMod:RootDown","TheSimpletonMod:Pruning"],"picked":"TheSimpletonMod:DoubleBarrel+1","floor":35},{"not_picked":["TheSimpletonMod:BumperCrop+1","TheSimpletonMod:Pruning"],"picked":"TheSimpletonMod:Swelter+1","floor":37},{"not_picked":["TheSimpletonMod:Pruning+1","TheSimpletonMod:CloseScrape+1","TheSimpletonMod:Mulch"],"picked":"SKIP","floor":39},{"not_picked":["TheSimpletonMod:VineRipen+1","TheSimpletonMod:CloseScrape+1"],"picked":"TheSimpletonMod:SpiceUp+1","floor":40},{"not_picked":["TheSimpletonMod:PestManagement+1","TheSimpletonMod:SoilSample+1","TheSimpletonMod:GoToMarket+1"],"picked":"SKIP","floor":44},{"not_picked":["TheSimpletonMod:Innovate","TheSimpletonMod:Rake+1"],"picked":"TheSimpletonMod:Aerate","floor":45},{"not_picked":["TheSimpletonMod:Pruning","TheSimpletonMod:Rake"],"picked":"TheSimpletonMod:Aerate+1","floor":47},{"not_picked":["TheSimpletonMod:Mulch+1","TheSimpletonMod:Pruning","TheSimpletonMod:DigIn"],"picked":"SKIP","floor":48}],"player_experience":1065310,"relics_obtained":[{"floor":3,"key":"Vajra"},{"floor":7,"key":"reliquary:Sideboard"},{"floor":10,"key":"Dream Catcher"},{"floor":14,"key":"Pear"},{"floor":23,"key":"Replay:Accelerometer"},{"floor":26,"key":"Replay:WaspNest"},{"floor":27,"key":"Meat on the Bone"},{"floor":40,"key":"Torii"},{"floor":40,"key":"Replay:Bandana"},{"floor":43,"key":"reliquary:Knoch"},{"floor":44,"key":"Calipers"},{"floor":47,"key":"reliquary:WeakTea"},{"floor":47,"key":"reliquary:FerryPass"},{"floor":48,"key":"StoneCalendar"}],"event_choices":[{"damage_healed":0,"gold_gain":0,"player_choice":"Lose Max HP","damage_taken":0,"relics_obtained":["Golden Idol"],"max_hp_gain":0,"max_hp_loss":6,"event_name":"Golden Idol","floor":4,"gold_loss":0},{"damage_healed":0,"gold_gain":0,"player_choice":"Gave Potion","damage_taken":0,"relics_obtained":["MawBank"],"max_hp_gain":0,"max_hp_loss":0,"event_name":"WeMeetAgain","floor":21,"gold_loss":0},{"damage_healed":4,"gold_gain":0,"player_choice":"LEAVE ","damage_taken":0,"relics_obtained":[],"max_hp_gain":0,"max_hp_loss":0,"event_name":"betterSkull:BetterSkull","floor":31,"gold_loss":0,"cards_upgraded":[]},{"damage_healed":0,"gold_gain":100,"player_choice":"Pray","damage_taken":0,"max_hp_gain":0,"max_hp_loss":0,"event_name":"Golden Shrine","floor":42,"gold_loss":0}],"is_beta":false,"boss_relics":[{"not_picked":["Snecko Eye","reliquary:Craggleroot"],"picked":"WristBlade"},{"not_picked":["Runic Pyramid","SlaversCollar"],"picked":"Black Star"}],"items_purged_floors":[36,38],"is_endless":false,"potions_floor_spawned":[1,5,16,18,23,33,44,45,47,48],"ascension_level":2}}