{"host":"iao9zlhzdan4iyha","time":1612670584,"event":{"mods":["BaseMod","BetterRewards","Curses Come First","Downfall","Hermit","Ironclad Rager","Minty Spire (QoL Compilation)","Quick Restart","Replay The Spire","Shop Mod","StSLib","The Bug Knight","The Runesmith"],"gold_per_floor":[99,114,169,187,198,258,258,258,59,59,59,59,84,25,43,144,144,144,144,156,175,194,194,194,194],"floor_reached":23,"language":"ENG","playtime":1649,"items_purged":[],"score":189,"play_id":"933b914b-41c2-4d17-8a7d-9682f89ebfcd","local_time":"20210207040304","is_ascension_mode":false,"campfire_choices":[{"floor":8.0,"key":"REST"},{"floor":11.0,"key":"REST"},{"data":"sneckomod:UnknownBoss","floor":18.0,"key":"SMITH"}],"circlet_count":0,"master_deck":["sneckomod:Strike","sneckomod:Strike","sneckomod:Strike","sneckomod:Defend","sneckomod:Defend","sneckomod:Defend","sneckomod:TailWhip","sneckomod:SnekBite","sneckomod:Unknown","Static Discharge+1","sneckomod:SlitherStrike","sneckomod:UnknownDraw","sneckomod:Unknown1Cost","sneckomod:ImprovisedAttack","sneckomod:WideSting","sneckomod:UnknownRarePower","sneckomod:UnknownUncommonPower","sneckomod:RainOfDice","sneckomod:UnendingSupply","Dramatic Entrance","sneckomod:DiceCrush","sneckomod:UnknownBoss+1","sneckomod:IronFang","sneckomod:UnknownDraw+1","sneckomod:SnakeSap","sneckomod:ImprovisedGuard"],"relics":["sneckomod:SneckoSoul","Replay:WaspNest","Ginger","sneckomod:ConfusingCodex","Membership Card","Happy Flower","Philosopher\u0027s Stone"],"acts_visited":["Exordium","TheCity"],"potions_floor_usage":[],"damage_taken":[{"damage":6.0,"enemies":"Cultist","floor":2.0,"turns":3.0},{"damage":6.0,"enemies":"2 Louse","floor":4.0,"turns":2.0},{"damage":10.0,"enemies":"Small Slimes","floor":5.0,"turns":2.0},{"damage":33.0,"enemies":"Lagavulin Event","floor":6.0,"turns":5.0},{"damage":10.0,"enemies":"downfall:FleeingMerchant","floor":9.0,"turns":4.0},{"damage":8.0,"enemies":"HollowMod:MossKnight","floor":13.0,"turns":8.0},{"damage":25.0,"enemies":"downfall:FleeingMerchant","floor":14.0,"turns":4.0},{"damage":9.0,"enemies":"Blue Slaver","floor":15.0,"turns":2.0},{"damage":11.0,"enemies":"SI_SHIV_ARCHETYPE","floor":16.0,"turns":3.0},{"damage":0.0,"enemies":"Chosen","floor":19.0,"turns":1.0},{"damage":24.0,"enemies":"Spheric Guardian","floor":20.0,"turns":4.0},{"damage":44.0,"enemies":"Centurion and Healer","floor":21.0,"turns":6.0},{"damage":23.0,"enemies":"Snake Plant","floor":22.0,"turns":3.0},{"damage":0,"enemies":"downfall:FleeingMerchant","floor":23,"turns":1}],"seed_played":"-1261363801048832550","potions_obtained":[{"floor":2.0,"key":"sneckomod:DiceRollPotion"},{"floor":3.0,"key":"sneckomod:OffclassReductionPotion"},{"floor":6.0,"key":"Languid Potion"},{"floor":13.0,"key":"AttackPotion"},{"floor":15.0,"key":"BlessingOfTheForge"},{"floor":16.0,"key":"Milkshake"},{"floor":20.0,"key":"Guardian:BlockOnCardUsePotion"},{"floor":22.0,"key":"Dexterity Potion"}],"is_trial":false,"path_per_floor":["R","M","?","M","M","?","T","R","$","?","R","?","E","$","M","B",null,"R","M","M","M","M","$"],"character_chosen":"THE_SNECKO","items_purchased":["Membership Card","sneckomod:UnknownUncommonPower","Dramatic Entrance"],"campfire_rested":2,"item_purchase_floors":[9,9,14],"current_hp_per_floor":[99,93,54,48,38,5,5,34,24,24,53,53,45,30,21,10,99,99,99,75,31,8,8,8,8],"gold":194,"neow_bonus":"TEN_PERCENT_HP_BONUS","is_daily":false,"chose_seed":false,"campfire_upgraded":1,"win_rate":0.0,"timestamp":1612670584,"path_taken":["R","M","?","?","M","?","T","R","$","?","R","?","E","?","M","BOSS","R","M","M","M","M","$"],"items_purchased_type":["Relic","Card","Card"],"build_version":"2020-12-22","purchased_purges":0,"victory":false,"max_hp_per_floor":[99,99,99,99,99,99,99,99,99,99,99,99,99,99,99,99,99,99,99,99,99,99,99,99,99],"card_choices":[{"not_picked":["sneckomod:SoulDraw","sneckomod:RainOfDice"],"picked":"sneckomod:SlitherStrike","floor":2.0},{"not_picked":["sneckomod:SnekBeam","sneckomod:DiceBlock"],"picked":"sneckomod:UnknownDraw","floor":3.0},{"not_picked":["sneckomod:QuickBite","sneckomod:SoulDraw"],"picked":"sneckomod:Unknown1Cost","floor":4.0},{"not_picked":["sneckomod:UnknownCommonAttack","sneckomod:UnknownBlock"],"picked":"sneckomod:ImprovisedAttack","floor":5.0},{"not_picked":["sneckomod:QuickBite","sneckomod:DiceCrush"],"picked":"sneckomod:WideSting","floor":6.0},{"not_picked":["sneckomod:DiceBlock","sneckomod:Nope"],"picked":"sneckomod:UnknownRarePower","floor":9.0},{"not_picked":["sneckomod:DiceBoulder","sneckomod:Nope"],"picked":"sneckomod:RainOfDice","floor":13.0},{"not_picked":["sneckomod:DiceBlock","sneckomod:UnknownUncommonSkill"],"picked":"sneckomod:UnendingSupply","floor":14.0},{"not_picked":["sneckomod:QuickMove","sneckomod:UnknownDraw"],"picked":"sneckomod:DiceCrush","floor":15.0},{"not_picked":["sneckomod:UnknownRareAttack","sneckomod:Mudshield"],"picked":"sneckomod:UnknownBoss","floor":16.0},{"not_picked":["sneckomod:ImprovisedAttack","sneckomod:Unknown1Cost+1"],"picked":"sneckomod:IronFang","floor":19.0},{"not_picked":["sneckomod:ImprovisedGuard","sneckomod:UnknownClassGUARDIAN+1"],"picked":"sneckomod:UnknownDraw+1","floor":20.0},{"not_picked":["sneckomod:QuickMove","sneckomod:Nope"],"picked":"sneckomod:SnakeSap","floor":21.0},{"not_picked":["sneckomod:SnekBeam+1","sneckomod:RainOfDice+1"],"picked":"sneckomod:ImprovisedGuard","floor":22.0}],"player_experience":99614,"relics_obtained":[{"floor":3.0,"key":"Replay:WaspNest"},{"floor":6.0,"key":"Ginger"},{"floor":7.0,"key":"sneckomod:ConfusingCodex"},{"floor":13.0,"key":"Happy Flower"}],"event_choices":[],"is_beta":false,"boss_relics":[{"not_picked":["Runic Pyramid","Painkiller Herb"],"picked":"Philosopher\u0027s Stone"}],"items_purged_floors":[],"is_endless":false,"potions_floor_spawned":[2,6,13,15,16,20,22],"killed_by":"downfall:FleeingMerchant","ascension_level":0}}