{"host":"1v3mnj67s3trvm6y","time":1612735647,"event":{"mods":["BaseMod","Challenge The Spire","Downfall","Minty Spire (QoL Compilation)","StSLib"],"gold_per_floor":[99,99,249,259,133,143,195,223,123,152,168,179,79,94,107,204,204,204,222,235,54,72,99,178,178,178,263,273,258,258,258,268,363,363,363,383,182,182,193,209,232,244,173,73,87,99,112,124,138,138,138,138],"floor_reached":50,"language":"ENG","playtime":3653,"items_purged":[],"score":553,"play_id":"296a543b-0eb4-4bb6-af1a-ead0ea927219","local_time":"20210208070727","is_ascension_mode":false,"campfire_choices":[{"data":"sneckomod:TailWhip","floor":1,"key":"SMITH"},{"floor":9,"key":"REST"},{"floor":13,"key":"REST"},{"data":"sneckomod:WideSting","floor":18,"key":"SMITH"},{"floor":26,"key":"REST"},{"floor":30,"key":"REST"},{"floor":35,"key":"RECALL"},{"floor":44,"key":"REST"}],"circlet_count":0,"master_deck":["sneckomod:Strike","sneckomod:Strike","sneckomod:Strike","sneckomod:Defend","sneckomod:Defend","sneckomod:Defend","sneckomod:TailWhip+1","sneckomod:SnekBite","sneckomod:Unknown","sneckomod:RainOfDice","sneckomod:Mudshield","sneckomod:CheapStock","sneckomod:SlitherStrike","sneckomod:WideSting+1","sneckomod:ImprovisedGuard","sneckomod:CheapStock","sneckomod:UnknownStrength","sneckomod:Cheat","sneckomod:SnakeSap","sneckomod:UnknownRareAttack","sneckomod:UnknownRareAttack","Guardian:TimeBomb","sneckomod:UnknownUncommonPower","sneckomod:PureSnecko+1","sneckomod:SlitherStrike","sneckomod:DiceBlock","sneckomod:QuickMove+1","sneckomod:Nope+1","sneckomod:Unknown1Cost+1","sneckomod:UnknownRarePower","sneckomod:QuickBite+1","sneckomod:Restock","sneckomod:UnknownVulnerable+1","sneckomod:UnknownUncommonPower+1","sneckomod:UnendingSupply","expansioncontent:InvincibleStrength","expansioncontent:AwakenDeath","sneckomod:UnknownBlock","sneckomod:UnknownExhaust+1","Guardian:Gem_Cyan","sneckomod:DiceBoulder","sneckomod:UnknownBoss","sneckomod:UnknownBlock","sneckomod:UnknownCommonAttack","sneckomod:ImprovisedGuard+1","sneckomod:SerpentMind","sneckomod:UnknownClassBLUE+1","sneckomod:Unknown1Cost+1"],"relics":["sneckomod:SuperSneckoSoul","Blue Candle","Lizard Tail","downfall:HeartBlessingBlue","PreservedInsect","downfall:HeartBlessingGreen","sneckomod:LoadedDie","Lantern","StrikeDummy","Enchiridion","Philosopher\u0027s Stone","Blood Vial","MawBank","Pear","downfall:HeartBlessingRed"],"acts_visited":["Exordium","TheCity","TheBeyond"],"potions_floor_usage":[5,8,19,22,22,23,39,40,47,50,50],"damage_taken":[{"damage":5,"enemies":"Jaw Worm","floor":4,"turns":4},{"damage":6,"enemies":"downfall:FleeingMerchant","floor":5,"turns":4},{"damage":9,"enemies":"2 Louse","floor":6,"turns":3},{"damage":21,"enemies":"Gremlin Nob","floor":8,"turns":4},{"damage":26,"enemies":"Lagavulin","floor":10,"turns":7},{"damage":5,"enemies":"Cultist","floor":11,"turns":3},{"damage":12,"enemies":"Large Slime","floor":12,"turns":5},{"damage":0,"enemies":"Lots of Slimes","floor":14,"turns":2},{"damage":0,"enemies":"Gremlin Gang","floor":15,"turns":1},{"damage":42,"enemies":"DF_ARCHETYPE_STREAMLINE","floor":16,"turns":17},{"damage":2,"enemies":"Spheric Guardian","floor":19,"turns":3},{"damage":8,"enemies":"3 Byrds","floor":20,"turns":4},{"damage":19,"enemies":"downfall:FleeingMerchant","floor":21,"turns":4},{"damage":19,"enemies":"Centurion and Healer","floor":22,"turns":7},{"damage":6,"enemies":"Book of Stabbing","floor":23,"turns":3},{"damage":31,"enemies":"Cultist and Chosen","floor":28,"turns":7},{"damage":3,"enemies":"downfall:FleeingMerchant","floor":29,"turns":4},{"damage":11,"enemies":"3 Cultists","floor":32,"turns":5},{"damage":43,"enemies":"SI_MIRROR_ARCHETYPE","floor":33,"turns":9},{"damage":2,"enemies":"3 Darklings","floor":36,"turns":3},{"damage":31,"enemies":"downfall:FleeingMerchant","floor":37,"turns":4},{"damage":18,"enemies":"3 Shapes","floor":39,"turns":4},{"damage":28,"enemies":"Maw","floor":40,"turns":8},{"damage":13,"enemies":"downfall:FleeingMerchant","floor":43,"turns":3},{"damage":103,"enemies":"Transient","floor":45,"turns":5},{"damage":0,"enemies":"Sphere and 2 Shapes","floor":46,"turns":4},{"damage":15,"enemies":"Jaw Worm Horde","floor":47,"turns":4},{"damage":66,"enemies":"Spire Growth","floor":48,"turns":5},{"damage":4,"enemies":"Writhing Mass","floor":49,"turns":6},{"damage":37,"enemies":"IC_BLOCK_ARCHETYPE","floor":50,"turns":2}],"seed_played":"-8133449026511827852","potions_obtained":[{"floor":4,"key":"Swift Potion"},{"floor":6,"key":"Weak Potion"},{"floor":8,"key":"FearPotion"},{"floor":11,"key":"Guardian:BlockOnCardUsePotion"},{"floor":14,"key":"LiquidMemories"},{"floor":15,"key":"Energy Potion"},{"floor":22,"key":"sneckomod:DiceRollPotion"},{"floor":33,"key":"sneckomod:MuddlingPotion"},{"floor":39,"key":"SkillPotion"},{"floor":45,"key":"AttackPotion"},{"floor":46,"key":"Dexterity Potion"},{"floor":48,"key":"Explosive Potion"}],"is_trial":false,"path_per_floor":["R","?","?","M","$","M","T","E","R","E","M","M","R","M","M","B",null,"R","M","M","$","M","E","T","?","R","?","M","$","R","?","M","B",null,"R","M","$","?","M","M","T","?","$","R","M","M","M","M","M","B"],"character_chosen":"THE_SNECKO","items_purchased":["sneckomod:CheapStock","sneckomod:SlitherStrike","sneckomod:LoadedDie","sneckomod:DiceBlock","Blood Vial","sneckomod:UnendingSupply","sneckomod:UnknownBoss","Pear","sneckomod:UnknownBlock"],"campfire_rested":5,"item_purchase_floors":[5,5,21,21,37,37,43,43,43],"current_hp_per_floor":[99,94,94,89,83,74,74,53,95,69,64,52,84,84,84,42,109,109,107,99,90,71,65,65,65,97,83,52,49,81,65,54,11,109,109,107,76,71,55,29,29,29,28,63,59,61,48,20,18,0,0,0],"gold":138,"neow_bonus":"TEN_PERCENT_HP_BONUS","is_daily":false,"chose_seed":false,"campfire_upgraded":2,"win_rate":0.0,"timestamp":1612735647,"path_taken":["R","?","?","M","?","M","T","E","R","E","M","M","R","M","M","BOSS","R","M","M","$","M","E","T","?","R","?","M","$","R","?","M","BOSS","R","M","$","?","M","M","T","?","$","R","M","?","?","M","M","BOSS"],"items_purchased_type":["Card","Card","Relic","Card","Relic","Card","Card","Relic","Card"],"build_version":"2020-12-22","purchased_purges":0,"victory":false,"max_hp_per_floor":[99,99,99,99,99,99,99,99,109,109,109,109,109,109,109,109,109,109,109,109,109,109,109,109,109,109,109,109,109,109,109,109,109,109,109,109,109,109,109,109,109,109,119,119,119,119,119,119,119,119,119,119],"card_choices":[{"not_picked":["sneckomod:DiceCrush","sneckomod:MasterEye"],"picked":"sneckomod:RainOfDice","floor":4},{"not_picked":["sneckomod:UnknownCommonSkill","sneckomod:Unknown2Cost"],"picked":"sneckomod:Mudshield","floor":5},{"not_picked":["sneckomod:DiceBlock","sneckomod:RainOfDice"],"picked":"sneckomod:WideSting","floor":6},{"not_picked":["sneckomod:UnknownDraw","sneckomod:RainOfDice"],"picked":"sneckomod:ImprovisedGuard","floor":8},{"not_picked":["sneckomod:PureSnecko","sneckomod:Nope"],"picked":"sneckomod:CheapStock","floor":10},{"not_picked":["sneckomod:Unknown0Cost","sneckomod:SoulRoll"],"picked":"sneckomod:UnknownStrength","floor":11},{"not_picked":["sneckomod:UnknownCommonSkill","sneckomod:DiceBlock"],"picked":"sneckomod:Cheat","floor":12},{"not_picked":["sneckomod:RainOfDice","sneckomod:WideSting"],"picked":"sneckomod:SnakeSap","floor":14},{"not_picked":["sneckomod:Nope","sneckomod:UnknownCommonAttack"],"picked":"sneckomod:UnknownRareAttack","floor":15},{"not_picked":["sneckomod:UnlimitedRolls","sneckomod:DangerNoodle"],"picked":"sneckomod:UnknownRareAttack","floor":16},{"not_picked":["sneckomod:UnknownStrike","sneckomod:SnekBeam"],"picked":"sneckomod:UnknownUncommonPower","floor":19},{"not_picked":["sneckomod:DiceBlock","sneckomod:DefensiveFlair"],"picked":"sneckomod:PureSnecko+1","floor":20},{"not_picked":["sneckomod:UnknownColorless","sneckomod:QuickBite+1"],"picked":"sneckomod:SlitherStrike","floor":21},{"not_picked":["sneckomod:Unknown1Cost","sneckomod:UnknownCommonSkill"],"picked":"sneckomod:QuickMove+1","floor":22},{"not_picked":["sneckomod:UnknownExhaust","sneckomod:UnknownClassBLUE"],"picked":"sneckomod:Nope+1","floor":23},{"not_picked":["sneckomod:UnknownStrike","sneckomod:QuickMove"],"picked":"sneckomod:Unknown1Cost+1","floor":28},{"not_picked":["sneckomod:UnknownCommonSkill+1","sneckomod:DiceCrush"],"picked":"sneckomod:UnknownRarePower","floor":29},{"not_picked":["sneckomod:ImprovisedAttack","sneckomod:Nope"],"picked":"sneckomod:QuickBite+1","floor":32},{"not_picked":["sneckomod:DangerNoodle","sneckomod:Mudshield"],"picked":"sneckomod:Restock","floor":33},{"not_picked":["sneckomod:QuickMove","sneckomod:UnknownCommonAttack"],"picked":"sneckomod:UnknownVulnerable+1","floor":36},{"not_picked":["sneckomod:UnknownVulnerable","sneckomod:SoulRoll"],"picked":"sneckomod:UnknownUncommonPower+1","floor":37},{"not_picked":["expansioncontent:Hexaburn","expansioncontent:HyperBeam"],"picked":"expansioncontent:InvincibleStrength","floor":38},{"not_picked":["expansioncontent:PrepareCrush","expansioncontent:HyperBeam"],"picked":"expansioncontent:AwakenDeath","floor":38},{"not_picked":["sneckomod:IronFang","sneckomod:MixItUp+1"],"picked":"sneckomod:UnknownBlock","floor":39},{"not_picked":["sneckomod:DiceCrush","sneckomod:IronFang+1"],"picked":"sneckomod:UnknownExhaust+1","floor":40},{"not_picked":["Guardian:Gem_Red","Guardian:Gem_Lightblue"],"picked":"Guardian:Gem_Cyan","floor":43},{"not_picked":["sneckomod:WideSting","sneckomod:Unknown2Cost"],"picked":"sneckomod:DiceBoulder","floor":43},{"not_picked":["sneckomod:QuickMove+1","sneckomod:UnknownClassBLUE"],"picked":"sneckomod:UnknownCommonAttack","floor":45},{"not_picked":["sneckomod:QuickMove","sneckomod:UnknownColorless"],"picked":"sneckomod:ImprovisedGuard+1","floor":46},{"not_picked":["sneckomod:DiceBlock+1","sneckomod:UnknownCommonAttack"],"picked":"sneckomod:SerpentMind","floor":47},{"not_picked":["sneckomod:TrashToTreasure+1","sneckomod:WideSting"],"picked":"sneckomod:UnknownClassBLUE+1","floor":48},{"not_picked":["sneckomod:UnknownStrength","sneckomod:UnknownUncommonPower"],"picked":"sneckomod:Unknown1Cost+1","floor":49}],"player_experience":1747736,"relics_obtained":[{"floor":8,"key":"Lizard Tail"},{"floor":10,"key":"PreservedInsect"},{"floor":23,"key":"Lantern"},{"floor":24,"key":"StrikeDummy"},{"floor":31,"key":"Enchiridion"},{"floor":41,"key":"MawBank"}],"event_choices":[{"damage_healed":0,"gold_gain":0,"player_choice":"Ignored","damage_taken":0,"max_hp_gain":0,"max_hp_loss":0,"event_name":"Ghosts","floor":25,"gold_loss":0}],"is_beta":false,"boss_relics":[{"not_picked":["Astrolabe","Coffee Dripper"],"picked":"sneckomod:SuperSneckoSoul"},{"not_picked":["Runic Dome","Runic Pyramid"],"picked":"Philosopher\u0027s Stone"}],"items_purged_floors":[],"is_endless":false,"potions_floor_spawned":[4,6,8,11,14,15,22,33,39,45,46,48],"killed_by":"IC_BLOCK_ARCHETYPE","ascension_level":0}}