{"host":"xb2tau8pgi8aflss","time":1612705517,"event":{"mods":["AchievementEnabler","BaseMod","Hermit","Minty Spire (QoL Compilation)","StSLib","SuperFastMode"],"gold_per_floor":[111,136,13,40,49,49,88,117,144,144,165,190,22,42,42,146,146,173,26,52,75,94,94,121,164,245,269,293,318,338,447,447,548,598,617,331,331,346,19,19,32,32,82,91,91,120,170,206,206,206],"floor_reached":51,"language":"KOR","playtime":1603,"items_purged":["Decay"],"score":1077,"play_id":"33ed48e4-9f5e-44df-bfec-25175981a391","local_time":"20210207224517","is_ascension_mode":true,"campfire_choices":[{"data":"Armaments","floor":6,"key":"SMITH"},{"data":"Perfected Strike","floor":10,"key":"SMITH"},{"floor":15,"key":"REST"},{"floor":23,"key":"REST"},{"floor":32,"key":"REST"},{"floor":40,"key":"REST"},{"floor":42,"key":"REST"},{"floor":45,"key":"REST"},{"floor":49,"key":"REST"}],"circlet_count":0,"master_deck":["Strike_R","Strike_R","Strike_R","Strike_R","Strike_R","Defend_R","Defend_R+1","Defend_R","Defend_R","Bash","Blood for Blood","Perfected Strike+1","Madness","Armaments+1","Shockwave+1","Perfected Strike","Pommel Strike","Perfected Strike","Finesse","Offering","Armaments","Pommel Strike+1","Twin Strike","Wild Strike+1","Ghostly Armor+1","Double Tap","Pommel Strike","Wild Strike+1","Dual Wield","Deep Breath","Seeing Red","Metamorphosis","Dual Wield+1"],"relics":["Burning Blood","CeramicFish","Smiling Mask","Bag of Preparation","Fusion Hammer","War Paint","Red Mask","Lantern","Gremlin Horn","Anchor","Lizard Tail","Sundial","Tiny House","PreservedInsect","Membership Card","Thread and Needle","MealTicket","Pear","StoneCalendar","Oddly Smooth Stone"],"acts_visited":["Exordium","TheCity","TheBeyond"],"potions_floor_usage":[7,16,18,20,31,33,48,50,50],"damage_taken":[{"damage":6,"enemies":"Cultist","floor":1,"turns":3},{"damage":14,"enemies":"Jaw Worm","floor":2,"turns":3},{"damage":3,"enemies":"2 Louse","floor":4,"turns":3},{"damage":51,"enemies":"3 Sentries","floor":7,"turns":10},{"damage":8,"enemies":"Looter","floor":8,"turns":2},{"damage":18,"enemies":"3 Louse","floor":11,"turns":4},{"damage":6,"enemies":"2 Fungi Beasts","floor":12,"turns":3},{"damage":8,"enemies":"Exordium Thugs","floor":14,"turns":3},{"damage":13,"enemies":"Hexaghost","floor":16,"turns":6},{"damage":10,"enemies":"Spheric Guardian","floor":18,"turns":3},{"damage":20,"enemies":"Masked Bandits","floor":20,"turns":4},{"damage":8,"enemies":"3 Byrds","floor":21,"turns":4},{"damage":17,"enemies":"Sentry and Sphere","floor":22,"turns":3},{"damage":0,"enemies":"Snake Plant","floor":24,"turns":2},{"damage":25,"enemies":"Slavers","floor":25,"turns":4},{"damage":0,"enemies":"Snecko","floor":27,"turns":2},{"damage":6,"enemies":"Chosen and Byrds","floor":28,"turns":3},{"damage":19,"enemies":"Book of Stabbing","floor":29,"turns":5},{"damage":6,"enemies":"Centurion and Healer","floor":30,"turns":2},{"damage":6,"enemies":"Colosseum Slavers","floor":31,"turns":2},{"damage":6,"enemies":"Colosseum Nobs","floor":31,"turns":3},{"damage":79,"enemies":"Collector","floor":33,"turns":7},{"damage":37,"enemies":"3 Darklings","floor":35,"turns":3},{"damage":9,"enemies":"3 Shapes","floor":38,"turns":4},{"damage":32,"enemies":"Maw","floor":41,"turns":6},{"damage":6,"enemies":"Nemesis","floor":46,"turns":1},{"damage":11,"enemies":"Mind Bloom Boss Battle","floor":47,"turns":6},{"damage":33,"enemies":"Giant Head","floor":48,"turns":6},{"damage":125,"enemies":"Awakened One","floor":50,"turns":8}],"seed_played":"630185613811646413","potions_obtained":[{"floor":4,"key":"Regen Potion"},{"floor":11,"key":"LiquidBronze"},{"floor":12,"key":"DistilledChaos"},{"floor":14,"key":"SpeedPotion"},{"floor":18,"key":"Fire Potion"},{"floor":24,"key":"FairyPotion"},{"floor":25,"key":"SpeedPotion"},{"floor":28,"key":"SkillPotion"},{"floor":31,"key":"Block Potion"},{"floor":34,"key":"CultistPotion"},{"floor":46,"key":"BlessingOfTheForge"},{"floor":47,"key":"ColorlessPotion"}],"is_trial":false,"path_per_floor":["M","M","$","M","?","R","E","M","T","R","M","M","$","M","R","B",null,"M","$","?","M","M","R","M","E","T","M","M","E","M","?","R","B",null,"M","$","?","M","$","R","M","R","T","?","R","E","?","E","R","B",null],"character_chosen":"IRONCLAD","items_purchased":["Perfected Strike","Madness","Perfected Strike","Finesse","War Paint","Dual Wield","PreservedInsect","Deep Breath","Membership Card","Thread and Needle","Seeing Red"],"campfire_rested":7,"item_purchase_floors":[3,3,13,13,19,36,36,36,39,39,39],"current_hp_per_floor":[72,64,64,67,67,67,37,35,35,35,23,23,23,21,45,38,70,66,66,52,50,39,63,69,50,50,56,56,43,43,43,67,30,73,42,42,42,39,39,64,38,63,63,63,85,95,90,63,91,53],"gold":206,"neow_bonus":"RANDOM_COMMON_RELIC","is_daily":false,"chose_seed":false,"campfire_upgraded":2,"win_rate":0.0,"timestamp":1612705517,"path_taken":["M","M","$","?","?","R","E","M","T","R","?","M","$","M","R","BOSS","M","$","?","M","M","R","M","E","T","M","M","E","M","?","R","BOSS","M","$","?","M","$","R","M","R","T","?","R","E","?","E","R","BOSS"],"items_purchased_type":["Card","Card","Card","Card","Relic","Card","Relic","Card","Relic","Relic","Card"],"build_version":"2020-12-22","purchased_purges":1,"victory":true,"max_hp_per_floor":[80,80,80,80,80,80,80,80,80,80,80,80,80,80,80,80,80,80,80,80,80,80,80,80,80,80,80,80,80,80,80,80,80,85,85,85,85,85,85,85,85,85,85,85,85,95,95,95,95,95],"card_choices":[{"not_picked":["Sword Boomerang","Thunderclap","Disarm"],"picked":"SKIP","floor":1},{"not_picked":["Disarm","Heavy Blade"],"picked":"Blood for Blood","floor":2},{"not_picked":["Thunderclap","True Grit"],"picked":"Armaments","floor":4},{"not_picked":["Barricade","Dropkick"],"picked":"Shockwave","floor":7},{"not_picked":["Second Wind","Wild Strike"],"picked":"Perfected Strike","floor":8},{"not_picked":["Entrench","Wild Strike"],"picked":"Blood for Blood","floor":11},{"not_picked":["Thunderclap","True Grit"],"picked":"Pommel Strike","floor":12},{"not_picked":["Heavy Blade","Clothesline","Fiend Fire"],"picked":"SKIP","floor":14},{"not_picked":["Juggernaut","Immolate"],"picked":"Offering","floor":16},{"not_picked":["Heavy Blade+1","Sword Boomerang"],"picked":"Armaments","floor":18},{"not_picked":["Inflame+1","Clash+1"],"picked":"Pommel Strike+1","floor":21},{"not_picked":["Burning Pact","Evolve","Sword Boomerang"],"picked":"SKIP","floor":22},{"not_picked":["Pummel","Flame Barrier"],"picked":"Twin Strike","floor":24},{"not_picked":["Thunderclap","Combust"],"picked":"Wild Strike+1","floor":25},{"not_picked":["Headbutt+1","Thunderclap"],"picked":"Ghostly Armor+1","floor":27},{"not_picked":["Thunderclap","Headbutt"],"picked":"Double Tap","floor":28},{"not_picked":["Clothesline","Limit Break","Flex+1"],"picked":"SKIP","floor":29},{"not_picked":["Warcry","Shrug It Off","Shockwave+1"],"picked":"SKIP","floor":30},{"not_picked":["Flex+1","Shrug It Off+1"],"picked":"Pommel Strike","floor":31},{"not_picked":["Havoc+1","Armaments"],"picked":"Wild Strike+1","floor":35},{"not_picked":["Cleave+1","Headbutt","Entrench"],"picked":"SKIP","floor":38},{"not_picked":["True Grit","Blood for Blood","Iron Wave+1"],"picked":"SKIP","floor":41},{"not_picked":["Mind Blast","Violence"],"picked":"Metamorphosis","floor":44},{"not_picked":["Body Slam","Rupture+1","Infernal Blade"],"picked":"SKIP","floor":46},{"not_picked":["Anger","Fiend Fire"],"picked":"Dual Wield+1","floor":48}],"player_experience":814495,"relics_obtained":[{"floor":7,"key":"Smiling Mask"},{"floor":9,"key":"Bag of Preparation"},{"floor":20,"key":"Red Mask"},{"floor":25,"key":"Lantern"},{"floor":26,"key":"Gremlin Horn"},{"floor":29,"key":"Anchor"},{"floor":31,"key":"Lizard Tail"},{"floor":31,"key":"Sundial"},{"floor":43,"key":"MealTicket"},{"floor":46,"key":"Pear"},{"floor":47,"key":"StoneCalendar"},{"floor":48,"key":"Oddly Smooth Stone"}],"event_choices":[{"damage_healed":0,"gold_gain":0,"player_choice":"Cursed","damage_taken":0,"max_hp_gain":0,"max_hp_loss":0,"event_name":"Wheel of Change","floor":5,"gold_loss":0,"cards_obtained":["Decay"]},{"damage_healed":0,"gold_gain":0,"player_choice":"Fought Bandits","damage_taken":0,"max_hp_gain":0,"max_hp_loss":0,"event_name":"Masked Bandits","floor":20,"gold_loss":0},{"damage_healed":0,"gold_gain":0,"player_choice":"Fight","damage_taken":0,"max_hp_gain":0,"max_hp_loss":0,"event_name":"Colosseum","floor":31,"gold_loss":0},{"damage_healed":0,"gold_gain":0,"player_choice":"Fought Nobs","damage_taken":0,"max_hp_gain":0,"max_hp_loss":0,"event_name":"Colosseum","floor":31,"gold_loss":0},{"cards_removed":["Blood for Blood"],"damage_healed":0,"gold_gain":0,"player_choice":"Removed Attack","damage_taken":0,"max_hp_gain":0,"max_hp_loss":0,"event_name":"Falling","floor":37,"gold_loss":0},{"damage_healed":0,"gold_gain":0,"player_choice":"Memory 1","damage_taken":0,"max_hp_gain":0,"max_hp_loss":0,"event_name":"SensoryStone","floor":44,"gold_loss":0},{"damage_healed":0,"gold_gain":0,"player_choice":"Fight","damage_taken":0,"max_hp_gain":0,"max_hp_loss":0,"event_name":"MindBloom","floor":47,"gold_loss":0}],"is_beta":false,"boss_relics":[{"not_picked":["Runic Dome","Runic Pyramid"],"picked":"Fusion Hammer"},{"not_picked":["Pandora\u0027s Box","Black Star"],"picked":"Tiny House"}],"items_purged_floors":[13],"is_endless":false,"potions_floor_spawned":[4,11,12,14,18,24,25,28,29,31,31,46,47],"ascension_level":7}}