{"host":"ksbvp3awiitpakcf","time":1612691307,"event":{"mods":["ATMod(∞¢Ë™Mod)","BaseMod","Decade(Õı–°√˜)","FanaticalFans","FutureSeer","Good Game Mod","KinomotoSakuraMod(ƒæ÷Æ±æ”£)","KomeijiMod","Marisa£®ÏF”Í°°ƒß¿Ì…≥£©","Minty Spire (QoL Compilation)","MostiFishMod","Reimu£®≤©¿ˆ¡È√Œ£©","Relic Filter Mod","Remilia£®¿Ÿ√◊¿Ú—«£©","Shop Mod","StSLib","WarShipGirlsR/’ΩΩ¢…Ÿ≈ÆR mod","Youmu£®ªÍ∆«—˝√Œ£©","Yuyuko","noobMod"],"gold_per_floor":[113,113,113,124,135,135,170,180,180,192,227,70,85,85,85,180,180,197,197,197,211,228,262,279,311,311,11,140,140,140,153,153,358,358,371,371,371,382,0,133,123,258,310,328,377,577],"floor_reached":47,"language":"ZHS","playtime":2511,"items_purged":["Defend_YM"],"score":1284,"play_id":"0a9784ef-5085-465c-b7e1-46c438e60034","local_time":"20210207174827","is_ascension_mode":true,"campfire_choices":[{"data":"SlashOfMeditation","floor":6,"key":"SMITH"},{"data":"HiganSword","floor":15,"key":"SMITH"},{"data":"HeavenSword","floor":32,"key":"SMITH"}],"circlet_count":0,"master_deck":["Strike_YM","Strike_YM","Strike_YM","Strike_YM","Defend_YM","Defend_YM","SlashOfPresentWorld","WheelOfPainOfLivingAndDead","After Image","HumanKnowledgeSword","SlashOfMeditation","SlashOfMeditation+1","TransmigrationSlash","FourBirthsSword","AsuraSword","ObsessionWithThePresentWorld","HiganSword+1","LowerRealmReflectionSlash","Pain","HeavenSword+1","MostiFishMod:EE1D","MostiFishMod:EE1D","MostiFishMod:EE1D","MatsuyoiReflectingSatelliteSlash","LotusPostureSlash+1","PerfectMaid+1","MostiFishMod:Neptune","MostiFishMod:TheEndOfMoonlight","MostiFishMod:SparklingWater","MostiFishMod:FantasySummer","MostiFishMod:NightSea","Wraith","Confused","CelestialStarSword"],"relics":["ice","AT_ATBox","DaveBox","Fans:FanaticalFans","RedLine:ReiMu","ExusiaiGun","SynthV:TestCard","Meat on the Bone","Letter Opener","AT_SpeedBoots","WarpedTongs","EE1DDrone","Nloth\u0027s Gift","CrazyTorch:ReiMu","AT_RedTearstoneRing","AT_TimeSand","AT_TheCollector","FencingExperience","MoonlightInvasionPlan","Red Mask","KyoryuNoHagoromo","Roukanken","ScarletDevilRocket","Lizard Tail"],"acts_visited":["Exordium","TheCity","TheBeyond"],"potions_floor_usage":[],"damage_taken":[{"damage":200,"enemies":"Cultist","floor":1,"turns":15},{"damage":0,"enemies":"2 Louse","floor":4,"turns":1},{"damage":0,"enemies":"Small Slimes","floor":5,"turns":1},{"damage":0,"enemies":"Gremlin Nob","floor":7,"turns":1},{"damage":0,"enemies":"Exordium Thugs","floor":8,"turns":1},{"damage":0,"enemies":"Large Slime","floor":10,"turns":1},{"damage":0,"enemies":"3 Sentries","floor":11,"turns":1},{"damage":0,"enemies":"Looter","floor":13,"turns":1},{"damage":5,"enemies":"Slime Boss","floor":16,"turns":1},{"damage":0,"enemies":"Chosen","floor":18,"turns":1},{"damage":0,"enemies":"2 Thieves","floor":21,"turns":1},{"damage":3,"enemies":"3 Cultists","floor":22,"turns":1},{"damage":0,"enemies":"Slavers","floor":23,"turns":1},{"damage":0,"enemies":"Shelled Parasite and Fungi","floor":24,"turns":1},{"damage":0,"enemies":"Gremlin Leader","floor":25,"turns":1},{"damage":0,"enemies":"Book of Stabbing","floor":28,"turns":1},{"damage":0,"enemies":"Snake Plant","floor":31,"turns":1},{"damage":0,"enemies":"Collector","floor":33,"turns":1},{"damage":18,"enemies":"3 Shapes","floor":35,"turns":1},{"damage":0,"enemies":"3 Darklings","floor":38,"turns":1},{"damage":0,"enemies":"Nemesis","floor":40,"turns":1},{"damage":2,"enemies":"Giant Head","floor":42,"turns":2},{"damage":0,"enemies":"Transient","floor":44,"turns":2},{"damage":0,"enemies":"2 Orb Walkers","floor":45,"turns":1},{"damage":0,"enemies":"Donu and Deca","floor":46,"turns":1}],"seed_played":"-7327371941592803613","potions_obtained":[{"floor":40,"key":"CultistPotion"}],"is_trial":false,"path_per_floor":["M","?","?","M","M","R","E","M","T","M","E","$","M","?","R","B",null,"M","?","?","M","M","E","M","E","T","$","E","?","?","M","R","B",null,"M","?","?","M","?","E","?","E","T","M","?","B",null],"character_chosen":"YOUMU","items_purchased":["HiganSword","AT_TheCollector"],"campfire_rested":0,"item_purchase_floors":[12,27],"current_hp_per_floor":[79,79,72,75,79,79,79,79,79,79,79,79,79,79,79,79,79,79,79,79,79,79,79,79,79,79,79,79,79,79,79,79,79,79,70,70,70,79,79,79,79,79,79,88,88,88],"gold":577,"neow_bonus":"BOSS_RELIC","is_daily":false,"chose_seed":false,"campfire_upgraded":3,"win_rate":0.0,"timestamp":1612691307,"path_taken":["M","?","?","M","M","R","E","M","T","M","E","$","M","?","R","BOSS","M","?","?","M","?","E","M","E","T","?","E","?","?","?","R","BOSS","M","?","?","M","?","E","?","E","T","?","?","BOSS"],"items_purchased_type":["Card","Relic"],"build_version":"2020-12-22","purchased_purges":1,"victory":true,"max_hp_per_floor":[79,79,79,79,79,79,79,79,79,79,79,79,79,79,79,79,79,79,79,79,79,79,79,79,79,79,79,79,79,79,79,79,79,79,79,79,79,79,79,79,79,79,79,88,88,88],"card_choices":[{"not_picked":["SanzenSekai","SlashOfMeditation"],"picked":"HumanKnowledgeSword","floor":1},{"not_picked":["CherryBlossomFlashing","HellGodSword","FourBirthsSword","DispleasureOfTheSevenHakus"],"picked":"SlashOfMeditation","floor":4},{"not_picked":["FiveSignsOfTheDyingDeva","PreachingAvici","KarmicPunishmentOfTheIdleAndUnfocused","LifeCuttingSword"],"picked":"SlashOfMeditation","floor":5},{"not_picked":["HumanRealmSword","LotusPostureSlash","BloodOfAsura","SwordOfBindingDesires"],"picked":"TransmigrationSlash","floor":7},{"not_picked":["HumanGodSword","CrescentMoonSlash","DispleasureOfTheSevenHakus","SlashOfMeditation"],"picked":"FourBirthsSword","floor":8},{"not_picked":["DispleasureOfTheSevenHakus","DoubleWheelOfPain","SpiritCuttingSword","TransmigrationSlash"],"picked":"AsuraSword","floor":10},{"not_picked":["ConstancyOfTheConventionalTruth","PreachingAvici","ObsessionSword","DispleasureOfTheSevenHakus"],"picked":"ObsessionWithThePresentWorld","floor":11},{"not_picked":["HesitationCuttingSword","LifeCuttingSword","FiveSignsOfTheDyingDeva","TurningAngelCut"],"picked":"LowerRealmReflectionSlash","floor":13},{"not_picked":["AsuraSword","FastingOfTheYoungPreta","SuddenDivineSeveringOfKarmicWind","IrresoluteSoul"],"picked":"HeavenSword","floor":16},{"not_picked":["BloodOfAsura","SpiritCuttingSword","FlashingScatteredFlowers","PhosphoricSlash+1","LifeCuttingSword"],"picked":"SKIP","floor":18},{"not_picked":["FiveSignsOfTheDyingDeva","TransmigrationSlash","DispleasureOfTheSevenHakus","PreachingAvici","LowerRealmReflectionSlash"],"picked":"SKIP","floor":21},{"not_picked":["FastingOfTheYoungPreta","SwordExtraction+1","TwoHundredYojanaInOneSlash","LowerRealmReflectionSlash","SpiritMediumsBind"],"picked":"SKIP","floor":22},{"not_picked":["HumanKnowledgeSword","LifeCuttingSword","FiveSignsOfTheDyingDeva","SuddenPhantomFormationSlashOfKarmicWind"],"picked":"MatsuyoiReflectingSatelliteSlash","floor":23},{"not_picked":["GhostSword+1","ObsessionWithThePresentWorld","DoubleWheelOfPain","SwordExtraction"],"picked":"LotusPostureSlash+1","floor":24},{"not_picked":["TransmigrationSlash","SpiritCuttingSword","SlashOfDelusionalInnerEye","HeartExcerptSlash","SwordOfBindingDesires"],"picked":"SKIP","floor":25},{"not_picked":["VoidnessSword","FourBirthsSword","MatsuyoiReflectingSatelliteSlash","SlashOfDelusionalInnerEye","ObsessionWithThePresentWorld"],"picked":"SKIP","floor":28},{"not_picked":["LowerRealmReflectionSlash+1","HumanKnowledgeSword","SpiritCuttingSword","SlashOfMeditation+1","ThreeKonsSevenHakus"],"picked":"SKIP","floor":31},{"not_picked":["CherryBlossomFlashing+1","LowerRealmReflectionSlash","LifeCuttingSword+1","SanzenSekai+1","HeartExcerptSlash"],"picked":"SKIP","floor":35},{"not_picked":["TwoHundredYojanaInOneSlash+1","SanzenSekai+1","CrescentMoonSlash+1","SwordOfBindingDesires+1","LowerRealmReflectionSlash"],"picked":"SKIP","floor":38},{"not_picked":["LifeCuttingSword","SuddenDivineSeveringOfKarmicWind","CherryBlossomSword","SpiritMediumsBind","SwordExtraction"],"picked":"SKIP","floor":40},{"not_picked":[],"picked":"CelestialStarSword","floor":41},{"not_picked":["SpiritCuttingSword","SlashOfTheEternalFuture","SwordExtraction+1","TurningAngelCut","DispleasureOfTheSevenHakus"],"picked":"SKIP","floor":42},{"not_picked":["FlashingScatteredFlowers+1","HeartExcerptSlash","VoidnessSword","StrangeHalfBody","SpiritCuttingSword"],"picked":"SKIP","floor":44}],"player_experience":21013,"relics_obtained":[{"floor":1,"key":"SynthV:TestCard"},{"floor":7,"key":"Meat on the Bone"},{"floor":9,"key":"Letter Opener"},{"floor":11,"key":"AT_SpeedBoots"},{"floor":23,"key":"CrazyTorch:ReiMu"},{"floor":25,"key":"AT_RedTearstoneRing"},{"floor":26,"key":"AT_TimeSand"},{"floor":28,"key":"FencingExperience"},{"floor":40,"key":"KyoryuNoHagoromo"},{"floor":42,"key":"Roukanken"},{"floor":43,"key":"ScarletDevilRocket"},{"floor":45,"key":"Lizard Tail"}],"event_choices":[{"damage_healed":0,"gold_gain":0,"player_choice":"Ignored","damage_taken":0,"max_hp_gain":0,"max_hp_loss":0,"event_name":"Golden Idol","floor":2,"gold_loss":0},{"cards_removed":["Defend_YM"],"damage_healed":0,"gold_gain":0,"player_choice":"Card Removal","damage_taken":7,"max_hp_gain":0,"max_hp_loss":0,"event_name":"Golden Wing","floor":3,"gold_loss":0},{"damage_healed":0,"gold_gain":0,"player_choice":"Rummage","damage_taken":0,"relics_obtained":["WarpedTongs"],"max_hp_gain":0,"max_hp_loss":0,"event_name":"Accursed Blacksmith","floor":14,"gold_loss":0,"cards_obtained":["Pain"]},{"damage_healed":0,"gold_gain":0,"player_choice":"Ignored","damage_taken":0,"max_hp_gain":0,"max_hp_loss":0,"event_name":"Ghosts","floor":19,"gold_loss":0},{"damage_healed":0,"gold_gain":0,"player_choice":"Traded Relic","damage_taken":0,"relics_obtained":["Nloth\u0027s Gift"],"max_hp_gain":0,"max_hp_loss":0,"event_name":"N\u0027loth","floor":20,"relics_lost":["REME:ComplimentaryCards"],"gold_loss":0},{"damage_healed":0,"gold_gain":0,"player_choice":"Full Heal","damage_taken":0,"max_hp_gain":0,"max_hp_loss":0,"event_name":"Wheel of Change","floor":30,"gold_loss":0},{"damage_healed":0,"gold_gain":0,"player_choice":"Ignored","damage_taken":0,"max_hp_gain":0,"max_hp_loss":0,"event_name":"OrinTheCat","floor":36,"gold_loss":0},{"damage_healed":0,"gold_gain":0,"player_choice":"Paid","damage_taken":0,"relics_obtained":["Red Mask"],"max_hp_gain":0,"max_hp_loss":0,"event_name":"Tomb of Lord Red Mask","floor":39,"gold_loss":382},{"damage_healed":0,"gold_gain":0,"player_choice":"Fight","damage_taken":0,"max_hp_gain":0,"max_hp_loss":0,"event_name":"Mysterious Sphere","floor":45,"gold_loss":0}],"is_beta":false,"boss_relics":[{"not_picked":["ChiXiaoBlade","BloodWine"],"picked":"EE1DDrone"},{"not_picked":["AT_TrinityForce","xbg"],"picked":"MoonlightInvasionPlan"}],"items_purged_floors":[12],"is_endless":false,"potions_floor_spawned":[5,8,11,16,22,23,28,31,40],"ascension_level":1}}