{"host":"uc8wz0q199a7d901","time":1612693752,"event":{"mods":["2.2 Compatiblity","BaseMod","Colored Map","DeckTracker","Highlight Path","Minty Spire (QoL Compilation)","Permanent Neow","Quick Restart","SuperFastMode"],"gold_per_floor":[116,135,146,225,300,331,331,363,363,363,32,62,76,90,90,166,166,183,183,183,233,245,277,287,287,310,345,362,390,36,55,55,126,176,190,190,190,215,225,259,75,125,125,125,157,171,171,182,182,182,182,182],"floor_reached":51,"language":"KOR","playtime":1843,"items_purged":["Strike_R","Strike_R"],"score":1501,"play_id":"d2616060-d36a-4299-a856-4a869cbd2205","local_time":"20210207192912","is_ascension_mode":true,"campfire_choices":[{"data":"Fire Breathing","floor":15.0,"key":"SMITH"},{"floor":25.0,"key":"REST"},{"floor":32.0,"key":"REST"},{"floor":44.0,"key":"REST"},{"floor":47.0,"key":"REST"},{"floor":49.0,"key":"RECALL"}],"circlet_count":0,"master_deck":["AscendersBane","Strike_R","Strike_R","Defend_R+1","Defend_R","Defend_R+1","Bash+1","Immolate","Whirlwind","Shrug It Off","Fire Breathing+1","Dropkick+1","Power Through","Demon Form","Havoc","Limit Break","Uppercut","Battle Trance+1","Flame Barrier","Fiend Fire","Entrench","Evolve","Heavy Blade"],"relics":["Burning Blood","Red Skull","Shuriken","War Paint","Incense Burner","Whetstone","Snecko Eye","Peace Pipe","Vajra","Red Mask","Oddly Smooth Stone","HandDrill","Tiny House","CaptainsWheel","Centennial Puzzle","Juzu Bracelet"],"acts_visited":["Exordium","TheCity","TheBeyond"],"potions_floor_usage":[],"damage_taken":[{"damage":4.0,"enemies":"Jaw Worm","floor":1.0,"turns":4.0},{"damage":8.0,"enemies":"2 Louse","floor":2.0,"turns":2.0},{"damage":9.0,"enemies":"Small Slimes","floor":3.0,"turns":3.0},{"damage":7.0,"enemies":"3 Sentries","floor":6.0,"turns":4.0},{"damage":24.0,"enemies":"Gremlin Nob","floor":8.0,"turns":4.0},{"damage":26.0,"enemies":"Lagavulin","floor":12.0,"turns":8.0},{"damage":11.0,"enemies":"Looter","floor":13.0,"turns":2.0},{"damage":0.0,"enemies":"Exordium Thugs","floor":14.0,"turns":2.0},{"damage":16.0,"enemies":"Hexaghost","floor":16.0,"turns":9.0},{"damage":4.0,"enemies":"3 Byrds","floor":18.0,"turns":3.0},{"damage":24.0,"enemies":"2 Thieves","floor":22.0,"turns":5.0},{"damage":33.0,"enemies":"Gremlin Leader","floor":23.0,"turns":5.0},{"damage":8.0,"enemies":"Snake Plant","floor":24.0,"turns":3.0},{"damage":7.0,"enemies":"Masked Bandits","floor":27.0,"turns":4.0},{"damage":39.0,"enemies":"Sentry and Sphere","floor":28.0,"turns":8.0},{"damage":34.0,"enemies":"Slavers","floor":29.0,"turns":3.0},{"damage":19.0,"enemies":"Cultist and Chosen","floor":31.0,"turns":4.0},{"damage":24.0,"enemies":"Champ","floor":33.0,"turns":8.0},{"damage":0.0,"enemies":"3 Darklings","floor":35.0,"turns":3.0},{"damage":16.0,"enemies":"Mind Bloom Boss Battle","floor":38.0,"turns":5.0},{"damage":0.0,"enemies":"Orb Walker","floor":39.0,"turns":2.0},{"damage":56.0,"enemies":"Nemesis","floor":40.0,"turns":9.0},{"damage":24.0,"enemies":"Reptomancer","floor":45.0,"turns":4.0},{"damage":11.0,"enemies":"Writhing Mass","floor":46.0,"turns":4.0},{"damage":6.0,"enemies":"Spire Growth","floor":48.0,"turns":4.0},{"damage":26.0,"enemies":"Time Eater","floor":50.0,"turns":6.0},{"damage":20,"enemies":"Awakened One","floor":51,"turns":3}],"seed_played":"-8638452833765420908","potions_obtained":[{"floor":1.0,"key":"AttackPotion"},{"floor":3.0,"key":"Weak Potion"},{"floor":6.0,"key":"SneckoOil"},{"floor":12.0,"key":"DistilledChaos"},{"floor":18.0,"key":"Regen Potion"},{"floor":24.0,"key":"FairyPotion"},{"floor":27.0,"key":"AttackPotion"},{"floor":31.0,"key":"SkillPotion"},{"floor":34.0,"key":"Explosive Potion"},{"floor":40.0,"key":"Swift Potion"},{"floor":45.0,"key":"Strength Potion"}],"is_trial":false,"path_per_floor":["M","M","M","?","?","E","?","E","T","?","$","E","M","M","R","B",null,"M","?","?","?","M","E","M","R","T","?","M","E","$","M","R","B",null,"M","?","?","?","M","E","$","?","T","R","E","M","R","M","R","B","B"],"character_chosen":"IRONCLAD","items_purchased":["Incense Burner","BloodPotion","HandDrill","Dexterity Potion","DuplicationPotion"],"campfire_rested":4,"item_purchase_floors":[11,30,30,30,41],"current_hp_per_floor":[70,68,65,65,54,53,53,35,35,60,60,40,35,41,41,31,64,66,66,66,66,48,21,28,50,50,49,16,15,15,17,39,21,67,73,73,73,63,69,19,19,19,19,41,23,18,40,40,40,20,0,0],"gold":182,"neow_bonus":"ONE_RANDOM_RARE_CARD","is_daily":false,"chose_seed":false,"campfire_upgraded":1,"win_rate":0.0,"timestamp":1612693752,"path_taken":["M","M","M","?","?","E","?","E","T","?","?","E","M","M","R","BOSS","M","?","?","?","M","E","M","R","T","?","M","E","$","M","R","BOSS","M","?","?","?","?","E","$","?","T","R","E","M","R","M","R","BOSS","BOSS"],"items_purchased_type":["Relic","Potion","Relic","Potion","Potion"],"build_version":"2020-12-22","purchased_purges":2,"victory":false,"max_hp_per_floor":[75,75,75,75,75,75,75,75,75,75,75,75,75,75,75,75,75,75,75,75,75,75,75,75,75,75,75,75,75,75,75,75,75,80,80,80,76,76,76,76,76,76,76,76,76,76,76,76,76,76,76,76],"card_choices":[{"not_picked":["Burning Pact","Anger"],"picked":"Whirlwind","floor":1.0},{"not_picked":["Iron Wave","Reckless Charge"],"picked":"Shrug It Off","floor":2.0},{"not_picked":["Cleave","Warcry"],"picked":"Armaments","floor":3.0},{"not_picked":["True Grit","Havoc"],"picked":"Fire Breathing","floor":6.0},{"not_picked":["Second Wind","Limit Break"],"picked":"Dropkick","floor":8.0},{"not_picked":["Fire Breathing","Ghostly Armor"],"picked":"Power Through","floor":12.0},{"not_picked":["Thunderclap","Heavy Blade","True Grit"],"picked":"SKIP","floor":13.0},{"not_picked":["Shrug It Off","Warcry","Clothesline"],"picked":"SKIP","floor":14.0},{"not_picked":["Brutality","Berserk"],"picked":"Demon Form","floor":16.0},{"not_picked":["Clash","Shrug It Off","Warcry"],"picked":"SKIP","floor":18.0},{"not_picked":["Wild Strike","Reckless Charge+1"],"picked":"Uppercut","floor":22.0},{"not_picked":["Carnage","Clash","Flex"],"picked":"SKIP","floor":23.0},{"not_picked":["Juggernaut","Cleave"],"picked":"Battle Trance","floor":24.0},{"not_picked":["Infernal Blade","Seeing Red","Warcry"],"picked":"SKIP","floor":28.0},{"not_picked":["Cleave","Flex"],"picked":"Flame Barrier","floor":29.0},{"not_picked":["Rupture","Armaments","Thunderclap"],"picked":"SKIP","floor":31.0},{"not_picked":["Double Tap","Juggernaut"],"picked":"Fiend Fire","floor":33.0},{"not_picked":["Metallicize","Flex"],"picked":"Entrench","floor":35.0},{"not_picked":["Clash","Iron Wave"],"picked":"Evolve","floor":38.0},{"not_picked":["Thunderclap","Anger","Exhume"],"picked":"SKIP","floor":39.0},{"not_picked":["Clash","Sword Boomerang"],"picked":"Heavy Blade","floor":40.0},{"not_picked":["Clothesline","Burning Pact","Headbutt"],"picked":"SKIP","floor":45.0},{"not_picked":["Inflame+1","Dark Embrace","Iron Wave"],"picked":"SKIP","floor":46.0},{"not_picked":["True Grit","Combust","Immolate"],"picked":"SKIP","floor":48.0}],"player_experience":733001,"relics_obtained":[{"floor":6.0,"key":"Red Skull"},{"floor":8.0,"key":"Shuriken"},{"floor":9.0,"key":"War Paint"},{"floor":12.0,"key":"Whetstone"},{"floor":23.0,"key":"Peace Pipe"},{"floor":26.0,"key":"Vajra"},{"floor":27.0,"key":"Red Mask"},{"floor":29.0,"key":"Oddly Smooth Stone"},{"floor":38.0,"key":"CaptainsWheel"},{"floor":40.0,"key":"Centennial Puzzle"},{"floor":45.0,"key":"Juzu Bracelet"}],"event_choices":[{"damage_healed":0.0,"max_hp_gain":0.0,"max_hp_loss":0.0,"gold_gain":79.0,"event_name":"Golden Wing","player_choice":"Gained Gold","floor":4.0,"gold_loss":0.0,"damage_taken":0.0},{"damage_healed":0.0,"max_hp_gain":0.0,"max_hp_loss":0.0,"gold_gain":75.0,"event_name":"World of Goop","player_choice":"Gather Gold","floor":5.0,"gold_loss":0.0,"damage_taken":11.0},{"damage_healed":0.0,"max_hp_gain":0.0,"max_hp_loss":0.0,"gold_gain":0.0,"event_name":"Liars Game","player_choice":"Ignored","floor":7.0,"gold_loss":0.0,"damage_taken":0.0},{"damage_healed":25.0,"max_hp_gain":0.0,"max_hp_loss":0.0,"gold_gain":0.0,"event_name":"Big Fish","player_choice":"Banana","floor":10.0,"gold_loss":0.0,"damage_taken":0.0},{"damage_healed":0.0,"max_hp_gain":0.0,"max_hp_loss":0.0,"gold_gain":0.0,"event_name":"Vampires","player_choice":"Ignored","floor":19.0,"gold_loss":0.0,"damage_taken":0.0},{"damage_healed":0.0,"max_hp_gain":0.0,"max_hp_loss":0.0,"gold_gain":0.0,"cards_transformed":["Strike_R","Defend_R"],"event_name":"Drug Dealer","player_choice":"Became Test Subject","floor":20.0,"gold_loss":0.0,"damage_taken":0.0,"cards_obtained":["Havoc","Limit Break"]},{"damage_healed":0.0,"max_hp_gain":0.0,"max_hp_loss":0.0,"gold_gain":50.0,"event_name":"Nest","player_choice":"Stole From Cult","floor":21.0,"gold_loss":0.0,"damage_taken":0.0},{"damage_healed":0.0,"max_hp_gain":0.0,"max_hp_loss":0.0,"gold_gain":0.0,"event_name":"Masked Bandits","player_choice":"Fought Bandits","floor":27.0,"gold_loss":0.0,"damage_taken":0.0},{"cards_removed":["Armaments"],"damage_healed":0.0,"max_hp_gain":0.0,"max_hp_loss":0.0,"gold_gain":0.0,"event_name":"Falling","player_choice":"Removed Skill","floor":36.0,"gold_loss":0.0,"damage_taken":0.0},{"damage_healed":0.0,"max_hp_gain":0.0,"max_hp_loss":4.0,"gold_gain":0.0,"event_name":"Winding Halls","player_choice":"Max HP","floor":37.0,"gold_loss":0.0,"damage_taken":0.0},{"damage_healed":0.0,"max_hp_gain":0.0,"max_hp_loss":0.0,"gold_gain":0.0,"event_name":"MindBloom","player_choice":"Fight","floor":38.0,"gold_loss":0.0,"damage_taken":0.0},{"damage_healed":0.0,"max_hp_gain":0.0,"max_hp_loss":0.0,"gold_gain":50.0,"event_name":"Golden Shrine","player_choice":"Pray","floor":42.0,"gold_loss":0.0,"damage_taken":0.0}],"is_beta":false,"boss_relics":[{"not_picked":["Velvet Choker","SlaversCollar"],"picked":"Snecko Eye"},{"not_picked":["Calling Bell","Philosopher\u0027s Stone"],"picked":"Tiny House"}],"items_purged_floors":[30,41],"is_endless":false,"potions_floor_spawned":[1,3,6,12,18,24,27,31,40,45,48],"killed_by":"Awakened One","ascension_level":20}}