{"host":"Jedit","time":1612734304,"event":{"mods":["BaseMod","Downfall","Minty Spire (QoL Compilation)","Relic Stats","StSLib"],"gold_per_floor":[157,157,157,28,28,28,62,113,165,208,208,271,57,121,121,240,240,290,14,194,242,280,343,343,401,473,473,473,536,550,550,550,675,675,718,718,638,731,1730,1373,1438,1464,1464,1464,1505,1505,1530,1863,1863,1888],"floor_reached":51,"language":"ENG","playtime":2439,"items_purged":["Normality","bronze:Goto","Normality"],"score":1116,"play_id":"6d16ea7d-4255-439f-a374-829227108be2","local_time":"20210207214504","is_ascension_mode":true,"campfire_choices":[{"data":"bronze:InfiniteLoop","floor":6,"key":"SMITH"},{"data":"HandOfGreed","floor":11,"key":"SMITH"},{"data":"bronze:Boost","floor":15,"key":"SMITH"},{"floor":24,"key":"REST"},{"data":"bronze:Optimize","floor":27,"key":"SMITH"},{"data":"bronze:Repulsor","floor":32,"key":"SMITH"},{"floor":46,"key":"DIG"},{"floor":49,"key":"DIG"}],"circlet_count":0,"master_deck":["bronze:Replicate","HandOfGreed+1","bronze:Boost+1","bronze:InfiniteLoop+1","bronze:DelayedGuard","bronze:DelayedGuard","bronze:Separator","bronze:CloningBeam","bronze:Return","bronze:ClassDefault","bronze:Repulsor+1","bronze:Format","bronze:Constructor","bronze:Optimize+1","bronze:FineTuning","bronze:GetLatest","bronze:Constructor","bronze:ForLoop","bronze:Repair","bronze:MaxOutput+1","Sadistic Nature","bronze:DelayedSlice+1","bronze:WhirlingStrike+1","bronze:Philosophize","bronze:Iterate+1"],"relics":["bronze:BronzeCore","downfall:ExtraCursedBell","Dream Catcher","Eternal Feather","TungstenRod","Regal Pillow","Bag of Marbles","hexamod:BolsterEngine","White Beast Statue","ClockworkSouvenir","sneckomod:BlankCard","Pandora\u0027s Box","Membership Card","bronze:ProtectiveGoggles","Juzu Bracelet","Guardian:PocketSentry","Oddly Smooth Stone","Mummified Hand","Snecko Eye","Smiling Mask","Torii","Gambling Chip","Shovel","Ancient Tea Set","Centennial Puzzle","Turnip","Art of War","Letter Opener"],"acts_visited":["Exordium","TheCity","TheBeyond"],"potions_floor_usage":[14,16,25,33,41,50],"damage_taken":[{"damage":1,"enemies":"2 Louse","floor":1,"turns":5},{"damage":0,"enemies":"Jaw Worm","floor":7,"turns":3},{"damage":11,"enemies":"Lagavulin","floor":8,"turns":5},{"damage":0,"enemies":"Gremlin Nob","floor":10,"turns":3},{"damage":7,"enemies":"Lagavulin","floor":12,"turns":5},{"damage":17,"enemies":"3 Sentries","floor":14,"turns":5},{"damage":23,"enemies":"Hexaghost","floor":16,"turns":10},{"damage":0,"enemies":"Spheric Guardian","floor":18,"turns":3},{"damage":0,"enemies":"2 Thieves","floor":21,"turns":3},{"damage":5,"enemies":"Cultist and Chosen","floor":22,"turns":3},{"damage":18,"enemies":"Book of Stabbing","floor":23,"turns":6},{"damage":9,"enemies":"Slavers","floor":25,"turns":4},{"damage":0,"enemies":"Book of Stabbing","floor":29,"turns":5},{"damage":0,"enemies":"Chosen and Byrds","floor":30,"turns":5},{"damage":25,"enemies":"Champ","floor":33,"turns":9},{"damage":0,"enemies":"3 Shapes","floor":35,"turns":5},{"damage":8,"enemies":"2 Orb Walkers","floor":38,"turns":4},{"damage":33,"enemies":"Reptomancer","floor":41,"turns":6},{"damage":0,"enemies":"3 Darklings","floor":45,"turns":4},{"damage":0,"enemies":"Jaw Worm Horde","floor":47,"turns":2},{"damage":18,"enemies":"Awakened One","floor":50,"turns":11}],"seed_played":"2725902486520229508","potions_obtained":[{"floor":1,"key":"DistilledChaos"},{"floor":10,"key":"EssenceOfSteel"},{"floor":14,"key":"bronze:BuildAFunctionPotion"},{"floor":16,"key":"Swift Potion"},{"floor":18,"key":"Fire Potion"},{"floor":21,"key":"SteroidPotion"},{"floor":22,"key":"bronze:CleanCodePotion"},{"floor":25,"key":"LiquidMemories"},{"floor":29,"key":"Block Potion"},{"floor":33,"key":"Strength Potion"},{"floor":41,"key":"SkillPotion"},{"floor":45,"key":"Regen Potion"}],"is_trial":false,"path_per_floor":["M","?","?","$","?","R","M","E","T","E","R","E","$","E","R","B",null,"M","$","?","M","M","E","R","E","T","R","?","E","M","T","R","B",null,"M","?","?","?","?","$","E","T","T","?","M","R","M","?","R","B",null],"character_chosen":"THE_AUTOMATON","items_purchased":["bronze:DelayedGuard","ClockworkSouvenir","bronze:ClassDefault","Membership Card","bronze:ProtectiveGoggles","Gambling Chip","Shovel"],"campfire_rested":1,"item_purchase_floors":[4,13,13,19,19,40,40],"current_hp_per_floor":[48,53,53,53,53,59,59,48,48,48,57,50,50,33,45,22,57,57,57,41,41,36,18,62,53,53,62,62,69,69,69,69,44,63,63,63,63,55,55,55,39,39,39,39,66,69,69,69,69,51],"gold":1888,"neow_bonus":"RANDOM_COLORLESS_2","is_daily":false,"chose_seed":false,"campfire_upgraded":5,"win_rate":0.0,"timestamp":1612734304,"path_taken":["M","?","?","$","?","R","?","E","T","E","R","E","?","E","R","BOSS","M","$","?","?","M","E","R","E","T","R","?","E","M","?","R","BOSS","M","?","?","?","?","$","E","?","T","?","M","R","M","?","R","BOSS"],"items_purchased_type":["Card","Relic","Card","Relic","Relic","Relic","Relic"],"build_version":"2020-12-18","purchased_purges":3,"victory":true,"max_hp_per_floor":[70,75,75,75,69,69,69,69,69,69,69,69,69,69,69,69,69,69,69,69,69,69,69,69,69,69,69,69,69,69,69,69,69,69,69,69,69,69,69,69,69,69,69,69,69,69,69,69,69,69],"relic_stats":{"Regal Pillow":15,"Torii":5,"counters":[21,105],"Eternal Feather":48,"Juzu Bracelet":2,"Letter Opener":[30],"Smiling Mask":13,"Dream Catcher":1,"Centennial Puzzle":[3],"Shovel":2,"Mummified Hand":[51],"Gambling Chip":[19],"Snecko Eye":[72,56,57,55],"Pandora\u0027s Box":["bronze:WildBeam","bronze:InfiniteBeams","bronze:Break","bronze:Safeguard","bronze:OilSpill","bronze:CleanCode","bronze:Shield","bronze:ChosenStrike"],"Turnip":[0],"Art of War":[0],"obtain_stats":[{"Regal Pillow":8,"bronze:BronzeCore":0,"Torii":38,"sneckomod:BlankCard":14,"Juzu Bracelet":23,"Smiling Mask":37,"Ancient Tea Set":41,"ClockworkSouvenir":13,"Dream Catcher":3,"Centennial Puzzle":42,"Shovel":40,"Mummified Hand":31,"Gambling Chip":40,"downfall:ExtraCursedBell":3,"Golden Idol":5,"Oddly Smooth Stone":29,"Eternal Feather":3,"Guardian:PocketSentry":25,"Letter Opener":49,"White Beast Statue":12,"bronze:ProtectiveGoggles":19,"Snecko Eye":34,"Pandora\u0027s Box":17,"Turnip":43,"Bag of Marbles":9,"Art of War":46,"Membership Card":19,"hexamod:BolsterEngine":10,"TungstenRod":3},{"Regal Pillow":3,"bronze:BronzeCore":0,"Torii":17,"sneckomod:BlankCard":6,"Juzu Bracelet":11,"Smiling Mask":16,"Ancient Tea Set":18,"ClockworkSouvenir":5,"Dream Catcher":1,"Centennial Puzzle":18,"Shovel":17,"Mummified Hand":14,"Gambling Chip":17,"downfall:ExtraCursedBell":1,"Golden Idol":1,"Oddly Smooth Stone":13,"Eternal Feather":1,"Guardian:PocketSentry":12,"Letter Opener":20,"White Beast Statue":5,"bronze:ProtectiveGoggles":8,"Snecko Eye":15,"Pandora\u0027s Box":7,"Turnip":18,"Bag of Marbles":3,"Art of War":19,"Membership Card":8,"hexamod:BolsterEngine":4,"TungstenRod":1},{"Regal Pillow":13,"bronze:BronzeCore":0,"Torii":82,"sneckomod:BlankCard":26,"Juzu Bracelet":51,"Smiling Mask":78,"Ancient Tea Set":88,"ClockworkSouvenir":21,"Dream Catcher":5,"Centennial Puzzle":88,"Shovel":82,"Mummified Hand":65,"Gambling Chip":82,"downfall:ExtraCursedBell":5,"Golden Idol":5,"Oddly Smooth Stone":60,"Eternal Feather":5,"Guardian:PocketSentry":55,"Letter Opener":94,"White Beast Statue":21,"bronze:ProtectiveGoggles":39,"Snecko Eye":74,"Pandora\u0027s Box":36,"Turnip":88,"Bag of Marbles":13,"Art of War":92,"Membership Card":39,"hexamod:BolsterEngine":16,"TungstenRod":5}],"TungstenRod":31},"card_choices":[{"not_picked":["Magnetism","Apotheosis"],"picked":"HandOfGreed","floor":0},{"not_picked":["bronze:OilSpill","bronze:WildBeam"],"picked":"bronze:Boost","floor":1},{"not_picked":["bronze:Shield","bronze:NullPointer"],"picked":"bronze:DelayedGuard","floor":7},{"not_picked":["bronze:Frontload","bronze:SpaghettiCode"],"picked":"bronze:Separator","floor":8},{"not_picked":["bronze:Overload","bronze:DigitalCarnage"],"picked":"bronze:CloningBeam","floor":10},{"not_picked":["bronze:WildBeam","bronze:Overheat"],"picked":"bronze:Return","floor":12},{"not_picked":["bronze:Overload","bronze:Deprecate"],"picked":"bronze:Repulsor","floor":14},{"not_picked":["bronze:AlphaBuild","bronze:HyperBeam"],"picked":"bronze:Format","floor":16},{"not_picked":["bronze:FineTuning","bronze:NullPointer"],"picked":"bronze:Constructor","floor":18},{"not_picked":["bronze:InfiniteBeams+1","bronze:OilSpill"],"picked":"bronze:Optimize","floor":21},{"not_picked":["bronze:ForceShield+1","bronze:WildBeam"],"picked":"bronze:FineTuning","floor":22},{"not_picked":["bronze:BitShift","bronze:Fortify"],"picked":"bronze:GetLatest","floor":23},{"not_picked":["bronze:OilSpill","bronze:CloningBeam"],"picked":"bronze:Constructor","floor":24},{"not_picked":["bronze:DelayedGuard","bronze:FineTuning+1"],"picked":"bronze:ForLoop","floor":25},{"not_picked":["bronze:Break","bronze:WildBeam+1"],"picked":"bronze:MaxOutput+1","floor":29},{"not_picked":["bronze:Return","bronze:Overheat","bronze:Backtrace"],"picked":"SKIP","floor":30},{"not_picked":["bronze:CleanCode","bronze:Format"],"picked":"bronze:Hardcode","floor":33},{"not_picked":["bronze:Invalidate","bronze:Shield+1","bronze:Frontload"],"picked":"SKIP","floor":35},{"not_picked":["bronze:Invalidate","bronze:Shield+1","bronze:Frontload"],"picked":"SKIP","floor":35},{"not_picked":["Madness","Mind Blast"],"picked":"Sadistic Nature","floor":36},{"not_picked":["bronze:Turbo","bronze:DelayedGuard+1"],"picked":"bronze:DelayedSlice+1","floor":38},{"not_picked":["bronze:BugBarrage","bronze:Overheat"],"picked":"bronze:WhirlingStrike+1","floor":41},{"not_picked":["bronze:OilSpill","bronze:WildBeam"],"picked":"bronze:Iterate+1","floor":45},{"not_picked":["bronze:Frontload","bronze:BurnOut","bronze:Return"],"picked":"SKIP","floor":47}],"player_experience":3731665,"relics_obtained":[{"floor":3,"key":"Dream Catcher"},{"floor":3,"key":"Eternal Feather"},{"floor":3,"key":"TungstenRod"},{"floor":8,"key":"Regal Pillow"},{"floor":9,"key":"Bag of Marbles"},{"floor":10,"key":"hexamod:BolsterEngine"},{"floor":12,"key":"White Beast Statue"},{"floor":14,"key":"sneckomod:BlankCard"},{"floor":23,"key":"Juzu Bracelet"},{"floor":25,"key":"Guardian:PocketSentry"},{"floor":29,"key":"Oddly Smooth Stone"},{"floor":31,"key":"Mummified Hand"},{"floor":38,"key":"Torii"},{"floor":41,"key":"Ancient Tea Set"},{"floor":42,"key":"Centennial Puzzle"},{"floor":43,"key":"Turnip"},{"floor":46,"key":"Art of War"},{"floor":49,"key":"Letter Opener"}],"event_choices":[{"damage_healed":0,"gold_gain":0,"player_choice":"Donut","damage_taken":0,"max_hp_gain":5,"max_hp_loss":0,"event_name":"Big Fish","floor":2,"gold_loss":0},{"damage_healed":0,"gold_gain":0,"player_choice":"Lose Max HP","damage_taken":0,"relics_obtained":["Golden Idol"],"max_hp_gain":0,"max_hp_loss":6,"event_name":"Golden Idol","floor":5,"gold_loss":0},{"damage_healed":0,"gold_gain":180,"player_choice":"GOLD GOLD ","damage_taken":19,"max_hp_gain":0,"max_hp_loss":0,"event_name":"Knowing Skull","floor":20,"potions_obtained":[],"gold_loss":0,"cards_obtained":[]},{"damage_healed":0,"gold_gain":0,"player_choice":"Read","damage_taken":0,"max_hp_gain":0,"max_hp_loss":0,"event_name":"The Library","floor":28,"gold_loss":0,"cards_obtained":["bronze:Repair"]},{"damage_healed":0,"gold_gain":0,"player_choice":"Memory 1","damage_taken":0,"max_hp_gain":0,"max_hp_loss":0,"event_name":"SensoryStone","floor":36,"gold_loss":0},{"damage_healed":0,"gold_gain":0,"player_choice":"Paid Gold","damage_taken":0,"relics_obtained":["Smiling Mask"],"max_hp_gain":0,"max_hp_loss":0,"event_name":"WeMeetAgain","floor":37,"gold_loss":80},{"damage_healed":0,"gold_gain":0,"player_choice":"Fight","damage_taken":0,"max_hp_gain":0,"max_hp_loss":0,"event_name":"Mysterious Sphere","floor":38,"gold_loss":0},{"damage_healed":0,"gold_gain":999,"player_choice":"Gold","damage_taken":0,"max_hp_gain":0,"max_hp_loss":0,"event_name":"MindBloom","floor":39,"gold_loss":0,"cards_obtained":["Normality","Normality"]},{"damage_healed":0,"gold_gain":333,"player_choice":"Gave Idol","damage_taken":0,"max_hp_gain":0,"max_hp_loss":0,"event_name":"The Moai Head","floor":48,"relics_lost":["Golden Idol"],"gold_loss":0}],"is_beta":true,"boss_relics":[{"not_picked":["Cursed Key","Velvet Choker"],"picked":"Pandora\u0027s Box"},{"not_picked":["Fusion Hammer","Tiny House"],"picked":"Snecko Eye"}],"items_purged_floors":[4,19,40],"is_endless":false,"potions_floor_spawned":[1,10,14,16,18,21,22,23,25,29,30,33,35,38,41,45,47],"ascension_level":5}}