{"host":"KYO","time":1612694978,"event":{"mods":["ATMod(°¢èªMod)","BaseMod","Better Vampires","Minty Spire (QoL Compilation)","Permanent Neow","Replay The Spire","Shop Mod","StSLib","SuperFastMode","TestMod","[IsaacMod]ÒÔÈö¼âËþ","¡¾ÒÅÎï¿¨ÅÆ¡¿REMEMod"],"gold_per_floor":[121,121,133,133,58,58,91,110,110,125,156,156,156,156,156,156,156],"floor_reached":16,"language":"ZHS","playtime":692,"items_purged":["Strike_R"],"score":216,"play_id":"0910d2c1-65de-4685-9f8d-43e0c1fa71b4","local_time":"20210207184938","is_ascension_mode":true,"campfire_choices":[{"data":"AT_RealColorLess","floor":6,"key":"SMITH"},{"data":"ReplayTheSpireMod:Strike From Hell","floor":13,"key":"SMITH"},{"data":"Forethought","floor":15,"key":"SMITH"}],"circlet_count":0,"master_deck":["AscendersBane","Strike_R","Strike_R","Strike_R","Strike_R","Defend_R","Defend_R","Defend_R","Defend_R","AT_RealColorLess+1","Feel No Pain+1","Forethought+1","Pummel","Run Through+1","Blood for Blood","ReplayTheSpireMod:Strike From Hell+1","Hemogenesis+1"],"relics":["Burning Blood","HushsDoor","AT_ATBox","REME_ComplimentaryCards","testmod-TestBox","testmod-CasingShield","Charon\u0027s Ashes","BloodBag","Replay:Ringing Soul","Golden Egg","testmod-BalancedPeriapt"],"acts_visited":["Exordium"],"potions_floor_usage":[16],"damage_taken":[{"damage":7.0,"enemies":"Jaw Worm","floor":1.0,"turns":4.0},{"damage":6.0,"enemies":"2 Louse","floor":3.0,"turns":3.0},{"damage":38,"enemies":"Gremlin Nob","floor":7,"turns":4},{"damage":10,"enemies":"Small Slimes","floor":8,"turns":3},{"damage":11,"enemies":"Blue Slaver","floor":10,"turns":4},{"damage":16,"enemies":"3 Sentries","floor":11,"turns":5},{"damage":38,"enemies":"The Guardian","floor":16,"turns":6}],"seed_played":"-6192084394615939770","potions_obtained":[{"floor":1.0,"key":"Doom Potion"},{"floor":8,"key":"SteroidPotion"}],"is_trial":false,"path_per_floor":["M","?","M","?","$","R","E","M","T","M","E","?","R","$","R","B"],"character_chosen":"IRONCLAD","items_purchased":[],"campfire_rested":0,"item_purchase_floors":[],"current_hp_per_floor":[73,73,73,73,73,73,44,40,40,38,31,31,31,31,31,1,1],"gold":156,"neow_bonus":"ONE_RARE_RELIC","is_daily":false,"chose_seed":false,"campfire_upgraded":3,"win_rate":0.0,"timestamp":1612694978,"path_taken":["M","?","M","?","?","R","E","M","T","M","E","?","R","$","R","BOSS"],"items_purchased_type":[],"build_version":"2020-12-18","purchased_purges":1,"victory":false,"max_hp_per_floor":[75,75,75,75,75,75,78,78,78,81,84,84,84,84,84,84,84],"card_choices":[{"not_picked":[],"picked":"Bomb","floor":0.0},{"not_picked":["Sentinel","AT_DiedThrough"],"picked":"Feel No Pain","floor":1.0},{"not_picked":["Dual Wield","ReplayTheSpireMod:Strike From Hell"],"picked":"Pummel","floor":3.0},{"not_picked":["Headbutt","AT_IchimonjiDouble"],"picked":"Blood for Blood","floor":7},{"not_picked":["Iron Wave","Pommel Strike","Heavy Blade"],"picked":"SKIP","floor":8},{"not_picked":["Blood for Blood","Anger"],"picked":"ReplayTheSpireMod:Strike From Hell","floor":10},{"not_picked":["Demon Form","ReplayTheSpireMod:Strike From Hell"],"picked":"Hemogenesis","floor":11}],"player_experience":751780,"relics_obtained":[{"floor":7,"key":"Replay:Ringing Soul"},{"floor":9,"key":"Golden Egg"},{"floor":11,"key":"testmod-BalancedPeriapt"}],"event_choices":[{"damage_healed":0,"gold_gain":0,"player_choice":"Ignored","damage_taken":0,"max_hp_gain":0,"max_hp_loss":0,"event_name":"Liars Game","floor":12,"gold_loss":0}],"is_beta":true,"boss_relics":[],"items_purged_floors":[5],"is_endless":false,"potions_floor_spawned":[1,8],"killed_by":"The Guardian","ascension_level":20}}