{"host":"r53pw7z744tg3fxg","time":1612715693,"event":{"mods":["AchievementEnabler","BaseMod","Colored Map","Colored Powertips","Highlight Path","Minty Spire (QoL Compilation)","Quick Restart","Transform Curses"],"gold_per_floor":[16,34,3334,3334,3405,3405,3434,3123,3172,3207,3223,3186,3186,3199,3199,3295,3295,3308,3328,3328,3346,3362,3126,3161,3042,3042,3042,3068,3093,3093,3124,3124,3221,3221,3237,2790,2803,2818,2834,2834,2863,2874,2923,2923,2932,2957,2759,2779,2779,2779,2779,2779,2654,2696,2696],"floor_reached":56,"language":"ENG","playtime":2256,"items_purged":["Strike_R","Ghostly+1","Ghostly+1"],"score":2466,"play_id":"ccc1aef4-36f1-4b5d-8ef7-06da878788fb","local_time":"20210207093453","is_ascension_mode":true,"campfire_choices":[{"floor":6,"key":"RECALL"},{"data":"1","floor":15,"key":"LIFT"},{"data":"2","floor":32,"key":"LIFT"},{"data":"3","floor":40,"key":"LIFT"},{"floor":49,"key":"REST"},{"floor":52,"key":"REST"}],"circlet_count":0,"master_deck":["Strike_R+1","Strike_R+1","Strike_R+1","Defend_R+1","Defend_R+1","Defend_R+1","Bash+1","Flame Barrier+1","Bandage Up+1","Heavy Blade+1","Cleave+1","Whirlwind+1","Inflame+1","Barricade+1","Demon Form+1","Limit Break+1","Body Slam+1","Entrench+1","Impervious+1","Feel No Pain+1","Iron Wave+1","Armaments+1","Dramatic Entrance+1","Ghostly+1","Ghostly+1","Ghostly+1","Apotheosis+1","Blind+1","Evolve+1","ThirdEye+1"],"relics":["Burning Blood","Paper Frog","Incense Burner","Unceasing Top","Turnip","Ginger","FossilizedHelix","Champion Belt","Charon\u0027s Ashes","Medical Kit","Self Forming Clay","Black Star","Mark of Pain","Nuclear Battery","SlaversCollar","HandDrill","ClockworkSouvenir","Sling","Magic Flower","Calipers","Akabeko","Frozen Egg 2","Molten Egg 2","Toxic Egg 2","Mummified Hand","StrikeDummy","Shuriken","Eternal Feather","Gremlin Horn","Red Skull","Vajra","Regal Pillow","PreservedInsect","Potion Belt","Pen Nib","Oddly Smooth Stone","Lantern","Juzu Bracelet","Happy Flower","Bronze Scales","Blood Vial","Bag of Preparation","Bag of Marbles","Anchor","Ancient Tea Set","Girya","Strawberry","Membership Card","Meat on the Bone","Dream Catcher","CultistMask","Busted Crown","CaptainsWheel","Frozen Eye","Regal Pillow","Bottled Tornado","TheAbacus","Centennial Puzzle","Smiling Mask","Red Mask","Bag of Marbles","Letter Opener","HornCleat","Matryoshka","Toolbox","Pear","CeramicFish","Omamori","StrikeDummy","War Paint","Nunchaku","PrismaticShard","Mercury Hourglass","StoneCalendar"],"acts_visited":["Exordium","TheCity","TheBeyond","TheEnding"],"potions_floor_usage":[22,50,50,50],"damage_taken":[{"damage":0,"enemies":"2 Louse","floor":1,"turns":1},{"damage":0,"enemies":"Small Slimes","floor":2,"turns":1},{"damage":0,"enemies":"Gremlin Nob","floor":7,"turns":2},{"damage":0,"enemies":"Lagavulin","floor":10,"turns":1},{"damage":0,"enemies":"Cultist","floor":11,"turns":1},{"damage":0,"enemies":"Blue Slaver","floor":14,"turns":1},{"damage":0,"enemies":"Slime Boss","floor":16,"turns":2},{"damage":0,"enemies":"Spheric Guardian","floor":18,"turns":2},{"damage":0,"enemies":"Shell Parasite","floor":19,"turns":1},{"damage":0,"enemies":"Snake Plant","floor":21,"turns":2},{"damage":0,"enemies":"Snecko","floor":22,"turns":1},{"damage":0,"enemies":"Gremlin Leader","floor":24,"turns":3},{"damage":0,"enemies":"Slavers","floor":28,"turns":1},{"damage":0,"enemies":"Masked Bandits","floor":29,"turns":1},{"damage":0,"enemies":"Gremlin Leader","floor":31,"turns":1},{"damage":0,"enemies":"Collector","floor":33,"turns":2},{"damage":0,"enemies":"3 Shapes","floor":35,"turns":1},{"damage":0,"enemies":"3 Darklings","floor":37,"turns":1},{"damage":0,"enemies":"Maw","floor":38,"turns":4},{"damage":0,"enemies":"Transient","floor":39,"turns":5},{"damage":0,"enemies":"Giant Head","floor":41,"turns":2},{"damage":0,"enemies":"4 Shapes","floor":42,"turns":1},{"damage":0,"enemies":"Nemesis","floor":46,"turns":3},{"damage":0,"enemies":"Sphere and 2 Shapes","floor":48,"turns":1},{"damage":0,"enemies":"Donu and Deca","floor":50,"turns":1},{"damage":0,"enemies":"Shield and Spear","floor":54,"turns":2},{"damage":0,"enemies":"The Heart","floor":55,"turns":4}],"seed_played":"-1505235206787571021","potions_obtained":[{"floor":1,"key":"GamblersBrew"},{"floor":2,"key":"Weak Potion"},{"floor":19,"key":"SteroidPotion"},{"floor":21,"key":"SkillPotion"},{"floor":22,"key":"Block Potion"},{"floor":33,"key":"EntropicBrew"},{"floor":35,"key":"Energy Potion"},{"floor":54,"key":"DuplicationPotion"}],"is_trial":false,"path_per_floor":["M","M","$","?","?","R","E","$","T","E","M","$","?","M","R","B",null,"M","M","$","M","M","$","E","$","T","?","E","?","?","E","R","B",null,"M","$","M","M","M","R","E","M","T","?","?","E","$","M","R","B",null,"R","$","E","B",null],"character_chosen":"IRONCLAD","items_purchased":["Bandage Up+1","Evolve+1","Membership Card","Meat on the Bone","Cleave+1","DistilledChaos","CaptainsWheel","Frozen Eye","Armaments+1","TheAbacus","Dramatic Entrance+1","HornCleat","Matryoshka","Toolbox","Apotheosis+1","Blind+1","War Paint","Nunchaku","PrismaticShard"],"campfire_rested":2,"item_purchase_floors":[3,3,8,8,8,12,23,23,23,25,25,36,36,36,36,36,47,47,53],"current_hp_per_floor":[300,300,300,300,300,300,307,307,307,307,307,307,307,307,307,307,307,307,307,307,307,307,307,307,307,307,307,307,307,153,153,153,153,153,153,153,153,153,153,153,163,163,163,375,375,375,375,375,375,375,375,375,375,375,375],"gold":2696,"neow_bonus":"REMOVE_TWO","is_daily":false,"chose_seed":false,"campfire_upgraded":0,"win_rate":0.0,"timestamp":1612715693,"path_taken":["M","M","$","?","?","R","E","$","T","E","M","$","?","M","R","BOSS","M","M","$","M","M","$","E","$","T","?","E","?","?","E","R","BOSS","M","$","M","M","M","R","E","M","T","?","?","E","$","M","R","BOSS","R","$","E","BOSS"],"items_purchased_type":["Card","Card","Relic","Relic","Card","Potion","Relic","Relic","Card","Relic","Card","Relic","Relic","Relic","Card","Card","Relic","Relic","Relic"],"build_version":"2020-12-22","purchased_purges":3,"victory":true,"max_hp_per_floor":[300,300,300,300,300,300,307,307,307,307,307,307,307,307,307,307,307,307,307,307,307,307,307,307,307,307,307,307,307,153,153,153,153,153,153,153,153,153,153,153,163,163,163,375,375,375,375,375,375,375,375,375,375,375,375],"card_choices":[{"not_picked":["Burning Pact+1","Twin Strike+1","Hemokinesis+1"],"picked":"SKIP","floor":1},{"not_picked":["Rage+1","Sword Boomerang+1"],"picked":"Flame Barrier+1","floor":2},{"not_picked":["Havoc+1","True Grit+1"],"picked":"Heavy Blade+1","floor":7},{"not_picked":["Uppercut+1","True Grit+1","Sword Boomerang+1"],"picked":"SKIP","floor":10},{"not_picked":["Juggernaut+1","Inflame+1"],"picked":"Whirlwind+1","floor":11},{"not_picked":["Heavy Blade+1","Headbutt+1"],"picked":"Feel No Pain+1","floor":14},{"not_picked":[],"picked":"Iron Wave+1","floor":18},{"not_picked":["Cleave+1"],"picked":"SKIP","floor":19},{"not_picked":["Clash+1"],"picked":"SKIP","floor":21},{"not_picked":["Battle Trance+1"],"picked":"SKIP","floor":22},{"not_picked":["Second Wind+1"],"picked":"SKIP","floor":24},{"not_picked":["Body Slam+1"],"picked":"SKIP","floor":28},{"not_picked":["Warcry+1"],"picked":"SKIP","floor":31},{"not_picked":["Whirlwind+1"],"picked":"SKIP","floor":35},{"not_picked":["Flex+1"],"picked":"SKIP","floor":37},{"not_picked":["Twin Strike+1"],"picked":"SKIP","floor":38},{"not_picked":["Body Slam+1"],"picked":"SKIP","floor":39},{"not_picked":["Feel No Pain+1"],"picked":"SKIP","floor":41},{"not_picked":["Clothesline+1"],"picked":"SKIP","floor":42},{"not_picked":["Dark Embrace+1"],"picked":"SKIP","floor":46},{"not_picked":["Whirlwind+1"],"picked":"SKIP","floor":48},{"not_picked":[],"picked":"ThirdEye+1","floor":54}],"player_experience":1454256,"relics_obtained":[{"floor":7,"key":"Strawberry"},{"floor":9,"key":"Dream Catcher"},{"floor":24,"key":"Regal Pillow"},{"floor":24,"key":"Bottled Tornado"},{"floor":28,"key":"Centennial Puzzle"},{"floor":28,"key":"Smiling Mask"},{"floor":29,"key":"Red Mask"},{"floor":31,"key":"Bag of Marbles"},{"floor":31,"key":"Letter Opener"},{"floor":41,"key":"Pear"},{"floor":41,"key":"CeramicFish"},{"floor":46,"key":"Omamori"},{"floor":46,"key":"StrikeDummy"},{"floor":54,"key":"Mercury Hourglass"},{"floor":54,"key":"StoneCalendar"}],"event_choices":[{"damage_healed":0,"gold_gain":0,"player_choice":"Grow","damage_taken":0,"max_hp_gain":0,"max_hp_loss":0,"event_name":"Living Wall","floor":4,"gold_loss":0,"cards_upgraded":["Bash"]},{"damage_healed":0,"gold_gain":71,"player_choice":"Gained Gold","damage_taken":0,"max_hp_gain":0,"max_hp_loss":0,"event_name":"Golden Wing","floor":5,"gold_loss":0},{"damage_healed":0,"gold_gain":0,"player_choice":"Trade","damage_taken":0,"relics_obtained":["CultistMask"],"max_hp_gain":0,"max_hp_loss":0,"event_name":"FaceTrader","floor":13,"gold_loss":0},{"damage_healed":0,"gold_gain":0,"player_choice":"Simplicity","damage_taken":0,"max_hp_gain":0,"max_hp_loss":0,"event_name":"Back to Basics","floor":27,"gold_loss":0,"cards_upgraded":["Strike_R","Strike_R","Strike_R","Defend_R","Defend_R","Defend_R"]},{"damage_healed":0,"gold_gain":0,"player_choice":"Fought Bandits","damage_taken":0,"max_hp_gain":0,"max_hp_loss":0,"event_name":"Masked Bandits","floor":29,"gold_loss":0},{"damage_healed":0,"gold_gain":0,"player_choice":"Became a Ghost","damage_taken":0,"max_hp_gain":0,"max_hp_loss":154,"event_name":"Ghosts","floor":30,"gold_loss":0,"cards_obtained":["Ghostly","Ghostly","Ghostly","Ghostly","Ghostly"]},{"damage_healed":0,"gold_gain":0,"player_choice":"Max HP","damage_taken":0,"max_hp_gain":0,"max_hp_loss":8,"event_name":"Winding Halls","floor":44,"gold_loss":0},{"cards_removed":["Evolve"],"damage_healed":0,"gold_gain":0,"player_choice":"Removed Power","damage_taken":0,"max_hp_gain":0,"max_hp_loss":0,"event_name":"Falling","floor":45,"gold_loss":0}],"is_beta":false,"boss_relics":[{"not_picked":["Astrolabe","Runic Pyramid"],"picked":"Busted Crown"},{"not_picked":["Philosopher\u0027s Stone","Snecko Eye","Coffee Dripper"]}],"items_purged_floors":[3,47,53],"is_endless":false,"potions_floor_spawned":[1,2,19,21,22,33,35,37,46,54],"ascension_level":9}}