{"host":"ao4lxi9bhtts409i","time":1612703327,"event":{"mods":["AchievementEnabler","BaseMod","Colored Map","Colored Powertips","Minty Spire (QoL Compilation)","SuperFastMode"],"gold_per_floor":[116,116,116,126,140,140,169,169,169,200,213,213,231,251,251,354,354,364,377,467,484,583,583,615,632,632,662,662,662,662],"floor_reached":29,"language":"ENG","playtime":1325,"items_purged":[],"score":319,"play_id":"fc66cae9-7268-49ea-8a09-d6174735599e","local_time":"20210207140847","is_ascension_mode":true,"campfire_choices":[{"data":"Zap","floor":6.0,"key":"SMITH"},{"floor":8.0,"key":"REST"},{"floor":12.0,"key":"REST"},{"data":"Stack","floor":15.0,"key":"SMITH"},{"floor":23.0,"key":"REST"}],"circlet_count":0,"master_deck":["Strike_B","Strike_B","Strike_B","Defend_B","Defend_B","Defend_B","Defend_B","Zap+1","Dualcast","Core Surge","Coolheaded","Compile Driver","Beam Cell","Sunder","Go for the Eyes","Stack+1","Blizzard","Turbo","Chill","Cold Snap","Echo Form","Biased Cognition","Leap+1","Go for the Eyes+1","Hologram","Coolheaded"],"relics":["Cracked Core","Calipers","Pocketwatch","Incense Burner","Fusion Hammer","DataDisk","Letter Opener","Peace Pipe"],"acts_visited":["Exordium","TheCity"],"potions_floor_usage":[27],"damage_taken":[{"damage":3.0,"enemies":"2 Louse","floor":1.0,"turns":3.0},{"damage":2.0,"enemies":"Small Slimes","floor":2.0,"turns":3.0},{"damage":0.0,"enemies":"Cultist","floor":4.0,"turns":2.0},{"damage":8.0,"enemies":"Blue Slaver","floor":5.0,"turns":2.0},{"damage":26.0,"enemies":"Lagavulin","floor":7.0,"turns":6.0},{"damage":22.0,"enemies":"Gremlin Nob","floor":10.0,"turns":4.0},{"damage":12.0,"enemies":"3 Louse","floor":11.0,"turns":3.0},{"damage":0.0,"enemies":"Exordium Wildlife","floor":13.0,"turns":2.0},{"damage":0.0,"enemies":"2 Fungi Beasts","floor":14.0,"turns":1.0},{"damage":18.0,"enemies":"Hexaghost","floor":16.0,"turns":10.0},{"damage":0.0,"enemies":"3 Byrds","floor":18.0,"turns":4.0},{"damage":21.0,"enemies":"2 Thieves","floor":19.0,"turns":3.0},{"damage":2.0,"enemies":"3 Cultists","floor":21.0,"turns":6.0},{"damage":4.0,"enemies":"Slavers","floor":24.0,"turns":6.0},{"damage":10,"enemies":"Centurion and Healer","floor":25,"turns":6},{"damage":8,"enemies":"Book of Stabbing","floor":27,"turns":7},{"damage":26,"enemies":"Colosseum Slavers","floor":28,"turns":5},{"damage":10,"enemies":"Shelled Parasite and Fungi","floor":29,"turns":2}],"seed_played":"-2311593619711868868","potions_obtained":[{"floor":1.0,"key":"FocusPotion"},{"floor":10.0,"key":"SneckoOil"},{"floor":11.0,"key":"ColorlessPotion"},{"floor":16.0,"key":"DuplicationPotion"},{"floor":18.0,"key":"Strength Potion"},{"floor":21.0,"key":"PotionOfCapacity"},{"floor":25,"key":"AttackPotion"}],"is_trial":false,"path_per_floor":["M","M","?","M","M","R","E","R","T","E","M","R","M","M","R","B",null,"M","M","?","M","?","R","E","M","T","E","?","M"],"character_chosen":"DEFECT","items_purchased":[],"campfire_rested":3,"item_purchase_floors":[],"current_hp_per_floor":[65,63,63,63,55,55,29,49,49,27,15,35,35,35,35,17,68,68,47,35,33,33,53,49,39,39,31,5,0,0],"gold":662,"neow_bonus":"THREE_RARE_CARDS","is_daily":false,"chose_seed":false,"campfire_upgraded":2,"win_rate":0.0,"timestamp":1612703327,"path_taken":["M","M","?","M","M","R","E","R","T","E","M","R","M","M","R","BOSS","M","M","?","?","?","R","E","M","T","E","?","M"],"items_purchased_type":[],"build_version":"2020-12-22","purchased_purges":0,"victory":false,"max_hp_per_floor":[68,68,68,68,68,68,68,68,68,68,68,68,68,68,68,68,68,68,68,68,68,68,68,68,68,68,68,68,68,68],"card_choices":[{"not_picked":["Reboot","Meteor Strike"],"picked":"Core Surge","floor":0.0},{"not_picked":["Reinforced Body","Beam Cell"],"picked":"Coolheaded","floor":1.0},{"not_picked":["Hologram","Rebound"],"picked":"Compile Driver","floor":2.0},{"not_picked":["Stack","FTL"],"picked":"Sunder","floor":4.0},{"not_picked":["Chaos","Heatsinks"],"picked":"Go for the Eyes","floor":5.0},{"not_picked":["Chaos","Compile Driver"],"picked":"Stack","floor":7.0},{"not_picked":["Scrape","Stack"],"picked":"Blizzard","floor":10.0},{"not_picked":["Leap","Steam"],"picked":"Turbo","floor":11.0},{"not_picked":["Steam","Static Discharge"],"picked":"Chill","floor":13.0},{"not_picked":["Redo","Melter"],"picked":"Cold Snap","floor":14.0},{"not_picked":["Fission","Machine Learning"],"picked":"Echo Form","floor":16.0},{"not_picked":["Reprogram","Recycle","Stack"],"picked":"SKIP","floor":18.0},{"not_picked":["Conserve Battery","Barrage"],"picked":"Biased Cognition","floor":19.0},{"not_picked":["Melter","Blizzard"],"picked":"Leap+1","floor":21.0},{"not_picked":["Lockon","Sweeping Beam+1"],"picked":"Go for the Eyes+1","floor":24},{"not_picked":["Chill","Turbo+1"],"picked":"Hologram","floor":25},{"not_picked":["Chaos","Redo"],"picked":"Coolheaded","floor":27}],"player_experience":269078,"relics_obtained":[{"floor":7.0,"key":"Calipers"},{"floor":9.0,"key":"Pocketwatch"},{"floor":10.0,"key":"Incense Burner"},{"floor":24,"key":"DataDisk"},{"floor":26,"key":"Letter Opener"},{"floor":27,"key":"Peace Pipe"}],"event_choices":[{"damage_healed":0.0,"max_hp_gain":0.0,"max_hp_loss":0.0,"gold_gain":0.0,"cards_transformed":["Strike_B"],"event_name":"Living Wall","player_choice":"Change","floor":3.0,"gold_loss":0.0,"damage_taken":0.0,"cards_obtained":["Beam Cell"]},{"damage_healed":0.0,"max_hp_gain":0.0,"max_hp_loss":0.0,"gold_gain":90.0,"event_name":"Knowing Skull","player_choice":"GOLD ","floor":20.0,"potions_obtained":[],"gold_loss":0.0,"damage_taken":12.0,"cards_obtained":[]},{"damage_healed":0.0,"max_hp_gain":0.0,"max_hp_loss":0.0,"gold_gain":99.0,"event_name":"Nest","player_choice":"Stole From Cult","floor":22.0,"gold_loss":0.0,"damage_taken":0.0},{"damage_healed":0,"gold_gain":0,"player_choice":"Fight","damage_taken":0,"max_hp_gain":0,"max_hp_loss":0,"event_name":"Colosseum","floor":28,"gold_loss":0},{"damage_healed":0,"gold_gain":0,"player_choice":"Fled From Nobs","damage_taken":0,"max_hp_gain":0,"max_hp_loss":0,"event_name":"Colosseum","floor":28,"gold_loss":0}],"is_beta":false,"boss_relics":[{"not_picked":["Velvet Choker","Astrolabe"],"picked":"Fusion Hammer"}],"items_purged_floors":[],"is_endless":false,"potions_floor_spawned":[1,10,11,16,18,21,25],"killed_by":"Shelled Parasite and Fungi","ascension_level":3}}