{"host":"prxrhpgaxnj4om9r","time":1612670784,"event":{"mods":["AchievementEnabler","BaseMod","DeckTracker","Keyboard Shortcuts","Minty Spire (QoL Compilation)"],"gold_per_floor":[118,218,150,150,168,201,201,227,227,239,259,314,314,314,314,409,409,423,441,456,216,141,141,66,78,103,202,236,245,64,98,98,98,98],"floor_reached":33,"language":"KOR","playtime":1871,"items_purged":[],"score":368,"play_id":"5c879ac1-ca66-40a5-9d61-1ef931648491","local_time":"20210207130624","is_ascension_mode":true,"campfire_choices":[{"data":"ForeignInfluence","floor":7,"key":"SMITH"},{"data":"Eruption","floor":13,"key":"SMITH"},{"floor":15,"key":"REST"},{"data":"SpiritShield","floor":23,"key":"SMITH"},{"floor":32,"key":"REST"}],"circlet_count":0,"master_deck":["Strike_P","Strike_P","Strike_P","Strike_P","Defend_P","Defend_P","Defend_P","Defend_P","Eruption+1","Vigilance","Establishment","SignatureMove","ForeignInfluence+1","Prostrate","Consecrate","Prostrate","Conclude","Fasting2","SandsOfTime","BattleHymn","SpiritShield+1","Evaluate","Pray","WheelKick","Halt+1","WindmillStrike","EmptyBody+1","EmptyFist","ThirdEye+1","EmptyBody+1","Sanctity+1","ReachHeaven","ReachHeaven","Leg Sweep+1","Second Wind+1"],"relics":["PureWater","Prayer Wheel","MealTicket","Mercury Hourglass","Letter Opener","Omamori","Snecko Eye","Toxic Egg 2","CeramicFish","Potion Belt","PrismaticShard"],"acts_visited":["Exordium","TheCity"],"potions_floor_usage":[6,8,10,16,19,20,25,31,33],"damage_taken":[{"damage":0,"enemies":"2 Louse","floor":1,"turns":2},{"damage":0,"enemies":"Cultist","floor":5,"turns":2},{"damage":0,"enemies":"Gremlin Nob","floor":6,"turns":2},{"damage":18,"enemies":"Lagavulin","floor":8,"turns":6},{"damage":0,"enemies":"Small Slimes","floor":10,"turns":2},{"damage":0,"enemies":"Blue Slaver","floor":11,"turns":2},{"damage":33,"enemies":"Lagavulin Event","floor":12,"turns":6},{"damage":31,"enemies":"Hexaghost","floor":16,"turns":6},{"damage":15,"enemies":"3 Byrds","floor":18,"turns":4},{"damage":6,"enemies":"Shell Parasite","floor":19,"turns":3},{"damage":2,"enemies":"Cultist and Chosen","floor":20,"turns":4},{"damage":28,"enemies":"Sentry and Sphere","floor":25,"turns":4},{"damage":29,"enemies":"Slavers","floor":28,"turns":4},{"damage":5,"enemies":"Centurion and Healer","floor":31,"turns":4},{"damage":88,"enemies":"Champ","floor":33,"turns":10}],"seed_played":"5067753155242482688","potions_obtained":[{"floor":4,"key":"FearPotion"},{"floor":4,"key":"LiquidMemories"},{"floor":4,"key":"Strength Potion"},{"floor":6,"key":"SpeedPotion"},{"floor":8,"key":"Energy Potion"},{"floor":11,"key":"Regen Potion"},{"floor":18,"key":"Explosive Potion"},{"floor":31,"key":"SteroidPotion"}],"is_trial":false,"path_per_floor":["M","?","$","?","M","E","R","E","T","M","M","?","R","T","R","B",null,"M","M","M","$","?","R","$","M","T","?","E","?","$","M","R","B"],"character_chosen":"WATCHER","items_purchased":["ForeignInfluence","Toxic Egg 2","EmptyFist","AttackPotion","ReachHeaven","PrismaticShard"],"campfire_rested":2,"item_purchase_floors":[3,21,24,24,30,30],"current_hp_per_floor":[72,72,72,72,72,72,72,54,54,54,54,21,21,21,42,25,72,57,51,49,64,64,64,72,44,44,44,15,15,30,25,46,0,0],"gold":98,"neow_bonus":"ONE_RANDOM_RARE_CARD","is_daily":false,"chose_seed":false,"campfire_upgraded":3,"win_rate":0.0,"timestamp":1612670784,"path_taken":["M","?","?","?","M","E","R","E","T","M","?","?","R","?","R","BOSS","M","?","M","$","?","R","$","M","T","?","E","?","$","M","R","BOSS"],"items_purchased_type":["Card","Relic","Card","Potion","Card","Relic"],"build_version":"2020-12-22","purchased_purges":0,"victory":false,"max_hp_per_floor":[72,72,72,72,72,72,72,72,72,72,72,72,72,72,72,72,72,72,72,72,72,72,72,72,72,72,72,72,72,72,72,72,72,72],"card_choices":[{"not_picked":["FlyingSleeves","ClearTheMind"],"picked":"SignatureMove","floor":1},{"not_picked":["Wallop","SashWhip"],"picked":"Prostrate","floor":5},{"not_picked":["Wish","SashWhip"],"picked":"SignatureMove","floor":6},{"not_picked":["Protect","FlyingSleeves"],"picked":"Consecrate","floor":8},{"not_picked":["PathToVictory","CrushJoints"],"picked":"Prostrate","floor":10},{"not_picked":["EmptyBody","ThirdEye"],"picked":"Conclude","floor":10},{"not_picked":["Wallop","Crescendo"],"picked":"Fasting2","floor":11},{"not_picked":["ForeignInfluence","FlyingSleeves"],"picked":"SandsOfTime","floor":11},{"not_picked":["Vengeance","PathToVictory"],"picked":"BattleHymn","floor":12},{"not_picked":["Omniscience","MasterReality"],"picked":"SpiritShield","floor":16},{"not_picked":["Meditate","CrushJoints"],"picked":"Evaluate","floor":18},{"not_picked":["FollowUp","FlurryOfBlows"],"picked":"Pray","floor":18},{"not_picked":["FlyingSleeves+1","Crescendo"],"picked":"WheelKick","floor":19},{"not_picked":["DeusExMachina","InnerPeace"],"picked":"Halt+1","floor":19},{"not_picked":["ForeignInfluence","WheelKick"],"picked":"WindmillStrike","floor":20},{"not_picked":["Indignation","Crescendo"],"picked":"EmptyBody+1","floor":20},{"not_picked":["InnerPeace+1","CrushJoints"],"picked":"ThirdEye+1","floor":25},{"not_picked":["CrushJoints+1","Evaluate+1"],"picked":"EmptyBody+1","floor":25},{"not_picked":["Crescendo+1","Establishment"],"picked":"Sanctity+1","floor":28},{"not_picked":["Feel No Pain","FollowUp"],"picked":"Leg Sweep+1","floor":31},{"not_picked":["Evaluate+1","Acrobatics+1"],"picked":"Second Wind+1","floor":31}],"player_experience":292120,"relics_obtained":[{"floor":6,"key":"Prayer Wheel"},{"floor":8,"key":"MealTicket"},{"floor":9,"key":"Mercury Hourglass"},{"floor":12,"key":"Letter Opener"},{"floor":14,"key":"Omamori"},{"floor":26,"key":"CeramicFish"},{"floor":28,"key":"Potion Belt"}],"event_choices":[{"damage_healed":0,"gold_gain":100,"player_choice":"Pray","damage_taken":0,"max_hp_gain":0,"max_hp_loss":0,"event_name":"Golden Shrine","floor":2,"gold_loss":0},{"damage_healed":0,"gold_gain":0,"player_choice":"Got Potions","damage_taken":0,"max_hp_gain":0,"max_hp_loss":0,"event_name":"Lab","floor":4,"gold_loss":0},{"damage_healed":0,"gold_gain":0,"player_choice":"Searched \u00271\u0027 times","damage_taken":0,"max_hp_gain":0,"max_hp_loss":0,"event_name":"Dead Adventurer","floor":12,"gold_loss":0},{"cards_removed":["SignatureMove"],"damage_healed":0,"gold_gain":0,"player_choice":"Gave Gold","damage_taken":0,"max_hp_gain":0,"max_hp_loss":0,"event_name":"Beggar","floor":22,"gold_loss":75},{"damage_healed":0,"gold_gain":99,"player_choice":"Stole From Cult","damage_taken":0,"max_hp_gain":0,"max_hp_loss":0,"event_name":"Nest","floor":27,"gold_loss":0},{"damage_healed":0,"gold_gain":0,"player_choice":"Read","damage_taken":0,"max_hp_gain":0,"max_hp_loss":0,"event_name":"The Library","floor":29,"gold_loss":0,"cards_obtained":["ReachHeaven"]}],"is_beta":false,"boss_relics":[{"not_picked":["Fusion Hammer","Black Star"],"picked":"Snecko Eye"}],"items_purged_floors":[],"is_endless":false,"potions_floor_spawned":[6,8,11,18,31],"killed_by":"Champ","ascension_level":3}}