{"host":"a92fqxohjrzqy5rn","time":1612706257,"event":{"mods":["AchievementEnabler","BaseMod","Minty Spire (QoL Compilation)","Relic Sorter"],"gold_per_floor":[117,127,4,14,14,14,29,29,29,29,49,49,49,67,67,162,162,178,277,277,294,309,309,324,324,324,324,224,244,254,129,129,231,231,247,258,258,258,258],"floor_reached":38,"language":"ENG","playtime":1705,"items_purged":["Pain","Adaptation","Eruption"],"score":418,"play_id":"104057c8-03d7-4778-a0bd-6f1d40974b5e","local_time":"20210207135737","is_ascension_mode":false,"campfire_choices":[{"floor":6,"key":"REST"},{"data":"Perseverance","floor":10,"key":"SMITH"},{"data":"PathToVictory","floor":13,"key":"SMITH"},{"data":"ForeignInfluence","floor":15,"key":"SMITH"},{"data":"Alpha","floor":23,"key":"SMITH"},{"floor":25,"key":"REST"},{"data":"ThirdEye","floor":27,"key":"SMITH"},{"floor":32,"key":"REST"}],"circlet_count":0,"master_deck":["Vigilance","Devotion+1","Halt","Perseverance+1","PathToVictory+1","Wallop","ForeignInfluence+1","Alpha+1","Halt","ReachHeaven","Nirvana","Ragnarok","Wireheading","PathToVictory","ThirdEye+1","Evaluate","JustLucky","CutThroughFate","Wish","CutThroughFate"],"relics":["PureWater","Eternal Feather","Pandora\u0027s Box","Nunchaku","Sozu"],"acts_visited":["Exordium","TheCity","TheBeyond"],"potions_floor_usage":[14,16,18,22,33],"damage_taken":[{"damage":25,"enemies":"Cultist","floor":1,"turns":6},{"damage":11,"enemies":"Jaw Worm","floor":2,"turns":3},{"damage":7,"enemies":"Small Slimes","floor":4,"turns":6},{"damage":0,"enemies":"Looter","floor":7,"turns":4},{"damage":7,"enemies":"Blue Slaver","floor":11,"turns":4},{"damage":0,"enemies":"Large Slime","floor":14,"turns":3},{"damage":3,"enemies":"The Guardian","floor":16,"turns":4},{"damage":7,"enemies":"Spheric Guardian","floor":18,"turns":3},{"damage":28,"enemies":"2 Thieves","floor":21,"turns":4},{"damage":0,"enemies":"Snecko","floor":22,"turns":3},{"damage":28,"enemies":"3 Cultists","floor":24,"turns":4},{"damage":9,"enemies":"Chosen and Byrds","floor":29,"turns":6},{"damage":38,"enemies":"Sentry and Sphere","floor":30,"turns":8},{"damage":17,"enemies":"Collector","floor":33,"turns":6},{"damage":26,"enemies":"3 Darklings","floor":35,"turns":4},{"damage":31,"enemies":"Orb Walker","floor":36,"turns":4},{"damage":31,"enemies":"Transient","floor":38,"turns":4}],"seed_played":"8577352995049586395","potions_obtained":[{"floor":1,"key":"FearPotion"},{"floor":4,"key":"DuplicationPotion"},{"floor":14,"key":"AttackPotion"},{"floor":21,"key":"Fire Potion"},{"floor":29,"key":"SpeedPotion"}],"is_trial":false,"path_per_floor":["M","M","$","M","?","R","M","?","T","R","M","$","R","M","R","B",null,"M","?","?","M","M","R","M","R","T","R","$","M","M","$","R","B",null,"M","M","?","M"],"character_chosen":"WATCHER","items_purchased":["PathToVictory"],"campfire_rested":3,"item_purchase_floors":[3],"current_hp_per_floor":[47,36,36,29,29,50,50,50,50,56,49,49,55,55,64,61,72,65,65,65,37,37,46,18,48,48,57,57,48,10,10,40,23,72,46,15,15,0,0],"gold":258,"neow_bonus":"TRANSFORM_TWO_CARDS","is_daily":false,"chose_seed":false,"campfire_upgraded":5,"win_rate":0.0,"timestamp":1612706257,"path_taken":["M","M","?","M","?","R","?","?","T","R","M","$","R","M","R","BOSS","M","?","?","M","M","R","?","R","T","R","?","M","M","$","R","BOSS","M","?","?","M"],"items_purchased_type":["Card"],"build_version":"2020-12-22","purchased_purges":3,"victory":false,"max_hp_per_floor":[72,72,72,72,72,72,72,72,72,72,72,72,72,72,72,72,72,72,72,72,72,72,72,72,72,72,72,72,72,72,72,72,72,72,72,72,72,72,72],"card_choices":[{"not_picked":["CrushJoints","FlyingSleeves"],"picked":"Halt","floor":1},{"not_picked":["JustLucky","CrushJoints"],"picked":"Perseverance","floor":2},{"not_picked":["CrushJoints","Crescendo"],"picked":"Wallop","floor":4},{"not_picked":["ThirdEye","Wallop","ConjureBlade"],"picked":"SKIP","floor":7},{"not_picked":["Perseverance","Meditate","Sanctity"],"picked":"SKIP","floor":11},{"not_picked":["Prostrate","WindmillStrike"],"picked":"ForeignInfluence","floor":14},{"not_picked":["Judgement","Establishment"],"picked":"Alpha","floor":16},{"not_picked":["Prostrate","Fasting2+1"],"picked":"PathToVictory","floor":18},{"not_picked":["BowlingBash","Protect"],"picked":"ThirdEye","floor":21},{"not_picked":["Prostrate","FollowUp+1"],"picked":"Evaluate","floor":22},{"not_picked":["EmptyBody","Adaptation+1"],"picked":"JustLucky","floor":24},{"not_picked":["ThirdEye","Crescendo"],"picked":"CutThroughFate","floor":29},{"not_picked":["CutThroughFate+1","Conclude","Vengeance"],"picked":"SKIP","floor":30},{"not_picked":["Vault","SpiritShield"],"picked":"Wish","floor":33},{"not_picked":["Halt+1","Collect"],"picked":"CutThroughFate","floor":35},{"not_picked":["EmptyFist","ClearTheMind+1","Crescendo"],"picked":"SKIP","floor":36}],"player_experience":214022,"relics_obtained":[{"floor":9,"key":"Eternal Feather"},{"floor":26,"key":"Nunchaku"}],"event_choices":[{"damage_healed":0,"gold_gain":0,"player_choice":"Upgraded","damage_taken":0,"max_hp_gain":0,"max_hp_loss":0,"event_name":"Upgrade Shrine","floor":5,"gold_loss":0,"cards_upgraded":["Devotion"]},{"damage_healed":0,"gold_gain":0,"cards_transformed":["Defend_P"],"player_choice":"Change","damage_taken":0,"max_hp_gain":0,"max_hp_loss":0,"event_name":"Living Wall","floor":8,"gold_loss":0,"cards_obtained":["Adaptation"]},{"damage_healed":0,"gold_gain":99,"player_choice":"Stole From Cult","damage_taken":0,"max_hp_gain":0,"max_hp_loss":0,"event_name":"Nest","floor":19,"gold_loss":0},{"cards_removed":["Vengeance"],"damage_healed":0,"gold_gain":0,"player_choice":"Purged","damage_taken":0,"max_hp_gain":0,"max_hp_loss":0,"event_name":"Purifier","floor":20,"gold_loss":0},{"damage_healed":0,"gold_gain":0,"player_choice":"Ignored","damage_taken":0,"max_hp_gain":0,"max_hp_loss":0,"event_name":"Mysterious Sphere","floor":37,"gold_loss":0}],"is_beta":false,"boss_relics":[{"not_picked":["VioletLotus","Runic Dome"],"picked":"Pandora\u0027s Box"},{"not_picked":["Coffee Dripper","SlaversCollar"],"picked":"Sozu"}],"items_purged_floors":[3,28,31],"is_endless":false,"potions_floor_spawned":[1,4,14,21,29,36],"killed_by":"Transient","ascension_level":0}}