{"host":"ihfq3u2xhoe3wi9r","time":1612704539,"event":{"mods":["BaseMod","BetterRewards","Colored Powertips","Hubris","Minty Spire (QoL Compilation)","StSLib","The Animator"],"gold_per_floor":[116,146,160,136,146,180,180,194,194,194,194],"floor_reached":10,"language":"ENG","playtime":1202,"items_purged":["animator:Strike"],"score":98,"play_id":"41262582-1db9-4214-a318-f9e1ca95b381","local_time":"20210207082859","is_ascension_mode":true,"campfire_choices":[{"floor":7,"key":"REST"}],"circlet_count":0,"master_deck":["animator:Strike_GATE","animator:Defend_GATE","animator:Strike","animator:Strike","animator:Defend+1","animator:Defend","animator:Defend+1","animator:TukaLunaMarceau","animator:Kuribayashi","animator:MisaKurobane","animator:Kaijin","animator:Kaijin","animator:Caster","animator:Ain","animator:Illya","animator:Caster","animator:Elsword"],"relics":["animator:LivingPicture","animator:TheMissingPiece","animator:PurgingStone","hubris:SlimyHat","hubris:DisguiseKit"],"acts_visited":["Exordium"],"potions_floor_usage":[6,6,10],"damage_taken":[{"damage":11,"enemies":"Small Slimes","floor":1,"turns":5},{"damage":0,"enemies":"Jaw Worm","floor":2,"turns":5},{"damage":7,"enemies":"2 Louse","floor":3,"turns":5},{"damage":3,"enemies":"Blue Slaver","floor":5,"turns":6},{"damage":31,"enemies":"Gremlin Nob","floor":6,"turns":5},{"damage":3,"enemies":"Exordium Wildlife","floor":8,"turns":5},{"damage":26,"enemies":"Lagavulin","floor":10,"turns":3}],"seed_played":"2116693171288000345","potions_obtained":[{"floor":1,"key":"PowerPotion"},{"floor":3,"key":"Fire Potion"},{"floor":6,"key":"Explosive Potion"},{"floor":8,"key":"Strength Potion"}],"is_trial":false,"path_per_floor":["M","M","M","?","M","E","R","M","T","E"],"character_chosen":"THE_ANIMATOR","items_purchased":["animator:MisaKurobane","animator:Kaijin"],"campfire_rested":1,"item_purchase_floors":[0,0],"current_hp_per_floor":[48,48,41,41,39,8,28,25,25,0,0],"gold":194,"neow_bonus":"","is_daily":false,"chose_seed":false,"campfire_upgraded":0,"win_rate":0.0,"timestamp":1612704539,"path_taken":["M","M","M","?","M","E","R","M","T","E"],"items_purchased_type":["Card","Card"],"build_version":"2020-12-22","purchased_purges":1,"victory":false,"max_hp_per_floor":[66,66,66,66,67,67,67,67,67,67,67],"card_choices":[{"not_picked":["animator:MumenRider","animator:Hitei"],"picked":"animator:Kaijin","floor":1},{"not_picked":["animator:Priestess","animator:Illya"],"picked":"animator:Caster","floor":2},{"not_picked":["animator:Illya","animator:ChaikaBohdan"],"picked":"animator:Ain","floor":3},{"not_picked":["animator:Archer","animator:Assassin"],"picked":"animator:Illya","floor":5},{"not_picked":["animator:Laby","animator:Rena"],"picked":"animator:Caster","floor":6},{"not_picked":["animator:Tatsumaki","animator:Demiurge"],"picked":"animator:Elsword","floor":8}],"player_experience":844857,"relics_obtained":[{"floor":6,"key":"hubris:SlimyHat"},{"floor":9,"key":"hubris:DisguiseKit"}],"event_choices":[{"damage_healed":0,"gold_gain":0,"player_choice":"Left Gold","damage_taken":0,"max_hp_gain":0,"max_hp_loss":0,"event_name":"World of Goop","floor":4,"gold_loss":24}],"is_beta":false,"boss_relics":[],"items_purged_floors":[0],"is_endless":false,"potions_floor_spawned":[1,3,6,8],"killed_by":"Lagavulin","ascension_level":8}}