{"host":"takgv9cv6xf64vhq","time":1612735127,"event":{"mods":["BaseMod","Colored Powertips","Conspire","Decade(王小明)","Downfall","Energized Spire","Hermit","Hubris","LagranYue(拉格朗・月)","Marisa（F雨　魔理沙）","Minty Spire (QoL Compilation)","Replay The Spire","StSLib","The Cursed","The Hierophant","The Jungle","The Servant 0.9.4","TheHeartMod"],"gold_per_floor":[116,131,131,149,37,37,72,95,95,142,142,142,142],"floor_reached":12,"language":"ZHS","playtime":373,"items_purged":["Strike_B"],"score":110,"play_id":"44a8b494-8d20-4f60-b2ab-ae8e3229ca08","local_time":"20210208055847","is_ascension_mode":true,"campfire_choices":[{"data":"Dualcast","floor":6.0,"key":"SMITH"}],"circlet_count":0,"master_deck":["Strike_B","Strike_B","Strike_B","Defend_B","Defend_B","Defend_B","Defend_B","Zap","Dualcast+1","Beam Cell+1","Sweeping Beam","White Noise","Go for the Eyes","Go for the Eyes","Ball Lightning","Cold Snap","ReplayTheSpireMod:Fabricate Wheel"],"relics":["sneckomod:SneckoTalon","Replay:Bandana","Boot","hubris:Icosahedron"],"acts_visited":["Exordium"],"potions_floor_usage":[],"damage_taken":[{"damage":1.0,"enemies":"Cultist","floor":1.0,"turns":3.0},{"damage":1.0,"enemies":"2 Louse","floor":2.0,"turns":3.0},{"damage":0.0,"enemies":"Small Slimes","floor":4.0,"turns":3.0},{"damage":17.0,"enemies":"Lagavulin","floor":7.0,"turns":6.0},{"damage":3.0,"enemies":"3 Louse","floor":8.0,"turns":2.0},{"damage":11.0,"enemies":"3 Sentries","floor":10.0,"turns":4.0},{"damage":0,"enemies":"Gremlin Nob","floor":12,"turns":1}],"seed_played":"4400550016387386300","potions_obtained":[{"floor":1.0,"key":"Explosive Potion"},{"floor":7.0,"key":"SteroidPotion"},{"floor":8.0,"key":"Energy Potion"}],"is_trial":false,"path_per_floor":["M","M","?","M","$","R","E","M","T","E","?","E"],"character_chosen":"DEFECT","items_purchased":["Go for the Eyes"],"campfire_rested":0,"item_purchase_floors":[5],"current_hp_per_floor":[74,73,73,73,73,73,56,53,53,42,42,42,42],"gold":142,"neow_bonus":"BOSS_RELIC","is_daily":false,"chose_seed":false,"campfire_upgraded":1,"win_rate":0.0,"timestamp":1612735127,"path_taken":["M","?","?","M","?","R","E","M","T","E","?","E"],"items_purchased_type":["Card"],"build_version":"2020-12-22","purchased_purges":1,"victory":false,"max_hp_per_floor":[75,75,75,75,75,75,75,75,75,75,75,75,75],"card_choices":[{"not_picked":["Hello World","ReplayTheSpireMod:Repulse"],"picked":"Beam Cell","floor":1.0},{"not_picked":["Chaos","Sunder"],"picked":"Sweeping Beam","floor":2.0},{"not_picked":["Chaos","Genetic Algorithm"],"picked":"White Noise","floor":4.0},{"not_picked":["Rebound","Genetic Algorithm"],"picked":"Ball Lightning","floor":7.0},{"not_picked":["Fusion","Coolheaded"],"picked":"Cold Snap","floor":8.0},{"not_picked":["Time Bomb","Sweeping Beam"],"picked":"ReplayTheSpireMod:Fabricate Wheel","floor":10.0}],"player_experience":471243,"relics_obtained":[{"floor":7.0,"key":"Replay:Bandana"},{"floor":10.0,"key":"Boot"}],"event_choices":[{"damage_healed":0.0,"max_hp_gain":0.0,"max_hp_loss":0.0,"gold_gain":0.0,"event_name":"Upgrade Shrine","player_choice":"Upgraded","floor":3.0,"gold_loss":0.0,"damage_taken":0.0,"cards_upgraded":["Beam Cell"]}],"is_beta":false,"boss_relics":[],"items_purged_floors":[5],"is_endless":false,"potions_floor_spawned":[1,7,8],"killed_by":"Gremlin Nob","ascension_level":5}}