{"host":"630px4nyj50z5id8","time":1612704113,"event":{"mods":["BaseMod","Better Note","Colored Powertips","Good Game Mod","Minty Spire (QoL Compilation)","Quick Restart","Rare Cards Sparkle","Relic Filter Mod","Replay The Spire","StSLib","Waifu the Spire"],"gold_per_floor":[158,158,217,21,21,67,67,67,67,145,183,243,294,363,363,440,440,453,10,10,46,113,113,171,213,240,292,292,292,292,292],"floor_reached":30,"language":"ZHS","playtime":1596,"items_purged":["Strike_G","Strike_G"],"score":595,"play_id":"c716e52f-6458-43b3-9228-2cffe7a16d25","local_time":"20210207212153","is_ascension_mode":true,"campfire_choices":[{"data":"HandOfGreed","floor":7.0,"key":"SMITH"},{"floor":15,"key":"REST"},{"floor":23,"key":"REST"}],"circlet_count":0,"master_deck":["AscendersBane","Strike_G+1","Strike_G+1","Defend_G+1","Defend_G","Defend_G","Survivor","Neutralize+1","HandOfGreed+1","Phantasmal Killer+1","Hidden Blade","Caltrops+1","Acrobatics","Deflect","Footwork+1","Replay:Bag of Tricks+1","CurseOfTheBell","Tactician","ReplayTheSpireMod:Private Reserves","Secret Technique","Sneak Up","Dagger Spray","Blur","Escape Plan","Noxious Fumes+1","Accuracy+1"],"relics":["Ring of the Snake","REME:ComplimentaryCards","NeowsBlessing","Membership Card","Frozen Egg 2","Shovel","Mirror","ReplayTheSpireMod:Lightbulb","Whetstone","Calling Bell","Regal Pillow","Quantum Egg","Replay:Kaleidoscope","Lantern","Pen Nib","Guide Book","Replay:Towering Pillar of Hats","Incense Burner","Simple Rune","Toy Ornithopter"],"acts_visited":["Exordium","TheCity"],"potions_floor_usage":[22,29,30],"damage_taken":[{"damage":0.0,"enemies":"2 Louse","floor":1.0,"turns":6.0},{"damage":0.0,"enemies":"Small Slimes","floor":3.0,"turns":4.0},{"damage":0.0,"enemies":"Lagavulin","floor":6.0,"turns":1.0},{"damage":25.0,"enemies":"3 Sentries","floor":10.0,"turns":8.0},{"damage":0.0,"enemies":"Cultist","floor":11.0,"turns":2.0},{"damage":0.0,"enemies":"Exordium Thugs","floor":12.0,"turns":4.0},{"damage":12.0,"enemies":"Lagavulin","floor":13.0,"turns":6.0},{"damage":14,"enemies":"Gremlin Gang","floor":14,"turns":6},{"damage":12,"enemies":"Hexaghost","floor":16,"turns":9},{"damage":12,"enemies":"Shell Parasite","floor":18,"turns":8},{"damage":2,"enemies":"3 Byrds","floor":21,"turns":5},{"damage":22,"enemies":"3 Cultists","floor":22,"turns":6},{"damage":17,"enemies":"Gremlin Leader","floor":24,"turns":5},{"damage":5,"enemies":"Snake Plant","floor":25,"turns":5},{"damage":2,"enemies":"Slavers","floor":27,"turns":5},{"damage":10,"enemies":"Cultist and Chosen","floor":30,"turns":5}],"seed_played":"-1154070225841556004","potions_obtained":[{"floor":6.0,"key":"SkillPotion"},{"floor":10.0,"key":"Adrenaline Potion"},{"floor":14,"key":"SteroidPotion"},{"floor":18,"key":"Explosive Potion"},{"floor":24,"key":"Languid Potion"},{"floor":27,"key":"Swift Potion"},{"floor":29,"key":"Fruit Juice"},{"floor":29,"key":"Milkshake"}],"is_trial":false,"path_per_floor":["M","?","M","$","?","E","R","?","T","E","M","M","E","M","R","B",null,"M","$","?","M","M","R","E","M","T","E","?","?","M"],"character_chosen":"THE_SILENT","items_purchased":["Membership Card","Lantern","Pen Nib","Guide Book","ReplayTheSpireMod:Private Reserves","Secret Technique"],"campfire_rested":2,"item_purchase_floors":[4,19,19,19,19,19],"current_hp_per_floor":[59,59,59,59,59,59,59,59,59,34,34,34,22,8,27,15,53,41,41,41,39,17,51,34,29,29,27,27,37,32,32],"gold":292,"neow_bonus":"THREE_ENEMY_KILL","is_daily":false,"chose_seed":false,"campfire_upgraded":1,"win_rate":0.0,"timestamp":1612704113,"path_taken":["M","?","M","$","?","E","R","?","T","E","M","M","E","?","R","BOSS","M","$","?","?","M","R","E","M","T","E","?","?","M"],"items_purchased_type":["Relic","Relic","Relic","Relic","Card","Card"],"build_version":"2020-12-22","purchased_purges":2,"victory":false,"max_hp_per_floor":[66,66,66,66,66,66,66,66,66,66,66,66,66,66,66,66,66,66,66,66,66,66,66,66,66,66,66,66,71,71,71],"card_choices":[{"not_picked":["Dagger Throw","Bane","Masterful Stab"],"picked":"SKIP","floor":1.0},{"not_picked":["Bane","Toxin Wave"],"picked":"Hidden Blade","floor":3.0},{"not_picked":["Toxin Wave","Prepared"],"picked":"Caltrops+1","floor":6.0},{"not_picked":["Skewer","Quick Slash"],"picked":"Acrobatics","floor":10.0},{"not_picked":["Slice","Deadly Poison"],"picked":"Deflect","floor":11.0},{"not_picked":["Finisher","Outmaneuver"],"picked":"Footwork+1","floor":12.0},{"not_picked":["Endless Agony","Finisher","Dash"],"picked":"SKIP","floor":13.0},{"not_picked":["Quick Slash","Deflect","Flying Knee"],"picked":"SKIP","floor":14},{"not_picked":["Bullet Time","ReplayTheSpireMod:Necrosis"],"picked":"Replay:Bag of Tricks","floor":16},{"not_picked":["Dagger Spray","Skewer"],"picked":"Tactician","floor":18},{"not_picked":["Poisoned Stab","Dagger Throw"],"picked":"Sneak Up","floor":21},{"not_picked":["Dodge and Roll","Tactician"],"picked":"Dagger Spray","floor":22},{"not_picked":["Flying Knee","Flechettes","Dodge and Roll+1"],"picked":"SKIP","floor":24},{"not_picked":["Sucker Punch","Deadly Poison"],"picked":"Blur","floor":25},{"not_picked":["Poisoned Stab","Accuracy+1"],"picked":"Escape Plan","floor":27}],"player_experience":421748,"relics_obtained":[{"floor":6.0,"key":"Frozen Egg 2"},{"floor":8.0,"key":"Shovel"},{"floor":9.0,"key":"Mirror"},{"floor":10.0,"key":"ReplayTheSpireMod:Lightbulb"},{"floor":13.0,"key":"Whetstone"},{"floor":17,"key":"Regal Pillow"},{"floor":17,"key":"Quantum Egg"},{"floor":17,"key":"Replay:Kaleidoscope"},{"floor":24,"key":"Incense Burner"},{"floor":26,"key":"Simple Rune"},{"floor":27,"key":"Toy Ornithopter"}],"event_choices":[{"damage_healed":0.0,"max_hp_gain":0.0,"max_hp_loss":0.0,"gold_gain":0.0,"cards_transformed":["Strike_G"],"event_name":"Living Wall","player_choice":"Change","floor":2.0,"gold_loss":0.0,"damage_taken":0.0,"cards_obtained":["Phantasmal Killer"]},{"damage_healed":0.0,"max_hp_gain":0.0,"max_hp_loss":0.0,"gold_gain":0.0,"event_name":"Liars Game","player_choice":"Ignored","floor":5.0,"gold_loss":0.0,"damage_taken":0.0},{"damage_healed":0.0,"max_hp_gain":0.0,"max_hp_loss":0.0,"gold_gain":0.0,"event_name":"Wheel of Change","player_choice":"Relic","floor":8.0,"gold_loss":0.0,"damage_taken":0.0},{"damage_healed":0,"gold_gain":0,"player_choice":"Gave Potion","damage_taken":0,"relics_obtained":["Replay:Towering Pillar of Hats"],"max_hp_gain":0,"max_hp_loss":0,"event_name":"WeMeetAgain","floor":20,"gold_loss":0},{"damage_healed":0,"gold_gain":0,"cards_transformed":["Defend_G","Defend_G"],"player_choice":"Became Test Subject","damage_taken":0,"max_hp_gain":0,"max_hp_loss":0,"event_name":"Drug Dealer","floor":28,"gold_loss":0,"cards_obtained":["Noxious Fumes","Accuracy"]},{"damage_healed":0,"gold_gain":0,"player_choice":"Got Potions","damage_taken":0,"max_hp_gain":0,"max_hp_loss":0,"event_name":"Lab","floor":29,"gold_loss":0}],"is_beta":false,"boss_relics":[{"not_picked":["Ring of the Serpent","Coffee Dripper"],"picked":"Calling Bell"}],"items_purged_floors":[4,19],"is_endless":false,"potions_floor_spawned":[6,10,14,18,24,27],"killed_by":"Cultist and Chosen","ascension_level":18}}