{"host":"aapp7ew3jk5k1bvd","time":1612696182,"event":{"mods":["AchievementEnabler","BaseMod","Colored Map","Minty Spire (QoL Compilation)","Permanent Neow","StSLib","SuperFastMode"],"gold_per_floor":[20,39,39,39,58,58,75,93,93,105,105,124,141,151,151,249,249,267,169,199,124,135,55,74,74,99,112,124,138,53,53,53,154,154,172,172,184,204,86,86,86,101,101,152,165,178,40,40,40,40],"floor_reached":51,"language":"KOR","playtime":1013,"items_purged":["Strike_B","Strike_B+1","Defend_B+1","Core Surge"],"score":672,"play_id":"1d69ad36-8cf5-4e82-9e06-5ca282b135d0","local_time":"20210207200942","is_ascension_mode":false,"campfire_choices":[{"data":"Zap","floor":6.0,"key":"SMITH"},{"data":"Dualcast","floor":11.0,"key":"SMITH"},{"data":"Electrodynamics","floor":15.0,"key":"SMITH"},{"floor":32.0,"key":"REST"},{"data":"Defragment","floor":40.0,"key":"SMITH"},{"floor":49,"key":"REST"}],"circlet_count":0,"master_deck":["Zap+1","Dualcast+1","Electrodynamics+1","Ball Lightning","Self Repair","Blizzard","Ball Lightning","Thunder Strike","Conserve Battery","Defragment+1","Ball Lightning","Coolheaded","Compile Driver+1","Turbo+1","Echo Form+1","Capacitor+1","Defragment+1","Defragment+1","Conserve Battery+1","Redo+1","Conserve Battery","Coolheaded","Coolheaded+1","Cold Snap","Madness","Madness"],"relics":["Cracked Core","The Courier","Black Star","Red Mask","Blood Vial","Prayer Wheel","Sundial","Astrolabe","Meat on the Bone","Mango"],"acts_visited":["Exordium","TheCity","TheBeyond"],"potions_floor_usage":[44,45,45,50],"damage_taken":[{"damage":6.0,"enemies":"Jaw Worm","floor":1.0,"turns":3.0},{"damage":3.0,"enemies":"Small Slimes","floor":2.0,"turns":2.0},{"damage":0.0,"enemies":"Cultist","floor":5.0,"turns":3.0},{"damage":0.0,"enemies":"Lots of Slimes","floor":7.0,"turns":1.0},{"damage":0.0,"enemies":"Large Slime","floor":8.0,"turns":3.0},{"damage":4.0,"enemies":"Blue Slaver","floor":10.0,"turns":4.0},{"damage":17.0,"enemies":"Exordium Wildlife","floor":12.0,"turns":3.0},{"damage":0.0,"enemies":"Red Slaver","floor":13.0,"turns":2.0},{"damage":5.0,"enemies":"Lots of Slimes","floor":14.0,"turns":2.0},{"damage":36.0,"enemies":"The Guardian","floor":16.0,"turns":11.0},{"damage":15.0,"enemies":"Chosen","floor":18.0,"turns":4.0},{"damage":0.0,"enemies":"Masked Bandits","floor":20.0,"turns":2.0},{"damage":17.0,"enemies":"Spheric Guardian","floor":22.0,"turns":4.0},{"damage":23.0,"enemies":"Snake Plant","floor":24.0,"turns":4.0},{"damage":8.0,"enemies":"Shelled Parasite and Fungi","floor":27.0,"turns":5.0},{"damage":11.0,"enemies":"Snecko","floor":28.0,"turns":5.0},{"damage":0.0,"enemies":"Chosen and Byrds","floor":29.0,"turns":3.0},{"damage":65.0,"enemies":"Automaton","floor":33.0,"turns":7.0},{"damage":14.0,"enemies":"3 Darklings","floor":35.0,"turns":3.0},{"damage":4.0,"enemies":"Orb Walker","floor":37.0,"turns":3.0},{"damage":10.0,"enemies":"Transient","floor":38.0,"turns":5.0},{"damage":7.0,"enemies":"Jaw Worm Horde","floor":42.0,"turns":2.0},{"damage":49,"enemies":"2 Orb Walkers","floor":44,"turns":3},{"damage":6,"enemies":"3 Darklings","floor":45,"turns":5},{"damage":22,"enemies":"Sphere and 2 Shapes","floor":46,"turns":4},{"damage":52,"enemies":"Time Eater","floor":50,"turns":12}],"seed_played":"4535075403257834282","potions_obtained":[{"floor":2.0,"key":"BlessingOfTheForge"},{"floor":10.0,"key":"BlessingOfTheForge"},{"floor":13.0,"key":"Swift Potion"},{"floor":14.0,"key":"DuplicationPotion"},{"floor":16.0,"key":"Block Potion"},{"floor":27.0,"key":"SkillPotion"},{"floor":29.0,"key":"Strength Potion"},{"floor":44,"key":"Dexterity Potion"},{"floor":46,"key":"Energy Potion"}],"is_trial":false,"path_per_floor":["M","M","?","?","M","R","M","M","T","M","R","M","M","M","R","B",null,"M","$","?","?","M","$","M","$","T","M","M","M","?","T","R","B",null,"M","?","M","M","$","R","?","M","T","?","M","M","$","?","R","B",null],"character_chosen":"DEFECT","items_purchased":["Conserve Battery","Conserve Battery","Cold Snap"],"campfire_rested":2,"item_purchase_floors":[19,39,47],"current_hp_per_floor":[69,66,51,51,51,51,51,51,51,54,54,44,51,46,46,17,75,67,67,67,67,57,57,41,41,41,42,40,49,49,49,71,15,75,68,68,73,65,65,65,65,60,60,39,47,46,46,35,61,30],"gold":40,"neow_bonus":"THREE_RARE_CARDS","is_daily":false,"chose_seed":false,"campfire_upgraded":4,"win_rate":0.0,"timestamp":1612696182,"path_taken":["M","M","?","?","M","R","M","M","T","M","R","M","M","?","R","BOSS","M","?","?","?","M","$","M","?","T","M","?","M","?","?","R","BOSS","M","?","M","?","$","R","?","M","T","?","M","M","?","?","R","BOSS"],"items_purchased_type":["Card","Card","Card"],"build_version":"2020-12-22","purchased_purges":4,"victory":true,"max_hp_per_floor":[75,75,75,75,75,75,75,75,75,75,75,75,75,75,75,75,75,75,75,75,75,75,75,75,75,75,75,75,75,75,75,75,75,75,75,75,75,75,75,75,75,75,75,89,89,89,89,89,89,89],"card_choices":[{"not_picked":["Meteor Strike","Seek"],"picked":"Electrodynamics","floor":0.0},{"not_picked":["Beam Cell","Reprogram"],"picked":"Ball Lightning","floor":1.0},{"not_picked":["Stack","Aggregate","Sunder"],"picked":"SKIP","floor":2.0},{"not_picked":["Steam","Redo"],"picked":"Self Repair","floor":5.0},{"not_picked":["Aggregate","Gash","Sweeping Beam"],"picked":"SKIP","floor":7.0},{"not_picked":["Compile Driver","Darkness","Gash"],"picked":"SKIP","floor":8.0},{"not_picked":["Tempest","Hologram"],"picked":"Blizzard","floor":10.0},{"not_picked":["Rebound","Gash"],"picked":"Ball Lightning","floor":12.0},{"not_picked":["Tempest","Rebound","Scrape"],"picked":"SKIP","floor":13.0},{"not_picked":["Reprogram","Steam","Tempest"],"picked":"SKIP","floor":14.0},{"not_picked":["Reboot","Core Surge"],"picked":"Thunder Strike","floor":16.0},{"not_picked":["Turbo","Double Energy+1","Blizzard+1"],"picked":"SKIP","floor":18.0},{"not_picked":["Hologram+1","Barrage"],"picked":"Defragment+1","floor":22.0},{"not_picked":["Redo","Leap"],"picked":"Ball Lightning","floor":24.0},{"not_picked":["Redo","Recycle"],"picked":"Coolheaded","floor":27.0},{"not_picked":["Rebound+1","Turbo","Sweeping Beam"],"picked":"SKIP","floor":28.0},{"not_picked":["White Noise","Lockon","Sweeping Beam"],"picked":"SKIP","floor":29.0},{"not_picked":["Hyperbeam","Multi-Cast"],"picked":"Core Surge","floor":33.0},{"not_picked":["Streamline","Go for the Eyes+1"],"picked":"Capacitor+1","floor":35.0},{"not_picked":["Barrage","Chaos+1"],"picked":"Defragment","floor":35.0},{"not_picked":["Aggregate+1","Hologram+1"],"picked":"Defragment","floor":37.0},{"not_picked":["Self Repair+1","Go for the Eyes+1"],"picked":"Conserve Battery+1","floor":37.0},{"not_picked":["Rebound+1","Hello World+1"],"picked":"Redo+1","floor":38.0},{"not_picked":["White Noise","Self Repair+1","Melter"],"picked":"SKIP","floor":38.0},{"not_picked":["Leap+1","Heatsinks+1"],"picked":"Coolheaded","floor":42.0},{"not_picked":["Force Field+1","Gash","Auto Shields+1"],"picked":"SKIP","floor":42.0},{"not_picked":["Compile Driver+1","Rip and Tear","Redo+1"],"picked":"SKIP","floor":45},{"not_picked":["Hologram","Beam Cell","Stack+1"],"picked":"SKIP","floor":45},{"not_picked":["Self Repair","Turbo+1"],"picked":"Coolheaded+1","floor":46},{"not_picked":["Hologram","Aggregate+1","Conserve Battery"],"picked":"SKIP","floor":46}],"player_experience":1333820,"relics_obtained":[{"floor":9.0,"key":"The Courier"},{"floor":20.0,"key":"Red Mask"},{"floor":26.0,"key":"Blood Vial"},{"floor":31.0,"key":"Sundial"},{"floor":43.0,"key":"Meat on the Bone"},{"floor":44,"key":"Mango"}],"event_choices":[{"damage_healed":0.0,"max_hp_gain":0.0,"max_hp_loss":0.0,"gold_gain":0.0,"event_name":"Shining Light","player_choice":"Entered Light","floor":3.0,"gold_loss":0.0,"damage_taken":15.0,"cards_upgraded":["Defend_B","Strike_B"]},{"cards_removed":["Strike_B"],"damage_healed":0.0,"max_hp_gain":0.0,"max_hp_loss":0.0,"gold_gain":0.0,"event_name":"Purifier","player_choice":"Purged","floor":4.0,"gold_loss":0.0,"damage_taken":0.0},{"damage_healed":0.0,"max_hp_gain":0.0,"max_hp_loss":0.0,"gold_gain":0.0,"event_name":"Masked Bandits","player_choice":"Fought Bandits","floor":20.0,"gold_loss":0.0,"damage_taken":0.0},{"cards_removed":["Strike_B"],"damage_healed":0.0,"max_hp_gain":0.0,"max_hp_loss":0.0,"gold_gain":0.0,"event_name":"Beggar","player_choice":"Gave Gold","floor":21.0,"gold_loss":75.0,"damage_taken":0.0},{"damage_healed":0.0,"max_hp_gain":0.0,"max_hp_loss":0.0,"gold_gain":0.0,"event_name":"Addict","player_choice":"Obtained Relic","floor":30.0,"gold_loss":85.0,"damage_taken":0.0,"relics_obtained":["Prayer Wheel"]},{"damage_healed":0.0,"max_hp_gain":0.0,"max_hp_loss":0.0,"gold_gain":0.0,"event_name":"Upgrade Shrine","player_choice":"Upgraded","floor":36.0,"gold_loss":0.0,"damage_taken":0.0,"cards_upgraded":["Defragment"]},{"damage_healed":0.0,"max_hp_gain":0.0,"max_hp_loss":0.0,"gold_gain":0.0,"event_name":"SensoryStone","player_choice":"Memory 1","floor":41.0,"gold_loss":0.0,"damage_taken":0.0},{"damage_healed":0,"gold_gain":0,"player_choice":"Fight","damage_taken":0,"max_hp_gain":0,"max_hp_loss":0,"event_name":"Mysterious Sphere","floor":44,"gold_loss":0},{"damage_healed":0,"gold_gain":0,"player_choice":"Embrace Madness","damage_taken":11,"max_hp_gain":0,"max_hp_loss":0,"event_name":"Winding Halls","floor":48,"gold_loss":0,"cards_obtained":["Madness","Madness"]}],"is_beta":false,"boss_relics":[{"not_picked":["Runic Pyramid","Ectoplasm"],"picked":"Black Star"},{"not_picked":["FrozenCore","Fusion Hammer"],"picked":"Astrolabe"}],"items_purged_floors":[19,23,39,47],"is_endless":false,"potions_floor_spawned":[2,10,13,14,16,27,29,33,35,44,46],"ascension_level":0}}