{"host":"fnndj664xgd3vavt","time":1612669907,"event":{"mods":["AchievementEnabler","BaseMod","Better Note","Colored Powertips","DeckTracker","Downfall","Highlight Path","Infinite Spire","Minty Spire (QoL Compilation)","Quick Restart","Random Character Button","Replay The Spire","StSLib"],"gold_per_floor":[99,99,199,216,122,142,142,173,193,209,209,227,305,337,347,448,448,348,359,379,379,379,379,379,379],"floor_reached":23,"language":"ENG","playtime":1955,"items_purged":[],"score":251,"play_id":"a8e3d66f-b584-4387-aced-da32317d9fef","local_time":"20210206225147","is_ascension_mode":false,"campfire_choices":[{"floor":1,"key":"DIG"},{"data":"hexamod:GiftsFromTheDead","floor":18,"key":"SMITH"}],"circlet_count":0,"master_deck":["hexamod:Strike","hexamod:Strike","hexamod:Strike","hexamod:Defend","hexamod:Defend","hexamod:Defend","hexamod:Defend","hexamod:Sear+1","hexamod:Float","Pot Of Greed","hexamod:ExtraCrispy","hexamod:SoulSteal","Pot Of Greed","hexamod:FirstSeal","hexamod:GiftsFromTheDead+1","hexamod:GhostOfSpirePast","hexamod:HauntingEcho","hexamod:AdvancingGuard","infinitespire:Gouge","hexamod:DynamicBlow","Feel No Pain","hexamod:AdvancingGuard","hexamod:SixthSeal","downfall:Icky","Voices","Pot Of Greed","Decay","hexamod:GhostOfSpireFuture","hexamod:TimeOfNeed"],"relics":["Grinning Jar","m_DevilBlood","Divine Protection","infinitespire:WardingShard","Replay:Wax Seal","Replay:Ancient Bell","Nunchaku","Darkstone Periapt","Torii","downfall:HeartBlessingBlue"],"acts_visited":["Exordium","TheCity"],"potions_floor_usage":[14,23,23,23,23],"damage_taken":[{"damage":2,"enemies":"Small Slimes","floor":4,"turns":4},{"damage":0,"enemies":"downfall:FleeingMerchant","floor":5,"turns":4},{"damage":13,"enemies":"Jaw Worm","floor":6,"turns":3},{"damage":44,"enemies":"Gremlin Nob","floor":8,"turns":5},{"damage":0,"enemies":"2 Louse","floor":9,"turns":3},{"damage":0,"enemies":"Large Slime","floor":10,"turns":5},{"damage":3,"enemies":"3 Louse","floor":12,"turns":3},{"damage":7,"enemies":"Lagavulin","floor":14,"turns":6},{"damage":5,"enemies":"2 Fungi Beasts","floor":15,"turns":4},{"damage":30,"enemies":"SI_SHIV_ARCHETYPE","floor":16,"turns":7},{"damage":18,"enemies":"Spheric Guardian","floor":19,"turns":6},{"damage":0,"enemies":"Chosen","floor":20,"turns":7},{"damage":115,"enemies":"Gremlin Leader","floor":23,"turns":8}],"seed_played":"84633969731558782","potions_obtained":[{"floor":4,"key":"Weak Potion"},{"floor":9,"key":"PowerPotion"},{"floor":12,"key":"EntropicBrew"},{"floor":14,"key":"Adrenaline Potion"},{"floor":19,"key":"ColorlessPotion"},{"floor":22,"key":"SkillPotion"}],"is_trial":false,"path_per_floor":["R","?","?","M","$","M","T","E","M","M","?","M","T","E","M","B",null,"R","M","M","?","?","E"],"character_chosen":"THE_SPIRIT","items_purchased":["hexamod:FirstSeal"],"campfire_rested":0,"item_purchase_floors":[5],"current_hp_per_floor":[77,77,77,77,77,77,77,50,61,76,56,66,66,72,77,60,95,105,100,105,105,105,0,0,0],"gold":379,"neow_bonus":"TEN_PERCENT_HP_BONUS","is_daily":false,"chose_seed":false,"campfire_upgraded":1,"win_rate":0.0,"timestamp":1612669907,"path_taken":["R","?","?","M","?","M","T","E","M","M","?","M","?","E","M","BOSS","R","M","M","?","?","E"],"items_purchased_type":["Card"],"build_version":"2020-12-22","purchased_purges":0,"victory":false,"max_hp_per_floor":[77,77,77,77,77,77,77,77,77,77,77,77,77,77,77,77,95,105,105,105,105,105,105,105,105],"card_choices":[{"not_picked":["hexamod:ShieldOfDarkness","hexamod:HeatCrush"],"picked":"hexamod:ExtraCrispy","floor":4},{"not_picked":["hexamod:ExtraCrispy","hexamod:GhostOfSpireFuture"],"picked":"hexamod:SoulSteal","floor":5},{"not_picked":["hexamod:GhostShield","hexamod:GhostOfSpirePast"],"picked":"hexamod:GiftsFromTheDead","floor":6},{"not_picked":["hexamod:SkipABeat","hexamod:HeatMetal"],"picked":"hexamod:GhostOfSpirePast","floor":8},{"not_picked":["Ghostly Armor","Warcry"],"picked":"hexamod:HauntingEcho","floor":9},{"not_picked":["hexamod:NightmareStrike","hexamod:SwordOfDarkness"],"picked":"hexamod:AdvancingGuard","floor":10},{"not_picked":["infinitespire:Execution","ReplayTheSpireMod:Haul"],"picked":"infinitespire:Gouge","floor":11},{"not_picked":["True Grit","Carnage"],"picked":"hexamod:DynamicBlow","floor":12},{"not_picked":["hexamod:SoulSteal","hexamod:GiftsFromTheDead"],"picked":"Feel No Pain","floor":14},{"not_picked":["hexamod:ThermalTransfer","hexamod:HauntingEcho"],"picked":"hexamod:AdvancingGuard","floor":15},{"not_picked":["hexamod:SearingWound","hexamod:TimeWarp"],"picked":"hexamod:SixthSeal","floor":16},{"not_picked":["Looming Evil","Delirium"],"picked":"downfall:Icky","floor":17},{"not_picked":["downfall:Bewildered","Overencumbered"],"picked":"Voices","floor":17},{"not_picked":["Languid","Looming Evil"],"picked":"Decay","floor":17},{"not_picked":["hexamod:Rewind","hexamod:Firestarter"],"picked":"hexamod:GhostOfSpireFuture","floor":19},{"not_picked":["hexamod:GhostShield","hexamod:RainOfEmbers","hexamod:Incineration+1"],"picked":"SKIP","floor":20}],"player_experience":256257,"relics_obtained":[{"floor":1,"key":"Grinning Jar"},{"floor":8,"key":"Divine Protection"},{"floor":13,"key":"infinitespire:WardingShard"},{"floor":14,"key":"Replay:Wax Seal"}],"event_choices":[{"damage_healed":0,"gold_gain":0,"player_choice":"Got Potions","damage_taken":0,"max_hp_gain":0,"max_hp_loss":0,"event_name":"Lab","floor":22,"gold_loss":0}],"is_beta":false,"boss_relics":[{"not_picked":["Velvet Choker","Painkiller Herb"],"picked":"Replay:Ancient Bell"},{"not_picked":["Ancient Tea Set","Bag of Marbles"],"picked":"Nunchaku"},{"not_picked":["infinitespire:ShieldingShard","Chameleon Ring"],"picked":"Darkstone Periapt"},{"not_picked":["Replay:Kaleidoscope","Durian"],"picked":"Torii"}],"items_purged_floors":[],"is_endless":false,"potions_floor_spawned":[4,9,12,14,19],"killed_by":"Gremlin Leader","ascension_level":0}}