{"host":"0cnf9zf1gia27zti","time":1612662495,"event":{"mods":["BaseMod","Better Third Choice","BetterRewards","Card Forge","ChefMod","Colored Map","Colored Powertips","Conspire","Downfall","Googly Eyes","Infinite Spire","Minty Spire (QoL Compilation)","Practice Mode","Quick Restart","Replay The Spire","Shade Mod","Spicy Shops","StSLib","The Marked"],"gold_per_floor":[110,83,102,102,115,141,141,166,193,219,233,253,287,392,392,494,494,508,508,183,201,219,249,274,136,136,136,149,149,169,189,189,286,286,299,299,318,330,330,362,380,380,380,380,37,86,86,117,117,117],"floor_reached":51,"language":"ENG","playtime":4460,"items_purged":["Strike_P","Strike_P","Defend_P","Strike_P","Strike_P","Defend_P"],"score":1345,"play_id":"6d720c4d-e8c9-4373-b72c-0f862f696350","local_time":"20210207014815","is_ascension_mode":true,"campfire_choices":[{"data":"Prostrate","floor":7,"key":"SMITH"},{"floor":15,"key":"DIG"},{"floor":27,"key":"REST"},{"floor":32,"key":"DIG"},{"floor":44,"key":"DIG"},{"floor":47,"key":"REST"},{"floor":49,"key":"DIG"}],"circlet_count":0,"master_deck":["AscendersBane","Defend_P","Defend_P","Vigilance","LikeWater+1","LikeWater","conspire:Banana+1","LikeWater+1","Pray+1","Pray+1","Prostrate+1","InnerPeace","Evaluate+1","Pot Of Greed+1","Pot Of Greed+1","PathToVictory+1","InnerPeace+1","LessonLearned+1","PathToVictory","ClearTheMind","BattleHymn","Brilliance","DevaForm+1","Pot Of Greed+1","Madness+1","Madness+1","Study","Brilliance"],"relics":["PureWater","Hammer of Thor","Seething Fire","Anvil of the Gods","Blue Doll","Omamori","Replay:Multitool","conspire:Dentures","Singing Bowl","Bottled Lightning","Letter Opener","Mummified Hand","Replay:Wax Seal","Potion Belt","Oddly Smooth Stone","Grinning Jar","Darkstone Periapt","Replay:Baseball","Simple Rune","conspire:TopHat","ReplayTheSpireMod:CursedCoin","Thread and Needle","conspire:SpecialSausage","Nilry\u0027s Codex","conspire:DecoderRing","Vajra","Replay:Purple Gloves","Turnip","SacredBark","Ancient Tea Set","Frozen Egg 2","TeardropLocket","Orrery","ReplayTheSpireMod:Lightbulb","Bag of Marbles","Lantern"],"acts_visited":["Exordium","TheCity","TheBeyond"],"potions_floor_usage":[5,11,13,22,23,37,41,50],"damage_taken":[{"damage":0,"enemies":"2 Louse","floor":1,"turns":4},{"damage":0,"enemies":"Cultist","floor":3,"turns":5},{"damage":0,"enemies":"Jaw Worm","floor":5,"turns":4},{"damage":0,"enemies":"Lagavulin","floor":6,"turns":10},{"damage":0,"enemies":"3 Sentries","floor":8,"turns":9},{"damage":0,"enemies":"Lagavulin","floor":10,"turns":6},{"damage":0,"enemies":"Exordium Wildlife","floor":11,"turns":2},{"damage":2,"enemies":"3 Louse","floor":12,"turns":3},{"damage":43,"enemies":"Gremlin Nob","floor":13,"turns":15},{"damage":9,"enemies":"The Guardian","floor":16,"turns":7},{"damage":10,"enemies":"2 Thieves","floor":18,"turns":4},{"damage":8,"enemies":"Chosen","floor":21,"turns":5},{"damage":1,"enemies":"Snecko","floor":22,"turns":4},{"damage":7,"enemies":"Gremlin Leader","floor":23,"turns":7},{"damage":6,"enemies":"Chosen and Byrds","floor":28,"turns":3},{"damage":0,"enemies":"Centurion and Healer","floor":30,"turns":3},{"damage":1,"enemies":"Cultist and Chosen","floor":31,"turns":6},{"damage":11,"enemies":"conspire:MysteriousRune","floor":33,"turns":7},{"damage":7,"enemies":"Orb Walker","floor":35,"turns":4},{"damage":0,"enemies":"3 Shapes","floor":37,"turns":4},{"damage":0,"enemies":"Writhing Mass","floor":38,"turns":5},{"damage":32,"enemies":"Nemesis","floor":40,"turns":7},{"damage":6,"enemies":"3 Darklings","floor":41,"turns":4},{"damage":10,"enemies":"R_Hoarder","floor":48,"turns":8},{"damage":5,"enemies":"conspire:OrnateMirror","floor":50,"turns":4}],"seed_played":"4752744131820725865","potions_obtained":[{"floor":1,"key":"ColorlessPotion"},{"floor":6,"key":"Weak Potion"},{"floor":12,"key":"Doom Potion"},{"floor":16,"key":"sneckomod:MuddlingPotion"},{"floor":22,"key":"hexamod:SoulburnPotion"},{"floor":30,"key":"Ambrosia"},{"floor":35,"key":"ColorlessPotion"},{"floor":37,"key":"Guardian:BlockOnCardUsePotion"},{"floor":41,"key":"Weak Potion"}],"is_trial":false,"path_per_floor":["M","$","M","?","M","E","R","E","T","E","M","M","E","$","R","B",null,"M","?","$","M","M","E","T","$","T","R","M","?","M","M","R_BF","B",null,"M","?","M","M","?","E","M","R","T","R","$","T","R","E","R","B",null],"character_chosen":"WATCHER","items_purchased":["LikeWater","Blue Doll","Omamori","LikeWater","Replay:Multitool","conspire:Dentures","Singing Bowl","conspire:Banana","Bottled Lightning","Letter Opener","LikeWater+1","Pray","Mummified Hand","Replay:Wax Seal","Potion Belt","Prostrate","Oddly Smooth Stone","Evaluate+1","InnerPeace+1","ReplayTheSpireMod:CursedCoin","Brilliance","Orrery"],"campfire_rested":2,"item_purchase_floors":[0,0,0,0,0,0,0,0,0,0,0,0,0,0,0,0,0,2,14,14,25,45],"current_hp_per_floor":[67,67,71,71,75,79,79,83,83,87,91,91,52,52,52,45,91,83,67,67,63,64,59,59,59,59,93,91,91,95,98,98,89,120,117,100,104,108,108,80,76,120,120,120,128,128,156,150,150,147],"gold":117,"neow_bonus":"","is_daily":false,"chose_seed":false,"campfire_upgraded":1,"win_rate":0.0,"timestamp":1612662495,"path_taken":["M","$","M","?","M","E","R","E","T","E","?","M","E","$","R","BOSS","M","?","$","M","M","E","?","?","T","R","M","?","?","M","R_BF","BOSS","M","?","M","M","?","E","M","R","T","R","$","?","R","E","R","BOSS"],"items_purchased_type":["Card","Relic","Relic","Card","Relic","Relic","Relic","Card","Relic","Relic","Card","Card","Relic","Relic","Relic","Card","Relic","Card","Card","Relic","Card","Relic"],"build_version":"2020-12-22","purchased_purges":6,"victory":true,"max_hp_per_floor":[74,74,78,78,82,86,86,90,90,94,98,100,104,104,104,106,106,108,108,108,112,114,116,116,116,116,116,120,120,124,128,128,130,130,134,134,138,142,142,146,148,148,148,148,156,156,156,160,160,162],"card_choices":[{"not_picked":["ClearTheMind","ThirdEye"],"picked":"InnerPeace","floor":1},{"not_picked":["EmptyMind","JustLucky","LessonLearned"],"picked":"Singing Bowl","floor":3},{"not_picked":["Halt","Evaluate","Sanctity"],"picked":"Singing Bowl","floor":5},{"not_picked":["Replay:Vibes","Fasting2","SashWhip"],"picked":"Singing Bowl","floor":6},{"not_picked":["Replay:AtTheReady","FollowUp","FlyingSleeves"],"picked":"Singing Bowl","floor":8},{"not_picked":["EmptyBody","Wireheading","CutThroughFate"],"picked":"Singing Bowl","floor":10},{"not_picked":["SashWhip","Replay:Battleflow","BowlingBash"],"picked":"Singing Bowl","floor":11},{"not_picked":["FollowUp","Replay:Vibes"],"picked":"PathToVictory","floor":12},{"not_picked":["Halt","Crescendo","WheelKick"],"picked":"Singing Bowl","floor":13},{"not_picked":["Replay:LoomingThreat","Blasphemy"],"picked":"LessonLearned","floor":16},{"not_picked":["EmptyFist","FollowUp"],"picked":"PathToVictory","floor":18},{"not_picked":["Replay:BluntJabs","Worship+1","Pray"],"picked":"Singing Bowl","floor":21},{"not_picked":["FlyingSleeves+1","Evaluate"],"picked":"ClearTheMind","floor":22},{"not_picked":["Crescendo","Replay:Anticipation+1"],"picked":"BattleHymn","floor":23},{"not_picked":["ThirdEye","FearNoEvil","Replay:DivineShield"],"picked":"Singing Bowl","floor":28},{"not_picked":["SashWhip+1","BattleHymn","Tantrum"],"picked":"Singing Bowl","floor":30},{"not_picked":["JustLucky","ThirdEye","Replay:Hum"],"picked":"Singing Bowl","floor":31},{"not_picked":["Alpha","Omniscience"],"picked":"DevaForm","floor":33},{"not_picked":["MentalFortress","JustLucky+1","ForeignInfluence"],"picked":"Singing Bowl","floor":35},{"not_picked":["JustLucky+1","CutThroughFate","Replay:Anticipation+1"],"picked":"Singing Bowl","floor":37},{"not_picked":["Swivel","EmptyFist","Replay:AtTheReady"],"picked":"Singing Bowl","floor":38},{"not_picked":["ThirdEye","Meditate","FollowUp"],"picked":"Singing Bowl","floor":40},{"not_picked":["FlyingSleeves","CarveReality+1"],"picked":"Study","floor":41},{"not_picked":["CrushJoints+1","Crescendo+1","FearNoEvil+1"],"picked":"Singing Bowl","floor":45},{"not_picked":["SashWhip+1","EmptyBody+1","EmptyFist"],"picked":"Singing Bowl","floor":45},{"not_picked":["EmptyMind+1","WheelKick+1","Evaluate"],"picked":"Singing Bowl","floor":45},{"not_picked":["Evaluate","EmptyBody+1","Protect+1"],"picked":"Singing Bowl","floor":45},{"not_picked":["CutThroughFate","FlurryOfBlows+1"],"picked":"Brilliance","floor":45},{"not_picked":["Evaluate","Replay:Anticipation","EmptyFist"],"picked":"Singing Bowl","floor":48}],"player_experience":3660489,"relics_obtained":[{"floor":6,"key":"Grinning Jar"},{"floor":8,"key":"Darkstone Periapt"},{"floor":9,"key":"Replay:Baseball"},{"floor":10,"key":"Simple Rune"},{"floor":13,"key":"conspire:TopHat"},{"floor":15,"key":"Thread and Needle"},{"floor":19,"key":"Nilry\u0027s Codex"},{"floor":23,"key":"conspire:DecoderRing"},{"floor":24,"key":"Vajra"},{"floor":26,"key":"Replay:Purple Gloves"},{"floor":32,"key":"Turnip"},{"floor":40,"key":"Ancient Tea Set"},{"floor":43,"key":"Frozen Egg 2"},{"floor":44,"key":"TeardropLocket"},{"floor":46,"key":"ReplayTheSpireMod:Lightbulb"},{"floor":48,"key":"Bag of Marbles"},{"floor":49,"key":"Lantern"}],"event_choices":[{"damage_healed":0,"gold_gain":0,"player_choice":"Forge","damage_taken":0,"max_hp_gain":0,"max_hp_loss":0,"event_name":"Accursed Blacksmith","floor":4,"gold_loss":0,"cards_upgraded":["LikeWater"]},{"damage_healed":0,"gold_gain":0,"player_choice":"Obtained Book","damage_taken":16,"max_hp_gain":0,"max_hp_loss":0,"event_name":"Cursed Tome","floor":19,"gold_loss":0},{"damage_healed":0,"gold_gain":0,"player_choice":"Embrace Madness","damage_taken":17,"max_hp_gain":0,"max_hp_loss":0,"event_name":"Winding Halls","floor":36,"gold_loss":0,"cards_obtained":["Madness","Madness"]}],"is_beta":false,"boss_relics":[{"not_picked":["ChewingGum","Replay:Ancient Bell"],"picked":"conspire:SpecialSausage"},{"not_picked":["Pandora\u0027s Box","conspire:RoyalGoblet"],"picked":"SacredBark"}],"items_purged_floors":[0,0,0,20,20,45],"is_endless":false,"potions_floor_spawned":[1,6,12,16,22,30,35,37,41],"ascension_level":10}}