{"host":"xp27heuvanyklt0b","time":1612707766,"event":{"mods":["BaseMod","CapriCore","Koishi","Minty Spire (QoL Compilation)","StSLib"],"gold_per_floor":[113,132,149,149,149,180,28,46,46,60,60,72,106,118,118,213,213,230,244,244,251,259,592,607,607,607,628,632,99,99,99,99,202,252,262,279,279,279,279,298,298,299,299,313,313,321,362,382,382,372,372,372,75,93,88,88],"floor_reached":55,"language":"KOR","playtime":3561,"items_purged":["Koishi:BasicStrike+1"],"score":778,"play_id":"73d7eac3-9ac6-41c7-a816-a6c5ada4ec97","local_time":"20210207232246","is_ascension_mode":false,"campfire_choices":[{"data":"Koishi:Untouchable","floor":11,"key":"SMITH"},{"floor":15,"key":"REST"},{"data":"Koishi:VengefulSpirit","floor":30,"key":"SMITH"},{"floor":32,"key":"RECALL"},{"data":"Koishi:SubterraneanRose","floor":41,"key":"SMITH"},{"floor":45,"key":"REST"},{"floor":49,"key":"REST"},{"data":"Koishi:CatchAndRose","floor":52,"key":"SMITH"}],"circlet_count":0,"master_deck":["Koishi:BasicStrike+1","Koishi:BasicStrike+1","Koishi:BasicStrike+1","Koishi:BasicDefend+1","Koishi:BasicDefend+1","Koishi:BasicDefend+1","Koishi:BasicDefend+1","Koishi:Provoke","Koishi:HauntingSlash","Koishi:LastRemote","Koishi:DreadfulBlow","Koishi:SubterraneanRose+1","Koishi:ApparitionsStalkTheNight+1","Koishi:RollingInRichesHeart","Koishi:Untouchable+1","Koishi:YoukaiPolygraph","Koishi:StingingMind","Koishi:Prune","Koishi:RuptureMind","Koishi:BramblyRoseGarden+1","Koishi:SpiritedAway","Koishi:VengefulSpirit+1","Koishi:FleetingPhantom","Koishi:DNAsFlaw+1","Koishi:YoukaiPolygraph","Koishi:CatchAndRose+1","Koishi:UnseenTerror+1","Koishi:RorschachInDanmaku+1","Panacea","Koishi:PhilosophyOfTheDespised","Koishi:Catatonia+1","Koishi:ParalyzingFear","Koishi:Vanish","Koishi:MindNumbingTerror+1","Koishi:FidgetySnatcher+1","Koishi:Bloodlust"],"relics":["Koishi:ImaginaryFriend","Happy Flower","Koishi:AHoleWhereASisterShouldBe","Eternal Feather","Bottled Lightning","Busted Crown","Old Coin","Strawberry","Bottled Tornado","Blue Candle","Tiny House","MealTicket","Frozen Egg 2","Bird Faced Urn","Vajra","Koishi:TeethAndClaws"],"acts_visited":["Exordium","TheCity","TheBeyond","TheEnding"],"potions_floor_usage":[16,23,50,55,55,55],"damage_taken":[{"damage":2,"enemies":"Small Slimes","floor":1,"turns":7},{"damage":3,"enemies":"2 Louse","floor":2,"turns":3},{"damage":1,"enemies":"Jaw Worm","floor":3,"turns":4},{"damage":36,"enemies":"Lagavulin","floor":6,"turns":12},{"damage":10,"enemies":"Exordium Thugs","floor":8,"turns":5},{"damage":1,"enemies":"Exordium Wildlife","floor":10,"turns":4},{"damage":0,"enemies":"Looter","floor":12,"turns":4},{"damage":15,"enemies":"Gremlin Nob","floor":13,"turns":6},{"damage":0,"enemies":"2 Fungi Beasts","floor":14,"turns":3},{"damage":27,"enemies":"Hexaghost","floor":16,"turns":14},{"damage":0,"enemies":"Shell Parasite","floor":18,"turns":7},{"damage":0,"enemies":"Chosen","floor":19,"turns":6},{"damage":0,"enemies":"Centurion and Healer","floor":21,"turns":7},{"damage":8,"enemies":"Snecko","floor":22,"turns":4},{"damage":32,"enemies":"Gremlin Leader","floor":23,"turns":8},{"damage":0,"enemies":"Sentry and Sphere","floor":24,"turns":8},{"damage":11,"enemies":"Slavers","floor":27,"turns":4},{"damage":0,"enemies":"Chosen and Byrds","floor":28,"turns":7},{"damage":12,"enemies":"Collector","floor":33,"turns":13},{"damage":10,"enemies":"3 Darklings","floor":35,"turns":5},{"damage":6,"enemies":"3 Shapes","floor":36,"turns":4},{"damage":52,"enemies":"Giant Head","floor":40,"turns":11},{"damage":9,"enemies":"Maw","floor":42,"turns":9},{"damage":24,"enemies":"Jaw Worm Horde","floor":44,"turns":5},{"damage":21,"enemies":"3 Darklings","floor":46,"turns":7},{"damage":55,"enemies":"2 Orb Walkers","floor":47,"turns":7},{"damage":0,"enemies":"Transient","floor":48,"turns":5},{"damage":70,"enemies":"Donu and Deca","floor":50,"turns":11},{"damage":83,"enemies":"Shield and Spear","floor":54,"turns":10},{"damage":40,"enemies":"The Heart","floor":55,"turns":2}],"seed_played":"7794886074073064615","potions_obtained":[{"floor":3,"key":"SteroidPotion"},{"floor":6,"key":"EssenceOfSteel"},{"floor":8,"key":"LiquidBronze"},{"floor":16,"key":"PowerPotion"},{"floor":21,"key":"Energy Potion"},{"floor":23,"key":"PowerPotion"},{"floor":34,"key":"Strength Potion"},{"floor":54,"key":"PowerPotion"}],"is_trial":false,"path_per_floor":["M","M","M","?","?","E","$","M","T","M","R","M","E","M","R","B",null,"M","M","?","M","M","E","M","?","T","E","M","$","R","?","R","B",null,"M","M","?","?","?","E","R","M","T","M","R","M","?","M","R","B",null,"R","$","E","B"],"character_chosen":"KOISHI","items_purchased":["Koishi:AHoleWhereASisterShouldBe","Bottled Tornado","Koishi:YoukaiPolygraph","Blue Candle","Koishi:FidgetySnatcher+1","Vajra"],"campfire_rested":3,"item_purchase_floors":[7,29,29,29,53,53],"current_hp_per_floor":[66,65,66,71,71,44,44,38,38,38,47,49,38,43,71,59,71,71,71,71,71,69,49,54,54,54,55,61,61,76,76,78,78,83,74,71,71,71,71,37,55,54,54,32,74,68,18,29,74,25,83,83,83,11,0,0],"gold":88,"neow_bonus":"TEN_PERCENT_HP_BONUS","is_daily":false,"chose_seed":false,"campfire_upgraded":4,"win_rate":0.0,"timestamp":1612707766,"path_taken":["M","M","M","?","?","E","$","M","T","M","R","M","E","M","R","BOSS","M","M","?","M","M","E","M","?","T","E","?","$","R","?","R","BOSS","M","M","?","?","?","E","R","M","T","M","R","M","?","?","R","BOSS","R","$","E","BOSS"],"items_purchased_type":["Relic","Relic","Card","Relic","Card","Relic"],"build_version":"2020-12-22","purchased_purges":1,"victory":false,"max_hp_per_floor":[66,66,66,71,71,71,71,71,71,71,71,71,71,71,71,71,71,71,71,71,71,71,71,71,71,71,78,78,78,78,78,78,78,83,83,83,83,83,83,83,83,83,83,83,83,83,83,83,83,83,83,83,83,83,83,83],"card_choices":[{"not_picked":["Koishi:HeartfeltFancy","Koishi:PhantomBarrier"],"picked":"Koishi:LastRemote","floor":1},{"not_picked":["Koishi:BloodcurdlingScream","Koishi:PhantomBarrier"],"picked":"Koishi:DreadfulBlow","floor":2},{"not_picked":["Koishi:SpiritedAway","Koishi:BloodcurdlingScream"],"picked":"Koishi:SubterraneanRose","floor":3},{"not_picked":["Koishi:Prune","Koishi:SubconsciousSweep"],"picked":"Koishi:ApparitionsStalkTheNight","floor":6},{"not_picked":["Koishi:PhantomStrike","Koishi:SubconsciousSweep"],"picked":"Koishi:RollingInRichesHeart","floor":8},{"not_picked":["Koishi:Vanish","Koishi:JumpScare"],"picked":"Koishi:Untouchable","floor":10},{"not_picked":["Koishi:Vanish","Koishi:UnansweredLove"],"picked":"Koishi:YoukaiPolygraph","floor":12},{"not_picked":["Koishi:UnansweredLove","Koishi:RoseHell"],"picked":"Koishi:StingingMind","floor":13},{"not_picked":["Koishi:UnconsciousUprising","Koishi:SubterraneanRose"],"picked":"Koishi:Prune","floor":14},{"not_picked":["Koishi:GrowingPain","Koishi:RollingInRichesHeart"],"picked":"Koishi:RuptureMind","floor":16},{"not_picked":["Koishi:SubterraneanRose"],"picked":"SKIP","floor":18},{"not_picked":[],"picked":"Koishi:BramblyRoseGarden+1","floor":19},{"not_picked":[],"picked":"Koishi:EmbersOfLove","floor":21},{"not_picked":[],"picked":"Koishi:SpiritedAway","floor":22},{"not_picked":[],"picked":"Koishi:VengefulSpirit","floor":23},{"not_picked":[],"picked":"Koishi:FleetingPhantom","floor":24},{"not_picked":["Koishi:BramblyRoseGarden"],"picked":"SKIP","floor":27},{"not_picked":[],"picked":"Koishi:DNAsFlaw+1","floor":28},{"not_picked":[],"picked":"Koishi:CatchAndRose","floor":34},{"not_picked":[],"picked":"Koishi:UnseenTerror+1","floor":35},{"not_picked":[],"picked":"Koishi:RorschachInDanmaku+1","floor":36},{"not_picked":[],"picked":"Panacea","floor":38},{"not_picked":[],"picked":"Koishi:PhilosophyOfTheDespised","floor":40},{"not_picked":["Koishi:DNAsFlaw"],"picked":"SKIP","floor":42},{"not_picked":[],"picked":"Koishi:Catatonia+1","floor":44},{"not_picked":[],"picked":"Koishi:ParalyzingFear","floor":46},{"not_picked":[],"picked":"Koishi:Vanish","floor":47},{"not_picked":[],"picked":"Koishi:MindNumbingTerror+1","floor":48},{"not_picked":[],"picked":"Koishi:Bloodlust","floor":54}],"player_experience":156429,"relics_obtained":[{"floor":6,"key":"Happy Flower"},{"floor":9,"key":"Eternal Feather"},{"floor":13,"key":"Bottled Lightning"},{"floor":23,"key":"Old Coin"},{"floor":27,"key":"Strawberry"},{"floor":40,"key":"MealTicket"},{"floor":43,"key":"Frozen Egg 2"},{"floor":47,"key":"Bird Faced Urn"},{"floor":54,"key":"Koishi:TeethAndClaws"}],"event_choices":[{"damage_healed":0,"gold_gain":0,"player_choice":"Donut","damage_taken":0,"max_hp_gain":5,"max_hp_loss":0,"event_name":"Big Fish","floor":4,"gold_loss":0},{"damage_healed":0,"gold_gain":0,"player_choice":"Ignored","damage_taken":0,"max_hp_gain":0,"max_hp_loss":0,"event_name":"Shining Light","floor":5,"gold_loss":0},{"damage_healed":0,"gold_gain":0,"player_choice":"Simplicity","damage_taken":0,"max_hp_gain":0,"max_hp_loss":0,"event_name":"Back to Basics","floor":20,"gold_loss":0,"cards_upgraded":["Koishi:BasicStrike","Koishi:BasicStrike","Koishi:BasicStrike","Koishi:BasicStrike","Koishi:BasicDefend","Koishi:BasicDefend","Koishi:BasicDefend","Koishi:BasicDefend"]},{"damage_healed":0,"gold_gain":0,"player_choice":"Leave","damage_taken":0,"max_hp_gain":0,"max_hp_loss":0,"event_name":"FaceTrader","floor":25,"gold_loss":0},{"damage_healed":0,"gold_gain":0,"player_choice":"Ignored","damage_taken":0,"max_hp_gain":0,"max_hp_loss":0,"event_name":"Vampires","floor":31,"gold_loss":0},{"damage_healed":0,"gold_gain":0,"player_choice":"Ignored","damage_taken":0,"max_hp_gain":0,"max_hp_loss":0,"event_name":"Tomb of Lord Red Mask","floor":37,"gold_loss":0},{"damage_healed":0,"gold_gain":0,"player_choice":"Memory 1","damage_taken":0,"max_hp_gain":0,"max_hp_loss":0,"event_name":"SensoryStone","floor":38,"gold_loss":0},{"cards_removed":["Koishi:EmbersOfLove"],"damage_healed":0,"gold_gain":0,"player_choice":"Removed Skill","damage_taken":0,"max_hp_gain":0,"max_hp_loss":0,"event_name":"Falling","floor":39,"gold_loss":0},{"damage_healed":0,"gold_gain":0,"player_choice":"Fight","damage_taken":0,"max_hp_gain":0,"max_hp_loss":0,"event_name":"Mysterious Sphere","floor":47,"gold_loss":0}],"is_beta":false,"boss_relics":[{"not_picked":["Pandora\u0027s Box","Ectoplasm"],"picked":"Busted Crown"},{"not_picked":["Runic Dome","Philosopher\u0027s Stone"],"picked":"Tiny House"}],"items_purged_floors":[53],"is_endless":false,"potions_floor_spawned":[3,6,8,13,16,19,21,23,24,36,44,54],"killed_by":"The Heart","ascension_level":0}}