{"host":"vyrim7c8c6ucsmzk","time":1612729845,"event":{"mods":["BaseMod","Colored Map","Downfall","Minty Spire (QoL Compilation)","StSLib"],"gold_per_floor":[99,117,131,150,165,165,165,165,165,196,210,122,142,191,209,307,307,207,225,235,0,12,22,46,46,71,14,24,24,24,124,143,245,245,145,158,171,171,224,224,224,76,76,92,92,109,9,9,23,23,23,51,3,3,3,3],"floor_reached":57,"language":"ENG","playtime":5459,"items_purged":[],"score":1199,"play_id":"f21ac8e4-084e-4113-bd5c-e3a4cfd953ca","local_time":"20210207153045","is_ascension_mode":false,"campfire_choices":[{"data":"bronze:Replicate","floor":1.0,"key":"SMITH"},{"data":"bronze:FineTuning","floor":8.0,"key":"SMITH"},{"data":"bronze:AlphaBuild","floor":18.0,"key":"SMITH"},{"data":"bronze:Deprecate","floor":25,"key":"SMITH"},{"floor":29,"key":"RECALL"},{"data":"bronze:Assembly","floor":35,"key":"SMITH"},{"data":"bronze:Repulsor","floor":43,"key":"SMITH"},{"data":"bronze:Flail","floor":45,"key":"SMITH"},{"data":"bronze:BitShift","floor":47,"key":"SMITH"},{"data":"bronze:Boost","floor":54,"key":"SMITH"}],"circlet_count":0,"master_deck":["bronze:Strike","bronze:Strike","bronze:Strike","bronze:Strike","bronze:Defend","bronze:Defend","bronze:Defend","bronze:Replicate+1","bronze:Goto","bronze:WhirlingStrike","bronze:FineTuning+1","bronze:Flail+1","bronze:ChosenStrike","bronze:Deprecate+1","bronze:Repulsor+1","bronze:Assembly+1","bronze:AlphaBuild+1","bronze:Boost+1","bronze:ItsAFeature","bronze:CleanCode","bronze:DigitalCarnage+1","bronze:Deprecate","bronze:ChosenStrike+1","bronze:Terminator","bronze:Frontload","bronze:Frontload+1","bronze:BitShift+1","bronze:Terminator+1","bronze:Iterate+1","bronze:Constructor+1"],"relics":["bronze:BronzeCore","bronze:BottledCode","Mummified Hand","Peace Pipe","Strawberry","Odd Mushroom","Pen Nib","Busted Crown","downfall:HeartBlessingGreen","Lee\u0027s Waffle","Potion Belt","Bag of Marbles","Bag of Preparation","Bottled Tornado","Enchiridion","Bird Faced Urn","Bottled Lightning","SlaversCollar","downfall:HeartBlessingRed","Du-Vu Doll","bronze:SilverBullet","downfall:HeartBlessingBlue","Blue Candle"],"acts_visited":["Exordium","TheCity","TheBeyond","TheEnding"],"potions_floor_usage":[46,50,50,50,56,56,56],"damage_taken":[{"damage":0.0,"enemies":"2 Louse","floor":2.0,"turns":3.0},{"damage":1.0,"enemies":"Jaw Worm","floor":3.0,"turns":4.0},{"damage":0.0,"enemies":"Cultist","floor":4.0,"turns":4.0},{"damage":0.0,"enemies":"Lots of Slimes","floor":5.0,"turns":1.0},{"damage":1.0,"enemies":"3 Sentries","floor":10.0,"turns":2.0},{"damage":0.0,"enemies":"Gremlin Gang","floor":11.0,"turns":1.0},{"damage":5.0,"enemies":"downfall:FleeingMerchant","floor":12.0,"turns":4.0},{"damage":0.0,"enemies":"The Mushroom Lair","floor":13.0,"turns":3.0},{"damage":0.0,"enemies":"2 Fungi Beasts","floor":15.0,"turns":1.0},{"damage":37.0,"enemies":"DF_ARCHETYPE_STREAMLINE","floor":16.0,"turns":8.0},{"damage":0.0,"enemies":"Spheric Guardian","floor":19.0,"turns":1.0},{"damage":0.0,"enemies":"3 Cultists","floor":20.0,"turns":4.0},{"damage":4.0,"enemies":"downfall:FleeingMerchant","floor":21.0,"turns":4.0},{"damage":4.0,"enemies":"Shelled Parasite and Fungi","floor":22.0,"turns":2.0},{"damage":6,"enemies":"Snecko","floor":23,"turns":3},{"damage":13,"enemies":"Slavers","floor":26,"turns":4},{"damage":15,"enemies":"downfall:FleeingMerchant","floor":27,"turns":4},{"damage":3,"enemies":"Snake Plant","floor":28,"turns":4},{"damage":0,"enemies":"SI_SHIV_ARCHETYPE","floor":31,"turns":1},{"damage":0,"enemies":"Centurion and Healer","floor":32,"turns":1},{"damage":0,"enemies":"IC_MUSHROOM_ARCHETYPE","floor":33,"turns":3},{"damage":0,"enemies":"Orb Walker","floor":36,"turns":1},{"damage":0,"enemies":"3 Shapes","floor":37,"turns":1},{"damage":0,"enemies":"2 Orb Walkers","floor":39,"turns":3},{"damage":0,"enemies":"Spire Growth","floor":44,"turns":1},{"damage":16,"enemies":"Transient","floor":46,"turns":5},{"damage":0,"enemies":"3 Darklings","floor":49,"turns":1},{"damage":10,"enemies":"WA_ARCHETYPE_DIVINITY","floor":50,"turns":5},{"damage":11,"enemies":"downfall:CharBossMerchant","floor":52,"turns":6},{"damage":1,"enemies":"downfall:NeowBoss","floor":55,"turns":12},{"damage":42,"enemies":"downfall:NeowBossFinal","floor":56,"turns":12}],"seed_played":"5167241898131822037","potions_obtained":[{"floor":4.0,"key":"SteroidPotion"},{"floor":10.0,"key":"Block Potion"},{"floor":11.0,"key":"Block Potion"},{"floor":13.0,"key":"Fire Potion"},{"floor":22.0,"key":"Dexterity Potion"},{"floor":28,"key":"SpeedPotion"},{"floor":31,"key":"Weak Potion"},{"floor":32,"key":"Block Potion"},{"floor":36,"key":"GamblersBrew"},{"floor":46,"key":"bronze:BuildAFunctionPotion"}],"is_trial":false,"path_per_floor":["R","M","M","M","M","?","T","R","?","E","M","$","?","T","M","B",null,"R","M","M","$","M","M","T","R","E","$","M","R","?","?","M","B",null,"R","M","M","?","?","?","T","$","R","M","R","M","R","$","M","B",null,"E","$","R","B","B",null],"character_chosen":"THE_AUTOMATON","items_purchased":["bronze:AlphaBuild","bronze:Terminator","Lee\u0027s Waffle","Bag of Preparation","Bottled Tornado","bronze:SilverBullet","Swift Potion"],"campfire_rested":0,"item_purchase_floors":[12,21,21,27,27,42,53],"current_hp_per_floor":[77,77,76,76,76,67,67,67,55,61,61,56,56,56,56,19,74,74,74,74,81,77,71,71,71,58,43,40,40,24,24,26,32,81,81,81,81,81,81,81,81,81,81,81,81,65,75,75,79,79,91,80,80,80,89,54],"gold":3,"neow_bonus":"TEN_PERCENT_HP_BONUS","is_daily":false,"chose_seed":false,"campfire_upgraded":9,"win_rate":0.0,"timestamp":1612729845,"path_taken":["R","M","M","M","M","?","T","R","?","E","M","$","?","?","M","BOSS","R","M","M","$","?","M","T","R","E","?","?","R","?","?","M","BOSS","R","M","M","?","?","?","T","?","R","M","R","M","R","$","M","BOSS","E","$","R","BOSS","BOSS"],"items_purchased_type":["Card","Card","Relic","Relic","Relic","Relic","Potion"],"build_version":"2020-12-22","purchased_purges":0,"victory":true,"max_hp_per_floor":[77,77,77,77,77,67,67,67,67,74,74,74,74,74,74,74,74,74,74,74,81,81,81,81,81,81,81,81,81,81,81,81,81,81,81,81,81,81,81,81,81,81,81,81,81,81,91,91,91,91,91,91,91,91,91,91],"card_choices":[{"not_picked":["bronze:Shield","bronze:BugBarrage"],"picked":"bronze:WhirlingStrike","floor":2.0},{"not_picked":["bronze:ForLoop","bronze:ForceShield"],"picked":"bronze:FineTuning","floor":3.0},{"not_picked":["bronze:Turbo","bronze:BronzeArmor"],"picked":"bronze:Flail","floor":4.0},{"not_picked":["bronze:DelayedSlice","bronze:Repair"],"picked":"bronze:ChosenStrike","floor":5.0},{"not_picked":["bronze:FineTuning","bronze:Virus"],"picked":"bronze:Deprecate","floor":10.0},{"not_picked":["bronze:Constructor","bronze:BugBarrage"],"picked":"bronze:Repulsor","floor":11.0},{"not_picked":["bronze:DarkDash","bronze:WildBeam"],"picked":"bronze:Assembly","floor":12.0},{"not_picked":["bronze:Overheat","bronze:CutThrough"],"picked":"bronze:Boost","floor":13.0},{"not_picked":["bronze:FollowUp","bronze:DarkDash"],"picked":"bronze:ItsAFeature","floor":15.0},{"not_picked":["bronze:ShipIt","bronze:Format"],"picked":"bronze:CleanCode","floor":16.0},{"not_picked":[],"picked":"bronze:DigitalCarnage+1","floor":19.0},{"not_picked":[],"picked":"bronze:Deprecate","floor":20.0},{"not_picked":[],"picked":"bronze:ChosenStrike+1","floor":21.0},{"not_picked":["bronze:ChosenStrike+1"],"picked":"SKIP","floor":22.0},{"not_picked":[],"picked":"bronze:Frontload","floor":23},{"not_picked":[],"picked":"bronze:Frontload+1","floor":26},{"not_picked":["bronze:Allocate"],"picked":"SKIP","floor":27},{"not_picked":["bronze:Allocate"],"picked":"SKIP","floor":28},{"not_picked":[],"picked":"bronze:BitShift","floor":31},{"not_picked":["bronze:Frontload"],"picked":"SKIP","floor":32},{"not_picked":["bronze:ForceShield+1"],"picked":"SKIP","floor":36},{"not_picked":[],"picked":"bronze:Terminator+1","floor":37},{"not_picked":["bronze:DelayedSlice"],"picked":"SKIP","floor":44},{"not_picked":[],"picked":"bronze:Iterate+1","floor":46},{"not_picked":["bronze:DelayedGuard"],"picked":"SKIP","floor":49},{"not_picked":[],"picked":"bronze:Constructor+1","floor":52}],"player_experience":1363626,"relics_obtained":[{"floor":7.0,"key":"Mummified Hand"},{"floor":10.0,"key":"Strawberry"},{"floor":13.0,"key":"Odd Mushroom"},{"floor":14.0,"key":"Pen Nib"},{"floor":24,"key":"Potion Belt"},{"floor":26,"key":"Bag of Marbles"},{"floor":30,"key":"Enchiridion"},{"floor":31,"key":"Bird Faced Urn"},{"floor":31,"key":"Bottled Lightning"},{"floor":39,"key":"Du-Vu Doll"},{"floor":52,"key":"Blue Candle"}],"event_choices":[{"damage_healed":0.0,"max_hp_gain":0.0,"max_hp_loss":0.0,"gold_gain":0.0,"event_name":"Scrap Ooze","player_choice":"Success","floor":9.0,"gold_loss":0.0,"damage_taken":12.0,"relics_obtained":["Peace Pipe"]},{"damage_healed":0.0,"max_hp_gain":0.0,"max_hp_loss":0.0,"gold_gain":0.0,"event_name":"Mushrooms","player_choice":"Fought Mushrooms","floor":13.0,"gold_loss":0.0,"damage_taken":0.0},{"cards_removed":["bronze:Defend"],"damage_healed":0,"gold_gain":0,"player_choice":"Removed Skill","damage_taken":0,"max_hp_gain":0,"max_hp_loss":0,"event_name":"Falling","floor":38,"gold_loss":0},{"damage_healed":0,"gold_gain":0,"player_choice":"Fight","damage_taken":0,"max_hp_gain":0,"max_hp_loss":0,"event_name":"Mysterious Sphere","floor":39,"gold_loss":0}],"is_beta":false,"boss_relics":[{"not_picked":["SacredBark","Empty Cage"],"picked":"Busted Crown"},{"not_picked":["Black Star","Cursed Key"],"picked":"SlaversCollar"}],"items_purged_floors":[],"is_endless":false,"potions_floor_spawned":[4,10,11,13,22,28,31,32,36,37,46],"ascension_level":0}}