{"host":"dv29tre2e7vje47n","time":1612700324,"event":{"mods":["AchievementEnabler","BaseMod","Colored Map","Colored Powertips","DeckTracker","Displayed Cursed Tome","Downfall","Friendly Minions","Googly Eyes","Highlight Path","Infinite Spire","Key Reminder","Minty Spire (QoL Compilation)","Quick Restart","Random Character Button","Rare Cards Sparkle","Relic Sorter","Relic Stats","Replay The Spire","Spire Arcade","Spire Birthday Party","StSLib","SuperFastMode","Unceasing Turn Reminder"],"gold_per_floor":[99,112,122,142,153,153,226,269,269,299,199,213,238,250,260,356,356,356,366,382,292,292,42,42,42,74,74,91,121,121,121,157,157,157,157],"floor_reached":33,"language":"ENG","playtime":1772,"items_purged":["Regret"],"score":362,"play_id":"0e722ae6-893a-42e6-b5d9-d7a8c8aac9ff","local_time":"20210207131844","is_ascension_mode":true,"campfire_choices":[{"data":"sneckomod:TailWhip","floor":1.0,"key":"SMITH"},{"floor":11,"key":"REST"},{"data":"sneckomod:SoulCleanse","floor":18,"key":"SMITH"},{"data":"sneckomod:PureSnecko","floor":27,"key":"SMITH"}],"circlet_count":0,"master_deck":["sneckomod:Defend","sneckomod:Defend","sneckomod:Defend","sneckomod:TailWhip+1","sneckomod:SnekBite","sneckomod:Unknown","sneckomod:Unknown","sneckomod:UnknownColorless","sneckomod:PureSnecko+1","sneckomod:QuickMove","sneckomod:UnknownClassBLUE","sneckomod:SoulCleanse+1","sneckomod:MorePower","sneckomod:Unknown3Cost+1","sneckomod:UnknownStrength","sneckomod:UnknownBoss+1","sneckomod:UnknownClassBLUE","sneckomod:UnknownClassBLUE","sneckomod:UnknownClassBLUE","sneckomod:UnknownClassBLUE","sneckomod:UnknownClassBLUE","Seek","sneckomod:UnknownRareAttack+1","sneckomod:UnknownDexterity+1","All For One","sneckomod:UnknownRarePower+1","sneckomod:UnknownStrength+1","GremboGang","Slimebound:Tackle+1","Slimebound:Tackle+1","Slimebound:Tackle+1","Undo","sneckomod:UnknownStrength+1","Glacier","sneckomod:SlitherStrike+1","infinitespire:Oblivion","sneckomod:Unknown0Cost"],"relics":["sneckomod:SneckoSoul","Strawberry","sneckomod:SneckoCommon","Quantum Egg","Gambling Chip","Centennial Puzzle","infinitespire:ShieldingShard","keyreminder:keyreminder","downfall:HeartBlessingGreen","CaptainsWheel","sneckomod:SneckoBoss","Gremlin Food","Replay:Bottled Flurry","ReplayFunnel","Replay:Kaleidoscope"],"acts_visited":["Exordium","TheCity"],"potions_floor_usage":[],"damage_taken":[{"damage":0.0,"enemies":"Cultist","floor":2.0,"turns":2.0},{"damage":2.0,"enemies":"Small Slimes","floor":3.0,"turns":3.0},{"damage":10.0,"enemies":"Jaw Worm","floor":4.0,"turns":4.0},{"damage":11.0,"enemies":"2 Fungi Beasts","floor":5.0,"turns":4.0},{"damage":34,"enemies":"Lagavulin","floor":10,"turns":6},{"damage":0,"enemies":"Blue Slaver","floor":12,"turns":3},{"damage":9,"enemies":"Replay:BlueRogue","floor":13,"turns":5},{"damage":0,"enemies":"Red Slaver","floor":14,"turns":3},{"damage":0,"enemies":"Lots of Slimes","floor":15,"turns":1},{"damage":9,"enemies":"WA_ARCHETYPE_RETAIN","floor":16,"turns":6},{"damage":4,"enemies":"Spheric Guardian","floor":19,"turns":5},{"damage":14,"enemies":"Shell Parasite","floor":20,"turns":7},{"damage":0,"enemies":"downfall:FleeingMerchant","floor":21,"turns":4},{"damage":18,"enemies":"Gremlin Leader","floor":26,"turns":6},{"damage":6,"enemies":"Chosen and Byrds","floor":28,"turns":4},{"damage":5,"enemies":"Book of Stabbing","floor":29,"turns":6},{"damage":10,"enemies":"3 Cultists","floor":32,"turns":5},{"damage":51,"enemies":"SI_MIRROR_ARCHETYPE","floor":33,"turns":8}],"seed_played":"-5023592145108109793","potions_obtained":[{"floor":5.0,"key":"CultistPotion"},{"floor":12,"key":"PowerPotion"},{"floor":13,"key":"hexamod:SoulburnPotion"},{"floor":31,"key":"LiquidMemories"}],"is_trial":false,"path_per_floor":["R","M","M","M","M","?","T","?","?","E","R","M","E","M","M","B",null,"R_BF","M","M","$","?","?","T","?","E","R","M","E","AVR","?","M","B"],"character_chosen":"THE_SNECKO","items_purchased":[],"campfire_rested":1,"item_purchase_floors":[],"current_hp_per_floor":[97,97,95,85,74,74,74,36,36,2,31,35,26,26,26,17,97,97,93,83,83,83,83,83,83,65,65,59,54,54,54,44,0,0,0],"gold":157,"neow_bonus":"RANDOM_COMMON_RELIC","is_daily":false,"chose_seed":false,"campfire_upgraded":3,"win_rate":0.0,"timestamp":1612700324,"path_taken":["R","M","M","M","?","?","T","?","?","E","R","M","E","M","M","BOSS","R_BF","M","M","$","?","?","T","?","E","R","M","E","AVR","?","M","BOSS"],"items_purchased_type":[],"build_version":"2020-12-22","purchased_purges":1,"victory":false,"max_hp_per_floor":[97,97,97,97,97,97,97,97,97,97,97,97,97,97,97,97,97,97,97,97,97,97,97,97,97,97,97,97,97,97,97,97,97,97,97],"relic_stats":{"Centennial Puzzle":[30],"counters":[18,82],"Gambling Chip":[40],"obtain_stats":[{"Gremlin Food":24,"ReplayFunnel":29,"sneckomod:SneckoCommon":6,"Quantum Egg":7,"downfall:HeartBlessingGreen":11,"Replay:Kaleidoscope":30,"sneckomod:SneckoSoul":0,"keyreminder:keyreminder":10,"Centennial Puzzle":9,"CaptainsWheel":13,"infinitespire:ShieldingShard":10,"Strawberry":0,"Gambling Chip":8,"Replay:Bottled Flurry":26,"sneckomod:SneckoBoss":17},{"Gremlin Food":13,"ReplayFunnel":16,"sneckomod:SneckoCommon":4,"Quantum Egg":4,"downfall:HeartBlessingGreen":5,"Replay:Kaleidoscope":16,"sneckomod:SneckoSoul":0,"keyreminder:keyreminder":5,"Centennial Puzzle":4,"CaptainsWheel":7,"infinitespire:ShieldingShard":5,"Strawberry":0,"Gambling Chip":4,"Replay:Bottled Flurry":14,"sneckomod:SneckoBoss":10},{"Gremlin Food":53,"ReplayFunnel":69,"sneckomod:SneckoCommon":13,"Quantum Egg":13,"downfall:HeartBlessingGreen":19,"Replay:Kaleidoscope":69,"sneckomod:SneckoSoul":0,"keyreminder:keyreminder":19,"Centennial Puzzle":13,"CaptainsWheel":27,"infinitespire:ShieldingShard":19,"Strawberry":0,"Gambling Chip":13,"Replay:Bottled Flurry":59,"sneckomod:SneckoBoss":37}]},"card_choices":[{"not_picked":["sneckomod:UnknownCommonAttack","sneckomod:DiceBlock","sneckomod:DiceCrush"],"picked":"SKIP","floor":2.0},{"not_picked":["sneckomod:DiceBlock","sneckomod:PureSnecko"],"picked":"sneckomod:UnknownColorless","floor":3.0},{"not_picked":["sneckomod:RainOfDice","sneckomod:WideSting"],"picked":"sneckomod:PureSnecko","floor":4.0},{"not_picked":["sneckomod:QuickMove","sneckomod:SnekBeam","sneckomod:SoulDraw"],"picked":"SKIP","floor":5.0},{"not_picked":["sneckomod:SnekBeam","sneckomod:SoulDraw"],"picked":"sneckomod:QuickMove","floor":5.0},{"not_picked":["sneckomod:Unknown2Cost","sneckomod:DiceBoulder"],"picked":"sneckomod:SoulCleanse","floor":8.0},{"not_picked":["sneckomod:UnknownVulnerable","sneckomod:RainOfDice","sneckomod:QuickBite"],"picked":"SKIP","floor":10},{"not_picked":["sneckomod:UnknownCommonSkill","sneckomod:UnknownCommonAttack","sneckomod:DiceCrush"],"picked":"SKIP","floor":12},{"not_picked":["sneckomod:Unknown2Cost","sneckomod:UnknownDraw"],"picked":"sneckomod:MorePower","floor":13},{"not_picked":["sneckomod:UnknownUncommonPower+1","sneckomod:UnknownStrike+1"],"picked":"sneckomod:Unknown3Cost+1","floor":14},{"not_picked":["sneckomod:UnknownBlock","sneckomod:UnknownClassTHE_CHAMP_GRAY","sneckomod:DiceBlock"],"picked":"SKIP","floor":14},{"not_picked":["sneckomod:UnknownExhaust","sneckomod:SerpentMind"],"picked":"sneckomod:UnknownStrength","floor":15},{"not_picked":["sneckomod:UnknownUncommonSkill+1","sneckomod:UnknownDraw+1"],"picked":"sneckomod:UnknownBoss+1","floor":16},{"not_picked":["Rainbow","Dualcast"],"picked":"Seek","floor":19},{"not_picked":["sneckomod:UnknownCommonSkill+1","sneckomod:UnknownClassBLUE+1"],"picked":"sneckomod:UnknownRareAttack+1","floor":19},{"not_picked":["sneckomod:UnknownStrength+1","sneckomod:UnknownWeak+1"],"picked":"sneckomod:UnknownDexterity+1","floor":19},{"not_picked":["sneckomod:QuickMove","sneckomod:SerpentMind","sneckomod:DiceBlock"],"picked":"SKIP","floor":19},{"not_picked":["ReplayTheSpireMod:Calculation Training","Mirror Shield"],"picked":"All For One","floor":20},{"not_picked":["sneckomod:UnknownColorless+1","sneckomod:UnknownDraw+1"],"picked":"sneckomod:UnknownRarePower+1","floor":20},{"not_picked":["sneckomod:UnknownCommonAttack","sneckomod:QuickBite","sneckomod:MixItUp+1"],"picked":"SKIP","floor":20},{"not_picked":["sneckomod:UnknownClassGUARDIAN","sneckomod:QuickMove"],"picked":"sneckomod:UnknownStrength+1","floor":21},{"not_picked":["BootSequence","Hologram"],"picked":"Undo","floor":26},{"not_picked":["sneckomod:QuickBite+1","sneckomod:SoulDraw+1","sneckomod:SoulCleanse+1"],"picked":"SKIP","floor":26},{"not_picked":["sneckomod:UnknownClassTHE_CHAMP_GRAY+1","sneckomod:UnknownRareSkill+1"],"picked":"sneckomod:UnknownStrength+1","floor":28},{"not_picked":["All For One","Sweeping Beam"],"picked":"Glacier","floor":28},{"not_picked":["sneckomod:DiceBlock+1","sneckomod:QuickBite+1","sneckomod:DefensiveFlair+1"],"picked":"SKIP","floor":28},{"not_picked":["sneckomod:UnknownClassGUARDIAN","sneckomod:DiceCrush"],"picked":"sneckomod:SlitherStrike+1","floor":29},{"not_picked":["sneckomod:ImprovisedGuard","sneckomod:QuickMove"],"picked":"sneckomod:Unknown0Cost","floor":32}],"player_experience":134354,"relics_obtained":[{"floor":7.0,"key":"Quantum Egg"},{"floor":8.0,"key":"Gambling Chip"},{"floor":10,"key":"infinitespire:ShieldingShard"},{"floor":13,"key":"CaptainsWheel"},{"floor":24,"key":"Gremlin Food"},{"floor":26,"key":"Replay:Bottled Flurry"},{"floor":29,"key":"ReplayFunnel"}],"event_choices":[{"damage_healed":0.0,"max_hp_gain":0.0,"max_hp_loss":0.0,"gold_gain":0.0,"event_name":"Big Fish","player_choice":"Box","floor":6.0,"gold_loss":0.0,"damage_taken":0.0,"relics_obtained":["sneckomod:SneckoCommon"],"cards_obtained":["Regret"]},{"damage_healed":0,"gold_gain":0,"player_choice":"Got Potions","damage_taken":0,"max_hp_gain":0,"max_hp_loss":0,"event_name":"Lab","floor":31,"gold_loss":0}],"is_beta":false,"boss_relics":[{"not_picked":["ReplayTheSpireMod:SealedPack","Abe\u0027s Treasure"],"picked":"sneckomod:SneckoBoss"}],"items_purged_floors":[21],"is_endless":false,"potions_floor_spawned":[5,12,13,20,29],"killed_by":"SI_MIRROR_ARCHETYPE","ascension_level":1}}