{"host":"usru02jcpe2a942d","time":1612689761,"event":{"mods":["ATMod(°¢èªMod)","Act Like it!","BaseMod","Challenge The Spire","Colored Powertips","Friendly Minions","GifTheSpireLib","Highlight Path","Hubris","Infinite Spire","Lobotomy","LobotomyExtend","Minty Spire (QoL Compilation)","MostiFishMod","Quick Restart","Relic Stats","RumiaBox-Â¶Ã×æ«µÄÉñÃØºÐ×Ó","StSLib","noobMod","¡¾ÒÅÎï¿¨ÅÆ¡¿REMEMod","óô»ðÖ¸ÄÏ"],"gold_per_floor":[114,134,134,247,322,322,336,336,363,374,422,422,422,435,14,142,142,163,163,163,113,212,243,243,286,286,286,302,90,133,153,153,278,278,299,632,632,632,632,189,315,315,340,474,569,569,479,518,35,185],"floor_reached":51,"language":"ZHS","playtime":3325,"items_purged":["Strike_B","Defend_B","Strike_B","Strike_B","Defend_B","Defend_B","Defend_B","Strike_B+1","Compile Driver","Auto Shields","Zap","AT_ThunderBolt"],"score":1096,"play_id":"bf28fc87-0d25-4ee5-b559-c07eb53953a3","local_time":"20210207172241","is_ascension_mode":false,"campfire_choices":[{"data":"AT_ShrugMaster","floor":6,"key":"SMITH"},{"data":"REME_ACTH","floor":32,"key":"SMITH"},{"data":"Machine Learning","floor":42,"key":"SMITH"}],"circlet_count":0,"master_deck":["REME_ACTH+1","AT_ShrugMaster+1","Coolheaded","Bloodbath","Conserve Battery+1","Wellcheers","AT_HeatAcrobatics","Double Energy","Doom and Gloom+1","hubris:DuctTapeCard","Conserve Battery","LongBird","MostiFishMod:SeaWaves","Turbo","Coolheaded+1","Machine Learning+1","Madness","Madness","AT_FamilyPortrait+1","MostiFishMod:SupremeArchaeology+1","Reboot+1","AT_WaterDrop+1","Compile Driver","AT_ShrugMaster+1","REME_WheelOfFate+1","Defragment+1","Impatience+1"],"relics":["Cracked Core","DaveBox","ice","REME_ComplimentaryCards","AT_ATBox","DianDianMeat","CogitoBucket","RabbitCall","SynthV:TestCard","LetterFromLob","hubris:Icosahedron","Happy Flower","LuminousBracelet","Membership Card","Omamori","hubris:DuctTape","GreenFoldingFan","Nilry\u0027s Codex","hubris:Towel","hubris:BallOfYels","ShedSkin_r","LaetitiaHeart","InspiredRelic","hubris:64BitClover","AT_BellowingDragoncrestRing","Unceasing Top","ChangeAnything","Juzu Bracelet","Strange Spoon","AT_ChloranthyRing","JellyFishMachine","Pen Nib","hubris:HerbalPaste","Civilization","Bronze Scales","AT_TheCollector","Toxic Egg 2","Frozen Egg 2","hubris:SlimyHat","Whetstone","infinitespire:PuzzleCube","MagicDraw3","MagicDraw2","hubris:EvacipatedBox","hubris:FruitBowl","Toy Ornithopter","GodSword1","SynthV:C4","hubris:CuriousFeather","infinitespire:Satchel","Frozen Eye","hubris:ToyBattleship","BionicSphere","Strawberry","AT_MibuBalloonWealth","AtMidnight","AdjustmentMirror","ArrowTower","Ccalipers","Art of War","DollysMirror","Nunchaku"],"acts_visited":["Exordium","TheCity","TheBeyond"],"potions_floor_usage":[11,11,27,28,45,45,48],"damage_taken":[{"damage":8,"enemies":"2 Louse","floor":1,"turns":2},{"damage":6,"enemies":"Small Slimes","floor":2,"turns":3},{"damage":1,"enemies":"Jaw Worm","floor":4,"turns":4},{"damage":4,"enemies":"Red Slaver","floor":7,"turns":4},{"damage":2,"enemies":"Looter","floor":10,"turns":4},{"damage":30,"enemies":"2 Fungi Beasts","floor":11,"turns":5},{"damage":3,"enemies":"Exordium Thugs","floor":14,"turns":6},{"damage":27,"enemies":"Slime Boss","floor":16,"turns":10},{"damage":19,"enemies":"3 Byrds","floor":18,"turns":5},{"damage":53,"enemies":"Gremlin Leader","floor":23,"turns":8},{"damage":14,"enemies":"2 Thieves","floor":24,"turns":2},{"damage":39,"enemies":"Slavers","floor":25,"turns":7},{"damage":14,"enemies":"Nightmare","floor":27,"turns":7},{"damage":28,"enemies":"2 Thieves","floor":28,"turns":6},{"damage":48,"enemies":"Slavers","floor":30,"turns":6},{"damage":6,"enemies":"Snake Plant","floor":31,"turns":6},{"damage":24,"enemies":"hubris:MusketHawk","floor":33,"turns":7},{"damage":8,"enemies":"Orb Walker","floor":35,"turns":4},{"damage":8,"enemies":"Nightmare","floor":41,"turns":4},{"damage":4,"enemies":"Reptomancer","floor":44,"turns":2},{"damage":4,"enemies":"3 Darklings","floor":45,"turns":2},{"damage":4,"enemies":"Writhing Mass","floor":48,"turns":2},{"damage":8,"enemies":"Time Eater","floor":50,"turns":4}],"seed_played":"1897486358713973997","potions_obtained":[{"floor":1,"key":"LiquidBronze"},{"floor":10,"key":"REME_GoldPotion"},{"floor":11,"key":"Energy Potion"},{"floor":14,"key":"PowerPotion"},{"floor":16,"key":"Fire Potion"},{"floor":27,"key":"PotionOfCapacity"},{"floor":30,"key":"Regen Potion"},{"floor":44,"key":"AttackPotion"},{"floor":45,"key":"SpeedPotion"}],"is_trial":false,"path_per_floor":["M","M","?","M","?","R","M","?","T","M","M","?","?","M","R","B",null,"M","?","?","$","?","E","M","E","T","NM","M","R","E","M","R","B",null,"M","?","?","?","$","R","NM","R","T","E","M","T","?","M","R","B",null],"character_chosen":"DEFECT","items_purchased":["Membership Card","Omamori","hubris:DuctTape","Conserve Battery","Juzu Bracelet","Strange Spoon","Pen Nib","hubris:HerbalPaste","Civilization","Bronze Scales","AT_TheCollector","Toxic Egg 2","Frozen Egg 2","hubris:SlimyHat","Whetstone","infinitespire:PuzzleCube","MagicDraw3","MagicDraw2","hubris:EvacipatedBox","hubris:FruitBowl","Toy Ornithopter","GodSword1","SynthV:C4","hubris:CuriousFeather","infinitespire:Satchel","AT_FamilyPortrait+1","MostiFishMod:SupremeArchaeology+1","Frozen Eye","hubris:ToyBattleship","Ccalipers","Art of War","DollysMirror","REME_WheelOfFate+1","Defragment+1","Impatience+1"],"campfire_rested":0,"item_purchase_floors":[15,15,15,15,29,29,39,39,39,39,39,39,39,39,39,39,39,39,39,39,39,39,39,39,40,40,40,40,40,49,49,49,49,49,49],"current_hp_per_floor":[73,73,73,83,72,72,86,95,95,119,118,76,76,106,137,239,251,270,254,254,254,254,245,208,215,215,274,290,290,290,290,290,311,311,333,333,333,338,12,88,158,158,168,230,266,266,266,336,524,554],"gold":185,"neow_bonus":"","is_daily":false,"chose_seed":false,"campfire_upgraded":3,"win_rate":0.0,"timestamp":1612689761,"path_taken":["M","M","?","M","?","R","M","?","T","M","?","?","?","M","R","BOSS","M","?","?","$","?","E","M","E","T","NM","M","R","E","M","R","BOSS","M","?","?","?","?","R","NM","R","T","E","M","?","?","M","R","BOSS"],"items_purchased_type":["Relic","Relic","Relic","Card","Relic","Relic","Relic","Relic","Relic","Relic","Relic","Relic","Relic","Relic","Relic","Relic","Relic","Relic","Relic","Relic","Relic","Relic","Relic","Relic","Relic","Card","Card","Relic","Relic","Relic","Relic","Relic","Card","Card","Card"],"build_version":"2020-12-22","purchased_purges":12,"victory":true,"max_hp_per_floor":[81,85,85,96,96,96,111,120,120,141,168,168,168,195,226,251,251,270,270,270,270,270,270,270,270,270,290,290,290,290,290,290,311,311,333,333,333,380,380,456,497,497,507,552,559,559,559,609,797,804],"relic_stats":{"Strange Spoon":[39],"Nunchaku":[0],"Happy Flower":[33],"counters":[26,112],"Bronze Scales":[51],"Pen Nib":[1],"Juzu Bracelet":1,"Art of War":[1],"Whetstone":["Strike_B","Doom and Gloom"],"obtain_stats":[{"hubris:BallOfYels":23,"AT_ATBox":0,"Nilry\u0027s Codex":19,"AT_MibuBalloonWealth":44,"LuminousBracelet":11,"ice":0,"Whetstone":39,"AdjustmentMirror":45,"MagicDraw3":39,"MagicDraw2":39,"GreenFoldingFan":17,"hubris:HerbalPaste":39,"LaetitiaHeart":24,"Ccalipers":49,"DollysMirror":49,"Strawberry":43,"Toxic Egg 2":39,"DianDianMeat":0,"Happy Flower":9,"hubris:DuctTape":15,"hubris:FruitBowl":39,"Pen Nib":39,"AT_TheCollector":39,"Bronze Scales":39,"BionicSphere":41,"hubris:ToyBattleship":40,"InspiredRelic":24,"ArrowTower":46,"ShedSkin_r":24,"Unceasing Top":27,"infinitespire:PuzzleCube":39,"GodSword1":39,"RabbitCall":0,"DaveBox":0,"Juzu Bracelet":29,"hubris:SlimyHat":39,"hubris:EvacipatedBox":39,"SynthV:C4":39,"Civilization":39,"Frozen Eye":40,"CogitoBucket":0,"Nunchaku":50,"hubris:Icosahedron":3,"hubris:CuriousFeather":39,"Cracked Core":0,"AT_ChloranthyRing":30,"Golden Idol":12,"hubris:64BitClover":25,"JellyFishMachine":34,"Omamori":15,"hubris:Towel":20,"Frozen Egg 2":39,"Strange Spoon":29,"SynthV:TestCard":1,"AT_BellowingDragoncrestRing":26,"infinitespire:Satchel":40,"AtMidnight":45,"LetterFromLob":1,"Art of War":49,"Membership Card":15,"ChangeAnything":28,"Toy Ornithopter":39,"REME_ComplimentaryCards":0},{"hubris:BallOfYels":11,"AT_ATBox":0,"Nilry\u0027s Codex":10,"AT_MibuBalloonWealth":22,"LuminousBracelet":7,"ice":0,"Whetstone":20,"AdjustmentMirror":24,"MagicDraw3":20,"MagicDraw2":20,"GreenFoldingFan":9,"hubris:HerbalPaste":20,"LaetitiaHeart":11,"Ccalipers":25,"DollysMirror":25,"Strawberry":21,"Toxic Egg 2":20,"DianDianMeat":0,"Happy Flower":4,"hubris:DuctTape":8,"hubris:FruitBowl":20,"Pen Nib":20,"AT_TheCollector":20,"Bronze Scales":20,"BionicSphere":21,"hubris:ToyBattleship":20,"InspiredRelic":12,"ArrowTower":24,"ShedSkin_r":11,"Unceasing Top":14,"infinitespire:PuzzleCube":20,"GodSword1":20,"RabbitCall":0,"DaveBox":0,"Juzu Bracelet":16,"hubris:SlimyHat":20,"hubris:EvacipatedBox":20,"SynthV:C4":20,"Civilization":20,"Frozen Eye":20,"CogitoBucket":0,"Nunchaku":26,"hubris:Icosahedron":2,"hubris:CuriousFeather":20,"Cracked Core":0,"AT_ChloranthyRing":17,"Golden Idol":7,"hubris:64BitClover":13,"JellyFishMachine":19,"Omamori":8,"hubris:Towel":10,"Frozen Egg 2":20,"Strange Spoon":16,"SynthV:TestCard":1,"AT_BellowingDragoncrestRing":13,"infinitespire:Satchel":20,"AtMidnight":24,"LetterFromLob":1,"Art of War":25,"Membership Card":8,"ChangeAnything":16,"Toy Ornithopter":20,"REME_ComplimentaryCards":0},{"hubris:BallOfYels":52,"AT_ATBox":0,"Nilry\u0027s Codex":44,"AT_MibuBalloonWealth":103,"LuminousBracelet":23,"ice":0,"Whetstone":97,"AdjustmentMirror":106,"MagicDraw3":97,"MagicDraw2":97,"GreenFoldingFan":39,"hubris:HerbalPaste":97,"LaetitiaHeart":52,"Ccalipers":108,"DollysMirror":108,"Strawberry":101,"Toxic Egg 2":97,"DianDianMeat":0,"Happy Flower":13,"hubris:DuctTape":29,"hubris:FruitBowl":97,"Pen Nib":97,"AT_TheCollector":97,"Bronze Scales":97,"BionicSphere":101,"hubris:ToyBattleship":97,"InspiredRelic":54,"ArrowTower":106,"ShedSkin_r":52,"Unceasing Top":68,"infinitespire:PuzzleCube":97,"GodSword1":97,"RabbitCall":0,"DaveBox":0,"Juzu Bracelet":75,"hubris:SlimyHat":97,"hubris:EvacipatedBox":97,"SynthV:C4":97,"Civilization":97,"Frozen Eye":97,"CogitoBucket":0,"Nunchaku":111,"hubris:Icosahedron":5,"hubris:CuriousFeather":97,"Cracked Core":0,"AT_ChloranthyRing":81,"Golden Idol":23,"hubris:64BitClover":61,"JellyFishMachine":93,"Omamori":29,"hubris:Towel":44,"Frozen Egg 2":97,"Strange Spoon":75,"SynthV:TestCard":2,"AT_BellowingDragoncrestRing":61,"infinitespire:Satchel":97,"AtMidnight":106,"LetterFromLob":2,"Art of War":108,"Membership Card":29,"ChangeAnything":75,"Toy Ornithopter":97,"REME_ComplimentaryCards":0}],"Unceasing Top":[1],"Toy Ornithopter":15},"card_choices":[{"not_picked":["Murderer","OSAHOGD","CrumblingArmor"],"picked":"Singing Bowl","floor":1},{"not_picked":["Murderer","FairyFestival"],"picked":"PunishingBird","floor":1},{"not_picked":["Cold Snap","Gash","MostiFishMod:PushDownKick"],"picked":"SKIP","floor":1},{"not_picked":["Scarecrow","OldLady","CrumblingArmor"],"picked":"Singing Bowl","floor":2},{"not_picked":["Scrape","Reinforced Body","Redo","hubris:PowerSurge"],"picked":"Coolheaded","floor":2},{"not_picked":["CherryBlossoms","BeautyBeast"],"picked":"Bloodbath","floor":4},{"not_picked":["Go for the Eyes","Coolheaded","Meteor Strike","Sunder"],"picked":"Conserve Battery","floor":4},{"not_picked":["LittleHelper","BeautyBeast","RedShoes"],"picked":"Singing Bowl","floor":7},{"not_picked":["Woodsman","MHz"],"picked":"Wellcheers","floor":7},{"not_picked":["Compile Driver","Reprogram","MostiFishMod:FluxCapactior","Biased Cognition"],"picked":"Auto Shields","floor":7},{"not_picked":["Funeral","MHz"],"picked":"BigBird","floor":10},{"not_picked":["Steam Power","Hologram","Compile Driver","MostiFishMod:PushDownKick"],"picked":"AT_HeatAcrobatics","floor":10},{"not_picked":["Alriune","Murderer","MHz"],"picked":"Singing Bowl","floor":11},{"not_picked":["Rebound","Go for the Eyes","Coolheaded","MostiFishMod:PushDownKick"],"picked":"Double Energy","floor":11},{"not_picked":["Funeral","UniverseFragment"],"picked":"OldLady","floor":14},{"not_picked":["Streamline","Leap","MostiFishMod:TalkingToTheRain","Self Repair"],"picked":"Doom and Gloom","floor":14},{"not_picked":["BeautyBeast","Scarecrow","SpiderBud"],"picked":"Singing Bowl","floor":16},{"not_picked":["ShyLook","OldLady"],"picked":"LongBird","floor":16},{"not_picked":["MostiFishMod:Nova","MostiFishMod:StarOceanB","Rainbow","Amplify"],"picked":"MostiFishMod:SeaWaves","floor":16},{"not_picked":["MeatLantern","BigBird","HappyTeddy"],"picked":"Singing Bowl","floor":18},{"not_picked":["AT_ThunderBolt","Recycle","REME_SelfUpgrade","Leap"],"picked":"Turbo","floor":18},{"not_picked":["DespairKnight","CherryBlossoms","FairyFestival"],"picked":"Singing Bowl","floor":23},{"not_picked":["MostiFishMod:IceShield","Hologram+1","hubris:SpecializedCircuitry","Reprogram","MostiFishMod:Nova"],"picked":"SKIP","floor":23},{"not_picked":["Laetitia","DespairKnight","ShyLook"],"picked":"Singing Bowl","floor":25},{"not_picked":["Beam Cell","Turbo","AT_RobotInSpace","MostiFishMod:IceShield","Melter"],"picked":"SKIP","floor":25},{"not_picked":["BigBird","NakedNest","Variant"],"picked":"Singing Bowl","floor":27},{"not_picked":["Stack","Ball Lightning","Redo","Conserve Battery"],"picked":"Coolheaded+1","floor":27},{"not_picked":["SingingMachine","GalaxyChild","BeautyBeast"],"picked":"Singing Bowl","floor":28},{"not_picked":["MostiFishMod:GatherIntelligence","Self Repair+1","Beam Cell","Steam","Lockon"],"picked":"SKIP","floor":28},{"not_picked":["VoidDream","BlueStar","Funeral"],"picked":"Singing Bowl","floor":30},{"not_picked":["MostiFishMod:PushDownKick","Leap","MostiFishMod:DawningShadow","AT_EMC2","Heatsinks+1"],"picked":"SKIP","floor":30},{"not_picked":["NakedNest","CherryBlossoms","HappyTeddy"],"picked":"Singing Bowl","floor":31},{"not_picked":["MostiFishMod:PushDownKick","Chill","AT_RobotInSpace","MostiFishMod:GatherIntelligence","Steam Power+1"],"picked":"SKIP","floor":31},{"not_picked":["WhitesApple","Murderer","Scorched"],"picked":"Singing Bowl","floor":33},{"not_picked":["All For One","hubris:DoWhile","MostiFishMod:StrandedSiren","Buffer"],"picked":"Machine Learning","floor":33},{"not_picked":["Mercenary","Alriune","MHz"],"picked":"Singing Bowl","floor":35},{"not_picked":["hubris:DoWhile","Rebound","Glacier","Hologram+1"],"picked":"Compile Driver","floor":35},{"not_picked":["HeroicMonk","BlackArmy","LittlePrince"],"picked":"Singing Bowl","floor":41},{"not_picked":["Static Discharge+1","Turbo+1","Ball Lightning+1","AT_WarpDrive+1"],"picked":"Reboot+1","floor":41},{"not_picked":["LaLuna","HeroicMonk","Scarecrow"],"picked":"Singing Bowl","floor":44},{"not_picked":["Self Repair+1","MostiFishMod:LinkProtocol+1","MostiFishMod:Impulse+1","Steam+1"],"picked":"AT_WaterDrop+1","floor":44},{"not_picked":["HeroicMonk","NakedNest","WhitesApple"],"picked":"Singing Bowl","floor":45},{"not_picked":["Steam+1","Self Repair+1","Ball Lightning+1","Gash+1","Streamline"],"picked":"SKIP","floor":45},{"not_picked":["BlueStar","DespairKnight","Murderer"],"picked":"Singing Bowl","floor":48},{"not_picked":["Coolheaded+1","Sweeping Beam+1","Cold Snap","Consume+1"],"picked":"Compile Driver","floor":48}],"player_experience":239903,"relics_obtained":[{"floor":1,"key":"SynthV:TestCard"},{"floor":1,"key":"LetterFromLob"},{"floor":9,"key":"Happy Flower"},{"floor":19,"key":"Nilry\u0027s Codex"},{"floor":23,"key":"hubris:BallOfYels"},{"floor":25,"key":"hubris:64BitClover"},{"floor":26,"key":"AT_BellowingDragoncrestRing"},{"floor":27,"key":"Unceasing Top"},{"floor":30,"key":"AT_ChloranthyRing"},{"floor":41,"key":"BionicSphere"},{"floor":43,"key":"Strawberry"},{"floor":44,"key":"AT_MibuBalloonWealth"},{"floor":45,"key":"AtMidnight"},{"floor":46,"key":"ArrowTower"}],"event_choices":[{"damage_healed":0,"gold_gain":75,"player_choice":"Gather Gold","damage_taken":11,"max_hp_gain":0,"max_hp_loss":0,"event_name":"World of Goop","floor":5,"gold_loss":0},{"damage_healed":0,"gold_gain":0,"cards_transformed":["Dualcast"],"player_choice":"Transformed","damage_taken":0,"max_hp_gain":0,"max_hp_loss":0,"event_name":"Transmorgrifier","floor":8,"gold_loss":0,"cards_obtained":["AT_ThunderBolt"]},{"damage_healed":0,"gold_gain":0,"player_choice":"Take Damage","damage_taken":42,"relics_obtained":["Golden Idol"],"max_hp_gain":0,"max_hp_loss":0,"event_name":"Golden Idol","floor":12,"gold_loss":0},{"damage_healed":0,"gold_gain":0,"player_choice":"Ignored","damage_taken":0,"max_hp_gain":0,"max_hp_loss":0,"event_name":"NoteForYourself","floor":13,"gold_loss":0},{"damage_healed":0,"gold_gain":0,"player_choice":"Obtained Book","damage_taken":16,"max_hp_gain":0,"max_hp_loss":0,"event_name":"Cursed Tome","floor":19,"gold_loss":0},{"damage_healed":0,"gold_gain":99,"player_choice":"Stole From Cult","damage_taken":0,"max_hp_gain":0,"max_hp_loss":0,"event_name":"Nest","floor":22,"gold_loss":0},{"damage_healed":0,"gold_gain":333,"player_choice":"Gave Idol","damage_taken":0,"max_hp_gain":0,"max_hp_loss":0,"event_name":"The Moai Head","floor":36,"relics_lost":["Golden Idol"],"gold_loss":0},{"damage_healed":0,"gold_gain":0,"player_choice":"Ignored","damage_taken":0,"max_hp_gain":0,"max_hp_loss":0,"event_name":"Tomb of Lord Red Mask","floor":37,"gold_loss":0},{"damage_healed":0,"gold_gain":0,"player_choice":"Embrace Madness","damage_taken":42,"max_hp_gain":0,"max_hp_loss":0,"event_name":"Winding Halls","floor":38,"gold_loss":0,"cards_obtained":["Madness","Madness"]},{"cards_removed":["PunishingBird"],"damage_healed":0,"gold_gain":0,"player_choice":"Upgrade and Remove","damage_taken":0,"max_hp_gain":0,"max_hp_loss":0,"event_name":"Designer","floor":47,"gold_loss":90,"cards_upgraded":["Conserve Battery"]}],"is_beta":false,"boss_relics":[{"not_picked":["Coffee Dripper","AT_TrinityForce"],"picked":"GreenFoldingFan"},{"not_picked":["hubris:BlackHole","Runic Pyramid"],"picked":"JellyFishMachine"}],"items_purged_floors":[15,21,29,39,39,39,39,39,39,39,40,49],"is_endless":false,"potions_floor_spawned":[1,10,11,14,16,24,27,30,41,44,45],"ascension_level":0}}