{"host":"hs5g5f0q56ds4vmn","time":1612661074,"event":{"mods":["AchievementEnabler","BaseMod","DeckTracker","Highlight Path","Minty Spire (QoL Compilation)","SuperFastMode","everything is the same but u backflip on backflip"],"gold_per_floor":[119,138,138,313,13,45,61,61,61,61,81,92,92,103,103,202,202,216,232,249,8,21,46,46,46,126,142,168,168,168],"floor_reached":29,"language":"KOR","playtime":1304,"items_purged":["Doubt"],"score":453,"play_id":"e91b8cfe-e4f3-4b44-98e1-d79eaffe0e9c","local_time":"20210207102434","is_ascension_mode":true,"campfire_choices":[{"data":"Bludgeon","floor":8.0,"key":"SMITH"},{"data":"Dualcast","floor":10.0,"key":"SMITH"},{"floor":15.0,"key":"REST"},{"floor":25,"key":"REST"}],"circlet_count":0,"master_deck":["AscendersBane","Strike_B","Strike_B","Strike_B","Strike_B","Defend_B","Defend_B","Defend_B","Zap","Dualcast+1","Coolheaded","Hologram","Capacitor","Bludgeon+1","CutThroughFate","Terror+1","SandsOfTime+1","Burst","Conclude+1","Stack","Mind Blast+1","Blade Dance+1","Bandage Up","Collect"],"relics":["Cracked Core","NeowsBlessing","PrismaticShard","Boot","Bottled Flame","Molten Egg 2","Nuclear Battery","Bag of Marbles","Ornamental Fan","Darkstone Periapt","Bronze Scales"],"acts_visited":["Exordium","TheCity"],"potions_floor_usage":[23,23],"damage_taken":[{"damage":0.0,"enemies":"Small Slimes","floor":1.0,"turns":1.0},{"damage":0.0,"enemies":"Jaw Worm","floor":2.0,"turns":1.0},{"damage":0.0,"enemies":"Gremlin Nob","floor":6.0,"turns":1.0},{"damage":5.0,"enemies":"2 Louse","floor":7.0,"turns":4.0},{"damage":0.0,"enemies":"Looter","floor":11.0,"turns":1.0},{"damage":14.0,"enemies":"Red Slaver","floor":12.0,"turns":2.0},{"damage":0.0,"enemies":"Exordium Thugs","floor":14.0,"turns":2.0},{"damage":22.0,"enemies":"Slime Boss","floor":16.0,"turns":9.0},{"damage":0.0,"enemies":"Spheric Guardian","floor":18.0,"turns":2.0},{"damage":12.0,"enemies":"Chosen","floor":19.0,"turns":3.0},{"damage":24.0,"enemies":"Centurion and Healer","floor":20.0,"turns":4.0},{"damage":0.0,"enemies":"Shelled Parasite and Fungi","floor":22.0,"turns":2.0},{"damage":23,"enemies":"Slavers","floor":23,"turns":4},{"damage":0,"enemies":"Snake Plant","floor":27,"turns":1},{"damage":18,"enemies":"Gremlin Leader","floor":28,"turns":3},{"damage":8,"enemies":"Cultist and Chosen","floor":29,"turns":1}],"seed_played":"7719078772071486299","potions_obtained":[{"floor":2.0,"key":"LiquidMemories"},{"floor":12.0,"key":"EssenceOfSteel"},{"floor":16.0,"key":"FearPotion"},{"floor":20.0,"key":"FearPotion"},{"floor":28,"key":"GamblersBrew"}],"is_trial":false,"path_per_floor":["M","M","?","?","$","E","M","R","T","R","M","M","?","M","R","B",null,"M","M","M","$","M","E","?","R","T","M","E","M"],"character_chosen":"DEFECT","items_purchased":["PrismaticShard","Capacitor","Bag of Marbles","Mind Blast+1"],"campfire_rested":2,"item_purchase_floors":[5,5,21,21],"current_hp_per_floor":[68,68,61,61,61,61,56,56,56,56,56,42,17,17,39,17,61,61,49,25,25,25,2,2,24,24,24,6,0,0],"gold":168,"neow_bonus":"THREE_ENEMY_KILL","is_daily":false,"chose_seed":false,"campfire_upgraded":2,"win_rate":0.0,"timestamp":1612661074,"path_taken":["M","M","?","?","?","E","M","R","T","R","?","M","?","M","R","BOSS","M","M","M","$","M","E","?","R","T","?","E","M"],"items_purchased_type":["Relic","Card","Relic","Card"],"build_version":"2020-12-22","purchased_purges":1,"victory":false,"max_hp_per_floor":[75,75,75,75,75,75,75,75,75,75,75,75,75,75,75,75,75,75,75,75,75,75,75,75,75,75,75,75,75,75],"card_choices":[{"not_picked":["Stack","Redo"],"picked":"Coolheaded","floor":1.0},{"not_picked":["Rip and Tear","Force Field"],"picked":"Hologram","floor":2.0},{"not_picked":["Expertise","Dodge and Roll"],"picked":"Bludgeon","floor":6.0},{"not_picked":["Ball Lightning","BowlingBash"],"picked":"CutThroughFate","floor":7.0},{"not_picked":["Cloak And Dagger","Predator"],"picked":"Terror","floor":11.0},{"not_picked":["Demon Form","Sucker Punch","Iron Wave"],"picked":"SKIP","floor":12.0},{"not_picked":["Trip","Headbutt+1"],"picked":"SandsOfTime+1","floor":14.0},{"not_picked":["DevaForm","Master of Strategy"],"picked":"Burst","floor":16.0},{"not_picked":["Evolve","Dagger Throw+1"],"picked":"Conclude+1","floor":18.0},{"not_picked":["CarveReality+1","Indignation"],"picked":"Stack","floor":19.0},{"not_picked":["Hologram","Pommel Strike+1","Dagger Throw+1"],"picked":"SKIP","floor":20.0},{"not_picked":["Rupture","Warcry"],"picked":"Blade Dance+1","floor":22.0},{"not_picked":["Establishment","Quick Slash+1"],"picked":"Bandage Up","floor":23},{"not_picked":["Clash+1","Shrug It Off","Warcry"],"picked":"SKIP","floor":27},{"not_picked":["Acrobatics+1","All Out Attack+1"],"picked":"Collect","floor":28}],"player_experience":624560,"relics_obtained":[{"floor":6.0,"key":"Boot"},{"floor":9.0,"key":"Bottled Flame"},{"floor":23,"key":"Ornamental Fan"},{"floor":26,"key":"Darkstone Periapt"},{"floor":28,"key":"Bronze Scales"}],"event_choices":[{"cards_removed":["Defend_B"],"damage_healed":0.0,"max_hp_gain":0.0,"max_hp_loss":0.0,"gold_gain":0.0,"event_name":"Golden Wing","player_choice":"Card Removal","floor":3.0,"gold_loss":0.0,"damage_taken":7.0},{"damage_healed":0.0,"max_hp_gain":0.0,"max_hp_loss":0.0,"gold_gain":175.0,"event_name":"Liars Game","player_choice":"AGREE","floor":4.0,"gold_loss":0.0,"damage_taken":0.0,"cards_obtained":["Doubt"]},{"damage_healed":0.0,"max_hp_gain":0.0,"max_hp_loss":0.0,"gold_gain":0.0,"event_name":"Scrap Ooze","player_choice":"Success","floor":13.0,"gold_loss":0.0,"damage_taken":25.0,"relics_obtained":["Molten Egg 2"]},{"damage_healed":0,"gold_gain":0,"player_choice":"Forge","damage_taken":0,"max_hp_gain":0,"max_hp_loss":0,"event_name":"Accursed Blacksmith","floor":24,"gold_loss":0,"cards_upgraded":["Terror"]}],"is_beta":false,"boss_relics":[{"not_picked":["Empty Cage","FrozenCore"],"picked":"Nuclear Battery"}],"items_purged_floors":[5],"is_endless":false,"potions_floor_spawned":[2,12,16,20,22,28],"killed_by":"Cultist and Chosen","ascension_level":11}}