{"host":"1pkwkj8mkn7raipg","time":1612702764,"event":{"mods":["BaseMod","LagranYue(拉格朗・月)","Minty Spire (QoL Compilation)","Replay The Spire","StSLib","TestMod","Youmu（魂魄妖梦）"],"gold_per_floor":[113,113,38,49,68,68,94,94,118,518,111,111,129,159,159,269,269,288,301,211,63,11,29,49,86,155,174,188,211,254,276,276,388,488,501,522,397,417,431,463,463,480,480,510,530,530,561,609,609,628,628,628,215,245,255],"floor_reached":56,"language":"ZHS","playtime":2306,"items_purged":["Strike_B","Strike_B","Zap"],"score":2054,"play_id":"18927a3f-402c-41de-9793-8a52bfac06fa","local_time":"20210207205924","is_ascension_mode":true,"campfire_choices":[{"data":"Hologram","floor":6.0,"key":"SMITH"},{"data":"Darkness","floor":8.0,"key":"SMITH"},{"data":"Dualcast","floor":15,"key":"SMITH"},{"data":"Redo","floor":32,"key":"SMITH"},{"data":"Coolheaded","floor":41,"key":"SMITH"},{"floor":46,"key":"REST"},{"floor":49,"key":"RECALL"},{"data":"Hologram","floor":52,"key":"SMITH"}],"circlet_count":0,"master_deck":["Strike_B+1","Strike_B","Defend_B+1","Defend_B","Defend_B","Defend_B","Dualcast+1","Hologram+1","Darkness+1","Redo+1","Redo+1","Mirror Shield+1","Capacitor+1","Coolheaded+1","Redo+1","Hologram+1","Defragment","Self Repair","ReplayTheSpireMod:Splinters","Echo Form"],"relics":["Cracked Core","LagranYue:RandomDrawCardRelic","testmod-TheFather","NeowsBlessing","FaceOfCleric","Raider\u0027s Mask","Bag of Preparation","Ring of Misfortune","Ring of Shattering","Orichalcum","Painkiller Herb","Guide Book","testmod-Brilliant","Sundial","Simple Rune","Replay:Wanted Poster","ReplayTheSpireMod:Lightbulb","Symbiotic Virus","testmod-BlackFramedGlasses","Happy Flower","Replay:Bottled Snecko","Cables","Emotion Chip"],"acts_visited":["Exordium","TheCity","TheBeyond","TheEnding"],"potions_floor_usage":[16,25,27,55,55],"damage_taken":[{"damage":0.0,"enemies":"Small Slimes","floor":1.0,"turns":1.0},{"damage":0.0,"enemies":"Cultist","floor":4.0,"turns":1.0},{"damage":0.0,"enemies":"2 Louse","floor":5.0,"turns":1.0},{"damage":6.0,"enemies":"2 Fungi Beasts","floor":7.0,"turns":3.0},{"damage":0,"enemies":"Looter","floor":13,"turns":2},{"damage":0,"enemies":"Replay:BlueRogue","floor":14,"turns":3},{"damage":0,"enemies":"Slime Boss","floor":16,"turns":4},{"damage":0,"enemies":"3 Byrds","floor":18,"turns":2},{"damage":0,"enemies":"Chosen","floor":19,"turns":3},{"damage":0,"enemies":"Centurion and Healer","floor":23,"turns":5},{"damage":9,"enemies":"Chosen and Byrds","floor":24,"turns":5},{"damage":0,"enemies":"Book of Stabbing","floor":25,"turns":3},{"damage":3,"enemies":"Snecko","floor":27,"turns":5},{"damage":0,"enemies":"Shelled Parasite and Fungi","floor":28,"turns":2},{"damage":0,"enemies":"Cultist and Chosen","floor":29,"turns":3},{"damage":2,"enemies":"Gremlin Leader","floor":30,"turns":3},{"damage":0,"enemies":"Centurion and Healer","floor":31,"turns":1},{"damage":0,"enemies":"Automaton","floor":33,"turns":5},{"damage":0,"enemies":"3 Shapes","floor":35,"turns":1},{"damage":0,"enemies":"Orb Walker","floor":36,"turns":2},{"damage":11,"enemies":"Writhing Mass","floor":38,"turns":3},{"damage":0,"enemies":"Maw","floor":39,"turns":5},{"damage":28,"enemies":"Nemesis","floor":40,"turns":5},{"damage":0,"enemies":"4 Shapes","floor":42,"turns":1},{"damage":37,"enemies":"R_Hoarder","floor":44,"turns":9},{"damage":21,"enemies":"Writhing Mass","floor":45,"turns":4},{"damage":0,"enemies":"Reptomancer","floor":47,"turns":2},{"damage":15,"enemies":"Awakened One","floor":50,"turns":7},{"damage":24,"enemies":"Shield and Spear","floor":54,"turns":4},{"damage":22,"enemies":"The Heart","floor":55,"turns":8}],"seed_played":"6612046869926749053","potions_obtained":[{"floor":1.0,"key":"Doom Potion"},{"floor":5.0,"key":"Adrenaline Potion"},{"floor":16,"key":"Fruit Juice"},{"floor":18,"key":"FearPotion"},{"floor":23,"key":"Explosive Potion"},{"floor":27,"key":"SpeedPotion"},{"floor":30,"key":"Strength Potion"},{"floor":36,"key":"Ancient Potion"}],"is_trial":false,"path_per_floor":["M","?","$","M","M","R","M","R","T","?","$","?","M","E","R","B",null,"?","?","?","T","T","?","?","E","T","?","?","?","E","?","T","B",null,"?","?","T","?","?","E","T","?","T","E","?","T","E","?","T","B",null,"T","T","E","B",null],"character_chosen":"DEFECT","items_purchased":["Raider\u0027s Mask","Bag of Preparation","Guide Book","Coolheaded","Cables","Echo Form"],"campfire_rested":1,"item_purchase_floors":[11,11,21,22,53,53],"current_hp_per_floor":[68,68,68,69,70,70,65,65,65,65,65,65,66,67,67,73,83,84,85,85,85,85,86,78,79,79,77,78,79,78,79,79,80,93,94,95,95,85,86,59,59,60,60,38,29,60,63,63,63,63,96,96,96,84,78],"gold":255,"neow_bonus":"THREE_ENEMY_KILL","is_daily":false,"chose_seed":false,"campfire_upgraded":6,"win_rate":0.0,"timestamp":1612702764,"path_taken":["M","?","$","M","?","R","M","R","T","?","$","?","M","E","R","BOSS","?","?","?","?","T","?","?","E","T","?","?","?","E","?","T","BOSS","?","?","T","?","?","E","T","?","T","E","?","T","E","?","T","BOSS","T","T","E","BOSS"],"items_purchased_type":["Relic","Relic","Relic","Card","Relic","Card"],"build_version":"2020-12-22","purchased_purges":3,"victory":true,"max_hp_per_floor":[75,75,75,76,77,77,78,78,78,78,78,78,79,80,80,86,86,87,88,88,88,88,89,90,91,91,92,93,94,95,96,96,97,97,98,99,99,100,101,102,102,103,103,104,105,105,106,106,106,107,107,107,107,108,109],"card_choices":[{"not_picked":["Defragment","Auto Shields"],"picked":"Hologram","floor":1.0},{"not_picked":["ReplayTheSpireMod:Calculation Training","Beam Cell"],"picked":"Darkness","floor":4.0},{"not_picked":["Leap","ReplayGash","Conserve Battery"],"picked":"SKIP","floor":5.0},{"not_picked":["BasicCrystalCard","Coolheaded"],"picked":"Redo","floor":7.0},{"not_picked":["Leap","Sunder","Streamline"],"picked":"SKIP","floor":13},{"not_picked":["Undo","Leap"],"picked":"Redo","floor":14},{"not_picked":["Amplify","Hyperbeam"],"picked":"Mirror Shield","floor":16},{"not_picked":["Streamline","Time Bomb"],"picked":"Capacitor","floor":18},{"not_picked":["Cold Snap","Turbo","BootSequence"],"picked":"SKIP","floor":19},{"not_picked":["Conserve Battery","Panic Button"],"picked":"Redo+1","floor":23},{"not_picked":["Amplify","ReplayTheSpireMod:GoodbyeWorld+1","Leap+1"],"picked":"SKIP","floor":24},{"not_picked":["Reprogram+1","Meteor Strike","Cold Snap+1"],"picked":"SKIP","floor":25},{"not_picked":["Cold Snap","Redo"],"picked":"Hologram","floor":27},{"not_picked":["Time Bomb+1","Blizzard+1","Hologram+1"],"picked":"SKIP","floor":28},{"not_picked":["Rebound","Stack","Sweeping Beam"],"picked":"SKIP","floor":29},{"not_picked":["BasicCrystalCard","Streamline"],"picked":"Defragment","floor":30},{"not_picked":["Streamline","Leap","ReplayTheSpireMod:System Scan"],"picked":"SKIP","floor":31},{"not_picked":["ReplaySort+1","Glacier+1","Barrage"],"picked":"SKIP","floor":35},{"not_picked":["Barrage+1","Force Field+1","Melter+1"],"picked":"SKIP","floor":36},{"not_picked":["Blizzard+1","Defragment","Barrage+1"],"picked":"SKIP","floor":38},{"not_picked":["Blizzard+1","Conserve Battery","ReplayTheSpireMod:System Scan"],"picked":"SKIP","floor":39},{"not_picked":["BootSequence","Melter+1"],"picked":"Self Repair","floor":40},{"not_picked":["Steam+1","Heatsinks","Hello World"],"picked":"SKIP","floor":42},{"not_picked":["Beam Cell","ReplaySolidLightProjector","ReplayGash+1"],"picked":"SKIP","floor":44},{"not_picked":["Leap+1","Stack+1","Compile Driver"],"picked":"SKIP","floor":45},{"not_picked":["Heatsinks+1","BasicCrystalCard","ReplayTheSpireMod:GoodbyeWorld+1"],"picked":"SKIP","floor":47},{"not_picked":["Cold Snap","Sweeping Beam","Conserve Battery"],"picked":"SKIP","floor":54}],"player_experience":415751,"relics_obtained":[{"floor":12.0,"key":"Ring of Misfortune"},{"floor":12.0,"key":"Ring of Shattering"},{"floor":14,"key":"Orichalcum"},{"floor":25,"key":"testmod-Brilliant"},{"floor":26,"key":"Sundial"},{"floor":30,"key":"Simple Rune"},{"floor":40,"key":"ReplayTheSpireMod:Lightbulb"},{"floor":43,"key":"Symbiotic Virus"},{"floor":44,"key":"testmod-BlackFramedGlasses"},{"floor":47,"key":"Happy Flower"},{"floor":48,"key":"Replay:Bottled Snecko"},{"floor":54,"key":"Emotion Chip"}],"event_choices":[{"damage_healed":0.0,"max_hp_gain":0.0,"max_hp_loss":0.0,"gold_gain":0.0,"event_name":"FaceTrader","player_choice":"Trade","floor":2.0,"gold_loss":0.0,"damage_taken":0.0,"relics_obtained":["FaceOfCleric"]},{"damage_healed":0.0,"max_hp_gain":0.0,"max_hp_loss":0.0,"gold_gain":400.0,"event_name":"恩洛斯的盘子","player_choice":"Sell","floor":10.0,"relics_lost":["testmod-TestBox"],"gold_loss":0.0,"damage_taken":0.0},{"cards_removed":["Voices"],"damage_healed":0,"gold_gain":0,"player_choice":"Upgrade and Remove","damage_taken":0,"max_hp_gain":0,"max_hp_loss":0,"event_name":"Designer","floor":20,"gold_loss":90,"cards_upgraded":["Mirror Shield"]}],"is_beta":false,"boss_relics":[{"not_picked":["Runic Dome","Ectoplasm"],"picked":"Painkiller Herb"},{"not_picked":["Black Star","Inserter"],"picked":"Replay:Wanted Poster"}],"items_purged_floors":[3,11,37],"is_endless":false,"potions_floor_spawned":[1,5,16,18,23,24,27,30,31,36,38,45,47],"ascension_level":9}}