{"host":"yg1n0qads92lo9wl","time":1612668737,"event":{"mods":["BaseMod","Downfall","Luminous","Minty Spire (QoL Compilation)","StSLib","Warlord Emblem"],"gold_per_floor":[99,99,99,99,99,99,99,124,135,155,165,165,165,183,195,296,296,308,332,364,376,373,420,484,508,520,546,558,583,624,621,652,765,777,689,713,737,769,795,832,844,856,868,136,186,212,212,41,60,60],"floor_reached":51,"language":"ZHS","playtime":3852,"items_purged":["Slimebound:Defend_Slimebound"],"score":886,"play_id":"85eedfde-0696-4b2c-ad95-4b22187632c8","local_time":"20210207113217","is_ascension_mode":true,"campfire_choices":[{"data":"Slimebound:CorrosiveSpit","floor":1.0,"key":"SMITH"},{"data":"Slimebound:Gluttony","floor":6.0,"key":"SMITH"},{"data":"Slimebound:ItLooksTasty","floor":12.0,"key":"SMITH"},{"data":"Slimebound:SlimeSlap","floor":18.0,"key":"SMITH"},{"data":"Slimebound:AcidTongue","floor":26.0,"key":"SMITH"},{"data":"Slimebound:WasteNot","floor":35.0,"key":"SMITH"},{"floor":42.0,"key":"REST"}],"circlet_count":0,"master_deck":["Slimebound:Strike_Slimebound","Slimebound:Strike_Slimebound","Slimebound:Strike_Slimebound","Slimebound:Tackle","Slimebound:Defend_Slimebound","Slimebound:Defend_Slimebound","Slimebound:Defend_Slimebound","Slimebound:Split","Slimebound:CorrosiveSpit+1","Slimebound:CorrosiveSpit+1","Slimebound:Gluttony+1","Slimebound:ItLooksTasty+1","Slimebound:LeechingTouch+1","Slimebound:FinishingTackle","Slimebound:HungryTackle","Slimebound:SamplingLick","Slimebound:TongueLash","Slimebound:Schlurp","Slimebound:SlimeSlap+1","CurseOfTheBell","Slimebound:AcidTongue+1","Slimebound:MegaLick","Slimebound:ItLooksTasty","Slimebound:FormOfPuddle","Slimebound:GoopSpray","Slimebound:SamplingLick","Slimebound:TagTeam+1","Slimebound:Nibble","Slimebound:WasteNot+1","Slimebound:Equalize+1","expansioncontent:InvincibleStrength","Slimebound:SamplingLick+1","Slimebound:WasteNot","Panache","Slimebound:Schlurp+1","Slimebound:Nibble+1","Slimebound:Equalize+1","Slimebound:SpikyOuterGoop","Slimebound:FormOfPuddle+1"],"relics":["Slimebound:AbsorbEndCombat","downfall:HeartsMalice","Gremlin Horn","Ornamental Fan","Art of War","Calling Bell","MawBank","Pear","Bird Faced Urn","Ice Cream","Vajra","Boot","Philosopher\u0027s Stone","downfall:HeartBlessingGreen","Lantern","Letter Opener","Sling","Whetstone","Unceasing Top","Bag of Preparation","Bottled Tornado","DollysMirror","Mercury Hourglass"],"acts_visited":["Exordium","TheCity","TheBeyond"],"potions_floor_usage":[],"damage_taken":[{"damage":0.0,"enemies":"Jaw Worm","floor":4.0,"turns":1.0},{"damage":0.0,"enemies":"2 Louse","floor":5.0,"turns":1.0},{"damage":0.0,"enemies":"Lagavulin","floor":8.0,"turns":1.0},{"damage":2.0,"enemies":"Cultist","floor":9.0,"turns":4.0},{"damage":15.0,"enemies":"Blue Slaver","floor":10.0,"turns":2.0},{"damage":11.0,"enemies":"Red Slaver","floor":11.0,"turns":3.0},{"damage":15.0,"enemies":"Gremlin Gang","floor":14.0,"turns":3.0},{"damage":11.0,"enemies":"Large Slime","floor":15.0,"turns":4.0},{"damage":16.0,"enemies":"IC_STATUS_ARCHETYPE","floor":16.0,"turns":6.0},{"damage":13.0,"enemies":"Spheric Guardian","floor":19.0,"turns":6.0},{"damage":0.0,"enemies":"Chosen","floor":20.0,"turns":3.0},{"damage":0.0,"enemies":"downfall:FleeingMerchant","floor":22.0,"turns":4.0},{"damage":44.0,"enemies":"Book of Stabbing","floor":23.0,"turns":5.0},{"damage":14.0,"enemies":"Centurion and Healer","floor":25.0,"turns":5.0},{"damage":27.0,"enemies":"Snecko","floor":27.0,"turns":6.0},{"damage":27.0,"enemies":"3 Cultists","floor":29.0,"turns":5.0},{"damage":8.0,"enemies":"Slavers","floor":30.0,"turns":5.0},{"damage":4.0,"enemies":"downfall:FleeingMerchant","floor":31.0,"turns":4.0},{"damage":8.0,"enemies":"Centurion and Healer","floor":32.0,"turns":6.0},{"damage":28.0,"enemies":"WA_ARCHETYPE_CALM","floor":33.0,"turns":10.0},{"damage":1.0,"enemies":"3 Shapes","floor":36.0,"turns":3.0},{"damage":9.0,"enemies":"Orb Walker","floor":37.0,"turns":3.0},{"damage":11.0,"enemies":"Transient","floor":38.0,"turns":5.0},{"damage":21.0,"enemies":"4 Shapes","floor":39.0,"turns":4.0},{"damage":65.0,"enemies":"Nemesis","floor":40.0,"turns":7.0},{"damage":11.0,"enemies":"downfall:FleeingMerchant","floor":44.0,"turns":4.0},{"damage":10.0,"enemies":"downfall:FleeingMerchant","floor":45.0,"turns":5.0},{"damage":43.0,"enemies":"Reptomancer","floor":46.0,"turns":5.0},{"damage":0.0,"enemies":"downfall:FleeingMerchant","floor":48.0,"turns":3.0},{"damage":2,"enemies":"3 Darklings","floor":49,"turns":2},{"damage":0,"enemies":"SI_POISON_ARCHETYPE","floor":50,"turns":9}],"seed_played":"5588241130072454051","potions_obtained":[{"floor":8.0,"key":"CultistPotion"},{"floor":10.0,"key":"Block Potion"},{"floor":14.0,"key":"Block Potion"},{"floor":23.0,"key":"BlessingOfTheForge"},{"floor":25.0,"key":"Energy Potion"},{"floor":27.0,"key":"Slimebound:ThreeZeroPotion"},{"floor":30.0,"key":"Fire Potion"},{"floor":37.0,"key":"LiquidBronze"},{"floor":40.0,"key":"bronze:BurnAndBuffPotion"},{"floor":45.0,"key":"ColorlessPotion"}],"is_trial":false,"path_per_floor":["R","?","?","M","M","R","T","E","M","M","M","R","?","M","M","B",null,"R","M","M","?","$","E","T","M","R","M","?","M","E","$","M","B",null,"R","M","M","M","M","E","T","R","?","$","?","E","T","$","M","B",null],"character_chosen":"SLIMEBOUND","items_purchased":["Sling","Whetstone","Slimebound:WasteNot","Panache","DollysMirror","Mercury Hourglass","Slimebound:SpikyOuterGoop","ColorlessPotion"],"campfire_rested":1,"item_purchase_floors":[44,44,44,44,48,48,48,48],"current_hp_per_floor":[65,65,65,65,65,65,65,65,65,54,49,49,49,42,39,31,75,75,70,75,61,71,39,39,37,37,22,22,7,9,17,21,5,80,80,80,79,77,65,12,12,36,36,43,57,32,32,48,72,80],"gold":60,"neow_bonus":"THREE_ENEMY_KILL","is_daily":false,"chose_seed":false,"campfire_upgraded":6,"win_rate":0.0,"timestamp":1612668737,"path_taken":["R","?","?","M","M","R","T","E","M","?","M","R","?","M","M","BOSS","R","M","M","?","$","E","T","M","R","M","?","?","E","$","M","BOSS","R","M","M","M","?","E","T","R","?","$","?","E","?","$","M","BOSS"],"items_purchased_type":["Relic","Relic","Card","Card","Relic","Relic","Card","Potion"],"build_version":"2020-12-22","purchased_purges":1,"victory":true,"max_hp_per_floor":[65,65,65,65,65,65,65,65,65,65,65,65,65,65,65,65,75,75,75,75,80,80,80,80,80,80,80,80,80,80,80,80,80,80,80,80,80,80,80,80,80,80,80,80,80,80,80,80,80,80],"card_choices":[{"not_picked":["Slimebound:HauntingLick","Slimebound:LevelUp"],"picked":"Slimebound:Gluttony","floor":4.0},{"not_picked":["Slimebound:SlimeBrawl","Slimebound:FinishingTackle"],"picked":"Slimebound:ItLooksTasty","floor":5.0},{"not_picked":["Slimebound:SplitLeeching","Slimebound:SplitBruiser"],"picked":"Slimebound:LeechingTouch","floor":8.0},{"not_picked":["Slimebound:SplitAcid","Slimebound:SlimeBrawl"],"picked":"Slimebound:FinishingTackle","floor":9.0},{"not_picked":["Slimebound:ProtectTheBoss","Slimebound:Repurpose"],"picked":"Slimebound:HungryTackle","floor":10.0},{"not_picked":["Slimebound:Gluttony","Slimebound:LeadByExample"],"picked":"Slimebound:SamplingLick","floor":11.0},{"not_picked":["Slimebound:DouseInSlime","Slimebound:BestDefense"],"picked":"Slimebound:TongueLash","floor":14.0},{"not_picked":["Slimebound:RejuvenatingLick","Slimebound:SplitBruiser"],"picked":"Slimebound:Schlurp","floor":15.0},{"not_picked":["Slimebound:Overexert","Slimebound:PrepareCrush"],"picked":"Slimebound:SlimeSlap","floor":16.0},{"not_picked":["Slimebound:SamplingLick","Slimebound:Dissolve"],"picked":"Slimebound:AcidTongue","floor":19.0},{"not_picked":["Slimebound:Schlurp+1","Slimebound:SlimeBarrage"],"picked":"Slimebound:MegaLick","floor":20.0},{"not_picked":["Slimebound:FormOfPuddle","Slimebound:BestDefense+1"],"picked":"Slimebound:ItLooksTasty","floor":22.0},{"not_picked":["Slimebound:LeadByExample","Slimebound:Schlurp"],"picked":"Slimebound:FormOfPuddle","floor":23.0},{"not_picked":["Slimebound:DisruptingSlam+1","Slimebound:SlimeSpikes+1","Slimebound:ComboTackle+1"],"picked":"SKIP","floor":25.0},{"not_picked":["Slimebound:LeechingTouch","Slimebound:FormOfPuddle"],"picked":"Slimebound:GoopSpray","floor":27.0},{"not_picked":["Slimebound:ItLooksTasty","Slimebound:SlimeTap"],"picked":"Slimebound:SamplingLick","floor":29.0},{"not_picked":["Slimebound:LivingWall","Slimebound:FinishingTackle"],"picked":"Slimebound:TagTeam","floor":30.0},{"not_picked":["Slimebound:SplitBruiser","Slimebound:ComboTackle","Slimebound:Repurpose"],"picked":"SKIP","floor":31.0},{"not_picked":["Slimebound:PressTheAttack","Slimebound:SplitBruiser"],"picked":"Slimebound:Nibble","floor":32.0},{"not_picked":["Slimebound:RallyTheTroops","Slimebound:Overexert"],"picked":"Slimebound:WasteNot","floor":33.0},{"not_picked":["Slimebound:GoopSpray","Slimebound:BestDefense","Slimebound:ItLooksTasty"],"picked":"SKIP","floor":36.0},{"not_picked":["Slimebound:DivideAndConquer","Slimebound:LivingWall","Slimebound:ProtectTheBoss+1"],"picked":"SKIP","floor":37.0},{"not_picked":["Slimebound:ServeAndProtect+1","Slimebound:SplitLeeching","Slimebound:GoopSpray"],"picked":"SKIP","floor":38.0},{"not_picked":["Slimebound:RollThrough","Slimebound:SplitAcid","Slimebound:PressTheAttack+1"],"picked":"SKIP","floor":39.0},{"not_picked":["Slimebound:SpikyOuterGoop+1","Slimebound:ComboTackle"],"picked":"Slimebound:Equalize+1","floor":40.0},{"not_picked":["expansioncontent:Chronoboost","expansioncontent:HyperBeam"],"picked":"expansioncontent:InvincibleStrength","floor":43.0},{"not_picked":["Slimebound:MassFeed","Slimebound:SplitLeeching"],"picked":"Slimebound:SamplingLick+1","floor":44.0},{"not_picked":["Slimebound:SplitBruiser+1","Slimebound:FinishingTackle+1"],"picked":"Slimebound:Schlurp+1","floor":46.0},{"not_picked":["Slimebound:LivingWall+1","Slimebound:CheckThePlaybook"],"picked":"Slimebound:Nibble+1","floor":48.0},{"not_picked":["Slimebound:LivingWall","Slimebound:GoopTackle+1"],"picked":"Slimebound:FormOfPuddle+1","floor":49}],"player_experience":379281,"relics_obtained":[{"floor":7.0,"key":"Ornamental Fan"},{"floor":8.0,"key":"Art of War"},{"floor":17.0,"key":"MawBank"},{"floor":17.0,"key":"Pear"},{"floor":17.0,"key":"Bird Faced Urn"},{"floor":23.0,"key":"Ice Cream"},{"floor":24.0,"key":"Vajra"},{"floor":30.0,"key":"Boot"},{"floor":40.0,"key":"Lantern"},{"floor":41.0,"key":"Letter Opener"},{"floor":45.0,"key":"Unceasing Top"},{"floor":46.0,"key":"Bag of Preparation"},{"floor":47.0,"key":"Bottled Tornado"}],"event_choices":[{"damage_healed":0.0,"max_hp_gain":0.0,"max_hp_loss":0.0,"gold_gain":0.0,"event_name":"Big Fish","player_choice":"Box","floor":2.0,"gold_loss":0.0,"damage_taken":0.0,"relics_obtained":["Gremlin Horn"],"cards_obtained":["Regret"]},{"cards_removed":["Regret"],"damage_healed":0.0,"max_hp_gain":0.0,"max_hp_loss":0.0,"gold_gain":0.0,"event_name":"The Cleric","player_choice":"Card Removal","floor":13.0,"gold_loss":0.0,"damage_taken":0.0}],"is_beta":false,"boss_relics":[{"not_picked":["Fusion Hammer","Coffee Dripper"],"picked":"Calling Bell"},{"not_picked":["SlaversCollar","Empty Cage"],"picked":"Philosopher\u0027s Stone"}],"items_purged_floors":[44],"is_endless":false,"potions_floor_spawned":[8,10,14,16,23,25,27,30,37,40,45,49],"ascension_level":1}}