{"host":"xw709scqdmsx7obr","time":1612719149,"event":{"mods":["BaseMod","Colored Map","Downfall","Minty Spire (QoL Compilation)","Replay The Spire","StSLib"],"gold_per_floor":[99,117,48,59,77,77,77,77,96,125,35,45,61,161,172,276,276,276,294,313,324,334,350,350,363,381,709,720,736,736,736,753,753,753,753],"floor_reached":33,"language":"ENG","playtime":5651,"items_purged":["champ:Strike"],"score":329,"play_id":"427eed49-565c-466d-a0f8-3b1dd6bb066b","local_time":"20210207123229","is_ascension_mode":false,"campfire_choices":[{"data":"champ:Taunt","floor":1,"key":"SMITH"},{"data":"champ:BringItOn","floor":8,"key":"SMITH"},{"data":"champ:Circumvent","floor":18,"key":"SMITH"},{"floor":30,"key":"REST"}],"circlet_count":0,"master_deck":["champ:Strike","champ:Strike","champ:Defend","champ:Defend","champ:Defend","champ:Execute","champ:Taunt+1","champ:TornadoPunch","champ:StanceDance","champ:FocusedDefense","champ:FocusedDefense","champ:IronFortress","champ:BringItOn+1","champ:FalseCounter","champ:HeavySlash+1","champ:Circumvent","champ:Circumvent+1","champ:PreemptiveStrike","champ:CrownThrow","champ:TripleStrike","champ:SetATrap+1","champ:PerfectedStrike","champ:Duel","champ:PerfectedStrike","champ:ArenaPreparation+1","champ:SkillfulDodge"],"relics":["champ:ChampionCrown","Replay:Ringing Soul","Darkstone Periapt","Painkiller Herb","Kunai","Old Coin"],"acts_visited":["Exordium","TheCity"],"potions_floor_usage":[14,14,16,33,33,33],"damage_taken":[{"damage":25,"enemies":"Jaw Worm","floor":2,"turns":4},{"damage":25,"enemies":"downfall:FleeingMerchant","floor":3,"turns":4},{"damage":0,"enemies":"2 Louse","floor":4,"turns":2},{"damage":0,"enemies":"Small Slimes","floor":5,"turns":3},{"damage":21,"enemies":"3 Louse","floor":9,"turns":4},{"damage":27,"enemies":"Gremlin Nob","floor":10,"turns":5},{"damage":10,"enemies":"downfall:FleeingMerchant","floor":11,"turns":4},{"damage":10,"enemies":"Exordium Thugs","floor":12,"turns":6},{"damage":12,"enemies":"2 Fungi Beasts","floor":13,"turns":4},{"damage":42,"enemies":"downfall:Heads","floor":14,"turns":9},{"damage":2,"enemies":"Exordium Thugs","floor":15,"turns":4},{"damage":9,"enemies":"SI_SHIV_ARCHETYPE","floor":16,"turns":14},{"damage":10,"enemies":"3 Byrds","floor":19,"turns":5},{"damage":9,"enemies":"Shell Parasite","floor":20,"turns":5},{"damage":15,"enemies":"Shelled Parasite and Fungi","floor":21,"turns":4},{"damage":21,"enemies":"Sentry and Sphere","floor":22,"turns":4},{"damage":14,"enemies":"Centurion and Healer","floor":23,"turns":5},{"damage":0,"enemies":"3 Cultists","floor":25,"turns":2},{"damage":0,"enemies":"Shelled Parasite and Fungi","floor":26,"turns":3},{"damage":35,"enemies":"Book of Stabbing","floor":27,"turns":6},{"damage":20,"enemies":"Centurion and Healer","floor":28,"turns":4},{"damage":12,"enemies":"3 Cultists","floor":29,"turns":5},{"damage":0,"enemies":"Cultist and Chosen","floor":32,"turns":4},{"damage":77,"enemies":"IC_MUSHROOM_ARCHETYPE","floor":33,"turns":8}],"seed_played":"5835147760253742024","potions_obtained":[{"floor":9,"key":"FearPotion"},{"floor":10,"key":"Strength Potion"},{"floor":12,"key":"Fire Potion"},{"floor":14,"key":"SteroidPotion"},{"floor":15,"key":"ColorlessPotion"},{"floor":16,"key":"hexamod:SoulburnPotion"},{"floor":19,"key":"champ:UltimateStancePotion"},{"floor":21,"key":"BlessingOfTheForge"},{"floor":29,"key":"Regen Potion"}],"is_trial":false,"path_per_floor":["R","M","$","M","M","?","T","R","M","E","$","M","M","?","M","B",null,"T","?","?","?","?","?","T","?","?","E","?","?","T","?","?","B"],"character_chosen":"THE_CHAMP","items_purchased":["champ:FocusedDefense"],"campfire_rested":1,"item_purchase_floors":[3],"current_hp_per_floor":[99,94,89,89,89,89,89,89,68,64,64,67,68,39,40,39,117,117,120,114,102,94,83,83,86,86,51,31,19,59,59,59,0,0,0],"gold":753,"neow_bonus":"TEN_PERCENT_HP_BONUS","is_daily":false,"chose_seed":false,"campfire_upgraded":3,"win_rate":0.0,"timestamp":1612719149,"path_taken":["R","M","$","M","M","?","T","R","M","E","$","M","M","?","M","BOSS","T","?","?","?","?","?","T","?","?","E","?","?","T","?","?","BOSS"],"items_purchased_type":["Card"],"build_version":"2020-12-22","purchased_purges":1,"victory":false,"max_hp_per_floor":[99,99,99,99,99,99,99,99,99,102,102,105,108,111,114,117,117,117,120,123,126,129,132,132,135,135,135,135,135,135,135,135,135,135,135],"card_choices":[{"not_picked":["champ:BringItOn","champ:Circumvent"],"picked":"champ:TornadoPunch","floor":2},{"not_picked":["champ:GutPunch","champ:Circumvent"],"picked":"champ:StanceDance","floor":3},{"not_picked":["champ:Encircle","champ:Backstep"],"picked":"champ:IronFortress","floor":4},{"not_picked":["champ:Parry","champ:IronFortress"],"picked":"champ:BringItOn","floor":5},{"not_picked":["champ:Endure","champ:FocusedBerserking","champ:CrownThrow"],"picked":"SKIP","floor":9},{"not_picked":["champ:BerserkersShout","champ:FlashCut"],"picked":"champ:FalseCounter","floor":10},{"not_picked":["champ:FocusedDefense","champ:RecklessLeap","champ:RapidStrikes"],"picked":"SKIP","floor":11},{"not_picked":["champ:Endure","champ:Backstep"],"picked":"champ:HeavySlash","floor":12},{"not_picked":["champ:DefensiveShout","champ:DeathBlow"],"picked":"champ:Circumvent","floor":13},{"not_picked":["champ:EnGarde","champ:BerserkersShout"],"picked":"champ:PreemptiveStrike","floor":14},{"not_picked":["champ:RecklessLeap","champ:CrookedStrike"],"picked":"champ:CrownThrow","floor":15},{"not_picked":["champ:Devastate","champ:ShieldThrow"],"picked":"champ:TripleStrike","floor":16},{"not_picked":["champ:FanOfKnives+1","champ:FlashCut"],"picked":"champ:SetATrap+1","floor":19},{"not_picked":["champ:Encircle","champ:CrownThrow"],"picked":"champ:PerfectedStrike","floor":20},{"not_picked":["champ:IronFortress+1","champ:RapidStrikes+1"],"picked":"champ:Duel","floor":21},{"not_picked":["champ:CrownThrow","champ:StanceDance"],"picked":"champ:PerfectedStrike","floor":22},{"not_picked":["champ:EnGarde","champ:CrownThrow+1"],"picked":"champ:ArenaPreparation+1","floor":23},{"not_picked":["champ:CrownThrow","champ:EndlessRage"],"picked":"champ:SkillfulDodge","floor":25},{"not_picked":["champ:PerfectedStrike","champ:FaceSlap+1","champ:Circumvent"],"picked":"SKIP","floor":26},{"not_picked":["champ:HeartStrike","champ:SetATrap+1","champ:RisingSlash+1"],"picked":"SKIP","floor":27},{"not_picked":["champ:AdrenalArmor","champ:TornadoPunch","champ:GutPunch"],"picked":"SKIP","floor":28},{"not_picked":["champ:DefensiveShout+1","champ:EndlessRage","champ:DeathBlow"],"picked":"SKIP","floor":29},{"not_picked":["champ:RisingSlash","champ:PerfectedStrike","champ:TornadoPunch"],"picked":"SKIP","floor":32}],"player_experience":87352,"relics_obtained":[{"floor":7,"key":"Replay:Ringing Soul"},{"floor":10,"key":"Darkstone Periapt"},{"floor":24,"key":"Kunai"},{"floor":27,"key":"Old Coin"}],"event_choices":[{"damage_healed":0,"gold_gain":0,"player_choice":"Ignored","damage_taken":0,"max_hp_gain":0,"max_hp_loss":0,"event_name":"Ghosts","floor":31,"gold_loss":0}],"is_beta":false,"boss_relics":[{"not_picked":["Fusion Hammer","Busted Crown"],"picked":"Painkiller Herb"}],"items_purged_floors":[11],"is_endless":false,"potions_floor_spawned":[9,10,12,14,15,16,19,21,27,29,32],"killed_by":"IC_MUSHROOM_ARCHETYPE","ascension_level":0}}