{"host":"vlqej45p0v31lhdi","time":1612728458,"event":{"mods":["AchievementEnabler","BaseMod","Bestiary","Colored Powertips","Minty Spire (QoL Compilation)","Relic Stats"],"gold_per_floor":[110,129,129,145,163,194,194,220,289,464,464,487,521,124,124,238,238,264,179,188,207,228,266,266,2,48,48,76,114,39,66,66,172,172,192,201,219,240,265,307,332,366,366,375,375,17,17,56,56,56,56,56,5,43,43],"floor_reached":56,"language":"ENG","playtime":4583,"items_purged":["Doubt","Strike_G"],"score":1560,"play_id":"d3f3df62-f94d-4625-9835-1bd9c27e4957","local_time":"20210207140738","is_ascension_mode":true,"campfire_choices":[{"floor":7.0,"key":"REST"},{"floor":11.0,"key":"REST"},{"data":"Footwork","floor":15.0,"key":"SMITH"},{"data":"Footwork","floor":24,"key":"SMITH"},{"floor":27,"key":"REST"},{"data":"A Thousand Cuts","floor":32,"key":"SMITH"},{"data":"After Image","floor":45,"key":"SMITH"},{"data":"Footwork","floor":47,"key":"SMITH"},{"floor":49,"key":"RECALL"},{"data":"Prepared","floor":52,"key":"SMITH"}],"circlet_count":0,"master_deck":["Strike_G","Strike_G+1","Defend_G","Defend_G","Defend_G","Defend_G","Defend_G","Survivor","Neutralize+1","A Thousand Cuts+1","Slice","Quick Slash","Deadly Poison","Adrenaline","Footwork+1","Backstab","Prepared+1","Well Laid Plans","Tools of the Trade","Cloak And Dagger","Blade Dance","Footwork+1","Cloak And Dagger+1","Deflect","Accuracy","Cloak And Dagger","Night Terror","Backflip+1","Blur+1","Phantasmal Killer","Dodge and Roll+1","Deflect","Calculated Gamble+1","Footwork+1","Blade Dance","Footwork+1","After Image+1","All Out Attack","Noxious Fumes","Tactician","Caltrops+1"],"relics":["Ring of the Snake","FaceOfCleric","Akabeko","Bird Faced Urn","Pear","Odd Mushroom","CeramicFish","Question Card","Snecko Eye","HornCleat","InkBottle","Whetstone","Ninja Scroll","WristBlade","Letter Opener","Boot","ClockworkSouvenir","Oddly Smooth Stone","Gremlin Horn","Blue Candle"],"acts_visited":["Exordium","TheCity","TheBeyond","TheEnding"],"potions_floor_usage":[23,23,23,28,33,33,37,40,40,41,42,55],"damage_taken":[{"damage":2.0,"enemies":"Small Slimes","floor":1.0,"turns":4.0},{"damage":0.0,"enemies":"Cultist","floor":2.0,"turns":4.0},{"damage":6.0,"enemies":"Jaw Worm","floor":4.0,"turns":4.0},{"damage":13.0,"enemies":"3 Louse","floor":5.0,"turns":3.0},{"damage":42.0,"enemies":"Gremlin Nob","floor":6.0,"turns":5.0},{"damage":15.0,"enemies":"3 Sentries","floor":8.0,"turns":7.0},{"damage":10.0,"enemies":"The Mushroom Lair","floor":12.0,"turns":5.0},{"damage":24.0,"enemies":"Gremlin Nob","floor":13.0,"turns":4.0},{"damage":8.0,"enemies":"Hexaghost","floor":16.0,"turns":14.0},{"damage":9.0,"enemies":"Shell Parasite","floor":18.0,"turns":4.0},{"damage":6.0,"enemies":"3 Byrds","floor":21.0,"turns":5.0},{"damage":19.0,"enemies":"Snake Plant","floor":22.0,"turns":6.0},{"damage":49,"enemies":"Book of Stabbing","floor":23,"turns":8},{"damage":0,"enemies":"Shelled Parasite and Fungi","floor":28,"turns":5},{"damage":11,"enemies":"Slavers","floor":29,"turns":7},{"damage":16,"enemies":"Sentry and Sphere","floor":31,"turns":4},{"damage":14,"enemies":"Champ","floor":33,"turns":7},{"damage":0,"enemies":"Orb Walker","floor":35,"turns":3},{"damage":18,"enemies":"3 Darklings","floor":37,"turns":5},{"damage":17,"enemies":"4 Shapes","floor":38,"turns":9},{"damage":22,"enemies":"Maw","floor":39,"turns":8},{"damage":5,"enemies":"Reptomancer","floor":40,"turns":7},{"damage":10,"enemies":"Spire Growth","floor":41,"turns":3},{"damage":40,"enemies":"Nemesis","floor":42,"turns":7},{"damage":12,"enemies":"Giant Head","floor":48,"turns":12},{"damage":14,"enemies":"Donu and Deca","floor":50,"turns":11},{"damage":61,"enemies":"Shield and Spear","floor":54,"turns":5},{"damage":30,"enemies":"The Heart","floor":55,"turns":11}],"seed_played":"-4800008829518769619","potions_obtained":[{"floor":2.0,"key":"SpeedPotion"},{"floor":6.0,"key":"GamblersBrew"},{"floor":13.0,"key":"SpeedPotion"},{"floor":16.0,"key":"Poison Potion"},{"floor":22.0,"key":"SpeedPotion"},{"floor":23,"key":"ColorlessPotion"},{"floor":28,"key":"BlessingOfTheForge"},{"floor":33,"key":"AttackPotion"},{"floor":37,"key":"Explosive Potion"},{"floor":38,"key":"AttackPotion"},{"floor":39,"key":"PowerPotion"},{"floor":40,"key":"PowerPotion"},{"floor":54,"key":"GamblersBrew"}],"is_trial":false,"path_per_floor":["M","M","?","M","M","E","R","E","T","?","R","?","E","$","R","B",null,"M","?","?","M","M","E","R","$","T","R","M","E","?","M","R","B",null,"M","?","M","M","M","E","M","E","T","?","R","$","R","E","R","B",null,"R","$","E","B",null],"character_chosen":"THE_SILENT","items_purchased":["Well Laid Plans","Question Card","Accuracy","Cloak And Dagger","Energy Potion","Fire Potion","ClockworkSouvenir","Oddly Smooth Stone","Noxious Fumes","SteroidPotion"],"campfire_rested":3,"item_purchase_floors":[14,14,25,25,25,25,46,46,46,53],"current_hp_per_floor":[61,61,61,56,44,3,22,8,18,18,41,36,17,17,17,16,64,64,64,64,67,59,19,19,19,19,44,55,57,57,54,54,57,80,85,85,76,72,69,81,80,57,57,57,57,57,57,72,72,79,93,93,93,43,36],"gold":43,"neow_bonus":"THREE_RARE_CARDS","is_daily":false,"chose_seed":false,"campfire_upgraded":6,"win_rate":0.0,"timestamp":1612728458,"path_taken":["M","M","?","M","?","E","R","E","T","?","R","?","E","$","R","BOSS","M","?","?","M","M","E","R","$","T","R","M","E","?","M","R","BOSS","M","?","?","M","M","E","M","E","T","?","R","$","R","E","R","BOSS","R","$","E","BOSS"],"items_purchased_type":["Card","Relic","Card","Card","Potion","Potion","Relic","Relic","Card","Potion"],"build_version":"2020-12-22","purchased_purges":2,"victory":true,"max_hp_per_floor":[63,63,63,64,65,66,66,67,77,77,77,78,79,79,79,80,80,81,81,81,82,83,84,84,84,84,84,85,86,86,87,87,88,88,89,89,90,91,92,93,94,95,95,95,95,95,95,96,96,97,97,97,97,98,99],"relic_stats":{"Gremlin Horn":[2,2],"counters":[28,177],"CeramicFish":225,"Blue Candle":[0],"Whetstone":["Strike_G","Neutralize"],"Letter Opener":[185],"Question Card":18,"Boot":[13],"FaceOfCleric":26,"Bird Faced Urn":[258],"Snecko Eye":[309,288,239,261],"obtain_stats":[{"Pear":9,"Gremlin Horn":48,"CeramicFish":13,"Blue Candle":54,"Oddly Smooth Stone":46,"Whetstone":26,"Letter Opener":40,"Odd Mushroom":12,"Question Card":14,"Boot":42,"Akabeko":6,"ClockworkSouvenir":46,"HornCleat":19,"FaceOfCleric":3,"WristBlade":34,"Ninja Scroll":29,"Bird Faced Urn":8,"Snecko Eye":17,"InkBottle":23,"Ring of the Snake":0},{"Pear":6,"Gremlin Horn":25,"CeramicFish":8,"Blue Candle":27,"Oddly Smooth Stone":24,"Whetstone":13,"Letter Opener":22,"Odd Mushroom":7,"Question Card":8,"Boot":24,"Akabeko":5,"ClockworkSouvenir":24,"HornCleat":10,"FaceOfCleric":2,"WristBlade":17,"Ninja Scroll":15,"Bird Faced Urn":6,"Snecko Eye":9,"InkBottle":13,"Ring of the Snake":0},{"Pear":27,"Gremlin Horn":150,"CeramicFish":36,"Blue Candle":166,"Oddly Smooth Stone":138,"Whetstone":73,"Letter Opener":128,"Odd Mushroom":32,"Question Card":36,"Boot":138,"Akabeko":20,"ClockworkSouvenir":138,"HornCleat":54,"FaceOfCleric":8,"WristBlade":96,"Ninja Scroll":85,"Bird Faced Urn":27,"Snecko Eye":50,"InkBottle":73,"Ring of the Snake":0}],"InkBottle":[65],"Ring of the Snake":[30]},"card_choices":[{"not_picked":["Grand Finale","Burst"],"picked":"A Thousand Cuts","floor":0.0},{"not_picked":["Quick Slash","Distraction"],"picked":"Slice","floor":1.0},{"not_picked":["Flying Knee","Backflip"],"picked":"Quick Slash","floor":2.0},{"not_picked":["Dodge and Roll","Outmaneuver"],"picked":"Deadly Poison","floor":4.0},{"not_picked":["Dodge and Roll","Slice"],"picked":"Adrenaline","floor":5.0},{"not_picked":["Outmaneuver","Concentrate"],"picked":"Footwork","floor":6.0},{"not_picked":["Poisoned Stab","Bane"],"picked":"Backstab","floor":8.0},{"not_picked":["Reflex","Deadly Poison"],"picked":"Prepared","floor":13.0},{"not_picked":["Glass Knife","A Thousand Cuts","Storm of Steel"],"picked":"Tools of the Trade","floor":16.0},{"not_picked":["Terror","Dagger Spray","Backstab"],"picked":"Cloak And Dagger","floor":18.0},{"not_picked":["Backstab","Noxious Fumes","Prepared"],"picked":"Footwork","floor":21.0},{"not_picked":["Acrobatics+1","Choke","Reflex"],"picked":"Cloak And Dagger+1","floor":22.0},{"not_picked":["Acrobatics","Bane","Catalyst"],"picked":"Deflect","floor":23},{"not_picked":["Flying Knee+1","Sucker Punch","Crippling Poison+1"],"picked":"Night Terror","floor":28},{"not_picked":["Choke","Leg Sweep","Deadly Poison"],"picked":"Backflip+1","floor":29},{"not_picked":["Deadly Poison+1","Cloak And Dagger","Poisoned Stab"],"picked":"Blur+1","floor":31},{"not_picked":["Tools of the Trade","Unload","Die Die Die"],"picked":"Phantasmal Killer","floor":33},{"not_picked":["Infinite Blades","Choke","Heel Hook+1"],"picked":"Dodge and Roll+1","floor":35},{"not_picked":["Reflex","Escape Plan","Quick Slash","Dagger Throw"],"picked":"SKIP","floor":37},{"not_picked":["Flechettes","Dagger Spray","Deadly Poison+1"],"picked":"Calculated Gamble+1","floor":38},{"not_picked":["Dagger Throw","Noxious Fumes","Deadly Poison+1"],"picked":"Footwork+1","floor":39},{"not_picked":["Acrobatics","Outmaneuver","Prepared"],"picked":"Blade Dance","floor":40},{"not_picked":["Endless Agony+1","Deadly Poison","Outmaneuver+1"],"picked":"Footwork","floor":41},{"not_picked":["Cloak And Dagger+1","Underhanded Strike+1","Slice"],"picked":"After Image","floor":42},{"not_picked":["Dagger Throw+1","Acrobatics","Dagger Spray"],"picked":"Tactician","floor":48},{"not_picked":["Poisoned Stab","Unload","Bane"],"picked":"Caltrops+1","floor":54}],"player_experience":2389900,"relics_obtained":[{"floor":6.0,"key":"Akabeko"},{"floor":8.0,"key":"Bird Faced Urn"},{"floor":9.0,"key":"Pear"},{"floor":12.0,"key":"Odd Mushroom"},{"floor":13.0,"key":"CeramicFish"},{"floor":23,"key":"InkBottle"},{"floor":26,"key":"Whetstone"},{"floor":29,"key":"Ninja Scroll"},{"floor":40,"key":"Letter Opener"},{"floor":42,"key":"Boot"},{"floor":48,"key":"Gremlin Horn"},{"floor":54,"key":"Blue Candle"}],"event_choices":[{"damage_healed":0.0,"max_hp_gain":0.0,"max_hp_loss":0.0,"gold_gain":0.0,"event_name":"FaceTrader","player_choice":"Trade","floor":3.0,"gold_loss":0.0,"damage_taken":0.0,"relics_obtained":["FaceOfCleric"]},{"damage_healed":0.0,"max_hp_gain":0.0,"max_hp_loss":0.0,"gold_gain":175.0,"event_name":"Liars Game","player_choice":"AGREE","floor":10.0,"gold_loss":0.0,"damage_taken":0.0,"cards_obtained":["Doubt"]},{"damage_healed":0.0,"max_hp_gain":0.0,"max_hp_loss":0.0,"gold_gain":0.0,"event_name":"Mushrooms","player_choice":"Fought Mushrooms","floor":12.0,"gold_loss":0.0,"damage_taken":0.0},{"damage_healed":0.0,"max_hp_gain":0.0,"max_hp_loss":0.0,"gold_gain":0.0,"event_name":"Addict","player_choice":"Obtained Relic","floor":19.0,"gold_loss":85.0,"damage_taken":0.0,"relics_obtained":["HornCleat"]},{"damage_healed":0.0,"max_hp_gain":0.0,"max_hp_loss":0.0,"gold_gain":0.0,"event_name":"The Library","player_choice":"Read","floor":20.0,"gold_loss":0.0,"damage_taken":0.0,"cards_obtained":["Blade Dance"]},{"cards_removed":["Strike_G"],"damage_healed":0,"gold_gain":0,"player_choice":"Gave Gold","damage_taken":0,"max_hp_gain":0,"max_hp_loss":0,"event_name":"Beggar","floor":30,"gold_loss":75},{"damage_healed":0,"gold_gain":0,"player_choice":"1 cards matched","damage_taken":0,"max_hp_gain":0,"max_hp_loss":0,"event_name":"Match and Keep!","floor":36,"gold_loss":0,"cards_obtained":["Deflect"]},{"damage_healed":0,"gold_gain":0,"cards_transformed":["Strike_G"],"player_choice":"Transformed","damage_taken":0,"max_hp_gain":0,"max_hp_loss":0,"event_name":"Transmorgrifier","floor":44,"gold_loss":0,"cards_obtained":["All Out Attack"]}],"is_beta":false,"boss_relics":[{"not_picked":["Velvet Choker","Empty Cage"],"picked":"Snecko Eye"},{"not_picked":["HoveringKite","SlaversCollar"],"picked":"WristBlade"}],"items_purged_floors":[14,25],"is_endless":false,"potions_floor_spawned":[2,6,13,16,22,23,28,33,37,38,39,40,54],"ascension_level":5}}