{"host":"5rycm1ajjg5acc5q","time":1612685415,"event":{"mods":["BaseMod","Better Third Choice","Highlight Path","Minty Spire (QoL Compilation)","Replay The Spire","StSLib"],"gold_per_floor":[109,127,127,139,139,139,168,182,182,182,182,182,182,192,212,224,224,329,329,349,349,364,274,143,143,156,156,183,183,197,215,229,245,245,341,341,355,549,567,567,578,605,605,620,643,643,693,42,42,42,42,42],"floor_reached":53,"language":"ENG","playtime":10812,"items_purged":[],"score":741,"play_id":"29c8eb81-4dab-4b83-8299-ff6ddcb9b408","local_time":"20210207021015","is_ascension_mode":false,"campfire_choices":[{"data":"Zap","floor":6,"key":"SMITH"},{"data":"Dualcast","floor":12,"key":"SMITH"},{"floor":17,"key":"REST"},{"data":"Survey Options","floor":25,"key":"SMITH"},{"data":"Bandage Up","floor":27,"key":"SMITH"},{"data":"White Noise","floor":29,"key":"SMITH"},{"floor":34,"key":"REST"},{"data":"Madness","floor":43,"key":"SMITH"},{"data":"Madness","floor":46,"key":"SMITH"},{"data":"Hologram","floor":49,"key":"SMITH"},{"data":"Voices","floor":51,"key":"PURGE"}],"circlet_count":0,"master_deck":["Defend_B","Defend_B","Zap+1","Dualcast+1","ReplayTheSpireMod:Calculation Training","Genetic Algorithm+1","Survey Options+1","ReplayTheSpireMod:Calculation Training","White Noise+1","ReplaySort+1","Reboot","Creative AI","BootSequence+1","Crystallizer+1","Bandage Up+1","Scrape+1","Chaos+1","Coolheaded+1","Capacitor+1","All For One+1","Redo+1","ReplayTheSpireMod:Splinters","Consume+1","Madness+1","Madness+1","Conserve Battery+1","BasicCrystalCard+1","Skim","Redo","Electrodynamics","Double Energy+1","Survey Options","Survey Options","Hologram+1"],"relics":["Replay:Drink Me","PreservedInsect","Blue Doll","SacredBark","Pet Ghost","Empty Cage","Pantograph","Vajra","Pocketwatch","Whetstone","War Paint","Ring of Peace"],"acts_visited":["Exordium","TheCity","TheBeyond"],"potions_floor_usage":[7,18,20,20,22,31,33,42,44,47,52,52,52,52,52,52],"damage_taken":[{"damage":3,"enemies":"Small Slimes","floor":1,"turns":6},{"damage":0,"enemies":"2 Louse","floor":2,"turns":5},{"damage":0,"enemies":"Cultist","floor":4,"turns":4},{"damage":40,"enemies":"Gremlin Nob","floor":7,"turns":4},{"damage":0,"enemies":"3 Louse","floor":8,"turns":4},{"damage":0,"enemies":"Red Slaver","floor":14,"turns":3},{"damage":0,"enemies":"Looter","floor":15,"turns":4},{"damage":0,"enemies":"3 Louse","floor":16,"turns":4},{"damage":0,"enemies":"Slime Boss","floor":18,"turns":5},{"damage":0,"enemies":"Spheric Guardian","floor":20,"turns":2},{"damage":34,"enemies":"3 Byrds","floor":22,"turns":4},{"damage":24,"enemies":"Shelled Parasite and Fungi","floor":26,"turns":8},{"damage":9,"enemies":"Snake Plant","floor":30,"turns":4},{"damage":0,"enemies":"Centurion and Healer","floor":31,"turns":5},{"damage":0,"enemies":"Shelled Parasite and Fungi","floor":32,"turns":4},{"damage":3,"enemies":"Cultist and Chosen","floor":33,"turns":6},{"damage":0,"enemies":"Champ","floor":35,"turns":8},{"damage":18,"enemies":"3 Darklings","floor":37,"turns":5},{"damage":2,"enemies":"3 Shapes","floor":39,"turns":4},{"damage":19,"enemies":"Maw","floor":41,"turns":7},{"damage":17,"enemies":"Nemesis","floor":42,"turns":5},{"damage":0,"enemies":"4 Shapes","floor":44,"turns":8},{"damage":4,"enemies":"Mind Bloom Boss Battle","floor":47,"turns":6},{"damage":25,"enemies":"Awakened One","floor":52,"turns":8}],"seed_played":"-6909692421279967604","potions_obtained":[{"floor":1,"key":"Reflective Coating"},{"floor":14,"key":"PowerPotion"},{"floor":15,"key":"Fire Potion"},{"floor":16,"key":"Swift Potion"},{"floor":20,"key":"SkillPotion"},{"floor":30,"key":"FocusPotion"},{"floor":31,"key":"SmokeBomb"},{"floor":32,"key":"Swift Potion"},{"floor":35,"key":"Strength Potion"},{"floor":41,"key":"Adrenaline Potion"},{"floor":42,"key":"EssenceOfSteel"},{"floor":44,"key":"PowerPotion"},{"floor":47,"key":"EntropicBrew"}],"is_trial":false,"path_per_floor":["M","M","?","M","?","R","E","M","T","PTL","PTL","R","?","M","M","M","R","B",null,"M","?","M","?","$","R","M","R","T","R","M","M","M","M","R","B",null,"M","?","M","?","M","E","R","M","T","R","?","$","R","?","R","B",null],"character_chosen":"DEFECT","items_purchased":["Crystallizer+1","Bandage Up","Electrodynamics","Double Energy+1","Survey Options","Whetstone","War Paint","Hologram","AttackPotion"],"campfire_rested":2,"item_purchase_floors":[24,24,48,48,48,48,48,48,48],"current_hp_per_floor":[54,54,47,47,52,52,12,12,12,12,12,12,12,12,12,12,30,30,62,62,62,28,28,28,28,8,8,8,8,5,11,17,20,38,44,62,44,44,48,40,27,16,16,22,22,22,49,49,49,49,49,37],"gold":42,"neow_bonus":"BOSS_RELIC","is_daily":false,"chose_seed":false,"campfire_upgraded":8,"win_rate":0.0,"timestamp":1612685415,"path_taken":["M","M","?","M","?","R","E","M","T","PTL","PTL","R","?","M","M","M","R","BOSS","M","?","M","?","$","R","M","R","T","R","M","M","M","M","R","BOSS","M","?","M","?","M","E","R","M","T","R","?","$","R","?","R","BOSS"],"items_purchased_type":["Card","Card","Card","Card","Card","Relic","Relic","Card","Potion"],"build_version":"2020-12-22","purchased_purges":0,"victory":true,"max_hp_per_floor":[57,57,57,57,62,62,62,62,62,62,62,62,62,62,62,62,62,62,62,62,62,62,62,62,62,62,62,62,62,62,62,62,62,62,62,62,62,62,62,62,62,62,62,62,62,62,62,62,62,62,62,62],"card_choices":[{"not_picked":["Stack","Loop"],"picked":"ReplayTheSpireMod:Reroute Power","floor":1},{"not_picked":["Steam","Blizzard","Darkness"],"picked":"SKIP","floor":2},{"not_picked":["Cold Snap","Barrage","Steam Power"],"picked":"SKIP","floor":4},{"not_picked":["Beam Cell","FIFO Queue"],"picked":"ReplayTheSpireMod:Calculation Training","floor":7},{"not_picked":["Panic Button","Go for the Eyes"],"picked":"Genetic Algorithm","floor":8},{"not_picked":["BasicCrystalCard","ReplayTheSpireMod:Fabricate Wheel"],"picked":"ReplayTheSpireMod:Calculation Training","floor":14},{"not_picked":["Cold Snap","Stack"],"picked":"White Noise","floor":15},{"not_picked":["Gash","Sweeping Beam"],"picked":"ReplaySort","floor":16},{"not_picked":["Amplify","Biased Cognition"],"picked":"Reboot","floor":18},{"not_picked":["Compile Driver","Barrage+1","Genetic Algorithm"],"picked":"SKIP","floor":20},{"not_picked":["Stack+1","Barrage"],"picked":"BootSequence","floor":22},{"not_picked":["Panic Button+1","Amplify"],"picked":"Scrape","floor":26},{"not_picked":["Cold Snap+1","Hello World"],"picked":"Chaos+1","floor":30},{"not_picked":["Barrage","Compile Driver"],"picked":"Coolheaded+1","floor":31},{"not_picked":["Panic Button","Barrage"],"picked":"FIFO Queue","floor":32},{"not_picked":["Darkness","Go for the Eyes"],"picked":"Capacitor+1","floor":33},{"not_picked":["Multi-Cast","Amplify"],"picked":"All For One","floor":35},{"not_picked":["Fusion+1","Crystallizer"],"picked":"Redo+1","floor":37},{"not_picked":["Static Discharge+1","Redo"],"picked":"Consume+1","floor":39},{"not_picked":["ReplayTheSpireMod:GoodbyeWorld+1","Sunder+1"],"picked":"Conserve Battery+1","floor":41},{"not_picked":["Consume","Steam+1"],"picked":"BasicCrystalCard+1","floor":42},{"not_picked":["Stack","Blizzard+1"],"picked":"Skim","floor":44},{"not_picked":["FIFO Queue","Hologram"],"picked":"Redo","floor":47}],"player_experience":89248,"relics_obtained":[{"floor":7,"key":"PreservedInsect"},{"floor":9,"key":"Blue Doll"},{"floor":28,"key":"Pet Ghost"},{"floor":42,"key":"Pantograph"},{"floor":45,"key":"Vajra"},{"floor":47,"key":"Pocketwatch"},{"floor":50,"key":"Ring of Peace"}],"event_choices":[{"cards_removed":["Strike_B"],"damage_healed":0,"gold_gain":0,"player_choice":"Card Removal","damage_taken":7,"max_hp_gain":0,"max_hp_loss":0,"event_name":"Golden Wing","floor":3,"gold_loss":0},{"damage_healed":0,"gold_gain":0,"player_choice":"Donut","damage_taken":0,"max_hp_gain":5,"max_hp_loss":0,"event_name":"Big Fish","floor":5,"gold_loss":0},{"damage_healed":0,"gold_gain":0,"player_choice":"1 cards matched","damage_taken":0,"max_hp_gain":0,"max_hp_loss":0,"event_name":"Match and Keep!","floor":13,"gold_loss":0,"cards_obtained":["Survey Options"]},{"damage_healed":0,"gold_gain":0,"cards_transformed":["ReplayTheSpireMod:Reroute Power","Defend_B"],"player_choice":"Became Test Subject","damage_taken":0,"max_hp_gain":0,"max_hp_loss":0,"event_name":"Drug Dealer","floor":21,"gold_loss":0,"cards_obtained":["Thunder Strike","Creative AI"]},{"cards_removed":["Thunder Strike"],"damage_healed":0,"gold_gain":0,"player_choice":"Upgrade and Remove","damage_taken":0,"max_hp_gain":0,"max_hp_loss":0,"event_name":"Designer","floor":23,"gold_loss":90,"cards_upgraded":["Genetic Algorithm"]},{"damage_healed":0,"gold_gain":0,"player_choice":"Embrace Madness","damage_taken":8,"max_hp_gain":0,"max_hp_loss":0,"event_name":"Winding Halls","floor":40,"gold_loss":0,"cards_obtained":["Madness","Madness"]},{"damage_healed":0,"gold_gain":0,"player_choice":"Fight","damage_taken":0,"max_hp_gain":0,"max_hp_loss":0,"event_name":"MindBloom","floor":47,"gold_loss":0}],"is_beta":false,"boss_relics":[{"not_picked":["Calling Bell","Cursed Key"],"picked":"SacredBark"},{"not_picked":["Abe\u0027s Treasure","Replay:Ancient Bell"],"picked":"Empty Cage"}],"items_purged_floors":[],"is_endless":false,"potions_floor_spawned":[1,14,15,16,20,30,31,32,35,41,42,44,47],"ascension_level":0}}