{"host":"u21q392b5xaj11fl","time":1612735027,"event":{"mods":["2.2 Compatiblity","Bard","BaseMod","Better Note","Colored Map","Colored Powertips","Conspire","Custom Start","Downfall","Faster Ascension Climbing","GifTheSpireLib","Gremlin Skip","Highlight Path","Hubris","Infinite Spire","Mad Scientist","Marisa????????","Mimic Mod","Minty Spire (QoL Compilation)","Monster B Gone","Permanent Neow","Potionbrewer","Quick Restart","READ ME - Guardian Mod","Relic Sorter","Replay The Spire","Shop Mod","Somnambulant","StSLib","Stuff the Spire","SuperFastMode","The Construct","The Disciple","The Servant 0.9.4"],"gold_per_floor":[110,110,127,127,127,155,155,155,155,155,235,268,268,296,306,336,336,410,410,429,78,128,128,128,128,50,50,50,21,21,37,37,119,119,199,199,223,223,270,295,313,379,379,433,457,457,202,244,244,262,262,299,299,299,8,49,121,121],"floor_reached":57,"language":"ENG","playtime":4212,"items_purged":["Strike_R","Strike_R","Strike_R"],"score":1286,"play_id":"c7a66e98-ffcd-4054-9fe5-1a1d09046f12","local_time":"20210207155707","is_ascension_mode":true,"campfire_choices":[{"data":"Clash","floor":7.0,"key":"SMITH"},{"data":"Bash","floor":10.0,"key":"SMITH"},{"data":"Clash","floor":13.0,"key":"SMITH"},{"data":"StuffTheSpire:RockThrow","floor":17.0,"key":"SMITH"},{"data":"Feel No Pain","floor":25.0,"key":"SMITH"},{"data":"Burning Pact","floor":27.0,"key":"SMITH"},{"data":"ReplayTheSpireMod:Strike From Hell","floor":30.0,"key":"SMITH"},{"floor":34.0,"key":"REST"},{"floor":43.0,"key":"REST"},{"floor":46.0,"key":"REST"},{"floor":51.0,"key":"RECALL"},{"data":"Inflame","floor":54.0,"key":"SMITH"}],"circlet_count":0,"master_deck":["AscendersBane","Strike_R","Defend_R","Defend_R","Defend_R","Bash+1","Clash+1","Clash+1","StuffTheSpire:Incineration","ReplayTheSpireMod:Strike From Hell+1","StuffTheSpire:RockThrow+1","Eclipse","StuffTheSpire:Slingshot","Burning Pact+1","Feel No Pain+1","Flash of Steel","HandOfGreed+1","infinitespire:Gouge","AbeCurse","Disarm","Power Through","Exhume","Pommel Strike+1","Reckless Charge","Inflame+1","Power Through","Study","Feel No Pain","Shrug It Off","StuffTheSpire:Slingshot","Panache","Power Through"],"relics":["infinitespire:Cubic Diamond","Burning Blood","hubris:Towel","Replay:Bottled Flurry","Paper Frog","bronze:BronzeIdol","Vajra","Membership Card","MerchantsRug","Abe\u0027s Treasure","hexamod:BolsterEngine","infinitespire:Midas Blood","conspire:GlowingRock","Replay:WaspNest","StuffTheSpire:CocoNut","Guardian:PocketSentry","Torii","hubris:DisguiseKit","StuffTheSpire:Gunfinga","Another Sword"],"acts_visited":["Exordium","TheCity","TheBeyond","TheEnding"],"potions_floor_usage":[57],"damage_taken":[{"damage":0.0,"enemies":"Small Slimes","floor":1.0,"turns":3.0},{"damage":7.0,"enemies":"Jaw Worm","floor":3.0,"turns":3.0},{"damage":48.0,"enemies":"Lagavulin","floor":6.0,"turns":10.0},{"damage":16.0,"enemies":"Gremlin Nob","floor":12.0,"turns":3.0},{"damage":16.0,"enemies":"conspire:MimicChest","floor":14.0,"turns":11.0},{"damage":0.0,"enemies":"2 Louse","floor":15.0,"turns":2.0},{"damage":0.0,"enemies":"Lagavulin","floor":16.0,"turns":3.0},{"damage":21.0,"enemies":"Hexaghost","floor":18.0,"turns":8.0},{"damage":0.0,"enemies":"Shell Parasite","floor":20.0,"turns":1.0},{"damage":0.0,"enemies":"2 Thieves","floor":31.0,"turns":1.0},{"damage":42.0,"enemies":"Gremlin Leader","floor":33.0,"turns":8.0},{"damage":13.0,"enemies":"Automaton","floor":35.0,"turns":9.0},{"damage":24.0,"enemies":"Orb Walker","floor":37.0,"turns":5.0},{"damage":3.0,"enemies":"3 Darklings","floor":39.0,"turns":7.0},{"damage":17.0,"enemies":"Writhing Mass","floor":40.0,"turns":6.0},{"damage":2.0,"enemies":"Transient","floor":41.0,"turns":5.0},{"damage":48.0,"enemies":"Reptomancer","floor":42.0,"turns":9.0},{"damage":22.0,"enemies":"Giant Head","floor":44.0,"turns":7.0},{"damage":19.0,"enemies":"Maw","floor":48.0,"turns":6.0},{"damage":7.0,"enemies":"3 Darklings","floor":50.0,"turns":6.0},{"damage":23.0,"enemies":"Time Eater","floor":52.0,"turns":9.0},{"damage":23.0,"enemies":"Shield and Spear","floor":56.0,"turns":6.0},{"damage":64,"enemies":"The Heart","floor":57,"turns":6}],"seed_played":"7182442262976610729","potions_obtained":[{"floor":0.0,"key":"FearPotion"},{"floor":0.0,"key":"BlessingOfTheForge"},{"floor":12.0,"key":"AttackPotion"},{"floor":14.0,"key":"potionbrewer:QuicksilverPotion"},{"floor":16.0,"key":"BlessingOfTheForge"},{"floor":31.0,"key":"bronze:BurnAndBuffPotion"},{"floor":37.0,"key":"Explosive Potion"},{"floor":38.0,"key":"BloodPotion"},{"floor":38.0,"key":"Regen Potion"},{"floor":38.0,"key":"Swift Potion"},{"floor":44.0,"key":"SteroidPotion"}],"is_trial":false,"path_per_floor":["M","?","M","?","T","E","R","PTL","PTL","R","T","E","R","?","M","E","R","B",null,"M","$","?","?","AVR","R","$","R","T","$","R","M","?","E","R","B",null,"M","?","M","M","M","E","R","E","T","R","$","M","?","M","R","B",null,"R","$","E","B"],"character_chosen":"IRONCLAD","items_purchased":["Membership Card","Burning Pact","Feel No Pain","MerchantsRug","Flash of Steel","conspire:TreasureMap","infinitespire:Midas Blood","conspire:GlowingRock","Torii","hubris:DisguiseKit","Feel No Pain","Shrug It Off","StuffTheSpire:Gunfinga","StuffTheSpire:Slingshot","potionbrewer:QuicksilverPotion","Panache"],"campfire_rested":3,"item_purchase_floors":[21,21,21,21,21,26,26,29,47,47,55,55,55,55,55,55],"current_hp_per_floor":[74,74,73,73,73,31,31,31,31,31,31,21,21,11,17,23,23,8,58,64,64,64,64,64,64,64,64,64,64,64,70,70,34,56,49,69,51,66,69,58,62,27,51,35,35,59,59,58,58,57,57,40,72,72,72,55,0,0],"gold":121,"neow_bonus":"THREE_SMALL_POTIONS","is_daily":false,"chose_seed":false,"campfire_upgraded":8,"win_rate":0.0,"timestamp":1612735027,"path_taken":["M","?","M","?","?","E","R","PTL","PTL","R","T","E","R","?","M","E","R","BOSS","M","$","?","?","AVR","R","?","R","T","$","R","M","?","E","R","BOSS","M","?","M","M","M","E","R","E","T","R","$","M","?","M","R","BOSS","R","$","E","BOSS"],"items_purchased_type":["Relic","Card","Card","Relic","Card","Relic","Relic","Relic","Relic","Relic","Card","Card","Relic","Card","Potion","Card"],"build_version":"2020-12-22","purchased_purges":3,"victory":false,"max_hp_per_floor":[75,75,75,75,75,75,75,75,75,75,75,75,75,75,75,75,75,75,75,75,75,75,75,75,75,75,75,75,75,75,75,75,75,75,75,75,75,75,75,75,75,82,82,82,82,82,82,82,82,82,82,82,82,82,82,82,82,82],"card_choices":[{"not_picked":["True Grit","StuffTheSpire:BloodClot","Havoc"],"picked":"SKIP","floor":1.0},{"not_picked":["Havoc","Pummel"],"picked":"Clash","floor":3.0},{"not_picked":["Infernal Blade","Thunderclap"],"picked":"Clash","floor":6.0},{"not_picked":["Warcry","Sever Soul"],"picked":"StuffTheSpire:Incineration","floor":12.0},{"not_picked":["StuffTheSpire:RockThrow","Shrug It Off"],"picked":"ReplayTheSpireMod:Strike From Hell","floor":14.0},{"not_picked":["Heavy Blade","StuffTheSpire:Pyroclast"],"picked":"StuffTheSpire:RockThrow","floor":15.0},{"not_picked":["Double Tap","Twin Strike","Bloodletting"],"picked":"SKIP","floor":16.0},{"not_picked":["Exhume","StuffTheSpire:TitanForm"],"picked":"Eclipse","floor":18.0},{"not_picked":["Sever Soul","StuffTheSpire:Incineration"],"picked":"StuffTheSpire:Slingshot","floor":20.0},{"not_picked":["hubris:StunningStrike","Headbutt+1"],"picked":"Disarm","floor":31.0},{"not_picked":["Rampage","Clash"],"picked":"Power Through","floor":33.0},{"not_picked":["Demonic Infusion","conspire:HitWhereItHurts"],"picked":"Exhume","floor":35.0},{"not_picked":["Armaments","ReplayTheSpireMod:Strike From Hell"],"picked":"Pommel Strike+1","floor":37.0},{"not_picked":["StuffTheSpire:Pyroclast","Clash"],"picked":"Reckless Charge","floor":39.0},{"not_picked":["Iron Wave","Clothesline"],"picked":"Inflame","floor":40.0},{"not_picked":["Infernal Blade","Blood for Blood","Dropkick"],"picked":"SKIP","floor":41.0},{"not_picked":["Perfected Strike","Clothesline","conspire:Purge"],"picked":"SKIP","floor":42.0},{"not_picked":["Life Link","Whirlwind"],"picked":"Power Through","floor":44.0},{"not_picked":["Warcry","Clothesline+1","infinitespire:OneForAll"],"picked":"Study","floor":48.0},{"not_picked":["Twin Strike","infinitespire:OneForAll+1","True Grit","Indignation"],"picked":"SKIP","floor":50.0},{"not_picked":["Sword Boomerang","Immolate","Nirvana"],"picked":"Power Through","floor":56.0}],"player_experience":215525,"relics_obtained":[{"floor":5.0,"key":"Replay:Bottled Flurry"},{"floor":6.0,"key":"ReplayTheSpireMod:TigerMarble"},{"floor":11.0,"key":"Paper Frog"},{"floor":12.0,"key":"bronze:BronzeIdol"},{"floor":14.0,"key":"Vajra"},{"floor":16.0,"key":"sneckomod:BlankCard"},{"floor":28.0,"key":"StuffTheSpire:HeavyRock"},{"floor":33.0,"key":"Replay:WaspNest"},{"floor":42.0,"key":"StuffTheSpire:CocoNut"},{"floor":44.0,"key":"Guardian:PocketSentry"},{"floor":56.0,"key":"Another Sword"}],"event_choices":[{"damage_healed":0.0,"max_hp_gain":0.0,"max_hp_loss":0.0,"gold_gain":100.0,"event_name":"The Joust","player_choice":"Bet on Murderer","floor":22.0,"gold_loss":50.0,"damage_taken":0.0},{"cards_removed":["Eclipse"],"damage_healed":0.0,"max_hp_gain":0.0,"max_hp_loss":0.0,"gold_gain":0.0,"event_name":"betterNote:BetterNote","player_choice":"Take \u0026 Give","floor":23.0,"gold_loss":0.0,"damage_taken":0.0,"cards_obtained":["HandOfGreed"]},{"damage_healed":0.0,"max_hp_gain":0.0,"max_hp_loss":0.0,"gold_gain":0.0,"event_name":"Lab","player_choice":"Got Potions","floor":38.0,"gold_loss":0.0,"damage_taken":0.0}],"is_beta":false,"boss_relics":[{"not_picked":["hubris:GrandSneckoEye","SacredBark"],"picked":"Runic Dome"},{"not_picked":["hubris:RunicObelisk","infinitespire:Cupcake"],"picked":"Empty Cage"}],"items_purged_floors":[21,24,47],"is_endless":false,"potions_floor_spawned":[12,14,16,18,31,37,44,56],"killed_by":"The Heart","ascension_level":14}}