{"host":"mo324zvkdr1xwprd","time":1612736368,"event":{"mods":["BaseMod","Better Note","BetterRewards","Hermit","Highlight Path","Hubris","Minty Spire (QoL Compilation)","Quick Restart","Rare Cards Sparkle","Shop Mod","StSLib","The Cursed","The Hierophant"],"gold_per_floor":[114,114,124,134,152,152,181,181,181,181,193,221,236,261,261,335,335,355,355,375,375,375,403,403,434,480,491,220,220,230,263,263,337,337,355,41,56,56,66,98,98,123,149,149,167,195,215,232,232,232,232,232,232,17,49,49],"floor_reached":57,"language":"ENG","playtime":6060,"items_purged":[],"score":3869,"play_id":"9625d55e-efc9-4b14-ac81-76c2f5c93327","local_time":"20210207221928","is_ascension_mode":true,"campfire_choices":[{"data":"TheCursedMod:CircleOfBlood","floor":6.0,"key":"SMITH"},{"data":"TheCursedMod:DarkBarrier","floor":8.0,"key":"SMITH"},{"floor":10.0,"key":"RECALL"},{"floor":15.0,"key":"REST"},{"data":"TheCursedMod:CircleOfCorruption","floor":24.0,"key":"SMITH"},{"data":"TheCursedMod:HellfireBreathing","floor":29.0,"key":"SMITH"},{"data":"TheCursedMod:NeowsMight","floor":32.0,"key":"SMITH"},{"data":"TheCursedMod:NeowsMight","floor":41.0,"key":"SMITH"},{"data":"TheCursedMod:HellfireBreathing","floor":44.0,"key":"SMITH"},{"data":"TheCursedMod:SpitefulPray","floor":49.0,"key":"SMITH"},{"data":"TheCursedMod:DemonicPact","floor":53.0,"key":"SMITH"}],"circlet_count":0,"master_deck":["AscendersBane","TheCursedMod:Strike_TheCursed","TheCursedMod:Strike_TheCursed","TheCursedMod:Defend_TheCursed","TheCursedMod:Defend_TheCursed+1","TheCursedMod:Defend_TheCursed","TheCursedMod:Defend_TheCursed","TheCursedMod:CursedWand","TheCursedMod:CleanUpWorkshop","TheCursedMod:Dregs","TheCursedMod:CursedShiv","TheCursedMod:CursedBoomerang","Bandage Up","TheCursedMod:RapidMovement","TheCursedMod:SpitefulPlan","TheCursedMod:CursedSpellbook","TheCursedMod:WearCloak","TheCursedMod:DarkBarrier+1","TheCursedMod:CircleOfBlood+1","TheCursedMod:CursedBlade","TheCursedMod:CursedAmulet","TheCursedMod:FuryStrike","TheCursedMod:CursedArmor","Pain","TheCursedMod:CursedAmulet","TheCursedMod:CursedMace","TheCursedMod:ReleasedStrength","TheCursedMod:SpitefulStrike","hubris:Lust","TheCursedMod:SurpriseAttack","TheCursedMod:CursedShiv","TheCursedMod:DemonicPact","TheCursedMod:CircleOfCorruption+1","TheCursedMod:DemonicPact+1","TheCursedMod:WearCloak","TheCursedMod:LuckyCharm","Writhe","TheCursedMod:ReleasedKnowledge","TheCursedMod:WearCloak","Shame","TheCursedMod:HellfireBreathing+1","TheCursedMod:CursedShiv","TheCursedMod:SpitefulPlan","TheCursedMod:NeowsMight+1","TheCursedMod:NeowsMight+1","TheCursedMod:Hemoplague+1","TheCursedMod:CursedBlade","TheCursedMod:StingEye","TheCursedMod:HellfireBreathing+1","Flash of Steel","TheCursedMod:LuckyCharm","TheCursedMod:CursedBlade","TheCursedMod:SpitefulPray+1","TheCursedMod:Dregs","TheCursedMod:SmokeScreen+1","TheCursedMod:SmokeScreen","TheCursedMod:CursedAmulet","hubris:Greed","TheCursedMod:CircleOfCorruption","TheCursedMod:SurpriseAttack"],"relics":["TheCursedMod:BlackMagic101","Meat on the Bone","Question Card","Cursed Key","Mango","Orrery","Lizard Tail","FossilizedHelix","WarpedTongs","Letter Opener","Singing Bowl","Strawberry","Centennial Puzzle","SlaversCollar","hubris:Towel","Bronze Scales","hubris:SlimyHat","Vajra","Potion Belt","Boot","hubris:Stopwatch","TheCursedMod:Tack","hubris:MysteriousPyramids","Lantern","PreservedInsect","Happy Flower","War Paint"],"acts_visited":["Exordium","TheCity","TheBeyond","TheEnding"],"potions_floor_usage":[56],"damage_taken":[{"damage":0.0,"enemies":"Jaw Worm","floor":1.0,"turns":2.0},{"damage":1.0,"enemies":"Cultist","floor":3.0,"turns":2.0},{"damage":0.0,"enemies":"Small Slimes","floor":4.0,"turns":3.0},{"damage":0.0,"enemies":"Red Slaver","floor":5.0,"turns":3.0},{"damage":2.0,"enemies":"Gremlin Nob","floor":7.0,"turns":4.0},{"damage":4.0,"enemies":"Looter","floor":11.0,"turns":2.0},{"damage":6.0,"enemies":"3 Sentries","floor":12.0,"turns":4.0},{"damage":1.0,"enemies":"2 Fungi Beasts","floor":13.0,"turns":2.0},{"damage":28.0,"enemies":"Lagavulin","floor":14.0,"turns":5.0},{"damage":22.0,"enemies":"Slime Boss","floor":16.0,"turns":6.0},{"damage":21.0,"enemies":"Spheric Guardian","floor":18.0,"turns":6.0},{"damage":7.0,"enemies":"2 Thieves","floor":20.0,"turns":4.0},{"damage":1.0,"enemies":"Gremlin Leader","floor":23.0,"turns":7.0},{"damage":23.0,"enemies":"Slavers","floor":25.0,"turns":4.0},{"damage":2.0,"enemies":"Shelled Parasite and Fungi","floor":27.0,"turns":4.0},{"damage":0.0,"enemies":"Cultist and Chosen","floor":30.0,"turns":5.0},{"damage":19.0,"enemies":"Gremlin Leader","floor":31.0,"turns":5.0},{"damage":22.0,"enemies":"Collector","floor":33.0,"turns":7.0},{"damage":3.0,"enemies":"3 Darklings","floor":35.0,"turns":3.0},{"damage":3.0,"enemies":"3 Shapes","floor":37.0,"turns":4.0},{"damage":5.0,"enemies":"3 Darklings","floor":39.0,"turns":4.0},{"damage":5.0,"enemies":"Reptomancer","floor":40.0,"turns":6.0},{"damage":12.0,"enemies":"Giant Head","floor":42.0,"turns":8.0},{"damage":10.0,"enemies":"Transient","floor":45.0,"turns":7.0},{"damage":13.0,"enemies":"Nemesis","floor":46.0,"turns":5.0},{"damage":7.0,"enemies":"Sphere and 2 Shapes","floor":47.0,"turns":4.0},{"damage":0.0,"enemies":"Jaw Worm Horde","floor":48.0,"turns":2.0},{"damage":10.0,"enemies":"hubris:GrandSnecko","floor":50.0,"turns":14.0},{"damage":14.0,"enemies":"Donu and Deca","floor":51.0,"turns":10.0},{"damage":28.0,"enemies":"Shield and Spear","floor":55.0,"turns":4.0},{"damage":103,"enemies":"The Heart","floor":56,"turns":9}],"seed_played":"1544246185972277467","potions_obtained":[{"floor":1.0,"key":"Weak Potion"},{"floor":3.0,"key":"BlessingOfTheForge"},{"floor":11.0,"key":"Fire Potion"},{"floor":14.0,"key":"Swift Potion"},{"floor":20.0,"key":"DistilledChaos"},{"floor":25.0,"key":"Energy Potion"},{"floor":30.0,"key":"Strength Potion"},{"floor":31.0,"key":"Ancient Potion"},{"floor":33.0,"key":"SneckoOil"},{"floor":35.0,"key":"Block Potion"},{"floor":38.0,"key":"EssenceOfSteel"},{"floor":38.0,"key":"DistilledChaos"},{"floor":40.0,"key":"GamblersBrew"},{"floor":47.0,"key":"SteroidPotion"},{"floor":55.0,"key":"Ancient Potion"}],"is_trial":false,"path_per_floor":["M","?","M","M","M","R","E","R","T","R","M","E","M","E","R","B",null,"M","?","M","?","?","E","R","E","T","M","$","R","M","E","R","B",null,"M","$","M","?","M","E","R","E","T","R","M","E","M","M","R","B","B",null,"R","$","E","B",null],"character_chosen":"THE_CURSED","items_purchased":["Meat on the Bone","TheCursedMod:CursedBoomerang","Bandage Up","TheCursedMod:RapidMovement","TheCursedMod:SpitefulPlan","Orrery","TheCursedMod:CursedAmulet","FossilizedHelix","TheCursedMod:FuryStrike","Potion Belt","TheCursedMod:CursedShiv","TheCursedMod:SpitefulPlan","TheCursedMod:CursedBlade","TheCursedMod:StingEye","TheCursedMod:HellfireBreathing","Flash of Steel","Happy Flower","TheCursedMod:CircleOfCorruption"],"campfire_rested":1,"item_purchase_floors":[0,0,0,0,0,0,0,0,0,28,28,28,36,36,36,36,54,54],"current_hp_per_floor":[54,54,57,65,75,75,81,81,81,81,77,82,81,63,90,70,87,80,80,79,79,79,88,88,77,77,79,79,79,79,74,74,60,87,92,92,93,93,95,97,97,86,86,86,95,94,97,97,97,94,86,97,97,97,72,51],"gold":49,"neow_bonus":"","is_daily":false,"chose_seed":false,"campfire_upgraded":9,"win_rate":0.0,"timestamp":1612736368,"path_taken":["M","?","M","M","M","R","E","R","T","R","M","E","M","E","R","BOSS","M","?","M","?","?","E","R","E","T","M","$","R","M","E","R","BOSS","M","$","?","?","M","E","R","E","T","R","?","E","M","M","R","BOSS","BOSS","R","$","E","BOSS"],"items_purchased_type":["Relic","Card","Card","Card","Card","Relic","Card","Relic","Card","Relic","Card","Card","Card","Card","Card","Card","Relic","Card"],"build_version":"2020-12-22","purchased_purges":0,"victory":true,"max_hp_per_floor":[85,85,85,85,85,85,85,85,85,85,85,92,92,92,92,92,92,92,92,92,92,92,94,94,94,94,94,94,94,94,96,96,96,96,96,96,96,96,98,98,98,98,98,98,100,100,100,100,100,100,100,100,100,100,100,100],"card_choices":[{"not_picked":["TheCursedMod:SpreadPlague","TheCursedMod:ManaCirculation","TheCursedMod:AbyssShockwave"],"picked":"TheCursedMod:CursedSpellbook","floor":0.0},{"not_picked":["TheCursedMod:FleshFromBone","TheCursedMod:Neurasthenia","TheCursedMod:CursedMace"],"picked":"TheCursedMod:WearCloak","floor":0.0},{"not_picked":["TheCursedMod:DoubleShield","TheCursedMod:ReleasedKnowledge","TheCursedMod:CircleOfCorruption"],"picked":"TheCursedMod:DarkBarrier","floor":0.0},{"not_picked":["TheCursedMod:SpitefulPlan","TheCursedMod:ReleasedStrength","TheCursedMod:CursedBlade"],"picked":"TheCursedMod:CircleOfBlood","floor":0.0},{"not_picked":["TheCursedMod:SpitefulPlan","TheCursedMod:Obscuration","TheCursedMod:Stigma"],"picked":"TheCursedMod:CursedBlade","floor":0.0},{"not_picked":["TheCursedMod:DoubleShield","TheCursedMod:SaltUponWound","TheCursedMod:EmpowerCircles"],"picked":"TheCursedMod:CursedArmor","floor":1.0},{"not_picked":["TheCursedMod:SpitefulStrike","TheCursedMod:WearCloak","TheCursedMod:RapidMovement"],"picked":"TheCursedMod:CursedAmulet","floor":3.0},{"not_picked":["TheCursedMod:UltimatePain","TheCursedMod:AshesToAshes","TheCursedMod:CircleOfWindfury"],"picked":"TheCursedMod:CursedMace","floor":4.0},{"not_picked":["TheCursedMod:RavingStaff","TheCursedMod:VitalStrike","TheCursedMod:HellsGateOpen"],"picked":"TheCursedMod:ReleasedStrength","floor":5.0},{"not_picked":["TheCursedMod:AshesToAshes","TheCursedMod:CursedStaff","TheCursedMod:Grudge"],"picked":"TheCursedMod:SpitefulStrike","floor":7.0},{"not_picked":["TheCursedMod:TacticalStrike","TheCursedMod:FleshFromBone","TheCursedMod:CircleOfCorruption"],"picked":"TheCursedMod:SurpriseAttack","floor":11.0},{"not_picked":["TheCursedMod:Hemoplague","TheCursedMod:SmokeScreen","TheCursedMod:VitalStrike"],"picked":"TheCursedMod:CursedShiv","floor":12.0},{"not_picked":["TheCursedMod:Stretching","TheCursedMod:SoulCrush","TheCursedMod:Torture"],"picked":"TheCursedMod:DemonicPact","floor":13.0},{"not_picked":["TheCursedMod:Wield","TheCursedMod:CursedShiv","TheCursedMod:CursedAmulet"],"picked":"TheCursedMod:CircleOfCorruption","floor":14.0},{"not_picked":["TheCursedMod:ManaCirculation","TheCursedMod:ParallelWorld","TheCursedMod:DarkBarrier"],"picked":"TheCursedMod:DemonicPact","floor":16.0},{"not_picked":["TheCursedMod:CursedAmulet","TheCursedMod:CircleOfCorruption","TheCursedMod:Wield"],"picked":"TheCursedMod:WearCloak","floor":18.0},{"not_picked":["TheCursedMod:CursedAmulet","TheCursedMod:Wield","TheCursedMod:FleshFromBone"],"picked":"TheCursedMod:LuckyCharm","floor":20.0},{"not_picked":["TheCursedMod:Torture","TheCursedMod:OutForBlood","TheCursedMod:Stigma","TheCursedMod:AbyssShockwave+1"],"picked":"Singing Bowl","floor":23.0},{"not_picked":["TheCursedMod:UltimatePain","TheCursedMod:FleshFromBone","TheCursedMod:ParallelWorld"],"picked":"TheCursedMod:WearCloak","floor":25.0},{"not_picked":["TheCursedMod:Obscuration+1","TheCursedMod:Stigma","TheCursedMod:CursedMace"],"picked":"TheCursedMod:HellfireBreathing","floor":27.0},{"not_picked":["TheCursedMod:CircleOfCorruption","TheCursedMod:SpitefulStrike","TheCursedMod:Mangle"],"picked":"TheCursedMod:NeowsMight","floor":30.0},{"not_picked":["TheCursedMod:ManaBullet","TheCursedMod:FleshFromBone","TheCursedMod:ReleasedKnowledge","TheCursedMod:CircleOfFlame"],"picked":"Singing Bowl","floor":31.0},{"not_picked":["TheCursedMod:ForbiddenAlchemy","TheCursedMod:DemonicPact","TheCursedMod:ShockAndAwe"],"picked":"TheCursedMod:NeowsMight","floor":33.0},{"not_picked":["TheCursedMod:AshesToAshes","TheCursedMod:RavingStaff","TheCursedMod:HellsGateOpen+1"],"picked":"TheCursedMod:Hemoplague+1","floor":35.0},{"not_picked":["TheCursedMod:CircleOfAmplification","TheCursedMod:ManaBullet","TheCursedMod:VitalStrike"],"picked":"TheCursedMod:LuckyCharm","floor":37.0},{"not_picked":["TheCursedMod:SpitefulPlan+1","TheCursedMod:BloodBarrier","TheCursedMod:WearCloak+1","TheCursedMod:CursedAmulet"],"picked":"Singing Bowl","floor":39.0},{"not_picked":["TheCursedMod:RavingStaff","TheCursedMod:SaltUponWound","TheCursedMod:Obscuration+1"],"picked":"TheCursedMod:CursedBlade","floor":40.0},{"not_picked":["TheCursedMod:SmokeScreen","TheCursedMod:SpitefulStrike","TheCursedMod:DemonicPact"],"picked":"TheCursedMod:SpitefulPray","floor":42.0},{"not_picked":["TheCursedMod:ManaBullet","TheCursedMod:SaltUponWound+1","TheCursedMod:RapidMovement+1","TheCursedMod:DoubleShield"],"picked":"Singing Bowl","floor":45.0},{"not_picked":["TheCursedMod:AshesToAshes","TheCursedMod:Stigma","TheCursedMod:VitalStrike"],"picked":"TheCursedMod:SmokeScreen","floor":46.0},{"not_picked":["TheCursedMod:ReleasedKnowledge","TheCursedMod:Hemoplague","TheCursedMod:VitalStrike"],"picked":"TheCursedMod:SmokeScreen","floor":47.0},{"not_picked":["TheCursedMod:CircleOfAbyss","TheCursedMod:ReleasedKnowledge+1","TheCursedMod:Obscuration"],"picked":"TheCursedMod:CursedAmulet","floor":48.0},{"not_picked":["TheCursedMod:CursedBlade","TheCursedMod:SoulReap","TheCursedMod:CircleOfWindfury+1"],"picked":"TheCursedMod:SurpriseAttack","floor":55.0}],"player_experience":525578,"relics_obtained":[{"floor":7.0,"key":"Letter Opener"},{"floor":9.0,"key":"Singing Bowl"},{"floor":12.0,"key":"Strawberry"},{"floor":14.0,"key":"Centennial Puzzle"},{"floor":23.0,"key":"hubris:SlimyHat"},{"floor":25.0,"key":"Vajra"},{"floor":31.0,"key":"Boot"},{"floor":40.0,"key":"TheCursedMod:Tack"},{"floor":42.0,"key":"hubris:MysteriousPyramids"},{"floor":43.0,"key":"Lantern"},{"floor":46.0,"key":"PreservedInsect"},{"floor":55.0,"key":"War Paint"}],"event_choices":[{"damage_healed":0.0,"max_hp_gain":0.0,"max_hp_loss":0.0,"gold_gain":0.0,"event_name":"Accursed Blacksmith","player_choice":"Rummage","floor":2.0,"gold_loss":0.0,"damage_taken":0.0,"relics_obtained":["WarpedTongs"],"cards_obtained":["Pain"]},{"damage_healed":0.0,"max_hp_gain":0.0,"max_hp_loss":0.0,"gold_gain":0.0,"event_name":"The Mausoleum","player_choice":"Opened","floor":21.0,"gold_loss":0.0,"damage_taken":0.0,"relics_obtained":["Bronze Scales"],"cards_obtained":["Writhe"]},{"damage_healed":0.0,"max_hp_gain":0.0,"max_hp_loss":0.0,"gold_gain":0.0,"cards_transformed":["TheCursedMod:Strike_TheCursed"],"event_name":"Transmorgrifier","player_choice":"Transformed","floor":22.0,"gold_loss":0.0,"damage_taken":0.0,"cards_obtained":["TheCursedMod:ReleasedKnowledge"]},{"damage_healed":0.0,"max_hp_gain":0.0,"max_hp_loss":0.0,"gold_gain":0.0,"event_name":"Lab","player_choice":"Got Potions","floor":38.0,"gold_loss":0.0,"damage_taken":0.0}],"is_beta":false,"boss_relics":[{"not_picked":["Runic Dome","hubris:GrandSneckoEye"],"picked":"SlaversCollar"},{"not_picked":["hubris:RunicObelisk","hubris:BlackHole"],"picked":"hubris:Stopwatch"}],"items_purged_floors":[],"is_endless":false,"potions_floor_spawned":[1,3,5,11,14,20,25,30,31,33,35,40,47,55],"ascension_level":20}}