{"host":"2brg86hfzr3u5cix","time":1612695856,"event":{"mods":["AchievementEnabler","Ascension Unlocker","BaseMod","CapriCore","DeckTracker","Highlight Path","Keyboard Shortcuts","Minty Spire (QoL Compilation)","Permanent Neow","Relic Stats","StSLib","Twitch Utils","Uncapped","UnlockEverythingMod"],"gold_per_floor":[110,110,134,9,9,45,64,84,110,110,123,163,186,120,120,120,120],"floor_reached":16,"language":"KOR","playtime":497,"items_purged":["Strike_G"],"score":274,"play_id":"65cc38c2-1173-4273-ad25-46a1d6165245","local_time":"20210207200416","is_ascension_mode":true,"campfire_choices":[{"data":"Backflip","floor":10,"key":"SMITH"},{"floor":15,"key":"REST"}],"circlet_count":0,"master_deck":["AscendersBane","Strike_G","Strike_G","Strike_G","Strike_G","Defend_G","Defend_G+1","Defend_G","Defend_G","Defend_G","Survivor","Neutralize","Calculated Gamble","Cloak And Dagger+1","Backflip+1","Sucker Punch","Dagger Throw","Well Laid Plans","Poisoned Stab","Reflex"],"relics":["Ring of the Snake","NeowsBlessing","Golden Idol","War Paint","Orichalcum","Snake Skull"],"acts_visited":["Exordium"],"potions_floor_usage":[11,12,12],"damage_taken":[{"damage":0,"enemies":"Cultist","floor":1,"turns":1},{"damage":0,"enemies":"Jaw Worm","floor":3,"turns":1},{"damage":0,"enemies":"3 Sentries","floor":6,"turns":1},{"damage":0,"enemies":"2 Louse","floor":7,"turns":3},{"damage":3,"enemies":"Looter","floor":8,"turns":3},{"damage":7,"enemies":"Large Slime","floor":11,"turns":7},{"damage":15,"enemies":"Gremlin Nob","floor":12,"turns":4},{"damage":23,"enemies":"Exordium Thugs","floor":13,"turns":6},{"damage":20,"enemies":"Slime Boss","floor":16,"turns":7}],"seed_played":"8627023540662394634","potions_obtained":[{"floor":1,"key":"Energy Potion"},{"floor":3,"key":"Fire Potion"},{"floor":8,"key":"AttackPotion"},{"floor":11,"key":"DistilledChaos"}],"is_trial":false,"path_per_floor":["M","?","M","$","?","E","M","M","T","R","M","E","M","?","R","B"],"character_chosen":"THE_SILENT","items_purchased":["Backflip"],"campfire_rested":1,"item_purchase_floors":[4],"current_hp_per_floor":[59,59,59,59,50,50,50,47,47,47,40,25,2,2,20,0,0],"gold":120,"neow_bonus":"THREE_ENEMY_KILL","is_daily":false,"chose_seed":false,"campfire_upgraded":1,"win_rate":0.0,"timestamp":1612695856,"path_taken":["M","?","M","$","?","E","?","M","T","R","M","E","M","?","R","BOSS"],"items_purchased_type":["Card"],"build_version":"2020-12-22","purchased_purges":1,"victory":false,"max_hp_per_floor":[66,60,60,60,60,60,60,60,60,60,60,60,60,60,60,60,60],"relic_stats":{"counters":[9,33],"Golden Idol":36,"Snake Skull":[4],"War Paint":["Defend_G","Cloak And Dagger"],"Orichalcum":[24],"obtain_stats":[{"NeowsBlessing":0,"Golden Idol":2,"Snake Skull":12,"War Paint":6,"Orichalcum":9,"Ring of the Snake":0},{"NeowsBlessing":0,"Golden Idol":1,"Snake Skull":7,"War Paint":3,"Orichalcum":5,"Ring of the Snake":0},{"NeowsBlessing":0,"Golden Idol":1,"Snake Skull":20,"War Paint":3,"Orichalcum":9,"Ring of the Snake":0}],"Ring of the Snake":[18]},"card_choices":[{"not_picked":["Blade Dance","Choke"],"picked":"Calculated Gamble","floor":1},{"not_picked":["Prepared","Blade Dance"],"picked":"Cloak And Dagger","floor":3},{"not_picked":["Calculated Gamble","Backflip"],"picked":"Sucker Punch","floor":6},{"not_picked":["Endless Agony","Outmaneuver","Bane"],"picked":"SKIP","floor":7},{"not_picked":["Deflect","Bane"],"picked":"Dagger Throw","floor":8},{"not_picked":["Dodge and Roll","Flying Knee"],"picked":"Well Laid Plans","floor":11},{"not_picked":["Infinite Blades","Prepared"],"picked":"Poisoned Stab","floor":12},{"not_picked":["Skewer","PiercingWail"],"picked":"Reflex","floor":13}],"player_experience":358051,"relics_obtained":[{"floor":6,"key":"War Paint"},{"floor":9,"key":"Orichalcum"},{"floor":12,"key":"Snake Skull"}],"event_choices":[{"damage_healed":0,"gold_gain":0,"player_choice":"Lose Max HP","damage_taken":0,"relics_obtained":["Golden Idol"],"max_hp_gain":0,"max_hp_loss":6,"event_name":"Golden Idol","floor":2,"gold_loss":0},{"damage_healed":0,"gold_gain":0,"player_choice":"Damaged","damage_taken":9,"max_hp_gain":0,"max_hp_loss":0,"event_name":"Wheel of Change","floor":5,"gold_loss":0},{"damage_healed":0,"gold_gain":0,"player_choice":"Left Gold","damage_taken":0,"max_hp_gain":0,"max_hp_loss":0,"event_name":"World of Goop","floor":14,"gold_loss":66}],"is_beta":false,"boss_relics":[],"items_purged_floors":[4],"is_endless":false,"potions_floor_spawned":[1,3,8,11],"killed_by":"Slime Boss","ascension_level":20}}