{"host":"15dd7v8o90xso62x","time":1612713273,"event":{"mods":["BaseMod","Minty Spire (QoL Compilation)","Quick Restart","StSLib","SuperFastMode"],"gold_per_floor":[109,109,109,109,119,119,144,144,144,174,174,201,33,108,108,108,108],"floor_reached":16,"language":"KOR","playtime":297,"items_purged":[],"score":278,"play_id":"25ce1cb9-89e4-41c6-a1f1-04b3f387c89b","local_time":"20210208005433","is_ascension_mode":true,"campfire_choices":[{"data":"Prepared","floor":6,"key":"SMITH"},{"data":"Deadly Poison","floor":11,"key":"SMITH"},{"data":"Crippling Poison","floor":15,"key":"SMITH"}],"circlet_count":0,"master_deck":["AscendersBane","Strike_G","Strike_G","Strike_G","Strike_G","Defend_G","Defend_G","Defend_G","Defend_G","Survivor","Neutralize","Crippling Poison+1","Prepared+1","Calculated Gamble","Deadly Poison+1","Dodge and Roll","After Image"],"relics":["Ring of the Snake","NeowsBlessing","Nunchaku","Calipers","Blue Candle","Centennial Puzzle","Membership Card"],"acts_visited":["Exordium"],"potions_floor_usage":[10,12],"damage_taken":[{"damage":0,"enemies":"Small Slimes","floor":1,"turns":1},{"damage":0,"enemies":"Jaw Worm","floor":5,"turns":1},{"damage":0,"enemies":"3 Sentries","floor":7,"turns":2},{"damage":31,"enemies":"Gremlin Nob","floor":10,"turns":4},{"damage":13,"enemies":"Lagavulin","floor":12,"turns":7},{"damage":4,"enemies":"Hexaghost","floor":16,"turns":9}],"seed_played":"-3044223639648993628","potions_obtained":[{"floor":5,"key":"Poison Potion"},{"floor":10,"key":"LiquidMemories"}],"is_trial":false,"path_per_floor":["M","?","?","?","M","R","E","?","T","E","R","E","$","?","R","B"],"character_chosen":"THE_SILENT","items_purchased":["Membership Card"],"campfire_rested":0,"item_purchase_floors":[13],"current_hp_per_floor":[59,59,59,64,64,64,64,57,57,26,26,13,13,2,2,0,0],"gold":108,"neow_bonus":"THREE_ENEMY_KILL","is_daily":false,"chose_seed":false,"campfire_upgraded":3,"win_rate":0.0,"timestamp":1612713273,"path_taken":["M","?","?","?","?","R","E","?","T","E","R","E","$","?","R","BOSS"],"items_purchased_type":["Relic"],"build_version":"2020-12-22","purchased_purges":0,"victory":false,"max_hp_per_floor":[66,66,66,71,71,71,71,71,71,71,71,71,71,71,71,71,71],"card_choices":[{"not_picked":["Deflect","Outmaneuver"],"picked":"Crippling Poison","floor":1},{"not_picked":["Flying Knee","Deflect"],"picked":"Calculated Gamble","floor":5},{"not_picked":["Quick Slash","Dodge and Roll"],"picked":"Deadly Poison","floor":7},{"not_picked":["Dodge and Roll","Distraction","Outmaneuver"],"picked":"SKIP","floor":10},{"not_picked":["Distraction","Outmaneuver"],"picked":"Dodge and Roll","floor":10},{"not_picked":["Terror","Setup"],"picked":"After Image","floor":12}],"player_experience":938188,"relics_obtained":[{"floor":7,"key":"Nunchaku"},{"floor":9,"key":"Calipers"},{"floor":10,"key":"Blue Candle"},{"floor":12,"key":"Centennial Puzzle"}],"event_choices":[{"damage_healed":0,"gold_gain":0,"cards_transformed":["Defend_G"],"player_choice":"Change","damage_taken":0,"max_hp_gain":0,"max_hp_loss":0,"event_name":"Living Wall","floor":2,"gold_loss":0,"cards_obtained":["Prepared"]},{"damage_healed":0,"gold_gain":0,"player_choice":"Ignored","damage_taken":0,"max_hp_gain":0,"max_hp_loss":0,"event_name":"Liars Game","floor":3,"gold_loss":0},{"damage_healed":0,"gold_gain":0,"player_choice":"Donut","damage_taken":0,"max_hp_gain":5,"max_hp_loss":0,"event_name":"Big Fish","floor":4,"gold_loss":0},{"cards_removed":["Strike_G"],"damage_healed":0,"gold_gain":0,"player_choice":"Card Removal","damage_taken":7,"max_hp_gain":0,"max_hp_loss":0,"event_name":"Golden Wing","floor":8,"gold_loss":0},{"damage_healed":0,"gold_gain":75,"player_choice":"Gather Gold","damage_taken":11,"max_hp_gain":0,"max_hp_loss":0,"event_name":"World of Goop","floor":14,"gold_loss":0}],"is_beta":false,"boss_relics":[],"items_purged_floors":[],"is_endless":false,"potions_floor_spawned":[5,10],"killed_by":"Hexaghost","ascension_level":20}}