{"host":"i2ntsfwoh5q5m216","time":1612739405,"event":{"mods":["BaseMod","Colored Map","Downfall","Minty Spire (QoL Compilation)","StSLib"],"gold_per_floor":[118,193,153,153,153,153,163,177,177,177,191,206,219,219,219,321,321,331,108,128,148,95,95,120,133,182,182,282,282,282,282,282,378,378,394,394,394,46,91,91,91,122,203,203,56,56,56,56,56,56],"floor_reached":51,"language":"ENG","playtime":1136,"items_purged":["Defend_B"],"score":877,"play_id":"366f655f-ad19-4ee5-baa5-9a259b0b706e","local_time":"20210207171005","is_ascension_mode":false,"campfire_choices":[{"data":"Zap","floor":6,"key":"SMITH"},{"data":"Dualcast","floor":10,"key":"SMITH"},{"data":"Double Energy","floor":15,"key":"SMITH"},{"data":"Defend_B","floor":23,"key":"PURGE"},{"data":"Strike_B","floor":29,"key":"PURGE"},{"data":"Defend_B","floor":32,"key":"PURGE"},{"data":"Defend_B+1","floor":40,"key":"PURGE"},{"data":"Scrape","floor":44,"key":"PURGE"},{"floor":46,"key":"DIG"},{"data":"Seek","floor":49,"key":"PURGE"}],"circlet_count":0,"master_deck":["Zap+1","Dualcast+1","Gash","FTL","Double Energy+1","Go for the Eyes","Steam+1","Go for the Eyes+1","Gash+1","FTL","Go for the Eyes+1","FTL","Go for the Eyes","Gash+1","Go for the Eyes","Redo+1"],"relics":["Cracked Core","Omamori","downfall:ExtraCursedBell","Nunchaku","Shuriken","Unceasing Top","Peace Pipe","Fusion Hammer","PreservedInsect","War Paint","Juzu Bracelet","Shovel","Darkstone Periapt","Sozu","Whetstone","ClockworkSouvenir","Bird Faced Urn","Mercury Hourglass","Sundial","Orrery","Molten Egg 2"],"acts_visited":["Exordium","TheCity","TheBeyond"],"potions_floor_usage":[16,25,50],"damage_taken":[{"damage":1,"enemies":"Jaw Worm","floor":1,"turns":3},{"damage":0,"enemies":"Small Slimes","floor":7,"turns":3},{"damage":7,"enemies":"2 Louse","floor":8,"turns":3},{"damage":7,"enemies":"Blue Slaver","floor":11,"turns":2},{"damage":0,"enemies":"Large Slime","floor":12,"turns":3},{"damage":0,"enemies":"Looter","floor":13,"turns":2},{"damage":17,"enemies":"Slime Boss","floor":16,"turns":7},{"damage":0,"enemies":"2 Thieves","floor":18,"turns":2},{"damage":0,"enemies":"Shell Parasite","floor":20,"turns":2},{"damage":0,"enemies":"Snake Plant","floor":21,"turns":3},{"damage":0,"enemies":"Book of Stabbing","floor":24,"turns":1},{"damage":0,"enemies":"Snecko","floor":25,"turns":1},{"damage":0,"enemies":"Colosseum Slavers","floor":28,"turns":1},{"damage":0,"enemies":"Colosseum Nobs","floor":28,"turns":1},{"damage":0,"enemies":"Automaton","floor":33,"turns":1},{"damage":0,"enemies":"3 Darklings","floor":35,"turns":1},{"damage":0,"enemies":"2 Orb Walkers","floor":39,"turns":1},{"damage":0,"enemies":"Reptomancer","floor":42,"turns":1},{"damage":49,"enemies":"Time Eater","floor":50,"turns":5}],"seed_played":"176024963820422888","potions_obtained":[{"floor":1,"key":"Weak Potion"},{"floor":7,"key":"Block Potion"},{"floor":13,"key":"EssenceOfSteel"},{"floor":20,"key":"SpeedPotion"},{"floor":21,"key":"Energy Potion"},{"floor":28,"key":"hexamod:SoulburnPotion"}],"is_trial":false,"path_per_floor":["M","?","$","?","?","R","M","M","T","R","M","M","M","?","R","B",null,"M","$","M","M","$","R","E","M","T","?","?","R","?","?","R","B",null,"M","?","?","$","?","R","$","E","T","R","$","R","$","?","R","B",null],"character_chosen":"DEFECT","items_purchased":["Storm","PreservedInsect","Gash","Go for the Eyes","Whetstone","ClockworkSouvenir","Orrery"],"campfire_rested":0,"item_purchase_floors":[3,19,22,38,38,38,45],"current_hp_per_floor":[74,63,63,63,56,56,56,49,49,49,42,42,42,42,42,25,75,75,75,75,75,75,75,75,75,75,75,75,75,75,75,75,75,75,75,75,75,75,75,75,75,75,75,75,75,75,75,71,71,22],"gold":56,"neow_bonus":"RANDOM_COMMON_RELIC","is_daily":false,"chose_seed":false,"campfire_upgraded":3,"win_rate":0.0,"timestamp":1612739405,"path_taken":["M","?","$","?","?","R","?","M","T","R","M","M","M","?","R","BOSS","M","$","M","M","$","R","E","M","T","?","?","R","?","?","R","BOSS","M","?","?","$","?","R","$","E","T","R","?","R","$","?","R","BOSS"],"items_purchased_type":["Card","Relic","Card","Card","Relic","Relic","Relic"],"build_version":"2020-12-22","purchased_purges":1,"victory":true,"max_hp_per_floor":[75,75,75,75,75,75,75,75,75,75,75,75,75,75,75,75,75,75,75,75,75,75,75,75,75,75,75,75,75,75,75,75,75,75,75,75,75,75,75,75,75,75,75,75,75,75,75,71,71,71],"card_choices":[{"not_picked":["BootSequence","Fusion"],"picked":"Scrape","floor":1},{"not_picked":["Streamline","Static Discharge"],"picked":"Gash","floor":7},{"not_picked":["Ball Lightning","Leap"],"picked":"FTL","floor":8},{"not_picked":["Sweeping Beam","Scrape"],"picked":"Double Energy","floor":11},{"not_picked":["Fusion","Aggregate"],"picked":"Go for the Eyes","floor":12},{"not_picked":["Steam Power","Genetic Algorithm","Defragment"],"picked":"SKIP","floor":13},{"not_picked":["Coolheaded","Cold Snap","Melter+1"],"picked":"SKIP","floor":18},{"not_picked":["Chaos+1","Streamline"],"picked":"Steam","floor":20},{"not_picked":["Cold Snap","Fusion"],"picked":"Go for the Eyes+1","floor":21},{"not_picked":["White Noise","Sweeping Beam","Tempest"],"picked":"SKIP","floor":24},{"not_picked":["Auto Shields","Chill"],"picked":"FTL","floor":25},{"not_picked":["Heatsinks","Reprogram+1"],"picked":"Seek","floor":28},{"not_picked":["Barrage+1","Hologram+1","Conserve Battery+1"],"picked":"SKIP","floor":35},{"not_picked":["Aggregate+1","Heatsinks+1"],"picked":"FTL","floor":42},{"not_picked":["FTL+1","Capacitor+1"],"picked":"Go for the Eyes","floor":45},{"not_picked":["Cold Snap","Leap+1"],"picked":"Gash+1","floor":45},{"not_picked":["Barrage+1","Cold Snap+1"],"picked":"Go for the Eyes","floor":45},{"not_picked":["Stack","Consume+1"],"picked":"Redo+1","floor":45}],"player_experience":53519,"relics_obtained":[{"floor":4,"key":"Nunchaku"},{"floor":4,"key":"Shuriken"},{"floor":4,"key":"Unceasing Top"},{"floor":9,"key":"Peace Pipe"},{"floor":24,"key":"War Paint"},{"floor":26,"key":"Juzu Bracelet"},{"floor":28,"key":"Shovel"},{"floor":28,"key":"Darkstone Periapt"},{"floor":39,"key":"Bird Faced Urn"},{"floor":42,"key":"Mercury Hourglass"},{"floor":43,"key":"Sundial"},{"floor":46,"key":"Molten Egg 2"}],"event_choices":[{"damage_healed":0,"gold_gain":75,"player_choice":"Gather Gold","damage_taken":11,"max_hp_gain":0,"max_hp_loss":0,"event_name":"World of Goop","floor":2,"gold_loss":0},{"cards_removed":["Strike_B"],"damage_healed":0,"gold_gain":0,"player_choice":"Card Removal","damage_taken":7,"max_hp_gain":0,"max_hp_loss":0,"event_name":"Golden Wing","floor":5,"gold_loss":0},{"cards_removed":["Strike_B"],"damage_healed":0,"gold_gain":0,"player_choice":"Forget","damage_taken":0,"max_hp_gain":0,"max_hp_loss":0,"event_name":"Living Wall","floor":14,"gold_loss":0},{"damage_healed":0,"gold_gain":0,"player_choice":"Ignored","damage_taken":0,"max_hp_gain":0,"max_hp_loss":0,"event_name":"Cursed Tome","floor":27,"gold_loss":0},{"damage_healed":0,"gold_gain":0,"player_choice":"Fight","damage_taken":0,"max_hp_gain":0,"max_hp_loss":0,"event_name":"Colosseum","floor":28,"gold_loss":0},{"damage_healed":0,"gold_gain":0,"player_choice":"Fought Nobs","damage_taken":0,"max_hp_gain":0,"max_hp_loss":0,"event_name":"Colosseum","floor":28,"gold_loss":0},{"cards_removed":["Strike_B"],"damage_healed":0,"gold_gain":0,"player_choice":"Elegance","damage_taken":0,"max_hp_gain":0,"max_hp_loss":0,"event_name":"Back to Basics","floor":30,"gold_loss":0},{"damage_healed":0,"gold_gain":0,"player_choice":"Ignored","damage_taken":0,"max_hp_gain":0,"max_hp_loss":0,"event_name":"Ghosts","floor":31,"gold_loss":0},{"damage_healed":0,"gold_gain":0,"player_choice":"Ignored","damage_taken":0,"max_hp_gain":0,"max_hp_loss":0,"event_name":"Tomb of Lord Red Mask","floor":36,"gold_loss":0},{"cards_removed":["Storm"],"damage_healed":0,"gold_gain":0,"player_choice":"Removed Power","damage_taken":0,"max_hp_gain":0,"max_hp_loss":0,"event_name":"Falling","floor":37,"gold_loss":0},{"damage_healed":0,"gold_gain":0,"player_choice":"Fight","damage_taken":0,"max_hp_gain":0,"max_hp_loss":0,"event_name":"Mysterious Sphere","floor":39,"gold_loss":0},{"damage_healed":0,"gold_gain":0,"player_choice":"Max HP","damage_taken":0,"max_hp_gain":0,"max_hp_loss":4,"event_name":"Winding Halls","floor":48,"gold_loss":0}],"is_beta":false,"boss_relics":[{"not_picked":["Black Star","Astrolabe"],"picked":"Fusion Hammer"},{"not_picked":["Runic Pyramid","Coffee Dripper"],"picked":"Sozu"}],"items_purged_floors":[19],"is_endless":false,"potions_floor_spawned":[1,7,13,20,21,28,35,39],"ascension_level":0}}