{"host":"w3q5ijqu8eoknil3","time":1612732846,"event":{"mods":["AchievementEnabler","BaseMod","Block Reminder","Colored Map","Colored Powertips","Curses Come First","Dark Map","Minty Spire (QoL Compilation)","Quick Restart","Relic Stats","StSLib","ojb\u0027s Better Paths Mod","ojb\u0027s Info Mod","slay the spire mod where everything is the same but ironclad has a cowboy hat"],"gold_per_floor":[112,112,129,147,28,28,28,61,87,87,114,114,39,51,51,127,127,137,156,0,12,25,59,59,59,59],"floor_reached":25,"language":"ENG","playtime":718,"items_purged":["Strike_G","Strike_G"],"score":450,"play_id":"1c38e9af-a55d-4313-85eb-63a36dda276b","local_time":"20210207212046","is_ascension_mode":true,"campfire_choices":[{"data":"Blade Dance","floor":6,"key":"SMITH"},{"data":"Die Die Die","floor":12,"key":"SMITH"},{"floor":15,"key":"REST"}],"circlet_count":0,"master_deck":["AscendersBane","Strike_G","Defend_G","Defend_G","Defend_G","Defend_G","Defend_G","Survivor","Neutralize","Blade Dance+1","Poisoned Stab","Blade Dance+1","Masterful Stab","Die Die Die+1","All Out Attack","Flying Knee","Outmaneuver","Doppelganger","Masterful Stab","Calculated Gamble+1","Skewer","Blade Dance","Glass Knife"],"relics":["Ring of the Snake","NeowsBlessing","Nunchaku","Lantern","Letter Opener","Philosopher\u0027s Stone","Mercury Hourglass"],"acts_visited":["Exordium","TheCity"],"potions_floor_usage":[11,16,19,21,25,25],"damage_taken":[{"damage":0,"enemies":"Small Slimes","floor":1,"turns":1},{"damage":0,"enemies":"Cultist","floor":3,"turns":1},{"damage":0,"enemies":"Jaw Worm","floor":4,"turns":1},{"damage":35,"enemies":"3 Sentries","floor":8,"turns":7},{"damage":11,"enemies":"Lagavulin","floor":11,"turns":5},{"damage":0,"enemies":"2 Fungi Beasts","floor":14,"turns":2},{"damage":23,"enemies":"Slime Boss","floor":16,"turns":6},{"damage":0,"enemies":"3 Byrds","floor":18,"turns":3},{"damage":7,"enemies":"Spheric Guardian","floor":19,"turns":3},{"damage":6,"enemies":"Centurion and Healer","floor":21,"turns":5},{"damage":9,"enemies":"Chosen and Byrds","floor":22,"turns":5},{"damage":26,"enemies":"Gremlin Leader","floor":23,"turns":3},{"damage":10,"enemies":"Cultist and Chosen","floor":25,"turns":3}],"seed_played":"4773483772510580928","potions_obtained":[{"floor":1,"key":"Dexterity Potion"},{"floor":14,"key":"CultistPotion"},{"floor":18,"key":"CunningPotion"},{"floor":19,"key":"Energy Potion"},{"floor":22,"key":"GamblersBrew"}],"is_trial":false,"path_per_floor":["M","?","M","M","$","R","$","E","T","?","E","R","?","M","R","B",null,"M","M","$","M","M","E","?","M"],"character_chosen":"THE_SILENT","items_purchased":["Masterful Stab","Fire Potion"],"campfire_rested":1,"item_purchase_floors":[5,20],"current_hp_per_floor":[59,59,59,59,59,59,59,24,24,24,13,13,13,13,32,9,52,52,45,45,39,30,4,4,0,0],"gold":59,"neow_bonus":"THREE_ENEMY_KILL","is_daily":false,"chose_seed":false,"campfire_upgraded":2,"win_rate":0.0,"timestamp":1612732846,"path_taken":["M","?","M","?","?","R","$","E","T","?","E","R","?","M","R","BOSS","M","M","$","M","M","E","?","M"],"items_purchased_type":["Card","Potion"],"build_version":"2020-12-22","purchased_purges":2,"victory":false,"max_hp_per_floor":[66,66,66,66,66,66,66,66,66,66,66,66,66,66,66,66,66,66,66,66,66,66,66,66,66,66],"relic_stats":{"Nunchaku":[15],"counters":[13,45],"Letter Opener":[68],"obtain_stats":[{"Nunchaku":8,"Lantern":9,"NeowsBlessing":0,"Philosopher\u0027s Stone":17,"Letter Opener":11,"Ring of the Snake":0,"Mercury Hourglass":23},{"Nunchaku":4,"Lantern":4,"NeowsBlessing":0,"Philosopher\u0027s Stone":7,"Letter Opener":5,"Ring of the Snake":0,"Mercury Hourglass":12},{"Nunchaku":10,"Lantern":10,"NeowsBlessing":0,"Philosopher\u0027s Stone":23,"Letter Opener":15,"Ring of the Snake":0,"Mercury Hourglass":42}],"Ring of the Snake":[26],"Mercury Hourglass":[12]},"card_choices":[{"not_picked":["Blur","Footwork"],"picked":"Blade Dance","floor":1},{"not_picked":["Deflect","Outmaneuver"],"picked":"Poisoned Stab","floor":3},{"not_picked":["Bane","Outmaneuver"],"picked":"Blade Dance","floor":4},{"not_picked":["PiercingWail","Dagger Spray"],"picked":"Die Die Die","floor":8},{"not_picked":["Expertise","Masterful Stab"],"picked":"Flying Knee","floor":11},{"not_picked":["Flying Knee","Dodge and Roll"],"picked":"Outmaneuver","floor":14},{"not_picked":["Envenom","Phantasmal Killer"],"picked":"Doppelganger","floor":16},{"not_picked":["Acrobatics","Distraction"],"picked":"Masterful Stab","floor":18},{"not_picked":["Eviscerate","Riddle With Holes"],"picked":"Calculated Gamble+1","floor":19},{"not_picked":["Prepared","Terror"],"picked":"Skewer","floor":21},{"not_picked":["Concentrate","Bane"],"picked":"Blade Dance","floor":22},{"not_picked":["Escape Plan","Dagger Spray"],"picked":"Glass Knife","floor":23}],"player_experience":1038394,"relics_obtained":[{"floor":8,"key":"Nunchaku"},{"floor":9,"key":"Lantern"},{"floor":11,"key":"Letter Opener"},{"floor":23,"key":"Mercury Hourglass"}],"event_choices":[{"damage_healed":0,"gold_gain":0,"player_choice":"Upgraded","damage_taken":0,"max_hp_gain":0,"max_hp_loss":0,"event_name":"Upgrade Shrine","floor":2,"gold_loss":0,"cards_upgraded":["Blade Dance"]},{"damage_healed":0,"gold_gain":0,"cards_transformed":["Strike_G"],"player_choice":"Change","damage_taken":0,"max_hp_gain":0,"max_hp_loss":0,"event_name":"Living Wall","floor":10,"gold_loss":0,"cards_obtained":["All Out Attack"]},{"cards_removed":["Strike_G"],"damage_healed":0,"gold_gain":0,"player_choice":"Card Removal","damage_taken":0,"max_hp_gain":0,"max_hp_loss":0,"event_name":"The Cleric","floor":13,"gold_loss":75},{"damage_healed":0,"gold_gain":0,"player_choice":"Ignored","damage_taken":0,"max_hp_gain":0,"max_hp_loss":0,"event_name":"Cursed Tome","floor":24,"gold_loss":0}],"is_beta":false,"boss_relics":[{"not_picked":["SacredBark","Cursed Key"],"picked":"Philosopher\u0027s Stone"}],"items_purged_floors":[5,20],"is_endless":false,"potions_floor_spawned":[1,14,18,19,22],"killed_by":"Cultist and Chosen","ascension_level":19}}