{"host":"v3qphhcqhwfpabne","time":1612706742,"event":{"mods":["100% Spire Juice","2.2 Compatiblity","BaseMod","CapriCore","KinomotoSakuraMod(ÙÊñýÜâ?)","Koishi","Marisa£¨Ùöéë¡¡Øª×âÞÞ£©","Minty Spire (QoL Compilation)","Permanent Neow","Prisma Mod","StSLib","Td1madao Mod","The Bug Knight","The Cursed","The Immortal","The Runesmith","WarShipGirlsR/??á´Ò³R mod"],"gold_per_floor":[361,207,221,69,80,98,98,98],"floor_reached":7,"language":"KOR","playtime":369,"items_purged":["Runesmith:Strike_RS"],"score":43,"play_id":"b06ecd1e-3898-464b-a7b9-5066bb130005","local_time":"20210207230542","is_ascension_mode":false,"campfire_choices":[],"circlet_count":0,"master_deck":["Runesmith:Strike_RS","Runesmith:Strike_RS","Runesmith:Strike_RS","Runesmith:Defend_RS","Runesmith:Defend_RS","Runesmith:Defend_RS","Runesmith:Defend_RS","Runesmith:CraftFirestone","Runesmith:Fortify","Runesmith:Grindstone","Runesmith:LithiumIon","Runesmith:CraftMagma","Runesmith:Duplicate","Runesmith:EarthShield"],"relics":["Runesmith:BrokenRuby","Juzu Bracelet"],"acts_visited":["Exordium"],"potions_floor_usage":[],"damage_taken":[{"damage":0,"enemies":"Jaw Worm","floor":1,"turns":3},{"damage":1,"enemies":"Small Slimes","floor":3,"turns":5},{"damage":0,"enemies":"2 Louse","floor":5,"turns":4},{"damage":17,"enemies":"2 Fungi Beasts","floor":6,"turns":6},{"damage":45,"enemies":"Gremlin Nob","floor":7,"turns":4}],"seed_played":"4397434347168510117","potions_obtained":[{"floor":3,"key":"SmokeBomb"},{"floor":6,"key":"Energy Potion"}],"is_trial":false,"path_per_floor":["M","$","M","$","M","M","E"],"character_chosen":"RUNESMITH_CLASS","items_purchased":["Runesmith:LithiumIon","Juzu Bracelet"],"campfire_rested":0,"item_purchase_floors":[2,4],"current_hp_per_floor":[49,49,48,48,48,31,0,0],"gold":98,"neow_bonus":"TWO_FIFTY_GOLD","is_daily":false,"chose_seed":false,"campfire_upgraded":0,"win_rate":0.0,"timestamp":1612706742,"path_taken":["M","$","M","$","M","M","E"],"items_purchased_type":["Card","Relic"],"build_version":"2020-12-22","purchased_purges":1,"victory":false,"max_hp_per_floor":[70,70,70,70,70,70,70,70],"card_choices":[{"not_picked":["Runesmith:HeatedChisel","Runesmith:HammerThrow"],"picked":"Runesmith:Grindstone","floor":1},{"not_picked":["Runesmith:OneForEveryone","Runesmith:CraftReservo"],"picked":"Runesmith:CraftMagma","floor":3},{"not_picked":["Runesmith:Overpower","Runesmith:HammerThrow"],"picked":"Runesmith:Duplicate","floor":5},{"not_picked":["Runesmith:Grindstone","Runesmith:ElementalConversion"],"picked":"Runesmith:EarthShield","floor":6}],"player_experience":96205,"relics_obtained":[],"event_choices":[],"is_beta":false,"boss_relics":[],"items_purged_floors":[2],"is_endless":false,"potions_floor_spawned":[3,6],"killed_by":"Gremlin Nob","ascension_level":0}}