{"host":"1q02rw1wpi0nrsss","time":1612658608,"event":{"mods":["AchievementEnabler","BaseMod","Better Note","Better Third Choice","Bossed Relics","Custom Start","Dark Map","DeckTracker","Disable Question Mark Monsters","Minty Spire (QoL Compilation)","Permanent Neow","Quick Restart","Rare Cards Sparkle","Relic Stats","StSLib","??????REMEMod"],"gold_per_floor":[359,376,73,73,73,73,111,124,197,197,157,200,200,224,224,344,344,358,382,406,420,156,200,200,200,200,200,221,221,254,275,275,404,404,422,422,447,512,512,512,543,543,543,582,582,582,600,621,621,621,621,621,126,161,161,161],"floor_reached":55,"language":"ENG","playtime":3397,"items_purged":["Strike_R","Bite"],"score":953,"play_id":"b1d3b64b-8d3a-4c10-9b93-d818ca2c4ecd","local_time":"20210206164328","is_ascension_mode":true,"campfire_choices":[{"data":"Cleave","floor":6,"key":"SMITH"},{"data":"Intimidate","floor":10,"key":"SMITH"},{"data":"Battle Trance","floor":13,"key":"SMITH"},{"data":"Bash","floor":15,"key":"SMITH"},{"floor":24,"key":"REST"},{"floor":29,"key":"RECALL"},{"floor":32,"key":"REST"},{"floor":40,"key":"REST"},{"floor":42,"key":"REST"},{"floor":46,"key":"REST"},{"floor":49,"key":"REST"},{"floor":52,"key":"REST"}],"circlet_count":0,"master_deck":["Defend_R","Defend_R","Defend_R","Defend_R","Bash+1","Apotheosis+1","Cleave+1","Intimidate+1","REME_TheLastStrike","Shrug It Off","Battle Trance+1","Sentinel","Barricade","Ghostly Armor","True Grit+1","Entrench","Bite","Bite","Bite","Impervious","Sentinel+1","Exhume","Spot Weakness+1"],"relics":["Burning Blood","REME_ComplimentaryCards","Red Skull","Orichalcum","Golden Idol","Omamori","Ornamental Fan","Fusion Hammer","Pen Nib","Centennial Puzzle","Nunchaku","Nilry\u0027s Codex","REME_PuzzleBoxRelic","Bird Faced Urn","Toy Ornithopter","Bag of Marbles","Paper Frog","Strawberry"],"acts_visited":["Exordium","TheCity","TheBeyond","TheEnding"],"potions_floor_usage":[7,11,14,14,16,18,21,23,23,23,23,23,23,28,30,30,33,38,44,48,50,54,54,54,55,55],"damage_taken":[{"damage":4,"enemies":"2 Louse","floor":1,"turns":3},{"damage":3,"enemies":"Jaw Worm","floor":2,"turns":4},{"damage":12,"enemies":"Gremlin Nob","floor":7,"turns":3},{"damage":0,"enemies":"Cultist","floor":8,"turns":3},{"damage":18,"enemies":"3 Sentries","floor":12,"turns":8},{"damage":0,"enemies":"Gremlin Gang","floor":14,"turns":3},{"damage":7,"enemies":"The Guardian","floor":16,"turns":14},{"damage":0,"enemies":"3 Byrds","floor":18,"turns":4},{"damage":4,"enemies":"Shell Parasite","floor":19,"turns":8},{"damage":29,"enemies":"Sentry and Sphere","floor":20,"turns":8},{"damage":8,"enemies":"Snake Plant","floor":21,"turns":6},{"damage":0,"enemies":"Slavers","floor":23,"turns":9},{"damage":10,"enemies":"Centurion and Healer","floor":28,"turns":5},{"damage":12,"enemies":"Gremlin Leader","floor":30,"turns":9},{"damage":0,"enemies":"Snecko","floor":31,"turns":6},{"damage":58,"enemies":"Automaton","floor":33,"turns":15},{"damage":18,"enemies":"3 Darklings","floor":35,"turns":7},{"damage":8,"enemies":"Orb Walker","floor":37,"turns":4},{"damage":58,"enemies":"2 Orb Walkers","floor":38,"turns":6},{"damage":21,"enemies":"Reptomancer","floor":41,"turns":9},{"damage":5,"enemies":"Nemesis","floor":44,"turns":9},{"damage":2,"enemies":"Transient","floor":47,"turns":5},{"damage":13,"enemies":"Jaw Worm Horde","floor":48,"turns":7},{"damage":17,"enemies":"Awakened One","floor":50,"turns":10},{"damage":12,"enemies":"Shield and Spear","floor":54,"turns":13},{"damage":116,"enemies":"The Heart","floor":55,"turns":11}],"seed_played":"-4185974312426312326","potions_obtained":[{"floor":2,"key":"Explosive Potion"},{"floor":11,"key":"SkillPotion"},{"floor":11,"key":"Block Potion"},{"floor":11,"key":"Fruit Juice"},{"floor":12,"key":"SteroidPotion"},{"floor":16,"key":"AttackPotion"},{"floor":20,"key":"DuplicationPotion"},{"floor":21,"key":"EntropicBrew"},{"floor":23,"key":"ColorlessPotion"},{"floor":28,"key":"Dexterity Potion"},{"floor":31,"key":"BlessingOfTheForge"},{"floor":35,"key":"PowerPotion"},{"floor":41,"key":"SneckoOil"},{"floor":44,"key":"CultistPotion"},{"floor":47,"key":"Block Potion"}],"is_trial":false,"path_per_floor":["M","M","$","?","?","R","E","M","T","R","?","E","R","M","R","B",null,"M","M","M","M","$","E","R","?","T","?","M","R","E","M","R","B",null,"M","?","M","?","?","R","E","R","T","E","?","R","M","M","R","B",null,"R","$","E","B"],"character_chosen":"IRONCLAD","items_purchased":["Red Skull","Orichalcum","Entrench","Pen Nib","Paper Frog","EntropicBrew","Block Potion"],"campfire_rested":7,"item_purchase_floors":[3,3,22,22,53,53,53],"current_hp_per_floor":[58,61,61,61,61,61,55,61,61,61,66,54,54,62,62,63,79,79,79,56,56,56,64,79,79,79,63,79,79,79,79,79,75,79,78,78,79,33,33,56,71,79,79,79,75,75,75,75,75,75,75,75,75,82,0,0],"gold":161,"neow_bonus":"TWO_FIFTY_GOLD","is_daily":false,"chose_seed":false,"campfire_upgraded":4,"win_rate":0.0,"timestamp":1612658608,"path_taken":["M","M","$","?","?","R","E","M","T","R","?","E","R","?","R","BOSS","M","?","M","M","$","E","R","?","T","?","M","R","E","M","R","BOSS","M","?","M","?","?","R","E","R","T","E","?","R","M","M","R","BOSS","R","$","E","BOSS"],"items_purchased_type":["Relic","Relic","Card","Relic","Relic","Potion","Potion"],"build_version":"2020-12-22","purchased_purges":2,"victory":false,"max_hp_per_floor":[80,80,80,80,74,74,74,74,74,74,79,79,79,79,79,79,79,79,79,79,79,79,79,79,79,79,79,79,79,79,79,79,79,79,79,79,79,79,79,79,79,79,79,79,75,75,75,75,75,75,75,75,75,82,82,82],"relic_stats":{"Centennial Puzzle":[39],"Nunchaku":[21],"counters":[26,189],"Golden Idol":191,"Ornamental Fan":[188],"Bird Faced Urn":[25],"Pen Nib":[23],"Orichalcum":[84],"obtain_stats":[{"Golden Idol":5,"Nilry\u0027s Codex":27,"Pen Nib":22,"Omamori":7,"Orichalcum":3,"Burning Blood":0,"Blood Vial":12,"Centennial Puzzle":23,"Nunchaku":26,"Ornamental Fan":9,"Bird Faced Urn":38,"Strawberry":54,"Fusion Hammer":17,"Bag of Marbles":44,"REME_PuzzleBoxRelic":30,"Red Skull":3,"Toy Ornithopter":41,"REME_ComplimentaryCards":0,"Paper Frog":53},{"Golden Idol":2,"Nilry\u0027s Codex":12,"Pen Nib":11,"Omamori":3,"Orichalcum":2,"Burning Blood":0,"Blood Vial":5,"Centennial Puzzle":12,"Nunchaku":12,"Ornamental Fan":4,"Bird Faced Urn":19,"Strawberry":25,"Fusion Hammer":7,"Bag of Marbles":21,"REME_PuzzleBoxRelic":14,"Red Skull":2,"Toy Ornithopter":20,"REME_ComplimentaryCards":0,"Paper Frog":24},{"Golden Idol":7,"Nilry\u0027s Codex":73,"Pen Nib":64,"Omamori":10,"Orichalcum":7,"Burning Blood":0,"Blood Vial":21,"Centennial Puzzle":73,"Nunchaku":73,"Ornamental Fan":13,"Bird Faced Urn":125,"Strawberry":178,"Fusion Hammer":38,"Bag of Marbles":143,"REME_PuzzleBoxRelic":87,"Red Skull":7,"Toy Ornithopter":134,"REME_ComplimentaryCards":0,"Paper Frog":165}],"Burning Blood":96,"Toy Ornithopter":6},"card_choices":[{"not_picked":["Pummel","Armaments"],"picked":"Cleave","floor":1},{"not_picked":["Headbutt","True Grit"],"picked":"Intimidate","floor":2},{"not_picked":["Shrug It Off","Cleave"],"picked":"REME_TheLastStrike","floor":7},{"not_picked":["REME_SingleHolding","Anger"],"picked":"Shrug It Off","floor":8},{"not_picked":["REME_Cut","Cleave"],"picked":"Battle Trance","floor":12},{"not_picked":["Heavy Blade","Shockwave"],"picked":"Sentinel","floor":14},{"not_picked":["Corruption","Juggernaut"],"picked":"Barricade","floor":16},{"not_picked":["Sentinel","Cleave"],"picked":"Ghostly Armor","floor":18},{"not_picked":["REME_FearOfPain","Wild Strike","Heavy Blade"],"picked":"SKIP","floor":19},{"not_picked":["Headbutt","REME_ACTH"],"picked":"True Grit+1","floor":20},{"not_picked":["Anger","Wild Strike","Heavy Blade"],"picked":"SKIP","floor":21},{"not_picked":["Burning Pact","Sever Soul","Twin Strike+1"],"picked":"SKIP","floor":23},{"not_picked":["Armaments","Fire Breathing+1","Disarm"],"picked":"SKIP","floor":28},{"not_picked":["Dropkick","Evolve"],"picked":"Impervious","floor":30},{"not_picked":["Havoc","Twin Strike+1"],"picked":"Sentinel+1","floor":31},{"not_picked":["Barricade","Fiend Fire"],"picked":"Exhume","floor":33},{"not_picked":["Clash","Seeing Red","Twin Strike+1"],"picked":"SKIP","floor":35},{"not_picked":["Dark Embrace","Havoc+1","Iron Wave+1"],"picked":"SKIP","floor":37},{"not_picked":["Anger","Cleave","True Grit+1"],"picked":"SKIP","floor":41},{"not_picked":["Iron Wave+1","Rupture","Uppercut+1"],"picked":"SKIP","floor":44},{"not_picked":["Twin Strike+1","REME_Scribble","Havoc"],"picked":"SKIP","floor":47},{"not_picked":["Dark Embrace+1","Clash+1"],"picked":"Spot Weakness+1","floor":48},{"not_picked":["Shrug It Off","Bloodletting","Second Wind"],"picked":"SKIP","floor":54}],"player_experience":99974,"relics_obtained":[{"floor":7,"key":"Omamori"},{"floor":9,"key":"Ornamental Fan"},{"floor":12,"key":"Blood Vial"},{"floor":23,"key":"Centennial Puzzle"},{"floor":26,"key":"Nunchaku"},{"floor":27,"key":"Nilry\u0027s Codex"},{"floor":30,"key":"REME_PuzzleBoxRelic"},{"floor":38,"key":"Bird Faced Urn"},{"floor":41,"key":"Toy Ornithopter"},{"floor":44,"key":"Bag of Marbles"},{"floor":54,"key":"Strawberry"}],"event_choices":[{"damage_healed":0,"gold_gain":0,"player_choice":"Grow","damage_taken":0,"max_hp_gain":0,"max_hp_loss":0,"event_name":"Living Wall","floor":4,"gold_loss":0,"cards_upgraded":["Apotheosis"]},{"damage_healed":0,"gold_gain":0,"player_choice":"Lose Max HP","damage_taken":0,"relics_obtained":["Golden Idol"],"max_hp_gain":0,"max_hp_loss":6,"event_name":"Golden Idol","floor":5,"gold_loss":0},{"damage_healed":0,"gold_gain":0,"player_choice":"Bought 3 Potions","damage_taken":0,"max_hp_gain":0,"max_hp_loss":0,"event_name":"The Woman in Blue","floor":11,"gold_loss":0},{"damage_healed":0,"gold_gain":0,"player_choice":"Became a vampire (Vial)","damage_taken":0,"max_hp_gain":0,"max_hp_loss":0,"event_name":"Vampires","floor":25,"relics_lost":["Blood Vial"],"gold_loss":0,"cards_obtained":["Bite","Bite","Bite","Bite","Bite"]},{"damage_healed":0,"gold_gain":0,"player_choice":"Obtained Book","damage_taken":16,"max_hp_gain":0,"max_hp_loss":0,"event_name":"Cursed Tome","floor":27,"gold_loss":0},{"cards_removed":["Bite"],"damage_healed":0,"gold_gain":0,"player_choice":"Removed Attack","damage_taken":0,"max_hp_gain":0,"max_hp_loss":0,"event_name":"Falling","floor":36,"gold_loss":0},{"damage_healed":0,"gold_gain":0,"player_choice":"Fight","damage_taken":0,"max_hp_gain":0,"max_hp_loss":0,"event_name":"Mysterious Sphere","floor":38,"gold_loss":0},{"damage_healed":0,"gold_gain":0,"player_choice":"Ignored","damage_taken":0,"max_hp_gain":0,"max_hp_loss":0,"event_name":"Tomb of Lord Red Mask","floor":39,"gold_loss":0},{"damage_healed":0,"gold_gain":0,"player_choice":"Max HP","damage_taken":0,"max_hp_gain":0,"max_hp_loss":4,"event_name":"Winding Halls","floor":45,"gold_loss":0}],"is_beta":false,"boss_relics":[{"not_picked":["Black Star","Pandora\u0027s Box"],"picked":"Fusion Hammer"},{"not_picked":["Snecko Eye","Velvet Choker","Runic Pyramid"]}],"items_purged_floors":[22,53],"is_endless":false,"potions_floor_spawned":[2,12,16,20,21,23,28,31,35,41,44,47],"killed_by":"The Heart","ascension_level":4}}