{"host":"10b2ljh1rg6srmxa","time":1612694645,"event":{"mods":["AchievementEnabler","BaseMod","Better Third Choice","Colored Map","Colored Powertips","Conspire","Downfall","Googly Eyes","Highlight Path","Hubris","Infinite Spire","Minty Spire (QoL Compilation)","Replay The Spire","StSLib","The Animator","The Wild Card","everything is the same but u backflip on backflip"],"gold_per_floor":[363,379,379,71,86,86,100,129,129,129,158,177,177,195,195,297,297,313,68,79,79,96,96,107,136,136,136,147,159,159,36,36,139,139,155,171,171,173,200,200,82,82,82,82,82,100,139,162,162,172,172],"floor_reached":50,"language":"ENG","playtime":5458,"items_purged":[],"score":527,"play_id":"438e481b-8282-4812-a30e-76c985d30615","local_time":"20210207114405","is_ascension_mode":true,"campfire_choices":[{"data":"animator:Darkness","floor":6,"key":"SMITH"},{"floor":10,"key":"REST"},{"data":"animator:Kaijin","floor":13,"key":"SMITH"},{"floor":15,"key":"DIG"},{"data":"animator:YunYun","floor":23,"key":"SMITH"},{"floor":27,"key":"RECALL"},{"data":"animator:Millim","floor":30,"key":"SMITH"},{"floor":32,"key":"REST"},{"data":"animator:Benimaru","floor":40,"key":"SMITH"},{"data":"animator:Millim+1","floor":45,"key":"SMITH"}],"circlet_count":0,"master_deck":["animator:Strike_OwariNoSeraph","animator:Defend_OwariNoSeraph","animator:Strike","animator:Strike+1","animator:Strike","animator:Defend","animator:Defend","animator:Defend","animator:Shinoa","animator:Mikaela","animator:YunYun+1","animator:Darkness+1","animator:Shuna","animator:Benimaru+1","animator:Kaijin+1","animator:NarberalGamma+1","animator:Evileye+1","animator:Shizu","animator:Shalltear+1","animator:Millim+2","animator:Evileye+1","animator:Jibril+1","animator:QuestionMark+1","hubris:NaturalOne","animator:LizardPriest+1"],"relics":["animator:LivingPicture","animator:TheMissingPiece","animator:PurgingStone","hubris:64BitClover","Toxic Egg 2","The Courier","infinitespire:Eraser","infinitespire:Beetle Shell","hubris:GrandSneckoEye","Bag of Marbles","Tiny Chest","Meat on the Bone","Oddly Smooth Stone","Orrery","hubris:TerracottaHorce","infinitespire:Midas Blood","Paper Crane","Red Skull","Boot","Paper Frog","hubris:Icosahedron","MealTicket"],"acts_visited":["Exordium","TheCity","TheBeyond"],"potions_floor_usage":[11,25,33,47,47,50],"damage_taken":[{"damage":0,"enemies":"Small Slimes","floor":1,"turns":4},{"damage":0,"enemies":"Cultist","floor":2,"turns":4},{"damage":9,"enemies":"Jaw Worm","floor":5,"turns":3},{"damage":0,"enemies":"2 Fungi Beasts","floor":7,"turns":3},{"damage":4,"enemies":"Lagavulin","floor":8,"turns":5},{"damage":9,"enemies":"Gremlin Nob","floor":11,"turns":4},{"damage":6,"enemies":"Red Slaver","floor":12,"turns":3},{"damage":0,"enemies":"Looter","floor":14,"turns":4},{"damage":15,"enemies":"The Guardian","floor":16,"turns":9},{"damage":13,"enemies":"Spheric Guardian","floor":18,"turns":4},{"damage":6,"enemies":"Shell Parasite","floor":20,"turns":4},{"damage":17,"enemies":"Centurion and Healer","floor":22,"turns":6},{"damage":0,"enemies":"conspire:HollyBat","floor":24,"turns":6},{"damage":15,"enemies":"animator:HornedBat","floor":25,"turns":6},{"damage":8,"enemies":"Chosen and Byrds","floor":28,"turns":4},{"damage":5,"enemies":"Snake Plant","floor":29,"turns":4},{"damage":31,"enemies":"Collector","floor":33,"turns":9},{"damage":15,"enemies":"Orb Walker","floor":35,"turns":3},{"damage":5,"enemies":"3 Darklings","floor":36,"turns":3},{"damage":11,"enemies":"Jaw Worm Horde","floor":46,"turns":2},{"damage":13,"enemies":"Giant Head","floor":47,"turns":6},{"damage":0,"enemies":"4 Shapes","floor":48,"turns":2},{"damage":50,"enemies":"Awakened One","floor":50,"turns":4}],"seed_played":"-1203807343374431770","potions_obtained":[{"floor":1,"key":"AttackPotion"},{"floor":3,"key":"Dexterity Potion"},{"floor":3,"key":"SmokeBomb"},{"floor":11,"key":"SteroidPotion"},{"floor":18,"key":"CultistPotion"},{"floor":24,"key":"DistilledChaos"},{"floor":25,"key":"Ancient Potion"},{"floor":33,"key":"Guardian:BlockOnCardUsePotion"},{"floor":35,"key":"SkillPotion"},{"floor":46,"key":"Energy Potion"},{"floor":47,"key":"AttackPotion"}],"is_trial":false,"path_per_floor":["M","M","?","$","M","R","M","E","T","R","E","M","R","M","R_BF","B",null,"M","$","M","?","M","R","M","E","T","R","M","M","R","$","R","B",null,"M","M","T","?","T","R","$","?","T","?","R","M","E","M","R_BF","B"],"character_chosen":"THE_ANIMATOR","items_purchased":["hubris:64BitClover","Bag of Marbles","Tiny Chest","Orrery","Boot"],"campfire_rested":2,"item_purchase_floors":[4,19,19,31,41],"current_hp_per_floor":[48,48,48,48,39,39,39,35,35,54,45,39,39,39,39,24,66,53,53,47,47,42,42,42,39,39,39,43,38,38,38,57,38,59,47,42,42,32,32,32,32,32,32,32,32,33,32,44,44,0,0],"gold":172,"neow_bonus":"TWO_FIFTY_GOLD","is_daily":false,"chose_seed":false,"campfire_upgraded":6,"win_rate":0.0,"timestamp":1612694645,"path_taken":["M","M","?","$","M","R","M","E","T","R","E","?","R","?","R_BF","BOSS","M","?","M","?","M","R","M","E","T","R","M","M","R","$","R","BOSS","M","M","?","?","?","R","$","?","T","?","R","M","E","M","R_BF","BOSS"],"items_purchased_type":["Relic","Relic","Relic","Relic","Relic"],"build_version":"2020-12-22","purchased_purges":0,"victory":false,"max_hp_per_floor":[66,66,66,66,66,66,66,66,66,66,66,66,66,66,66,66,66,66,66,66,66,66,66,66,66,66,66,66,66,66,66,66,66,66,66,66,66,66,66,66,66,66,66,66,66,66,66,66,66,66,66],"card_choices":[{"not_picked":["animator:DwarfShaman","animator:Laby"],"picked":"animator:YunYun","floor":1},{"not_picked":["animator:DolaRiku","animator:Hakurou"],"picked":"animator:Darkness","floor":2},{"not_picked":["animator:Gillette","animator:Elsword"],"picked":"animator:Shuna","floor":5},{"not_picked":["animator:Hakurou","animator:Millim"],"picked":"animator:Benimaru","floor":7},{"not_picked":["animator:Nanami+1","animator:Layla"],"picked":"animator:Kaijin","floor":8},{"not_picked":["animator:Rena+1","animator:DolaRiku+1"],"picked":"animator:NarberalGamma+1","floor":11},{"not_picked":["animator:Mitsuba","animator:Ciel+1"],"picked":"animator:Evileye+1","floor":12},{"not_picked":["animator:FeridBathory","animator:Albedo"],"picked":"animator:Shizu","floor":16},{"not_picked":["animator:Kazuma+1","animator:Guy+1"],"picked":"animator:Shalltear","floor":18},{"not_picked":["animator:Lu+1","animator:DolaStephanie+1"],"picked":"animator:Millim","floor":20},{"not_picked":["animator:CrowleyEusford","animator:UneriGinkaku+1","animator:HiiragiShinya+1"],"picked":"SKIP","floor":22},{"not_picked":["animator:Entoma","animator:Shalltear"],"picked":"animator:Evileye+1","floor":24},{"not_picked":["animator:NarberalGamma+1","animator:Demiurge+1","animator:Yoichi+1"],"picked":"SKIP","floor":25},{"not_picked":["animator:Shuna+1","animator:NarberalGamma+1","animator:Shalltear"],"picked":"SKIP","floor":28},{"not_picked":["animator:Azekura+1","animator:Gillette","animator:IzunaHatsuse+1"],"picked":"SKIP","floor":29},{"not_picked":["animator:Darkness","animator:Witch+1"],"picked":"animator:Jibril+1","floor":31},{"not_picked":["animator:Tet+1","animator:AcuraTooru","animator:HighElfArcher"],"picked":"SKIP","floor":36},{"not_picked":["animator:MamizouFutatsuiwa+1","animator:Canti"],"picked":"animator:QuestionMark+1","floor":38},{"not_picked":["animator:Viivi+1","animator:Entoma+1","animator:Laby"],"picked":"SKIP","floor":46},{"not_picked":["animator:Azekura+1","animator:LizardPriest+1","animator:Benimaru+1"],"picked":"SKIP","floor":47},{"not_picked":["animator:Yoichi+1","animator:Mitsuba"],"picked":"animator:Shigure","floor":48}],"player_experience":394115,"relics_obtained":[{"floor":8,"key":"Toxic Egg 2"},{"floor":9,"key":"The Courier"},{"floor":11,"key":"infinitespire:Eraser"},{"floor":15,"key":"infinitespire:Beetle Shell"},{"floor":20,"key":"Meat on the Bone"},{"floor":25,"key":"Oddly Smooth Stone"},{"floor":36,"key":"infinitespire:Midas Blood"},{"floor":37,"key":"Paper Crane"},{"floor":39,"key":"Red Skull"},{"floor":43,"key":"Paper Frog"},{"floor":47,"key":"MealTicket"}],"event_choices":[{"damage_healed":0,"gold_gain":0,"player_choice":"Got Potions","damage_taken":0,"max_hp_gain":0,"max_hp_loss":0,"event_name":"Lab","floor":3,"gold_loss":0},{"damage_healed":0,"gold_gain":0,"player_choice":"Forge","damage_taken":0,"max_hp_gain":0,"max_hp_loss":0,"event_name":"Accursed Blacksmith","floor":21,"gold_loss":0,"cards_upgraded":["animator:Shalltear"]},{"damage_healed":0,"gold_gain":0,"player_choice":"Memory 3","damage_taken":10,"max_hp_gain":0,"max_hp_loss":0,"event_name":"SensoryStone","floor":38,"gold_loss":0},{"damage_healed":0,"gold_gain":0,"player_choice":"Leave","damage_taken":0,"max_hp_gain":0,"max_hp_loss":0,"event_name":"conspire:Investor","floor":42,"gold_loss":0}],"is_beta":false,"boss_relics":[{"not_picked":["animator:CursedBlade","ReplayTheSpireMod:DimensionalGlitch"],"picked":"hubris:GrandSneckoEye"},{"not_picked":["ChewingGum","conspire:RunicOctahedron"],"picked":"hubris:TerracottaHorce"}],"items_purged_floors":[],"is_endless":false,"potions_floor_spawned":[1,7,8,11,16,18,24,25,33,35,46,47],"killed_by":"Awakened One","ascension_level":1}}