{"host":"eulinuz724l58ltv","time":1612719904,"event":{"mods":["BaseMod","Colored Map","Colored Powertips","Highlight Path","Minty Spire (QoL Compilation)"],"gold_per_floor":[118,137,312,323,323,323,357,357,383,426,426,454,479,72,72,183,183,211,211,220,22,51,51,51,51],"floor_reached":24,"language":"ENG","playtime":2696,"items_purged":[],"score":292,"play_id":"a1d27143-fce1-4092-917d-3a998726bcdb","local_time":"20210207184504","is_ascension_mode":true,"campfire_choices":[{"data":"Bludgeon","floor":6,"key":"SMITH"},{"data":"Double Tap","floor":8,"key":"SMITH"},{"floor":11,"key":"REST"},{"floor":15,"key":"REST"},{"data":"Mind Blast","floor":23,"key":"SMITH"}],"circlet_count":0,"master_deck":["Strike_R","Strike_R","Strike_R","Strike_R+1","Strike_R","Defend_R","Defend_R","Defend_R","Defend_R","Bash","Spot Weakness","Clothesline","Anger+1","Bludgeon+1","Double Tap+1","Perfected Strike","Dropkick","Thunderclap","Mind Blast+1","Second Wind","Reaper","Iron Wave+1","Decay","Discovery","Flame Barrier","Flex","Thunderclap","Headbutt+1"],"relics":["Burning Blood","CeramicFish","Bronze Scales","Whetstone","Red Skull","Brimstone","Cursed Key","Nilry\u0027s Codex"],"acts_visited":["Exordium","TheCity"],"potions_floor_usage":[12,16,18,24],"damage_taken":[{"damage":0,"enemies":"Small Slimes","floor":1,"turns":3},{"damage":1,"enemies":"Cultist","floor":2,"turns":3},{"damage":1,"enemies":"2 Louse","floor":4,"turns":2},{"damage":35,"enemies":"Lagavulin","floor":7,"turns":5},{"damage":50,"enemies":"3 Sentries","floor":10,"turns":7},{"damage":18,"enemies":"Large Slime","floor":12,"turns":4},{"damage":11,"enemies":"Looter","floor":13,"turns":2},{"damage":0,"enemies":"Slime Boss","floor":16,"turns":5},{"damage":22,"enemies":"3 Byrds","floor":18,"turns":3},{"damage":0,"enemies":"Spheric Guardian","floor":22,"turns":1},{"damage":68,"enemies":"Gremlin Leader","floor":24,"turns":3}],"seed_played":"-8985593249991907642","potions_obtained":[{"floor":7,"key":"Dexterity Potion"},{"floor":10,"key":"Swift Potion"},{"floor":12,"key":"Strength Potion"},{"floor":16,"key":"DuplicationPotion"},{"floor":22,"key":"Weak Potion"}],"is_trial":false,"path_per_floor":["M","M","?","M","?","R","E","R","T","E","R","M","M","$","R","B",null,"M","?","?","$","M","R","E"],"character_chosen":"IRONCLAD","items_purchased":["Mind Blast","Red Skull","Brimstone","Second Wind","Discovery","Flame Barrier","Flex","Thunderclap"],"campfire_rested":2,"item_purchase_floors":[14,14,14,14,21,21,21,21],"current_hp_per_floor":[80,80,80,80,80,80,51,51,51,7,31,19,14,14,38,44,80,74,58,58,58,64,64,0,0],"gold":51,"neow_bonus":"THREE_CARDS","is_daily":false,"chose_seed":false,"campfire_upgraded":3,"win_rate":0.0,"timestamp":1612719904,"path_taken":["M","M","?","M","?","R","E","R","T","E","R","M","M","$","R","BOSS","M","?","?","$","M","R","E"],"items_purchased_type":["Card","Relic","Relic","Card","Card","Card","Card","Card"],"build_version":"2020-12-22","purchased_purges":0,"victory":false,"max_hp_per_floor":[80,80,80,80,80,80,80,80,80,80,80,80,80,80,80,80,80,80,80,80,80,80,80,80,80],"card_choices":[{"not_picked":["Wild Strike","Evolve"],"picked":"Spot Weakness","floor":0},{"not_picked":["Shrug It Off","Whirlwind"],"picked":"Clothesline","floor":1},{"not_picked":["Evolve","Clash"],"picked":"Anger","floor":2},{"not_picked":["Shrug It Off","Spot Weakness"],"picked":"Bludgeon","floor":4},{"not_picked":["Corruption","Second Wind"],"picked":"Double Tap","floor":7},{"not_picked":["Heavy Blade","Cleave"],"picked":"Perfected Strike","floor":10},{"not_picked":["Rupture","Havoc"],"picked":"Dropkick","floor":12},{"not_picked":["Sever Soul","Inflame"],"picked":"Thunderclap","floor":13},{"not_picked":["Barricade","Brutality"],"picked":"Reaper","floor":16},{"not_picked":["Body Slam+1","Wild Strike+1"],"picked":"Iron Wave+1","floor":18},{"not_picked":["Bloodletting","Cleave"],"picked":"Headbutt+1","floor":22}],"player_experience":890351,"relics_obtained":[{"floor":7,"key":"CeramicFish"},{"floor":9,"key":"Bronze Scales"},{"floor":10,"key":"Whetstone"},{"floor":19,"key":"Nilry\u0027s Codex"}],"event_choices":[{"damage_healed":0,"gold_gain":175,"player_choice":"AGREE","damage_taken":0,"max_hp_gain":0,"max_hp_loss":0,"event_name":"Liars Game","floor":3,"gold_loss":0,"cards_obtained":["Doubt"]},{"cards_removed":["Doubt"],"damage_healed":0,"gold_gain":0,"player_choice":"Purged","damage_taken":0,"max_hp_gain":0,"max_hp_loss":0,"event_name":"Purifier","floor":5,"gold_loss":0},{"damage_healed":0,"gold_gain":0,"player_choice":"Obtained Book","damage_taken":16,"max_hp_gain":0,"max_hp_loss":0,"event_name":"Cursed Tome","floor":19,"gold_loss":0},{"damage_healed":0,"gold_gain":0,"player_choice":"Smashed Altar","damage_taken":0,"max_hp_gain":0,"max_hp_loss":0,"event_name":"Forgotten Altar","floor":20,"gold_loss":0,"cards_obtained":["Decay"]}],"is_beta":false,"boss_relics":[{"not_picked":["Runic Dome","Mark of Pain"],"picked":"Cursed Key"}],"items_purged_floors":[],"is_endless":false,"potions_floor_spawned":[7,10,12,16,22],"killed_by":"Gremlin Leader","ascension_level":3}}