{"host":"t8hqdz2qn09y00vh","time":1612723607,"event":{"mods":["AchievementEnabler","BaseMod","Colored Map","Colored Powertips","Highlight Path","Infinite Spire","Minty Spire (QoL Compilation)","Quick Restart","StSLib"],"gold_per_floor":[114,114,114,131,131,163,163,238,261,15,28,45,79,91,91,91,91],"floor_reached":16,"language":"ENG","playtime":515,"items_purged":[],"score":155,"play_id":"69fc2f20-ffe6-4994-8149-bf381c1d2f13","local_time":"20210207134647","is_ascension_mode":true,"campfire_choices":[{"data":"Sweeping Beam","floor":7.0,"key":"SMITH"},{"floor":15,"key":"REST"}],"circlet_count":0,"master_deck":["Strike_B","Strike_B","Strike_B","Strike_B","Defend_B","Defend_B","Defend_B","Defend_B","Zap","Dualcast","Gash","Regret","Sweeping Beam+1","Coolheaded","Scrape","Static Discharge","Meteor Strike","Scrape"],"relics":["Cracked Core","NeowsBlessing","White Beast Statue","Matryoshka","Pen Nib","Omamori","infinitespire:FocusingShard","Orichalcum"],"acts_visited":["Exordium"],"potions_floor_usage":[12,16],"damage_taken":[{"damage":0.0,"enemies":"Cultist","floor":1.0,"turns":1.0},{"damage":0.0,"enemies":"Small Slimes","floor":4.0,"turns":1.0},{"damage":0.0,"enemies":"3 Sentries","floor":6.0,"turns":1.0},{"damage":4,"enemies":"2 Louse","floor":11,"turns":2},{"damage":3,"enemies":"Looter","floor":12,"turns":3},{"damage":37,"enemies":"Gremlin Nob","floor":13,"turns":4},{"damage":12,"enemies":"Lots of Slimes","floor":14,"turns":3},{"damage":33,"enemies":"The Guardian","floor":16,"turns":7}],"seed_played":"-7246417039763837379","potions_obtained":[{"floor":1.0,"key":"Block Potion"},{"floor":4.0,"key":"PotionOfCapacity"},{"floor":6.0,"key":"Swift Potion"},{"floor":11,"key":"FocusPotion"},{"floor":12,"key":"Dexterity Potion"},{"floor":13,"key":"Fire Potion"}],"is_trial":false,"path_per_floor":["M","?","?","M","?","E","R","?","T","$","M","M","E","M","R","B"],"character_chosen":"DEFECT","items_purchased":["infinitespire:FocusingShard"],"campfire_rested":1,"item_purchase_floors":[10],"current_hp_per_floor":[75,75,75,75,75,75,75,64,64,64,60,57,20,8,30,0,0],"gold":91,"neow_bonus":"THREE_ENEMY_KILL","is_daily":false,"chose_seed":false,"campfire_upgraded":1,"win_rate":0.0,"timestamp":1612723607,"path_taken":["M","?","?","M","?","E","R","?","T","?","M","?","E","M","R","BOSS"],"items_purchased_type":["Relic"],"build_version":"2020-12-22","purchased_purges":0,"victory":false,"max_hp_per_floor":[75,75,75,75,75,75,75,75,75,75,75,75,75,75,75,75,75],"card_choices":[{"not_picked":["Consume","Heatsinks"],"picked":"Gash","floor":1.0},{"not_picked":["Redo","Loop"],"picked":"Sweeping Beam","floor":4.0},{"not_picked":["Sunder","Loop"],"picked":"Coolheaded","floor":6.0},{"not_picked":["Rip and Tear","Hologram"],"picked":"Scrape","floor":11},{"not_picked":["Tempest","Consume"],"picked":"Static Discharge","floor":12},{"not_picked":["Barrage","Streamline"],"picked":"Meteor Strike","floor":13},{"not_picked":["Redo","Stack"],"picked":"Scrape","floor":14}],"player_experience":261634,"relics_obtained":[{"floor":6.0,"key":"Matryoshka"},{"floor":9.0,"key":"Pen Nib"},{"floor":9.0,"key":"Omamori"},{"floor":13,"key":"Orichalcum"}],"event_choices":[{"damage_healed":0.0,"max_hp_gain":0.0,"max_hp_loss":0.0,"gold_gain":0.0,"event_name":"Big Fish","player_choice":"Box","floor":2.0,"gold_loss":0.0,"damage_taken":0.0,"relics_obtained":["White Beast Statue"],"cards_obtained":["Regret"]},{"damage_healed":0.0,"max_hp_gain":0.0,"max_hp_loss":0.0,"gold_gain":0.0,"event_name":"Liars Game","player_choice":"Ignored","floor":5.0,"gold_loss":0.0,"damage_taken":0.0},{"damage_healed":0.0,"max_hp_gain":0.0,"max_hp_loss":0.0,"gold_gain":75.0,"event_name":"World of Goop","player_choice":"Gather Gold","floor":8.0,"gold_loss":0.0,"damage_taken":11.0}],"is_beta":false,"boss_relics":[],"items_purged_floors":[],"is_endless":false,"potions_floor_spawned":[1,4,6,11,12,13,14],"killed_by":"The Guardian","ascension_level":3}}