{"host":"hjajo0rafoe1e6c4","time":1612730371,"event":{"mods":["AchievementEnabler","BaseMod","Bestiary","Colored Map","Colored Powertips","Highlight Path","Minty Spire (QoL Compilation)","Relic Stats","StSLib"],"gold_per_floor":[110,185,202,202,64,64,97,97,123,168,184,184,184,210,210,337,337,387,387,387,387,387,387,416,416,464,464,493,493,43,87,87,212,212,254,298,298,47,47,111,151,201,201,249,304,320,371,84,84,84,84],"floor_reached":50,"language":"ENG","playtime":2740,"items_purged":["Strike_P"],"score":813,"play_id":"4b64595c-8593-4bc7-aae0-ade503dce386","local_time":"20210207153931","is_ascension_mode":true,"campfire_choices":[{"data":"Wish","floor":6.0,"key":"SMITH"},{"data":"BattleHymn","floor":8.0,"key":"SMITH"},{"data":"Crescendo","floor":13.0,"key":"SMITH"},{"data":"CarveReality","floor":15.0,"key":"SMITH"},{"data":"Vault","floor":23.0,"key":"SMITH"},{"data":"Ghostly","floor":25.0,"key":"SMITH"},{"data":"Wireheading","floor":27.0,"key":"SMITH"},{"floor":29.0,"key":"RECALL"},{"data":"Ghostly","floor":32.0,"key":"SMITH"},{"data":"Eruption","floor":49.0,"key":"SMITH"}],"circlet_count":0,"master_deck":["Strike_P+1","Defend_P","Defend_P","Defend_P","Eruption+1","Vigilance","CarveReality+1","BattleHymn+1","FlyingSleeves","Crescendo+1","Wish+1","Wireheading+1","Vault+1","Adaptation+1","RitualDagger+1","Ghostly+1","Ghostly","Ghostly","Ghostly+1","Ghostly+1","FlurryOfBlows+1","MasterReality+1","Weave+1","LessonLearned","Evaluate+1","CutThroughFate+1","ReachHeaven","Regret","Regret"],"relics":["PureWater","Bird Faced Urn","CaptainsWheel","Damaru","Tiny Chest","Question Card","Philosopher\u0027s Stone","Lizard Tail","Bottled Lightning","White Beast Statue","Mercury Hourglass","Cursed Key","Frozen Egg 2","Du-Vu Doll","Juzu Bracelet","Centennial Puzzle","MawBank","Oddly Smooth Stone","Frozen Eye"],"acts_visited":["Exordium","TheCity","TheBeyond"],"potions_floor_usage":[50],"damage_taken":[{"damage":1.0,"enemies":"Cultist","floor":1.0,"turns":3.0},{"damage":2.0,"enemies":"2 Louse","floor":3.0,"turns":3.0},{"damage":13.0,"enemies":"Gremlin Nob","floor":7.0,"turns":4.0},{"damage":0.0,"enemies":"Small Slimes","floor":10.0,"turns":3.0},{"damage":5.0,"enemies":"Exordium Wildlife","floor":11.0,"turns":3.0},{"damage":3.0,"enemies":"3 Sentries","floor":14.0,"turns":4.0},{"damage":0.0,"enemies":"Slime Boss","floor":16.0,"turns":8.0},{"damage":0.0,"enemies":"Shell Parasite","floor":18.0,"turns":4.0},{"damage":1.0,"enemies":"Book of Stabbing","floor":24.0,"turns":4.0},{"damage":0.0,"enemies":"Slavers","floor":28.0,"turns":4.0},{"damage":2.0,"enemies":"2 Thieves","floor":31.0,"turns":3.0},{"damage":0.0,"enemies":"Automaton","floor":33.0,"turns":9.0},{"damage":1.0,"enemies":"3 Shapes","floor":35.0,"turns":4.0},{"damage":2.0,"enemies":"3 Darklings","floor":36.0,"turns":5.0},{"damage":0.0,"enemies":"Reptomancer","floor":40.0,"turns":6.0},{"damage":3.0,"enemies":"Jaw Worm Horde","floor":41.0,"turns":5.0},{"damage":2.0,"enemies":"4 Shapes","floor":42.0,"turns":4.0},{"damage":2.0,"enemies":"Writhing Mass","floor":44.0,"turns":4.0},{"damage":2.0,"enemies":"Giant Head","floor":45.0,"turns":6.0},{"damage":0.0,"enemies":"Sphere and 2 Shapes","floor":46.0,"turns":3.0},{"damage":74,"enemies":"Donu and Deca","floor":50,"turns":3}],"seed_played":"-3343122077146393283","potions_obtained":[{"floor":3.0,"key":"Energy Potion"},{"floor":7.0,"key":"GamblersBrew"},{"floor":10.0,"key":"Dexterity Potion"},{"floor":24.0,"key":"PowerPotion"},{"floor":31.0,"key":"Block Potion"},{"floor":40.0,"key":"BottledMiracle"},{"floor":41.0,"key":"LiquidBronze"},{"floor":45.0,"key":"PowerPotion"}],"is_trial":false,"path_per_floor":["M","?","M","?","$","R","E","R","T","M","M","?","R","E","R","B",null,"M","?","?","?","T","R","E","R","T","R","E","R","$","M","R","B",null,"M","M","?","$","?","E","M","M","T","M","E","M","T","$","R","B"],"character_chosen":"WATCHER","items_purchased":["Wish","Weave","JustLucky","Mercury Hourglass","Frozen Egg 2","Oddly Smooth Stone","Frozen Eye"],"campfire_rested":0,"item_purchase_floors":[5,30,30,30,38,48,48],"current_hp_per_floor":[64,53,51,51,51,51,40,40,40,44,41,34,34,35,35,39,65,65,59,32,32,32,32,32,32,32,32,32,32,32,30,30,32,32,32,32,30,30,30,30,29,30,30,29,28,30,30,30,30,0,0],"gold":84,"neow_bonus":"TRANSFORM_TWO_CARDS","is_daily":false,"chose_seed":false,"campfire_upgraded":9,"win_rate":0.0,"timestamp":1612730371,"path_taken":["M","?","M","?","$","R","E","R","T","M","?","?","R","E","R","BOSS","M","?","?","?","?","R","E","R","T","R","E","R","$","?","R","BOSS","M","M","?","$","?","E","M","M","T","M","E","M","?","$","R","BOSS"],"items_purchased_type":["Card","Card","Card","Relic","Relic","Relic","Relic"],"build_version":"2020-12-22","purchased_purges":1,"victory":false,"max_hp_per_floor":[65,65,65,65,65,65,65,65,65,65,65,65,65,65,65,65,65,65,65,32,32,32,32,32,32,32,32,32,32,32,32,32,32,32,32,32,30,30,30,30,30,30,30,30,30,30,30,30,30,30,30],"relic_stats":{"Lizard Tail":15,"Centennial Puzzle":[3],"counters":[21,92],"Bird Faced Urn":[33],"Tiny Chest":2,"Juzu Bracelet":0,"Question Card":14,"Cursed Key":2,"MawBank":12,"obtain_stats":[{"Damaru":9,"Oddly Smooth Stone":48,"Juzu Bracelet":43,"Frozen Egg 2":38,"Question Card":14,"Cursed Key":34,"MawBank":47,"White Beast Statue":28,"Mercury Hourglass":30,"Du-Vu Doll":40,"Frozen Eye":48,"CaptainsWheel":7,"Lizard Tail":22,"Centennial Puzzle":45,"Bird Faced Urn":4,"Tiny Chest":12,"Philosopher\u0027s Stone":17,"Bottled Lightning":24,"PureWater":0},{"Damaru":3,"Oddly Smooth Stone":20,"Juzu Bracelet":17,"Frozen Egg 2":14,"Question Card":6,"Cursed Key":12,"MawBank":20,"White Beast Statue":10,"Mercury Hourglass":10,"Du-Vu Doll":15,"Frozen Eye":20,"CaptainsWheel":3,"Lizard Tail":8,"Centennial Puzzle":19,"Bird Faced Urn":2,"Tiny Chest":5,"Philosopher\u0027s Stone":7,"Bottled Lightning":9,"PureWater":0},{"Damaru":10,"Oddly Smooth Stone":89,"Juzu Bracelet":76,"Frozen Egg 2":61,"Question Card":20,"Cursed Key":52,"MawBank":89,"White Beast Statue":40,"Mercury Hourglass":40,"Du-Vu Doll":67,"Frozen Eye":89,"CaptainsWheel":10,"Lizard Tail":32,"Centennial Puzzle":86,"Bird Faced Urn":6,"Tiny Chest":16,"Philosopher\u0027s Stone":28,"Bottled Lightning":36,"PureWater":0}],"Mercury Hourglass":[254]},"card_choices":[{"not_picked":["Halt","MentalFortress"],"picked":"FlyingSleeves","floor":1.0},{"not_picked":["ThirdEye","BowlingBash"],"picked":"Crescendo","floor":3.0},{"not_picked":["InnerPeace","Protect"],"picked":"Wireheading","floor":7.0},{"not_picked":["Consecrate","Crescendo","LikeWater"],"picked":"SKIP","floor":10.0},{"not_picked":["Conclude","PathToVictory","MentalFortress"],"picked":"SKIP","floor":11.0},{"not_picked":["CrushJoints","Wallop","Swivel"],"picked":"SKIP","floor":14.0},{"not_picked":["Blasphemy","Ragnarok","Alpha"],"picked":"Vault","floor":16.0},{"not_picked":["Protect","Halt","WreathOfFlame"],"picked":"Adaptation+1","floor":18.0},{"not_picked":["Consecrate","SignatureMove","JustLucky+1"],"picked":"FlurryOfBlows","floor":24.0},{"not_picked":["CrushJoints+1","Pray","FlurryOfBlows+1"],"picked":"MasterReality","floor":28.0},{"not_picked":["Swivel","FlurryOfBlows+1","ReachHeaven","Prostrate"],"picked":"SKIP","floor":31.0},{"not_picked":["Omniscience","Wish","MasterReality"],"picked":"LessonLearned","floor":33.0},{"not_picked":["EmptyFist+1","BowlingBash","Swivel+1"],"picked":"Evaluate+1","floor":35.0},{"not_picked":["FlyingSleeves","SashWhip+1","JustLucky","Consecrate"],"picked":"SKIP","floor":36.0},{"not_picked":["EmptyBody+1","SandsOfTime","BowlingBash"],"picked":"CutThroughFate+1","floor":40.0},{"not_picked":["FlurryOfBlows+1","ClearTheMind","ThirdEye+1","Evaluate"],"picked":"SKIP","floor":41.0},{"not_picked":["Nirvana+1","Consecrate+1","LikeWater+1"],"picked":"ReachHeaven","floor":42.0},{"not_picked":["EmptyBody+1","InnerPeace+1","Consecrate","FlurryOfBlows+1"],"picked":"SKIP","floor":44.0},{"not_picked":["JustLucky","WheelKick","Worship+1","BowlingBash+1"],"picked":"SKIP","floor":45.0},{"not_picked":["Prostrate+1","Judgement","SashWhip+1","EmptyMind"],"picked":"SKIP","floor":46.0}],"player_experience":213679,"relics_obtained":[{"floor":4.0,"key":"Bird Faced Urn"},{"floor":7.0,"key":"CaptainsWheel"},{"floor":9.0,"key":"Damaru"},{"floor":14.0,"key":"Question Card"},{"floor":22.0,"key":"Lizard Tail"},{"floor":24.0,"key":"Bottled Lightning"},{"floor":28.0,"key":"White Beast Statue"},{"floor":40.0,"key":"Du-Vu Doll"},{"floor":43.0,"key":"Juzu Bracelet"},{"floor":45.0,"key":"Centennial Puzzle"},{"floor":47.0,"key":"MawBank"}],"event_choices":[{"damage_healed":0.0,"max_hp_gain":0.0,"max_hp_loss":0.0,"gold_gain":75.0,"event_name":"World of Goop","player_choice":"Gather Gold","floor":2.0,"gold_loss":0.0,"damage_taken":11.0},{"damage_healed":0.0,"max_hp_gain":0.0,"max_hp_loss":0.0,"gold_gain":0.0,"event_name":"Wheel of Change","player_choice":"Relic","floor":4.0,"gold_loss":0.0,"damage_taken":0.0},{"damage_healed":0.0,"max_hp_gain":0.0,"max_hp_loss":0.0,"gold_gain":0.0,"event_name":"Scrap Ooze","player_choice":"Success","floor":12.0,"gold_loss":0.0,"damage_taken":7.0,"relics_obtained":["Tiny Chest"]},{"damage_healed":0.0,"max_hp_gain":0.0,"max_hp_loss":0.0,"gold_gain":0.0,"event_name":"Nest","player_choice":"Joined the Cult","floor":19.0,"gold_loss":0.0,"damage_taken":6.0,"cards_obtained":["RitualDagger"]},{"damage_healed":0.0,"max_hp_gain":0.0,"max_hp_loss":33.0,"gold_gain":0.0,"event_name":"Ghosts","player_choice":"Became a Ghost","floor":20.0,"gold_loss":0.0,"damage_taken":0.0,"cards_obtained":["Ghostly","Ghostly","Ghostly","Ghostly","Ghostly"]},{"cards_removed":["Strike_P"],"damage_healed":0.0,"max_hp_gain":0.0,"max_hp_loss":0.0,"gold_gain":0.0,"event_name":"Back to Basics","player_choice":"Elegance","floor":21.0,"gold_loss":0.0,"damage_taken":0.0},{"damage_healed":0.0,"max_hp_gain":0.0,"max_hp_loss":2.0,"gold_gain":0.0,"event_name":"Winding Halls","player_choice":"Max HP","floor":37.0,"gold_loss":0.0,"damage_taken":0.0},{"cards_removed":["JustLucky"],"damage_healed":0.0,"max_hp_gain":0.0,"max_hp_loss":0.0,"gold_gain":0.0,"event_name":"Falling","player_choice":"Removed Attack","floor":39.0,"gold_loss":0.0,"damage_taken":0.0}],"is_beta":false,"boss_relics":[{"not_picked":["Coffee Dripper","HolyWater"],"picked":"Philosopher\u0027s Stone"},{"not_picked":["Runic Dome","Astrolabe"],"picked":"Cursed Key"}],"items_purged_floors":[30],"is_endless":false,"potions_floor_spawned":[3,7,10,24,31,33,35,36,40,41,42,44,45,46],"killed_by":"Donu and Deca","ascension_level":2}}