{"host":"k7udt7atmcuzf6l0","time":1612695258,"event":{"mods":["AchievementEnabler","BaseMod","BetterRewards","Colored Map","Colored Powertips","Highlight Path","Minty Spire (QoL Compilation)","Quick Restart","Rare Cards Sparkle","Relic Stats","StSLib","UnlockEverythingMod"],"gold_per_floor":[112,127,127,142,14,14,37,64,64,76,107,5,5,23,23,119,119,130,0,0,13,30,30,42,42,42,56,56,69,469,496,496,596,596,614,34,47,64,77,94,106,106,129,141,182,194,194],"floor_reached":46,"language":"ZHS","playtime":2200,"items_purged":["Regret"],"score":534,"play_id":"c6e6cfdd-aacc-4592-975d-dea27132cace","local_time":"20210207185418","is_ascension_mode":false,"campfire_choices":[{"data":"Noxious Fumes","floor":6,"key":"SMITH"},{"data":"Catalyst","floor":13,"key":"SMITH"},{"data":"Infinite Blades","floor":15,"key":"SMITH"},{"data":"Crippling Poison","floor":23,"key":"SMITH"},{"data":"Storm of Steel","floor":25,"key":"SMITH"},{"data":"Accuracy","floor":28,"key":"SMITH"},{"floor":32,"key":"REST"}],"circlet_count":0,"master_deck":["Strike_G","Strike_G","Strike_G","Strike_G","Strike_G","Defend_G","Defend_G","Defend_G","Defend_G","Defend_G","Survivor","Neutralize+1","Deadly Poison","Bane","Noxious Fumes+1","Dagger Spray","Slice+1","Cloak And Dagger","Catalyst+1","Infinite Blades+1","Finisher","Backflip","Distraction","Storm of Steel+1","Crippling Poison+1","Accuracy+1","PiercingWail","Blade Dance","Flying Knee+1","Cloak And Dagger","Cloak And Dagger","Well Laid Plans+1","After Image","Footwork","Noxious Fumes","Acrobatics+1","Blade Dance+1","Footwork","Blade Dance","Parasite"],"relics":["Ring of the Serpent","NeowsBlessing","Vajra","Odd Mushroom","Whetstone","Gremlin Horn","Orichalcum","Tough Bandages","Old Coin","Kunai","Strawberry","Philosopher\u0027s Stone","Bottled Tornado","Torii","MawBank","Mercury Hourglass"],"acts_visited":["Exordium","TheCity","TheBeyond"],"potions_floor_usage":[8,8,16,24,27,27,29,30,38,39,39,42],"damage_taken":[{"damage":0,"enemies":"Jaw Worm","floor":1,"turns":1},{"damage":0,"enemies":"Small Slimes","floor":2,"turns":1},{"damage":0,"enemies":"2 Louse","floor":4,"turns":1},{"damage":14,"enemies":"The Mushroom Lair","floor":7,"turns":4},{"damage":8,"enemies":"Gremlin Nob","floor":8,"turns":4},{"damage":0,"enemies":"Looter","floor":10,"turns":2},{"damage":17,"enemies":"3 Sentries","floor":11,"turns":7},{"damage":0,"enemies":"Large Slime","floor":14,"turns":3},{"damage":13,"enemies":"Hexaghost","floor":16,"turns":7},{"damage":4,"enemies":"3 Byrds","floor":18,"turns":5},{"damage":4,"enemies":"Chosen","floor":21,"turns":4},{"damage":20,"enemies":"Snake Plant","floor":22,"turns":5},{"damage":17,"enemies":"Shelled Parasite and Fungi","floor":24,"turns":5},{"damage":8,"enemies":"Centurion and Healer","floor":27,"turns":3},{"damage":0,"enemies":"3 Cultists","floor":29,"turns":4},{"damage":12,"enemies":"Colosseum Slavers","floor":30,"turns":3},{"damage":1,"enemies":"Colosseum Nobs","floor":30,"turns":3},{"damage":2,"enemies":"Book of Stabbing","floor":31,"turns":5},{"damage":28,"enemies":"Automaton","floor":33,"turns":10},{"damage":7,"enemies":"3 Darklings","floor":35,"turns":4},{"damage":10,"enemies":"Orb Walker","floor":37,"turns":4},{"damage":24,"enemies":"4 Shapes","floor":38,"turns":4},{"damage":0,"enemies":"Writhing Mass","floor":39,"turns":5},{"damage":9,"enemies":"Sphere and 2 Shapes","floor":40,"turns":5},{"damage":15,"enemies":"Transient","floor":41,"turns":5},{"damage":0,"enemies":"2 Orb Walkers","floor":42,"turns":1},{"damage":32,"enemies":"Nemesis","floor":45,"turns":7},{"damage":36,"enemies":"Writhing Mass","floor":46,"turns":4}],"seed_played":"1238786200950378887","potions_obtained":[{"floor":1,"key":"Poison Potion"},{"floor":7,"key":"Block Potion"},{"floor":10,"key":"DuplicationPotion"},{"floor":11,"key":"PowerPotion"},{"floor":16,"key":"GamblersBrew"},{"floor":22,"key":"EssenceOfSteel"},{"floor":24,"key":"DuplicationPotion"},{"floor":27,"key":"Regen Potion"},{"floor":33,"key":"Fire Potion"},{"floor":37,"key":"FearPotion"},{"floor":38,"key":"SkillPotion"},{"floor":40,"key":"SmokeBomb"}],"is_trial":false,"path_per_floor":["M","M","?","M","$","R","?","E","T","M","E","$","R","M","R","B",null,"M","$","?","M","M","R","M","R","T","M","R","M","?","E","R","B",null,"M","$","M","M","M","M","M","?","T","?","E","M"],"character_chosen":"THE_SILENT","items_purchased":["Dagger Spray","Finisher","Backflip","Accuracy","PiercingWail","Bottled Tornado","Noxious Fumes","Torii"],"campfire_rested":1,"item_purchase_floors":[5,12,12,19,19,36,36,36],"current_hp_per_floor":[70,70,70,70,70,70,56,48,48,48,31,31,31,31,31,18,70,66,66,66,62,42,42,25,25,25,17,17,29,16,21,44,16,77,70,70,60,36,36,27,12,12,12,67,35,0,0],"gold":194,"neow_bonus":"THREE_ENEMY_KILL","is_daily":false,"chose_seed":false,"campfire_upgraded":6,"win_rate":0.0,"timestamp":1612695258,"path_taken":["M","M","?","M","$","R","?","E","T","M","E","?","R","M","R","BOSS","M","$","?","M","M","R","M","R","T","M","R","M","?","E","R","BOSS","M","$","M","M","M","M","M","?","T","?","E","M"],"items_purchased_type":["Card","Card","Card","Card","Card","Relic","Card","Relic"],"build_version":"2020-12-22","purchased_purges":1,"victory":false,"max_hp_per_floor":[70,70,70,70,70,70,70,70,70,70,70,70,70,70,70,70,70,70,70,70,70,70,70,70,70,70,70,70,70,70,77,77,77,77,77,77,77,77,77,77,77,77,77,67,67,67,67],"relic_stats":{"Tough Bandages":[216],"Gremlin Horn":[19,19],"Torii":8,"counters":[28,116],"Whetstone":["Neutralize","Slice"],"Kunai":[43],"Orichalcum":[150],"MawBank":36,"obtain_stats":[{"NeowsBlessing":0,"Gremlin Horn":9,"Torii":36,"Vajra":3,"Whetstone":8,"Odd Mushroom":7,"Orichalcum":11,"Bottled Tornado":36,"MawBank":43,"Old Coin":30,"Mercury Hourglass":45,"Tough Bandages":26,"Strawberry":31,"Philosopher\u0027s Stone":34,"Kunai":30,"Ring of the Serpent":17,"Ring of the Snake":0},{"NeowsBlessing":0,"Gremlin Horn":5,"Torii":20,"Vajra":2,"Whetstone":5,"Odd Mushroom":4,"Orichalcum":7,"Bottled Tornado":20,"MawBank":26,"Old Coin":17,"Mercury Hourglass":27,"Tough Bandages":13,"Strawberry":18,"Philosopher\u0027s Stone":19,"Kunai":17,"Ring of the Serpent":9,"Ring of the Snake":0},{"NeowsBlessing":0,"Gremlin Horn":11,"Torii":81,"Vajra":2,"Whetstone":11,"Odd Mushroom":7,"Orichalcum":20,"Bottled Tornado":81,"MawBank":105,"Old Coin":62,"Mercury Hourglass":112,"Tough Bandages":49,"Strawberry":67,"Philosopher\u0027s Stone":77,"Kunai":62,"Ring of the Serpent":30,"Ring of the Snake":0}],"Mercury Hourglass":[12]},"card_choices":[{"not_picked":["Dagger Spray","Cloak And Dagger"],"picked":"Deadly Poison","floor":1},{"not_picked":["Dagger Throw","Slice"],"picked":"Bane","floor":2},{"not_picked":["Blur","Dagger Spray"],"picked":"Noxious Fumes","floor":4},{"not_picked":["Sucker Punch","Deflect"],"picked":"Slice","floor":7},{"not_picked":["Footwork","Acrobatics"],"picked":"Cloak And Dagger","floor":8},{"not_picked":["PiercingWail","Slice"],"picked":"Catalyst","floor":10},{"not_picked":["A Thousand Cuts","Accuracy"],"picked":"Infinite Blades","floor":11},{"not_picked":["Sucker Punch","Calculated Gamble"],"picked":"Distraction","floor":14},{"not_picked":["Wraith Form v2","Doppelganger"],"picked":"Storm of Steel","floor":16},{"not_picked":["Poisoned Stab","Flechettes"],"picked":"Crippling Poison","floor":18},{"not_picked":["Dodge and Roll","Deflect+1"],"picked":"Blade Dance","floor":21},{"not_picked":["Tactician","Slice"],"picked":"Flying Knee+1","floor":22},{"not_picked":["Deflect+1","Terror"],"picked":"Cloak And Dagger","floor":24},{"not_picked":["Footwork","Escape Plan","PiercingWail"],"picked":"SKIP","floor":27},{"not_picked":["Sucker Punch+1","Heel Hook"],"picked":"Cloak And Dagger","floor":29},{"not_picked":["PiercingWail+1","Blur"],"picked":"Well Laid Plans+1","floor":30},{"not_picked":["Caltrops","Endless Agony","A Thousand Cuts"],"picked":"SKIP","floor":31},{"not_picked":["Grand Finale","A Thousand Cuts"],"picked":"After Image","floor":33},{"not_picked":["Flying Knee","Dagger Spray+1"],"picked":"Footwork","floor":35},{"not_picked":["Heel Hook","Crippling Poison+1"],"picked":"Acrobatics+1","floor":37},{"not_picked":["Skewer","PiercingWail"],"picked":"Blade Dance+1","floor":38},{"not_picked":["All Out Attack+1","Terror"],"picked":"Footwork","floor":39},{"not_picked":["Dash","Finisher"],"picked":"Blade Dance","floor":40},{"not_picked":["Riddle With Holes+1","Setup","Heel Hook+1"],"picked":"SKIP","floor":41},{"not_picked":["Poisoned Stab","Underhanded Strike+1","Dodge and Roll"],"picked":"SKIP","floor":45}],"player_experience":61870,"relics_obtained":[{"floor":7,"key":"Odd Mushroom"},{"floor":8,"key":"Whetstone"},{"floor":9,"key":"Gremlin Horn"},{"floor":11,"key":"Orichalcum"},{"floor":26,"key":"Tough Bandages"},{"floor":30,"key":"Old Coin"},{"floor":30,"key":"Kunai"},{"floor":31,"key":"Strawberry"},{"floor":43,"key":"MawBank"},{"floor":45,"key":"Mercury Hourglass"}],"event_choices":[{"damage_healed":0,"gold_gain":0,"player_choice":"Box","damage_taken":0,"relics_obtained":["Vajra"],"max_hp_gain":0,"max_hp_loss":0,"event_name":"Big Fish","floor":3,"gold_loss":0,"cards_obtained":["Regret"]},{"damage_healed":0,"gold_gain":0,"player_choice":"Fought Mushrooms","damage_taken":0,"max_hp_gain":0,"max_hp_loss":0,"event_name":"Mushrooms","floor":7,"gold_loss":0},{"damage_healed":0,"gold_gain":0,"player_choice":"Ignored","damage_taken":0,"max_hp_gain":0,"max_hp_loss":0,"event_name":"Vampires","floor":20,"gold_loss":0},{"damage_healed":0,"gold_gain":0,"player_choice":"Fight","damage_taken":0,"max_hp_gain":0,"max_hp_loss":0,"event_name":"Colosseum","floor":30,"gold_loss":0},{"damage_healed":0,"gold_gain":0,"player_choice":"Fought Nobs","damage_taken":0,"max_hp_gain":0,"max_hp_loss":0,"event_name":"Colosseum","floor":30,"gold_loss":0},{"damage_healed":0,"gold_gain":0,"player_choice":"Fight","damage_taken":0,"max_hp_gain":0,"max_hp_loss":0,"event_name":"Mysterious Sphere","floor":42,"gold_loss":0},{"damage_healed":67,"gold_gain":0,"player_choice":"Heal","damage_taken":0,"max_hp_gain":0,"max_hp_loss":10,"event_name":"The Moai Head","floor":44,"gold_loss":0}],"is_beta":false,"boss_relics":[{"not_picked":["Busted Crown","Empty Cage"],"picked":"Ring of the Serpent"},{"not_picked":["Calling Bell","Astrolabe"],"picked":"Philosopher\u0027s Stone"}],"items_purged_floors":[5],"is_endless":false,"potions_floor_spawned":[1,7,10,11,16,22,24,27,33,37,38,40],"killed_by":"Writhing Mass","ascension_level":0}}