{"host":"lne8wiuoeo5kx55p","time":1612668354,"event":{"mods":["BaseMod","Colored Map","Colored Powertips","Googly Eyes","Minty Spire (QoL Compilation)","Replay The Spire","StSLib"],"gold_per_floor":[110,110,9999,10013,9315,9341,9357,9357,9384,9359,8551,8551,8551,8564,8564,8564,8564],"floor_reached":16,"language":"ZHS","playtime":780,"items_purged":["Defend_B","Strike_B"],"score":105,"play_id":"5e639a0f-3230-45c4-8436-c693964a0e83","local_time":"20210207112554","is_ascension_mode":true,"campfire_choices":[{"data":"FIFO Queue","floor":8,"key":"SMITH"},{"floor":15,"key":"DIG"}],"circlet_count":0,"master_deck":["Strike_B","Strike_B","Strike_B","Defend_B","Defend_B","Defend_B","Zap","Dualcast","Crystallizer","ReplaySort","Consume","FIFO Queue+1","Sweeping Beam+1","Tempest"],"relics":["Cracked Core","NeowsBlessing","Molten Egg 2","Bronze Scales","Strange Spoon","Oddly Smooth Stone","Smiling Mask","InkBottle","Du-Vu Doll","Toolbox","Dream Catcher","Darkstone Periapt"],"acts_visited":[],"potions_floor_usage":[16,16],"damage_taken":[{"damage":0,"enemies":"2 Louse","floor":1,"turns":1},{"damage":0,"enemies":"Small Slimes","floor":3,"turns":1},{"damage":0,"enemies":"Jaw Worm","floor":4,"turns":1},{"damage":24,"enemies":"Gremlin Nob","floor":6,"turns":4},{"damage":16,"enemies":"3 Louse","floor":7,"turns":3},{"damage":9,"enemies":"2 Fungi Beasts","floor":14,"turns":3},{"damage":53,"enemies":"The Guardian","floor":16,"turns":6}],"seed_played":"-8392206015746663932","potions_obtained":[{"floor":1,"key":"SmokeBomb"},{"floor":7,"key":"SteroidPotion"},{"floor":14,"key":"SkillPotion"}],"is_trial":false,"path_per_floor":["M","?","M","M","$","E","M","R","T","?","$","?","?","M","R_BF","B"],"character_chosen":"DEFECT","items_purchased":["Molten Egg 2","Bronze Scales","Strange Spoon","Venom Potion","InkBottle","Du-Vu Doll","Toolbox","Sweeping Beam+1"],"campfire_rested":0,"item_purchase_floors":[5,5,5,5,11,11,11,11],"current_hp_per_floor":[75,75,75,75,75,51,35,35,35,35,35,60,60,51,51,0,0],"gold":8564,"neow_bonus":"THREE_ENEMY_KILL","is_daily":false,"chose_seed":false,"campfire_upgraded":1,"win_rate":0.0,"timestamp":1612668354,"path_taken":["M","?","M","M","$","E","M","R","T","?","$","?","?","M","R_BF","BOSS"],"items_purchased_type":["Relic","Relic","Relic","Potion","Relic","Relic","Relic","Card"],"build_version":"2020-12-22","purchased_purges":2,"victory":false,"max_hp_per_floor":[75,75,75,75,75,75,75,75,75,75,75,75,75,75,75,75,75],"card_choices":[{"not_picked":["ReplaySort","Lockon"],"picked":"Crystallizer","floor":1},{"not_picked":["Hologram","Barrage","Skim"],"picked":"SKIP","floor":3},{"not_picked":["Barrage","White Noise"],"picked":"ReplaySort","floor":4},{"not_picked":["ReplayTheSpireMod:Repulse","ReplaySolidLightProjector"],"picked":"Consume","floor":6},{"not_picked":["Streamline+1","Rebound+1"],"picked":"FIFO Queue","floor":7},{"not_picked":["ReplaySolidLightProjector","Panic Button"],"picked":"Tempest","floor":14}],"player_experience":49950,"relics_obtained":[{"floor":6,"key":"Oddly Smooth Stone"},{"floor":9,"key":"Smiling Mask"},{"floor":15,"key":"Darkstone Periapt"}],"event_choices":[{"damage_healed":0,"gold_gain":0,"player_choice":"Ignored","damage_taken":0,"max_hp_gain":0,"max_hp_loss":0,"event_name":"Liars Game","floor":2,"gold_loss":0},{"damage_healed":0,"gold_gain":0,"player_choice":"Left Gold","damage_taken":0,"max_hp_gain":0,"max_hp_loss":0,"event_name":"World of Goop","floor":10,"gold_loss":25},{"damage_healed":25,"gold_gain":0,"player_choice":"Banana","damage_taken":0,"max_hp_gain":0,"max_hp_loss":0,"event_name":"Big Fish","floor":12,"gold_loss":0},{"damage_healed":0,"gold_gain":0,"player_choice":"Searched \u00271\u0027 times","damage_taken":0,"relics_obtained":["Dream Catcher"],"max_hp_gain":0,"max_hp_loss":0,"event_name":"Dead Adventurer","floor":13,"gold_loss":0}],"is_beta":false,"boss_relics":[],"items_purged_floors":[5,11],"is_endless":false,"potions_floor_spawned":[1,7,14],"killed_by":"The Guardian","ascension_level":1}}