{"host":"i4vlfbz13gs2xtdj","time":1612668198,"event":{"mods":["2.2 Compatiblity","AchievementEnabler","Act Like it!","Arknights","Aspiration","BaseMod","Bestiary","Better Altar","Better Match","Better Note","Better Sensory Stone","Better Skull","Better Third Choice","BetterRewards","CatGirl Mod","Challenge The Spire","Colored Map","Colored Powertips","Curses Come First","Defuse TimeMaze Blight","Elementarium","Energized Spire","Fox Events","Friendly Minions","GifTheSpireLib","Halation","Hubris","Infinite Spire","Jedi Mod","Marked Mod","Minty Spire (QoL Compilation)","Pale of the Ancients","Potionbrewer","Rare Cards Sparkle","Relic Sorter","Relic Stats","Reliquary","Replay The Spire","Shop Mod","Somnambulant","Spicy Shops","Spikes Relics","Spire Arcade","StSLib","Stuff the Spire","The Marked","The Sage","Trackpad","Wandering Minibosses"],"gold_per_floor":[111,111,111,130,130,130,143,143,143,143,28,28,28,44,44,163,163,187,187,187,187,114,114,150,163,190,190,190,224,265,308,308,447,447,463,477,495,395,419,483,483,541,568,608,632,632,632,632,632,652,652,652,24,72,92],"floor_reached":56,"language":"ENG","playtime":4157,"items_purged":["Pain","Strike_G"],"score":1561,"play_id":"6843430a-1fca-4c72-8c45-e098ff460a0c","local_time":"20210206222318","is_ascension_mode":false,"campfire_choices":[{"data":"Neutralize","floor":6,"key":"SMITH"},{"data":"Sucker Punch","floor":10,"key":"SMITH"},{"data":"Survivor","floor":13,"key":"SMITH"},{"data":"Underhanded Strike","floor":15,"key":"SMITH"},{"data":"Elementarium:EarthblessedBlade","floor":23,"key":"SMITH"},{"data":"Tools of the Trade","floor":27,"key":"SMITH"},{"floor":32,"key":"RECALL"},{"data":"ReplayTheSpireMod:Trickstab","floor":41,"key":"SMITH"},{"data":"Chrysalis","floor":46,"key":"SMITH"},{"data":"Burst","floor":49,"key":"SMITH"},{"data":"Elementarium:GildedForm","floor":52,"key":"SMITH"}],"circlet_count":0,"master_deck":["Strike_G","Strike_G","Strike_G","Strike_G","Defend_G","Defend_G","Defend_G","Survivor+1","Neutralize+1","Flying Knee","Sucker Punch+1","Noxious Fumes","Underhanded Strike","Underhanded Strike+1","Infinite Blades","Burst+1","Dash","Elementarium:EarthblessedBlade+1","Elementarium:GildedForm+1","Tools of the Trade+1","Acrobatics+1","Chrysalis+1","ReplayTheSpireMod:Trickstab+1","Outmaneuver+1","Quick Slash+1","Unload","StuffTheSpire:DoubleShiv+1","Flying Knee+1","Dagger Throw+1","Slice+1","Reforge+1"],"relics":["Ring of the Snake","halation:StarCompass","hubris:OldNail","energizedSpire:PogoStick","potionbrewer:Keyblade","MerchantsRug","halation:SelfBoilingWater","ReplayTheSpireMod:Lightbulb","jedi:heavyjacket","WarpedTongs","HoveringKite","hubris:Towel","Ancient Tea Set","hubris:CuriousFeather","aspiration:Lifesprig","trackpad:ByrdBGone","Elementarium:ElementariumTrophy","StuffTheSpire:Gunfinga","InkBottle","Centennial Puzzle","hubris:EmptyBottle","Pen Nib"],"acts_visited":["Exordium","Elementarium:Elementarium","TheBeyond","TheEnding"],"potions_floor_usage":[16,33,40,40,44,54,55,55,55,55,55,55,55,55,55,55,55],"damage_taken":[{"damage":0,"enemies":"Jaw Worm","floor":1,"turns":4},{"damage":3,"enemies":"2 Louse","floor":4,"turns":3},{"damage":2,"enemies":"Cultist","floor":7,"turns":3},{"damage":2,"enemies":"3 Louse","floor":14,"turns":3},{"damage":19,"enemies":"Hexaghost","floor":16,"turns":7},{"damage":0,"enemies":"Elementarium:MUD_AND_TAR_GOLEMS","floor":18,"turns":5},{"damage":18,"enemies":"Elementarium:FIRE_NOBILITY","floor":24,"turns":6},{"damage":0,"enemies":"Elementarium:2_ELEMENTALS","floor":25,"turns":3},{"damage":0,"enemies":"Elementarium:RubyGolem","floor":29,"turns":2},{"damage":20,"enemies":"Elementarium:WarGolem","floor":30,"turns":4},{"damage":3,"enemies":"Elementarium:CYCLONE_AND_LIVING_STORMCLOUD","floor":31,"turns":3},{"damage":5,"enemies":"Elementarium:PHOENIXES","floor":33,"turns":6},{"damage":0,"enemies":"3 Shapes","floor":35,"turns":2},{"damage":0,"enemies":"Orb Walker","floor":36,"turns":2},{"damage":9,"enemies":"4 Shapes","floor":37,"turns":4},{"damage":7,"enemies":"Maw","floor":39,"turns":3},{"damage":6,"enemies":"Nightmare","floor":40,"turns":4},{"damage":0,"enemies":"Reptomancer","floor":42,"turns":3},{"damage":0,"enemies":"Nemesis","floor":44,"turns":3},{"damage":0,"enemies":"Jaw Worm Horde","floor":45,"turns":1},{"damage":24,"enemies":"infinitespire:MassOfShapes","floor":50,"turns":4},{"damage":0,"enemies":"Shield and Spear","floor":54,"turns":3},{"damage":4,"enemies":"The Heart","floor":55,"turns":4}],"seed_played":"-6187354343205839743","potions_obtained":[{"floor":1,"key":"potionbrewer:NoxiousPotion"},{"floor":16,"key":"Cursed Concoction"},{"floor":18,"key":"SteroidPotion"},{"floor":25,"key":"potionbrewer:AcidPotion"},{"floor":29,"key":"potionbrewer:ToxicPotion"},{"floor":35,"key":"potionbrewer:CleansingPotion"},{"floor":39,"key":"potionbrewer:BoundlessPotion"},{"floor":42,"key":"Languid Potion"}],"is_trial":false,"path_per_floor":["M","?","?","M","?","R","M","?","T","R","$","?","R","M","R","B",null,"M","?","?","?","$","R","E","M","T","R","?","M","E","M","R_BF","B",null,"M","M","M","NS","M","NM","R","E","T","E","M","R","?","?","R","B",null,"R","$","E","B",null],"character_chosen":"THE_SILENT","items_purchased":["jedi:fakemustache","hubris:OldNail","potionbrewer:Keyblade","MerchantsRug","halation:SelfBoilingWater","ReplayTheSpireMod:Lightbulb","Underhanded Strike","Ancient Tea Set","Reforge+1","Centennial Puzzle","hubris:EmptyBottle","potionbrewer:SplittingPotion","Swift Potion","Ancient Potion"],"campfire_rested":0,"item_purchase_floors":[0,0,0,0,0,0,11,22,53,53,53,53,53,53],"current_hp_per_floor":[70,70,70,67,50,50,48,53,53,53,63,56,56,54,54,35,75,75,75,75,66,66,66,48,48,48,48,48,48,28,25,25,20,66,66,66,57,57,50,44,44,44,44,44,44,44,44,44,44,20,66,66,66,66,62],"gold":92,"neow_bonus":"","is_daily":false,"chose_seed":false,"campfire_upgraded":10,"win_rate":0.0,"timestamp":1612668198,"path_taken":["M","?","?","?","?","R","M","?","T","R","$","?","R","M","R","BOSS","M","?","?","?","$","R","E","?","T","R","?","M","E","M","R_BF","BOSS","M","M","M","NS","M","NM","R","E","T","E","M","R","?","?","R","BOSS","R","$","E","BOSS"],"items_purchased_type":["Relic","Relic","Relic","Relic","Relic","Relic","Card","Relic","Card","Relic","Relic","Potion","Potion","Potion"],"build_version":"2020-12-22","purchased_purges":2,"victory":true,"max_hp_per_floor":[70,70,70,70,70,70,70,75,75,75,75,75,75,75,75,75,75,75,75,75,66,66,66,66,66,66,66,66,66,66,66,66,66,66,66,66,66,66,66,66,66,66,66,66,66,66,66,66,66,66,66,66,66,66,66],"relic_stats":{"Centennial Puzzle":[3],"counters":[80,275],"HoveringKite":[32],"Pen Nib":[1],"obtain_stats":[{"reliquary:Solitaire":43,"ShockBauble":50,"CeramicFish":25,"Vajra":23,"HoveringKite":17,"infinitespire:Cubic Diamond":2,"trackpad:ByrdBGone":30,"wanderingMiniBosses:OtherGremlinHorn":18,"hubris:MysteriousPyramids":21,"halation:StarCompass":47,"Ring of Searing":39,"jedi:shrinkray":45,"potionbrewer:PotionKit":2,"Replay:Wanted Poster":36,"Sozu":50,"Lizard Tail":37,"Centennial Puzzle":53,"aspiration:BabyByrd":3,"HandDrill":20,"trackpad:CultistFigurine":26,"Toxic Egg 2":42,"Runic Cube":17,"MerchantsRug":20,"Girya":14,"Happy Flower":31,"GiantMaggot":0,"hubris:SphereOfDissonance":46,"Pen Nib":54,"infinitespire:Magic Flask":31,"Akabeko":28,"WarpedTongs":3,"potionbrewer:Torch":9,"infinitespire:EvilPickle":35,"paleoftheancients:Timepiece":50,"jedi:heavyjacket":2,"Replay:Baseball":27,"Elementarium:ElementariumTrophy":33,"Bird Faced Urn":54,"CultistMask":50,"CosmicIsotope":17,"paleoftheancients:SoulOfTheSilent":52,"reliquary:MudwinsCradle":49,"trackpad:WindUpAutoDealer":0,"aspiration:HatOfInfinitePower":58,"Pocketwatch":24,"halation:BlackBeret":31,"energizedSpire:PogoStick":34,"aspiration:Lifesprig":26,"BrokenLever":31,"StoneCalendar":36,"jedi:Pinwheel":11,"jedi:archwizardhat":0,"hubris:EmptyBottle":53,"Ancient Tea Set":22,"Pet Ghost":9,"aspiration:StickyExplosives_weak":26,"ClockworkSouvenir":58,"StuffTheSpire:OccultApparatus":19,"StuffTheSpire:Gunfinga":43,"Chameleon Ring":10,"StuffTheSpire:HeavyRock":20,"hubris:FunFungus":34,"trackpad:Compendium":6,"hubris:CuriousFeather":24,"Ring of Panic":39,"InkBottle":44,"Ring of the Snake":53,"paleoftheancients:BlurryLens":53,"Golden Idol":5,"hubris:Towel":22,"halation:SelfBoilingWater":20,"Sandwich":24,"jedi:windupbox":46,"jedi:fakemustache":0,"ats:Originium":11,"jedi:ominousloannote":31,"Snack Pack":43,"aspiration:RitualDagger":34,"PureWater":0,"halation:LostSnail":7,"potionbrewer:Keyblade":0,"halation:PinkSoulGem":32,"ReplayTheSpireMod:Lightbulb":0,"wanderingMiniBosses:Inkheart":29,"hubris:OldNail":0},{"reliquary:Solitaire":20,"ShockBauble":26,"CeramicFish":13,"Vajra":36,"HoveringKite":62,"infinitespire:Cubic Diamond":28,"trackpad:ByrdBGone":67,"wanderingMiniBosses:OtherGremlinHorn":35,"hubris:MysteriousPyramids":35,"halation:StarCompass":77,"Ring of Searing":19,"jedi:shrinkray":21,"potionbrewer:PotionKit":28,"Replay:Wanted Poster":17,"Sozu":52,"Lizard Tail":44,"Centennial Puzzle":78,"aspiration:BabyByrd":1,"HandDrill":10,"trackpad:CultistFigurine":13,"Toxic Egg 2":75,"Runic Cube":34,"MerchantsRug":10,"Girya":33,"Happy Flower":16,"GiantMaggot":27,"hubris:SphereOfDissonance":49,"Pen Nib":79,"infinitespire:Magic Flask":39,"Akabeko":14,"WarpedTongs":58,"potionbrewer:Torch":4,"infinitespire:EvilPickle":17,"paleoftheancients:Timepiece":52,"jedi:heavyjacket":58,"Replay:Baseball":14,"Elementarium:ElementariumTrophy":40,"Bird Faced Urn":55,"CultistMask":52,"CosmicIsotope":9,"paleoftheancients:SoulOfTheSilent":54,"reliquary:MudwinsCradle":25,"trackpad:WindUpAutoDealer":27,"aspiration:HatOfInfinitePower":56,"Pocketwatch":12,"halation:BlackBeret":16,"energizedSpire:PogoStick":69,"aspiration:Lifesprig":65,"BrokenLever":16,"StoneCalendar":42,"jedi:Pinwheel":6,"jedi:archwizardhat":27,"hubris:EmptyBottle":78,"Ancient Tea Set":63,"Pet Ghost":31,"aspiration:StickyExplosives_weak":37,"ClockworkSouvenir":56,"StuffTheSpire:OccultApparatus":35,"StuffTheSpire:Gunfinga":75,"Chameleon Ring":31,"StuffTheSpire:HeavyRock":10,"hubris:FunFungus":16,"trackpad:Compendium":30,"hubris:CuriousFeather":64,"Ring of Panic":19,"InkBottle":76,"Ring of the Snake":78,"paleoftheancients:BlurryLens":55,"Golden Idol":59,"hubris:Towel":35,"halation:SelfBoilingWater":35,"Sandwich":12,"jedi:windupbox":49,"jedi:fakemustache":57,"ats:Originium":6,"jedi:ominousloannote":16,"Snack Pack":47,"aspiration:RitualDagger":40,"PureWater":0,"halation:LostSnail":30,"potionbrewer:Keyblade":57,"halation:PinkSoulGem":39,"ReplayTheSpireMod:Lightbulb":57,"wanderingMiniBosses:Inkheart":15,"hubris:OldNail":57},{"reliquary:Solitaire":63,"ShockBauble":79,"CeramicFish":42,"Vajra":118,"HoveringKite":213,"infinitespire:Cubic Diamond":89,"trackpad:ByrdBGone":233,"wanderingMiniBosses:OtherGremlinHorn":115,"hubris:MysteriousPyramids":115,"halation:StarCompass":264,"Ring of Searing":59,"jedi:shrinkray":67,"potionbrewer:PotionKit":89,"Replay:Wanted Poster":54,"Sozu":174,"Lizard Tail":148,"Centennial Puzzle":268,"aspiration:BabyByrd":2,"HandDrill":32,"trackpad:CultistFigurine":42,"Toxic Egg 2":260,"Runic Cube":113,"MerchantsRug":32,"Girya":107,"Happy Flower":50,"GiantMaggot":85,"hubris:SphereOfDissonance":161,"Pen Nib":271,"infinitespire:Magic Flask":127,"Akabeko":43,"WarpedTongs":197,"potionbrewer:Torch":11,"infinitespire:EvilPickle":54,"paleoftheancients:Timepiece":174,"jedi:heavyjacket":197,"Replay:Baseball":43,"Elementarium:ElementariumTrophy":133,"Bird Faced Urn":187,"CultistMask":174,"CosmicIsotope":28,"paleoftheancients:SoulOfTheSilent":186,"reliquary:MudwinsCradle":77,"trackpad:WindUpAutoDealer":85,"aspiration:HatOfInfinitePower":188,"Pocketwatch":39,"halation:BlackBeret":50,"energizedSpire:PogoStick":242,"aspiration:Lifesprig":227,"BrokenLever":50,"StoneCalendar":137,"jedi:Pinwheel":16,"jedi:archwizardhat":85,"hubris:EmptyBottle":268,"Ancient Tea Set":218,"Pet Ghost":97,"aspiration:StickyExplosives_weak":121,"ClockworkSouvenir":188,"StuffTheSpire:OccultApparatus":115,"StuffTheSpire:Gunfinga":260,"Chameleon Ring":97,"StuffTheSpire:HeavyRock":32,"hubris:FunFungus":50,"trackpad:Compendium":95,"hubris:CuriousFeather":224,"Ring of Panic":59,"InkBottle":263,"Ring of the Snake":268,"paleoftheancients:BlurryLens":187,"Golden Idol":200,"hubris:Towel":115,"halation:SelfBoilingWater":115,"Sandwich":39,"jedi:windupbox":161,"jedi:fakemustache":193,"ats:Originium":16,"jedi:ominousloannote":50,"Snack Pack":155,"aspiration:RitualDagger":133,"PureWater":0,"halation:LostSnail":95,"potionbrewer:Keyblade":193,"halation:PinkSoulGem":127,"ReplayTheSpireMod:Lightbulb":193,"wanderingMiniBosses:Inkheart":48,"hubris:OldNail":193}],"InkBottle":[10],"Ring of the Snake":[46],"WarpedTongs":[77]},"card_choices":[{"not_picked":["StuffTheSpire:Injection","Backflip"],"picked":"Flying Knee","floor":1},{"not_picked":["Dodge and Roll","Footwork"],"picked":"Sucker Punch","floor":4},{"not_picked":["Dagger Spray","Night Terror"],"picked":"Noxious Fumes","floor":7},{"not_picked":["StuffTheSpire:BrimstoneBlast","Flying Knee"],"picked":"Infinite Blades","floor":14},{"not_picked":["Phantasmal Killer","Corpse Explosion"],"picked":"Burst","floor":16},{"not_picked":["Eviscerate","StuffTheSpire:BrimstoneBlast"],"picked":"Dash","floor":18},{"not_picked":["StuffTheSpire:BrimstoneBlast","Outmaneuver"],"picked":"Tools of the Trade","floor":24},{"not_picked":["Cloak And Dagger","Endless Agony"],"picked":"Acrobatics+1","floor":25},{"not_picked":["Jack Of All Trades","Dark Shackles"],"picked":"Chrysalis","floor":28},{"not_picked":["Trip","jedi:LeechingStrike"],"picked":"ReplayTheSpireMod:Trickstab","floor":28},{"not_picked":["Poisoned Stab","Crippling Poison"],"picked":"Outmaneuver+1","floor":29},{"not_picked":["StuffTheSpire:ClusterCrunch","Calculated Gamble"],"picked":"Bane+1","floor":30},{"not_picked":["Slice","jedi:poisonivy"],"picked":"Quick Slash+1","floor":31},{"not_picked":["Die Die Die","Grand Finale"],"picked":"Unload","floor":33},{"not_picked":["Deflect+1","Catalyst"],"picked":"Choke+1","floor":35},{"not_picked":["Sucker Punch","Deadly Poison+1"],"picked":"StuffTheSpire:DoubleShiv+1","floor":36},{"not_picked":["StuffTheSpire:Repulse","Sucker Punch"],"picked":"Flying Knee+1","floor":37},{"not_picked":["Flying Knee+1","Deadly Poison"],"picked":"Dagger Throw+1","floor":39},{"not_picked":["Outmaneuver+1","Well Laid Plans","StuffTheSpire:Injection"],"picked":"SKIP","floor":40},{"not_picked":["ReplayTheSpireMod:Necrosis+1","Deadly Poison+1"],"picked":"Slice+1","floor":42},{"not_picked":["Underhanded Strike+1","StuffTheSpire:BrimstoneBlast+1","Outmaneuver+1"],"picked":"SKIP","floor":44},{"not_picked":["Slice","Calculated Gamble+1","StuffTheSpire:BumpUp+1"],"picked":"SKIP","floor":45},{"not_picked":["jedi:poisonivy","Dash+1","Sucker Punch"],"picked":"SKIP","floor":54}],"player_experience":354619,"relics_obtained":[{"floor":2,"key":"jedi:heavyjacket"},{"floor":24,"key":"hubris:CuriousFeather"},{"floor":26,"key":"aspiration:Lifesprig"},{"floor":30,"key":"trackpad:ByrdBGone"},{"floor":40,"key":"jedi:shrinkray"},{"floor":42,"key":"Toxic Egg 2"},{"floor":43,"key":"StuffTheSpire:Gunfinga"},{"floor":44,"key":"InkBottle"},{"floor":54,"key":"Pen Nib"}],"event_choices":[{"damage_healed":0,"gold_gain":0,"player_choice":"Rummage","damage_taken":0,"relics_obtained":["WarpedTongs"],"max_hp_gain":0,"max_hp_loss":0,"event_name":"Accursed Blacksmith","floor":3,"gold_loss":0,"cards_obtained":["Pain"]},{"damage_healed":0,"gold_gain":0,"player_choice":"Take Damage","damage_taken":17,"relics_obtained":["Golden Idol"],"max_hp_gain":0,"max_hp_loss":0,"event_name":"Golden Idol","floor":5,"gold_loss":0},{"damage_healed":0,"gold_gain":0,"player_choice":"Donut","damage_taken":0,"max_hp_gain":5,"max_hp_loss":0,"event_name":"Big Fish","floor":8,"gold_loss":0},{"cards_removed":["Defend_G"],"damage_healed":0,"gold_gain":0,"player_choice":"Card Removal","damage_taken":7,"max_hp_gain":0,"max_hp_loss":0,"event_name":"Golden Wing","floor":12,"gold_loss":0},{"damage_healed":0,"gold_gain":0,"player_choice":"Take","damage_taken":0,"max_hp_gain":0,"max_hp_loss":0,"event_name":"Elementarium:BladeSeller","floor":20,"gold_loss":0,"cards_obtained":["Elementarium:EarthblessedBlade"]},{"damage_healed":0,"gold_gain":0,"player_choice":"Dive in","damage_taken":0,"max_hp_gain":0,"max_hp_loss":9,"event_name":"Elementarium:FountainOfGold","floor":21,"gold_loss":0,"cards_obtained":["Elementarium:GildedForm"]},{"damage_healed":0,"gold_gain":0,"player_choice":"Machinery","damage_taken":0,"max_hp_gain":0,"max_hp_loss":0,"event_name":"Elementarium:IncubationChamber","floor":28,"gold_loss":0},{"cards_removed":["Defend_G"],"damage_healed":0,"gold_gain":0,"player_choice":"Purged","damage_taken":0,"max_hp_gain":0,"max_hp_loss":0,"event_name":"Purifier","floor":48,"gold_loss":0}],"is_beta":false,"boss_relics":[{"not_picked":["reliquary:Ember","hubris:RunicObelisk"],"picked":"HoveringKite"},{"not_picked":["ReplayTheSpireMod:SealedPack","StuffTheSpire:RunicConfusion"],"picked":"energizedSpire:PogoStick"}],"items_purged_floors":[11,53],"is_endless":false,"potions_floor_spawned":[1,16,18,25,29,35,39,42,54],"ascension_level":0}}