{"host":"q8niu1x2pgv94o1d","time":1612713384,"event":{"mods":["AchievementEnabler","BaseMod","Colored Map","Colored Powertips","Minty Spire (QoL Compilation)","StSLib"],"gold_per_floor":[116,96,96,109,259,259,286,54,80,115,115,128,128,146,146,146,146],"floor_reached":16,"language":"ENG","playtime":822,"items_purged":["Doubt"],"score":266,"play_id":"e3df9adf-505b-4348-b550-592d7e9603e0","local_time":"20210207165624","is_ascension_mode":true,"campfire_choices":[{"data":"Crippling Poison","floor":6,"key":"SMITH"},{"data":"Finisher","floor":11,"key":"SMITH"},{"data":"Blade Dance","floor":15,"key":"SMITH"}],"circlet_count":0,"master_deck":["AscendersBane","Strike_G","Strike_G","Strike_G","Strike_G","Strike_G","Defend_G+1","Defend_G","Defend_G+1","Defend_G","Defend_G","Survivor","Neutralize","Dagger Throw","Crippling Poison+1","Endless Agony","Finisher+1","Blade Dance+1"],"relics":["Ring of the Snake","NeowsBlessing","Thread and Needle","ClockworkSouvenir","War Paint","Blue Candle","Golden Idol"],"acts_visited":["Exordium"],"potions_floor_usage":[10],"damage_taken":[{"damage":0,"enemies":"2 Louse","floor":1,"turns":1},{"damage":0,"enemies":"Cultist","floor":4,"turns":1},{"damage":0,"enemies":"Lagavulin","floor":7,"turns":2},{"damage":18,"enemies":"3 Sentries","floor":10,"turns":10},{"damage":0,"enemies":"Small Slimes","floor":12,"turns":2},{"damage":0,"enemies":"Looter","floor":14,"turns":1},{"damage":56,"enemies":"Slime Boss","floor":16,"turns":9}],"seed_played":"7606752626839901156","potions_obtained":[{"floor":2,"key":"DistilledChaos"},{"floor":4,"key":"Ancient Potion"},{"floor":10,"key":"Energy Potion"}],"is_trial":false,"path_per_floor":["M","?","$","M","?","R","E","$","T","E","R","M","?","M","R","B"],"character_chosen":"THE_SILENT","items_purchased":["ClockworkSouvenir"],"campfire_rested":0,"item_purchase_floors":[8],"current_hp_per_floor":[59,59,59,59,59,59,59,59,59,41,41,41,41,41,41,0,0],"gold":146,"neow_bonus":"THREE_ENEMY_KILL","is_daily":false,"chose_seed":false,"campfire_upgraded":3,"win_rate":0.0,"timestamp":1612713384,"path_taken":["M","?","$","?","?","R","E","$","T","E","R","M","?","M","R","BOSS"],"items_purchased_type":["Relic"],"build_version":"2020-12-22","purchased_purges":1,"victory":false,"max_hp_per_floor":[66,66,66,66,66,66,66,66,66,66,66,66,60,60,60,60,60],"card_choices":[{"not_picked":["Well Laid Plans","Skewer"],"picked":"Dagger Throw","floor":1},{"not_picked":["Flying Knee","Deadly Poison"],"picked":"Crippling Poison","floor":4},{"not_picked":["Prepared","PiercingWail"],"picked":"Endless Agony","floor":7},{"not_picked":["Outmaneuver","Sucker Punch"],"picked":"Finisher","floor":10},{"not_picked":["Slice","Sucker Punch","Expertise"],"picked":"SKIP","floor":12},{"not_picked":["Bane","Heel Hook"],"picked":"Blade Dance","floor":14}],"player_experience":1821896,"relics_obtained":[{"floor":7,"key":"Thread and Needle"},{"floor":9,"key":"War Paint"},{"floor":10,"key":"Blue Candle"}],"event_choices":[{"damage_healed":0,"gold_gain":0,"player_choice":"Bought 1 Potion","damage_taken":0,"max_hp_gain":0,"max_hp_loss":0,"event_name":"The Woman in Blue","floor":2,"gold_loss":0},{"damage_healed":0,"gold_gain":150,"player_choice":"AGREE","damage_taken":0,"max_hp_gain":0,"max_hp_loss":0,"event_name":"Liars Game","floor":5,"gold_loss":0,"cards_obtained":["Doubt"]},{"damage_healed":0,"gold_gain":0,"player_choice":"Lose Max HP","damage_taken":0,"relics_obtained":["Golden Idol"],"max_hp_gain":0,"max_hp_loss":6,"event_name":"Golden Idol","floor":13,"gold_loss":0}],"is_beta":false,"boss_relics":[],"items_purged_floors":[8],"is_endless":false,"potions_floor_spawned":[4,10],"killed_by":"Slime Boss","ascension_level":20}}