{"host":"zyn2zcp8fez1ptuq","time":1612719560,"event":{"mods":["BaseMod","BetterRewards","Bossed Relics","Downfall","Hermit","Hubris","Infinite Spire","Minty Spire (QoL Compilation)","Replay The Spire","Robot Space Explorer","Shade Mod","Shop Mod","StSLib","The Animator","The Cursed","The Jungle","The Marked","The Necromancer"],"gold_per_floor":[99,112,1,21,31,31,57,73,83,96,196,210,210,224,244,244,244,244],"floor_reached":16,"language":"ENG","playtime":1109,"items_purged":[],"score":98,"play_id":"a84955c2-8270-40d5-ac29-51cb214eaf4a","local_time":"20210207123920","is_ascension_mode":false,"campfire_choices":[{"data":"bronze:Replicate","floor":1,"key":"SMITH"},{"data":"bronze:Deprecate","floor":6,"key":"SMITH"},{"floor":13,"key":"REST"}],"circlet_count":0,"master_deck":["bronze:Strike","bronze:Strike","bronze:Strike","bronze:Strike","bronze:Defend","bronze:Defend","bronze:Defend","bronze:Defend","bronze:Replicate+1","bronze:Goto","bronze:ClassDefault","bronze:WildBeam","bronze:Deprecate+1","bronze:FineTuning","bronze:WhirlingStrike","bronze:DelayedSlice","bronze:Overload","bronze:Turbo","bronze:ForLoop","bronze:DelayedGuard","bronze:CloningBeam","bronze:Branch"],"relics":["bronze:BronzeCore","Regal Pillow"],"acts_visited":["Exordium"],"potions_floor_usage":[16,16],"damage_taken":[{"damage":1,"enemies":"Cultist","floor":2,"turns":3},{"damage":0,"enemies":"downfall:FleeingMerchant","floor":3,"turns":4},{"damage":0,"enemies":"Small Slimes","floor":4,"turns":3},{"damage":6,"enemies":"Jaw Worm","floor":5,"turns":2},{"damage":6,"enemies":"3 Louse","floor":8,"turns":2},{"damage":17,"enemies":"Large Slime","floor":9,"turns":5},{"damage":12,"enemies":"Gremlin Gang","floor":10,"turns":3},{"damage":14,"enemies":"Blue Slaver","floor":12,"turns":3},{"damage":8,"enemies":"Red Slaver","floor":14,"turns":2},{"damage":7,"enemies":"Gremlin Gang","floor":15,"turns":3},{"damage":58,"enemies":"IC_STATUS_ARCHETYPE","floor":16,"turns":10}],"seed_played":"-4615544788911688849","potions_obtained":[{"floor":4,"key":"hexamod:SoulburnPotion"},{"floor":8,"key":"sneckomod:MuddlingPotion"},{"floor":15,"key":"bronze:FreeFunctionsPotion"}],"is_trial":false,"path_per_floor":["R","M","$","M","M","R","T","M","M","M","?","M","R","M","M","B"],"character_chosen":"THE_AUTOMATON","items_purchased":["bronze:Deprecate","bronze:FineTuning"],"campfire_rested":1,"item_purchase_floors":[3,3],"current_hp_per_floor":[77,76,76,76,70,70,70,64,47,35,35,21,59,51,44,0,0,0],"gold":244,"neow_bonus":"TEN_PERCENT_HP_BONUS","is_daily":false,"chose_seed":false,"campfire_upgraded":2,"win_rate":0.0,"timestamp":1612719560,"path_taken":["R","M","$","M","M","R","T","M","?","M","?","?","R","M","M","BOSS"],"items_purchased_type":["Card","Card"],"build_version":"2020-12-22","purchased_purges":0,"victory":false,"max_hp_per_floor":[77,77,77,77,77,77,77,77,77,77,77,77,77,77,77,77,77,77],"card_choices":[{"not_picked":["bronze:WildBeam","bronze:Invalidate"],"picked":"bronze:ClassDefault","floor":2},{"not_picked":["bronze:Overload","bronze:GetLatest"],"picked":"bronze:WildBeam","floor":3},{"not_picked":["bronze:CutThrough","bronze:NullPointer"],"picked":"bronze:WhirlingStrike","floor":4},{"not_picked":["bronze:OilSpill","bronze:Boost"],"picked":"bronze:DelayedSlice","floor":5},{"not_picked":["bronze:Iterate","bronze:FineTuning"],"picked":"bronze:Overload","floor":8},{"not_picked":["bronze:Boost","bronze:Branch"],"picked":"bronze:Turbo","floor":9},{"not_picked":["bronze:WildBeam","bronze:Turbo"],"picked":"bronze:ForLoop","floor":10},{"not_picked":["bronze:WhirlingStrike","bronze:WildBeam"],"picked":"bronze:DelayedGuard","floor":12},{"not_picked":["bronze:Return","bronze:ForceShield"],"picked":"bronze:CloningBeam","floor":14},{"not_picked":["bronze:BitShift","bronze:WildBeam"],"picked":"bronze:Branch","floor":15}],"player_experience":503346,"relics_obtained":[{"floor":7,"key":"Regal Pillow"}],"event_choices":[],"is_beta":false,"boss_relics":[],"items_purged_floors":[],"is_endless":false,"potions_floor_spawned":[4,8,15],"killed_by":"IC_STATUS_ARCHETYPE","ascension_level":0}}