{"host":"xp5rvh2jwe2ejyfm","time":1612733826,"event":{"mods":["2.2 Compatiblity","Aspiration","BaseMod","Better Altar","Better Match","Better Note","Better Sensory Stone","Better Skull","BetterRewards","Colored Powertips","Conspire","Downfall","GifTheSpireLib","Gremlin Mod","GungeonMod","Hermit","Hubris","Jorbs\u0027s Wanderer Trilogy","Minty Spire (QoL Compilation)","Potionbrewer","Quick Restart","Replay The Spire","Robot Space Explorer","Shade Mod","Somnambulant","StSLib","The Bug Knight","The Clintock","The Construct","The Cursed","The Disciple","The Forsaken","The Hierophant","The Necromancer","The Runesmith","The Servant 0.9.4","The Valiant","The Witch","TheFirefly","thorton"],"gold_per_floor":[114,127,138,65,78,78,90,126,126,137,137,147,147,158,158,265,265,280,399,65,78,78,78,78],"floor_reached":23,"language":"ENG","playtime":980,"items_purged":[],"score":195,"play_id":"c2294e6c-18ab-49cf-8f66-326dcbeb42cb","local_time":"20210207163706","is_ascension_mode":false,"campfire_choices":[{"data":"DemoMod:ManualReload","floor":6,"key":"SMITH"},{"floor":11,"key":"REST"},{"data":"DemoMod:PotionOfGunFriendShip","floor":15,"key":"SMITH"}],"circlet_count":0,"master_deck":["DemoMod:Strike_Huntress","DemoMod:Strike_Huntress","DemoMod:Strike_Huntress","DemoMod:Defend_Huntress","DemoMod:Defend_Huntress","DemoMod:Defend_Huntress","DemoMod:Defend_Huntress","DemoMod:Roll","DemoMod:ManualReload+1","DemoMod:RustySidearm","DemoMod:CrossBow","DemoMod:LifeOrb","DemoMod:HuntsMan","DemoMod:PotionOfGunFriendShip+1","DemoMod:PotionOfGunFriendShip","DemoMod:StickyCrossBow","DemoMod:ZorGun","DemoMod:SniperShot","DemoMod:HungryBullets","DemoMod:ChanceBullets","DemoMod:TableSutra","DemoMod:ThirdPartyController","DemoMod:DoubleVision","DemoMod:DoubleSwitch","DemoMod:TripleGun","DemoMod:TripleGun"],"relics":["DemoMod:Dog","NeowsBlessing","ReplayTheSpireMod:Lightbulb","construct:ClawGrip","aspiration:FetidBarrel"],"acts_visited":["Exordium","TheCity"],"potions_floor_usage":[5,8,10,23,23],"damage_taken":[{"damage":0,"enemies":"Cultist","floor":1,"turns":1},{"damage":0,"enemies":"2 Louse","floor":2,"turns":1},{"damage":0,"enemies":"Jaw Worm","floor":3,"turns":1},{"damage":7,"enemies":"Blue Slaver","floor":5,"turns":2},{"damage":15,"enemies":"Exordium Wildlife","floor":7,"turns":2},{"damage":36,"enemies":"Gremlin Nob","floor":8,"turns":4},{"damage":5,"enemies":"Looter","floor":10,"turns":2},{"damage":22,"enemies":"Red Slaver","floor":12,"turns":4},{"damage":23,"enemies":"Exordium Thugs","floor":14,"turns":6},{"damage":39,"enemies":"Slime Boss","floor":16,"turns":15},{"damage":23,"enemies":"2 Thieves","floor":18,"turns":5},{"damage":11,"enemies":"Chosen","floor":21,"turns":5},{"damage":36,"enemies":"Gremlin Leader","floor":23,"turns":4}],"seed_played":"5805240394343823092","potions_obtained":[{"floor":2,"key":"Fire Potion"},{"floor":3,"key":"Strength Potion"},{"floor":8,"key":"Toxic Potion"},{"floor":14,"key":"BlessingOfTheForge"},{"floor":16,"key":"BlessingOfTheForge"},{"floor":21,"key":"potionbrewer:DiscountPotion"}],"is_trial":false,"path_per_floor":["M","M","M","$","M","R","M","E","T","M","R","M","?","M","R","B",null,"M","?","$","M","?","E"],"character_chosen":"HUNTRESS","items_purchased":["DemoMod:PotionOfGunFriendShip","DemoMod:StickyCrossBow","aspiration:FetidBarrel","DemoMod:TripleGun"],"campfire_rested":1,"item_purchase_floors":[4,4,20,20],"current_hp_per_floor":[70,70,70,70,63,63,48,12,12,7,28,6,70,47,47,8,70,47,47,47,36,36,0,0],"gold":78,"neow_bonus":"THREE_ENEMY_KILL","is_daily":false,"chose_seed":false,"campfire_upgraded":2,"win_rate":0.0,"timestamp":1612733826,"path_taken":["M","M","M","$","M","R","M","E","T","M","R","M","?","?","R","BOSS","M","?","$","M","?","E"],"items_purchased_type":["Card","Card","Relic","Card"],"build_version":"2020-12-22","purchased_purges":0,"victory":false,"max_hp_per_floor":[70,70,70,70,70,70,70,70,70,70,70,70,70,70,70,70,70,70,70,70,70,70,70,70],"card_choices":[{"not_picked":["DemoMod:MachoBrace","DemoMod:BoxingGlove"],"picked":"DemoMod:LifeOrb","floor":1},{"not_picked":["DemoMod:AC15","DemoMod:BattleInHaste"],"picked":"DemoMod:HuntsMan","floor":1},{"not_picked":["DemoMod:HuntsMan","DemoMod:ZorGun"],"picked":"DemoMod:PotionOfGunFriendShip","floor":2},{"not_picked":["DemoMod:MachoBrace","DemoMod:DoubleSwitch"],"picked":"DemoMod:CursedBullets","floor":3},{"not_picked":["DemoMod:BoxingGlove","DemoMod:FightSabre"],"picked":"DemoMod:ZorGun","floor":5},{"not_picked":["DemoMod:FastSwitch","DemoMod:DirectionalPad"],"picked":"DemoMod:SniperShot","floor":7},{"not_picked":["DemoMod:Polaris","DemoMod:Ejector"],"picked":"DemoMod:HungryBullets","floor":8},{"not_picked":["DemoMod:GunShield","DemoMod:SkilledReload"],"picked":"DemoMod:ChanceBullets","floor":10},{"not_picked":["DemoMod:FastSwitch","DemoMod:JK47"],"picked":"DemoMod:TableSutra","floor":12},{"not_picked":["DemoMod:BattleInHaste","DemoMod:JK47"],"picked":"DemoMod:ThirdPartyController","floor":14},{"not_picked":["DemoMod:BalloonGun","DemoMod:Slinger"],"picked":"DemoMod:DoubleVision","floor":16},{"not_picked":["DemoMod:BoxingGlove+1","DemoMod:JK47"],"picked":"DemoMod:DoubleSwitch","floor":18},{"not_picked":["DemoMod:Polaris","DemoMod:TeaPot+1"],"picked":"DemoMod:TripleGun","floor":21}],"player_experience":464853,"relics_obtained":[{"floor":8,"key":"ReplayTheSpireMod:Lightbulb"}],"event_choices":[{"cards_removed":["DemoMod:CursedBullets"],"damage_healed":64,"gold_gain":0,"player_choice":"Offered Uncommon","damage_taken":0,"max_hp_gain":0,"max_hp_loss":0,"event_name":"Bonfire Elementals","floor":13,"gold_loss":0},{"damage_healed":0,"gold_gain":0,"player_choice":"Ignored","damage_taken":0,"max_hp_gain":0,"max_hp_loss":0,"event_name":"N\u0027loth","floor":22,"gold_loss":0}],"is_beta":false,"boss_relics":[{"not_picked":["Velvet Choker","aspiration:RitualDagger"],"picked":"construct:ClawGrip"}],"items_purged_floors":[],"is_endless":false,"potions_floor_spawned":[2,3,8,14,16,21],"killed_by":"Gremlin Leader","ascension_level":0}}