{"host":"3fd6e6c5cltq175f","time":1612661449,"event":{"mods":["AchievementEnabler","BaseMod","Colored Map","Colored Powertips","DeckTracker","Minty Spire (QoL Compilation)"],"gold_per_floor":[51,51,51,0,36,86,156,207,270,318,366,378,403,490,502,662,674,686,686],"floor_reached":18,"language":"ENG","playtime":626,"items_purged":[],"score":224,"play_id":"14d063ae-e7a3-477a-bcb4-5bea0c47ee57","local_time":"20210207023048","is_ascension_mode":true,"campfire_choices":[{"floor":12,"key":"REST"},{"data":"Heavy Blade","floor":15,"key":"SMITH"}],"circlet_count":0,"master_deck":["Strike_R","Strike_R","Defend_R","Defend_R","Defend_R","Defend_R","Bash+1","HandOfGreed+1","Flame Barrier+1","Spot Weakness","Ghostly Armor","Uppercut","Battle Trance","Heavy Blade+1","Impervious","Clothesline+1","Shrug It Off+1","Armaments+1"],"relics":["Burning Blood","Kunai","MawBank","Vajra","Astrolabe"],"acts_visited":["Exordium","TheCity"],"potions_floor_usage":[6,6,8,11,13,16],"damage_taken":[{"damage":9,"enemies":"2 Louse","floor":1,"turns":4},{"damage":7,"enemies":"Jaw Worm","floor":5,"turns":2},{"damage":21,"enemies":"Lagavulin","floor":6,"turns":7},{"damage":6,"enemies":"Small Slimes","floor":7,"turns":4},{"damage":35,"enemies":"3 Sentries","floor":8,"turns":9},{"damage":0,"enemies":"Blue Slaver","floor":10,"turns":3},{"damage":0,"enemies":"Red Slaver","floor":11,"turns":5},{"damage":1,"enemies":"Looter","floor":13,"turns":4},{"damage":33,"enemies":"Slime Boss","floor":16,"turns":13},{"damage":63,"enemies":"3 Byrds","floor":18,"turns":4}],"seed_played":"2631120837856002562","potions_obtained":[{"floor":1,"key":"FearPotion"},{"floor":7,"key":"PowerPotion"},{"floor":8,"key":"LiquidMemories"},{"floor":10,"key":"Block Potion"},{"floor":11,"key":"PowerPotion"},{"floor":16,"key":"GamblersBrew"}],"is_trial":false,"path_per_floor":["M","?","?","$","M","E","M","E","T","M","M","R","M","?","R","B",null,"M"],"character_chosen":"IRONCLAD","items_purchased":["ColorlessPotion"],"campfire_rested":1,"item_purchase_floors":[4],"current_hp_per_floor":[69,53,53,53,52,37,37,8,8,14,20,44,49,38,38,11,63,0,0],"gold":686,"neow_bonus":"RANDOM_COLORLESS_2","is_daily":false,"chose_seed":false,"campfire_upgraded":1,"win_rate":0.0,"timestamp":1612661448,"path_taken":["M","?","?","$","M","E","M","E","T","M","M","R","M","?","R","BOSS","M"],"items_purchased_type":["Potion"],"build_version":"2020-12-22","purchased_purges":0,"victory":false,"max_hp_per_floor":[80,80,80,80,80,80,80,80,80,80,80,80,80,80,80,80,80,80,80],"card_choices":[{"not_picked":["Violence","Secret Technique"],"picked":"HandOfGreed","floor":0},{"not_picked":["Fire Breathing","Havoc"],"picked":"Flame Barrier","floor":1},{"not_picked":["Sever Soul","Heavy Blade"],"picked":"Spot Weakness","floor":5},{"not_picked":["Warcry","Immolate"],"picked":"Ghostly Armor","floor":6},{"not_picked":["Fire Breathing","Clothesline"],"picked":"Uppercut","floor":7},{"not_picked":["True Grit","Shockwave","Twin Strike"],"picked":"SKIP","floor":8},{"not_picked":["Pommel Strike","Evolve","Sword Boomerang"],"picked":"SKIP","floor":10},{"not_picked":["Anger","Pommel Strike"],"picked":"Battle Trance","floor":11},{"not_picked":["Bloodletting","Thunderclap"],"picked":"Heavy Blade","floor":13},{"not_picked":["Bludgeon","Brutality"],"picked":"Impervious","floor":16}],"player_experience":184730,"relics_obtained":[{"floor":6,"key":"Kunai"},{"floor":8,"key":"MawBank"},{"floor":9,"key":"Vajra"}],"event_choices":[{"damage_healed":0,"gold_gain":0,"player_choice":"Entered Light","damage_taken":16,"max_hp_gain":0,"max_hp_loss":0,"event_name":"Shining Light","floor":2,"gold_loss":0,"cards_upgraded":["Bash","HandOfGreed"]},{"damage_healed":0,"gold_gain":0,"player_choice":"Grow","damage_taken":0,"max_hp_gain":0,"max_hp_loss":0,"event_name":"Living Wall","floor":3,"gold_loss":0,"cards_upgraded":["Flame Barrier"]},{"damage_healed":0,"gold_gain":75,"player_choice":"Gather Gold","damage_taken":11,"max_hp_gain":0,"max_hp_loss":0,"event_name":"World of Goop","floor":14,"gold_loss":0}],"is_beta":false,"boss_relics":[{"not_picked":["Snecko Eye","Mark of Pain"],"picked":"Astrolabe"}],"items_purged_floors":[],"is_endless":false,"potions_floor_spawned":[1,7,8,10,11,16],"killed_by":"3 Byrds","ascension_level":6}}