{"host":"19tvufa8xx4wr4o1","time":1612663143,"event":{"mods":["AchievementEnabler","BaseMod","Better Sensory Stone","Better Third Choice","Highlight Path","Minty Spire (QoL Compilation)","Relic Stats","StSLib"],"gold_per_floor":[119,42,42,58,76,103,103,117,117,117,151,166,183,214,214,310,310,324,324,343,97,7,36,51,51,51,61,61,75,94,110,110,215,215,230,230,280,292,342,342,342,377,377,377,391,391,419,435,435,435,435,435,28,62,62],"floor_reached":56,"language":"ENG","playtime":2291,"items_purged":[],"score":1299,"play_id":"2c29f0ef-6a0f-4efa-94c3-b8bdca2f7514","local_time":"20210206195903","daily_mods":["Draft","Time Dilation","Night Terrors","Terminal"],"is_ascension_mode":false,"campfire_choices":[{"data":"Armaments","floor":7.0,"key":"SMITH"},{"floor":15.0,"key":"RECALL"},{"data":"Whirlwind","floor":25.0,"key":"SMITH"},{"data":"Rage","floor":28,"key":"SMITH"},{"data":"Feed","floor":32,"key":"SMITH"},{"data":"Shockwave","floor":41,"key":"SMITH"},{"data":"Barricade","floor":44,"key":"SMITH"},{"data":"Metallicize","floor":46,"key":"SMITH"},{"data":"Impervious","floor":49,"key":"SMITH"},{"data":"Pummel","floor":52,"key":"SMITH"}],"circlet_count":0,"master_deck":["Spot Weakness+1","Clothesline","Fire Breathing","Inflame","True Grit+1","Rage+1","Rampage+1","Ghostly Armor","Disarm+1","Shrug It Off","Whirlwind+1","Shockwave+1","Combust","Anger","Hemokinesis","Rupture+1","Armaments+1","Carnage","Reaper","Pummel","Pummel+1","Feed+1","Combust","Metallicize+1","Burning Pact+1","Feed","Barricade+1","Heavy Blade+1","Impervious+1","Metallicize+1","Impervious"],"relics":["Burning Blood","Boot","Mummified Hand","Vajra","Runic Pyramid","Smiling Mask","Singing Bowl","War Paint","Self Forming Clay","SlaversCollar","CaptainsWheel","TungstenRod","Eternal Feather","StrikeDummy","Charon\u0027s Ashes","Bronze Scales","InkBottle"],"acts_visited":["Exordium","TheCity","TheBeyond","TheEnding"],"potions_floor_usage":[31,38,50,55,55],"damage_taken":[{"damage":0.0,"enemies":"Small Slimes","floor":1.0,"turns":4.0},{"damage":4.0,"enemies":"Jaw Worm","floor":4.0,"turns":4.0},{"damage":0.0,"enemies":"Cultist","floor":5.0,"turns":4.0},{"damage":3.0,"enemies":"3 Sentries","floor":6.0,"turns":6.0},{"damage":7.0,"enemies":"Exordium Thugs","floor":8.0,"turns":4.0},{"damage":1.0,"enemies":"Gremlin Nob","floor":11.0,"turns":3.0},{"damage":2.0,"enemies":"Large Slime","floor":12.0,"turns":4.0},{"damage":0.0,"enemies":"Blue Slaver","floor":13.0,"turns":3.0},{"damage":14.0,"enemies":"Lagavulin","floor":14.0,"turns":5.0},{"damage":17.0,"enemies":"Hexaghost","floor":16.0,"turns":6.0},{"damage":5.0,"enemies":"2 Thieves","floor":18.0,"turns":4.0},{"damage":2.0,"enemies":"3 Byrds","floor":20.0,"turns":3.0},{"damage":5.0,"enemies":"Gremlin Leader","floor":23.0,"turns":6.0},{"damage":7.0,"enemies":"Cultist and Chosen","floor":24.0,"turns":5.0},{"damage":11.0,"enemies":"Centurion and Healer","floor":27.0,"turns":4.0},{"damage":4,"enemies":"Snecko","floor":29,"turns":4},{"damage":10,"enemies":"Sentry and Sphere","floor":30,"turns":5},{"damage":11,"enemies":"Snake Plant","floor":31,"turns":3},{"damage":29,"enemies":"Collector","floor":33,"turns":9},{"damage":14,"enemies":"3 Darklings","floor":35,"turns":4},{"damage":6,"enemies":"Mind Bloom Boss Battle","floor":37,"turns":6},{"damage":2,"enemies":"3 Shapes","floor":38,"turns":2},{"damage":15,"enemies":"2 Orb Walkers","floor":39,"turns":4},{"damage":6,"enemies":"Reptomancer","floor":42,"turns":4},{"damage":9,"enemies":"Sphere and 2 Shapes","floor":45,"turns":4},{"damage":11,"enemies":"Giant Head","floor":47,"turns":6},{"damage":3,"enemies":"Writhing Mass","floor":48,"turns":7},{"damage":2,"enemies":"Time Eater","floor":50,"turns":8},{"damage":19,"enemies":"Shield and Spear","floor":54,"turns":7},{"damage":17,"enemies":"The Heart","floor":55,"turns":8}],"seed_played":"5229520491683540313","potions_obtained":[{"floor":1.0,"key":"SkillPotion"},{"floor":8.0,"key":"Dexterity Potion"},{"floor":12.0,"key":"Weak Potion"},{"floor":23.0,"key":"Swift Potion"},{"floor":33,"key":"DistilledChaos"},{"floor":38,"key":"SneckoOil"},{"floor":39,"key":"CultistPotion"}],"is_trial":true,"path_per_floor":["M","$","?","M","M","E","R","M","T","?","E","M","M","E","R","B",null,"M","?","M","$","?","E","M","R","T","M","R","M","M","M","R","B",null,"M","?","?","M","?","?","R","E","T","R","M","R","E","M","R","B",null,"R","$","E","B",null],"character_chosen":"IRONCLAD","items_purchased":["Rupture","Singing Bowl","Bronze Scales","Impervious","SmokeBomb"],"campfire_rested":0,"item_purchase_floors":[2,21,53,53,53],"current_hp_per_floor":[78,77,76,75,74,73,72,71,70,69,68,67,66,58,58,63,62,61,60,59,58,57,56,61,60,59,59,59,63,62,63,63,60,71,76,75,80,79,84,83,82,85,84,83,82,83,88,91,90,93,92,91,90,95,91],"gold":62,"neow_bonus":"","is_daily":false,"chose_seed":false,"campfire_upgraded":9,"win_rate":0.0,"timestamp":1612663143,"path_taken":["M","$","?","M","M","E","R","M","T","?","E","M","M","E","R","BOSS","M","?","?","$","?","E","M","R","T","M","R","M","?","M","R","BOSS","M","?","?","M","?","?","R","E","T","R","?","R","E","M","R","BOSS","R","$","E","BOSS"],"items_purchased_type":["Card","Relic","Relic","Card","Potion"],"build_version":"2020-12-22","purchased_purges":0,"victory":true,"max_hp_per_floor":[78,77,76,75,74,73,72,71,70,69,68,67,66,65,64,63,62,61,60,59,58,57,56,61,60,59,63,62,63,65,70,69,72,71,76,75,80,79,84,83,82,85,84,83,84,83,88,91,90,93,92,91,90,95,94],"relic_stats":{"Singing Bowl":20,"counters":[30,146],"Self Forming Clay":[189],"Eternal Feather":2,"Charon\u0027s Ashes":[117],"War Paint":["Disarm","Spot Weakness"],"Boot":[76],"Smiling Mask":0,"Burning Blood":113,"Mummified Hand":[137],"Bronze Scales":[105],"obtain_stats":[{"Singing Bowl":21,"Self Forming Clay":26,"Vajra":14,"Eternal Feather":42,"Charon\u0027s Ashes":47,"War Paint":23,"Boot":6,"Smiling Mask":19,"Burning Blood":0,"SlaversCollar":34,"CaptainsWheel":37,"Mummified Hand":11,"Bronze Scales":53,"StrikeDummy":43,"TungstenRod":39,"InkBottle":54,"Runic Pyramid":17},{"Singing Bowl":12,"Self Forming Clay":14,"Vajra":9,"Eternal Feather":24,"Charon\u0027s Ashes":26,"War Paint":13,"Boot":4,"Smiling Mask":11,"Burning Blood":0,"SlaversCollar":19,"CaptainsWheel":21,"Mummified Hand":6,"Bronze Scales":28,"StrikeDummy":24,"TungstenRod":23,"InkBottle":29,"Runic Pyramid":10},{"Singing Bowl":50,"Self Forming Clay":61,"Vajra":37,"Eternal Feather":106,"Charon\u0027s Ashes":116,"War Paint":56,"Boot":18,"Smiling Mask":47,"Burning Blood":0,"SlaversCollar":86,"CaptainsWheel":96,"Mummified Hand":25,"Bronze Scales":131,"StrikeDummy":106,"TungstenRod":102,"InkBottle":138,"Runic Pyramid":43}],"TungstenRod":51,"InkBottle":[2]},"card_choices":[{"not_picked":["Armaments","Burning Pact"],"picked":"Spot Weakness","floor":0.0},{"not_picked":["Cleave","Evolve"],"picked":"Clothesline","floor":0.0},{"not_picked":["Flex","Havoc"],"picked":"Fire Breathing","floor":0.0},{"not_picked":["True Grit","Havoc"],"picked":"Inflame","floor":0.0},{"not_picked":["Iron Wave","Thunderclap"],"picked":"True Grit","floor":0.0},{"not_picked":["Clash","Headbutt"],"picked":"Rage","floor":0.0},{"not_picked":["Sword Boomerang","Twin Strike"],"picked":"Rampage","floor":0.0},{"not_picked":["True Grit","Heavy Blade"],"picked":"Iron Wave","floor":0.0},{"not_picked":["True Grit","Infernal Blade"],"picked":"Ghostly Armor","floor":0.0},{"not_picked":["Cleave","Ghostly Armor"],"picked":"Disarm","floor":0.0},{"not_picked":["Heavy Blade","Anger"],"picked":"Shrug It Off","floor":0.0},{"not_picked":["Spot Weakness","Iron Wave"],"picked":"Whirlwind","floor":0.0},{"not_picked":["Infernal Blade","Sword Boomerang"],"picked":"Shockwave","floor":0.0},{"not_picked":["Bloodletting","Entrench"],"picked":"Combust","floor":0.0},{"not_picked":["Clash","Blood for Blood"],"picked":"Anger","floor":0.0},{"not_picked":["Flex","Metallicize"],"picked":"Hemokinesis","floor":1.0},{"not_picked":["True Grit","Headbutt"],"picked":"Armaments","floor":4.0},{"not_picked":["Infernal Blade","Anger"],"picked":"Carnage","floor":5.0},{"not_picked":["Thunderclap","True Grit"],"picked":"Reaper","floor":6.0},{"not_picked":["Intimidate","Iron Wave"],"picked":"Pummel","floor":8.0},{"not_picked":["Twin Strike","Rage","Headbutt"],"picked":"SKIP","floor":11.0},{"not_picked":["Dropkick","Heavy Blade","Spot Weakness"],"picked":"SKIP","floor":12.0},{"not_picked":["Power Through","Fire Breathing","Heavy Blade"],"picked":"SKIP","floor":13.0},{"not_picked":["Sentinel","Perfected Strike"],"picked":"Pummel","floor":14.0},{"not_picked":["Impervious","Berserk"],"picked":"Feed","floor":16.0},{"not_picked":["Perfected Strike","Headbutt"],"picked":"Combust","floor":18.0},{"not_picked":["Wild Strike","Iron Wave"],"picked":"Metallicize","floor":20.0},{"not_picked":["Immolate","Sever Soul"],"picked":"Burning Pact+1","floor":23.0},{"not_picked":["Anger+1","Wild Strike","Clothesline"],"picked":"Singing Bowl","floor":24.0},{"not_picked":["True Grit","Fire Breathing","Body Slam"],"picked":"Singing Bowl","floor":27.0},{"not_picked":["Headbutt+1","Metallicize","True Grit"],"picked":"Singing Bowl","floor":29},{"not_picked":["Pummel","Pommel Strike+1"],"picked":"Feed","floor":30},{"not_picked":["Dark Embrace","Shrug It Off","True Grit+1"],"picked":"Singing Bowl","floor":31},{"not_picked":["Exhume","Reaper"],"picked":"Barricade","floor":33},{"not_picked":["Body Slam","Bloodletting","Dropkick"],"picked":"Singing Bowl","floor":35},{"not_picked":["Intimidate","Reckless Charge+1","Cleave+1"],"picked":"Singing Bowl","floor":37},{"not_picked":["Perfected Strike","Rampage+1"],"picked":"Heavy Blade+1","floor":38},{"not_picked":["Pommel Strike","Shrug It Off+1","Rage+1"],"picked":"Singing Bowl","floor":39},{"not_picked":["Body Slam","Anger"],"picked":"Impervious","floor":42},{"not_picked":["Sever Soul+1","Twin Strike","Fire Breathing"],"picked":"Singing Bowl","floor":45},{"not_picked":["Headbutt","Flex","Blood for Blood"],"picked":"Singing Bowl","floor":47},{"not_picked":["Clothesline+1","Cleave"],"picked":"Metallicize+1","floor":48},{"not_picked":["Shrug It Off+1","Twin Strike+1","Flex"],"picked":"Singing Bowl","floor":54}],"player_experience":626943,"relics_obtained":[{"floor":6.0,"key":"Boot"},{"floor":11.0,"key":"Mummified Hand"},{"floor":14.0,"key":"Vajra"},{"floor":23.0,"key":"War Paint"},{"floor":26.0,"key":"Self Forming Clay"},{"floor":37,"key":"CaptainsWheel"},{"floor":39,"key":"TungstenRod"},{"floor":42,"key":"Eternal Feather"},{"floor":43,"key":"StrikeDummy"},{"floor":47,"key":"Charon\u0027s Ashes"},{"floor":54,"key":"InkBottle"}],"event_choices":[{"damage_healed":0.0,"max_hp_gain":0.0,"max_hp_loss":0.0,"gold_gain":0.0,"event_name":"Living Wall","player_choice":"Grow","floor":3.0,"gold_loss":0.0,"damage_taken":0.0,"cards_upgraded":["Rupture"]},{"damage_healed":0.0,"max_hp_gain":0.0,"max_hp_loss":0.0,"gold_gain":0.0,"event_name":"NoteForYourself","player_choice":"Ignored","floor":10.0,"gold_loss":0.0,"damage_taken":0.0},{"damage_healed":0.0,"max_hp_gain":0.0,"max_hp_loss":0.0,"gold_gain":0.0,"event_name":"WeMeetAgain","player_choice":"Gave Potion","floor":19.0,"gold_loss":0.0,"damage_taken":0.0,"relics_obtained":["Smiling Mask"]},{"cards_removed":["Iron Wave"],"damage_healed":0.0,"max_hp_gain":0.0,"max_hp_loss":0.0,"gold_gain":0.0,"event_name":"Designer","player_choice":"Upgrade and Remove","floor":22.0,"gold_loss":90.0,"damage_taken":0.0,"cards_upgraded":["True Grit"]},{"damage_healed":0,"gold_gain":0,"player_choice":"Ignored","damage_taken":0,"max_hp_gain":0,"max_hp_loss":0,"event_name":"Tomb of Lord Red Mask","floor":36,"gold_loss":0},{"damage_healed":0,"gold_gain":0,"player_choice":"Fight","damage_taken":0,"max_hp_gain":0,"max_hp_loss":0,"event_name":"MindBloom","floor":37,"gold_loss":0},{"damage_healed":0,"gold_gain":0,"player_choice":"Fight","damage_taken":0,"max_hp_gain":0,"max_hp_loss":0,"event_name":"Mysterious Sphere","floor":39,"gold_loss":0},{"damage_healed":0,"gold_gain":0,"player_choice":"Upgraded","damage_taken":0,"max_hp_gain":0,"max_hp_loss":0,"event_name":"Upgrade Shrine","floor":40,"gold_loss":0,"cards_upgraded":["Rampage"]}],"is_beta":false,"boss_relics":[{"not_picked":["Black Star","Empty Cage"],"picked":"Runic Pyramid"},{"not_picked":["Tiny House","Black Blood"],"picked":"SlaversCollar"}],"items_purged_floors":[],"is_endless":false,"potions_floor_spawned":[1,8,12,14,16,23,24,27,33,35,38,39,47,54],"ascension_level":0}}