{"host":"rq7gz685gkaokql0","time":1612676075,"event":{"mods":["BaseMod","Hubris","Infinite Spire","Minty Spire (QoL Compilation)","Replay The Spire","StSLib"],"gold_per_floor":[109,122,122,132,132,164,176,176,176,176,176],"floor_reached":11,"language":"ENG","playtime":270,"items_purged":[],"score":146,"play_id":"1c07a9d7-f164-4cbf-bf98-0e70789a3b86","local_time":"20210206193435","is_ascension_mode":true,"campfire_choices":[{"floor":10,"key":"REST"}],"circlet_count":0,"master_deck":["AscendersBane","Strike_G","Strike_G","Strike_G","Strike_G","Strike_G","Defend_G","Defend_G","Defend_G","Defend_G","Defend_G","Survivor","Neutralize","Dodge and Roll","Terror+1","Footwork","Flying Knee","Toxin Wave"],"relics":["Ring of the Snake","NeowsBlessing","hubris:Teleporter","hubris:GlazedTorus"],"acts_visited":["Exordium"],"potions_floor_usage":[6,11,11],"damage_taken":[{"damage":0,"enemies":"2 Louse","floor":1,"turns":1},{"damage":0,"enemies":"Cultist","floor":2,"turns":1},{"damage":0,"enemies":"Small Slimes","floor":4,"turns":1},{"damage":49,"enemies":"Lagavulin","floor":6,"turns":9},{"damage":6,"enemies":"Blue Slaver","floor":7,"turns":4},{"damage":22,"enemies":"3 Sentries","floor":11,"turns":4}],"seed_played":"-2113498846844276340","potions_obtained":[{"floor":1,"key":"Poison Potion"},{"floor":6,"key":"Explosive Potion"},{"floor":7,"key":"ColorlessPotion"}],"is_trial":false,"path_per_floor":["M","M","?","M","$","E","M","T","R","E"],"character_chosen":"THE_SILENT","items_purchased":[],"campfire_rested":1,"item_purchase_floors":[],"current_hp_per_floor":[59,59,59,59,59,10,4,4,23,1,1],"gold":176,"neow_bonus":"THREE_ENEMY_KILL","is_daily":false,"chose_seed":false,"campfire_upgraded":0,"win_rate":0.0,"timestamp":1612676075,"path_taken":["M","M","?","?","$","E","M","T","R","E"],"items_purchased_type":[],"build_version":"2020-12-22","purchased_purges":0,"victory":false,"max_hp_per_floor":[66,66,66,66,66,66,66,66,66,66,66],"card_choices":[{"not_picked":["Heel Hook","Bane"],"picked":"Dodge and Roll","floor":1},{"not_picked":["Dodge and Roll","Leg Sweep"],"picked":"Terror","floor":2},{"not_picked":["Riddle With Holes","Acrobatics"],"picked":"Footwork","floor":4},{"not_picked":["Terror","hubris:Sniper"],"picked":"Flying Knee","floor":6},{"not_picked":["Dagger Throw","Expertise"],"picked":"Toxin Wave","floor":7}],"player_experience":1256348,"relics_obtained":[{"floor":6,"key":"hubris:Teleporter"},{"floor":9,"key":"hubris:GlazedTorus"}],"event_choices":[{"damage_healed":0,"gold_gain":0,"player_choice":"Upgraded","damage_taken":0,"max_hp_gain":0,"max_hp_loss":0,"event_name":"Upgrade Shrine","floor":3,"gold_loss":0,"cards_upgraded":["Terror"]}],"is_beta":false,"boss_relics":[],"items_purged_floors":[],"is_endless":false,"potions_floor_spawned":[1,6,7],"killed_by":"3 Sentries","ascension_level":20}}