{"host":"mydft8i2zzydgggw","time":1612671910,"event":{"mods":["AchievementEnabler","BaseMod","Colored Map","Colored Powertips","DeckTracker","Keyboard Shortcuts","Minty Spire (QoL Compilation)","Rare Cards Sparkle","StSLib","SuperFastMode","everything is the same but u backflip on backflip"],"gold_per_floor":[119,194,194,22,32,60,77,77,77,109,109,109,109],"floor_reached":12,"language":"KOR","playtime":124,"items_purged":[],"score":155,"play_id":"4d724a1a-c1f8-475c-9e7b-3d08ad72fbe0","local_time":"20210207132510","is_ascension_mode":true,"campfire_choices":[{"floor":8,"key":"REST"},{"data":"Glacier","floor":11,"key":"SMITH"}],"circlet_count":0,"master_deck":["AscendersBane","Strike_B","Strike_B","Strike_B","Strike_B","Defend_B","Defend_B","Defend_B","Defend_B+1","Zap+1","Dualcast+1","Streamline","Defragment","FTL","Heatsinks","Go for the Eyes","Genetic Algorithm","Glacier+1"],"relics":["Cracked Core","Centennial Puzzle","Sundial","War Paint"],"acts_visited":["Exordium"],"potions_floor_usage":[10],"damage_taken":[{"damage":1,"enemies":"2 Louse","floor":1,"turns":2},{"damage":0,"enemies":"Small Slimes","floor":5,"turns":2},{"damage":45,"enemies":"3 Sentries","floor":6,"turns":7},{"damage":2,"enemies":"Jaw Worm","floor":7,"turns":3},{"damage":17,"enemies":"Gremlin Nob","floor":10,"turns":3},{"damage":17,"enemies":"3 Sentries","floor":12,"turns":2}],"seed_played":"-4317255879559046427","potions_obtained":[{"floor":7,"key":"EssenceOfDarkness"}],"is_trial":false,"path_per_floor":["M","?","?","$","M","E","M","R","T","E","R","E"],"character_chosen":"DEFECT","items_purchased":["Defragment","FTL"],"campfire_rested":1,"item_purchase_floors":[4,4],"current_hp_per_floor":[63,52,52,52,52,7,5,26,26,9,9,0,0],"gold":109,"neow_bonus":"UPGRADE_CARD","is_daily":false,"chose_seed":false,"campfire_upgraded":1,"win_rate":0.0,"timestamp":1612671910,"path_taken":["M","?","?","?","?","E","M","R","T","E","R","E"],"items_purchased_type":["Card","Card"],"build_version":"2020-12-22","purchased_purges":0,"victory":false,"max_hp_per_floor":[71,71,71,71,71,71,71,71,71,71,71,71,71],"card_choices":[{"not_picked":["Compile Driver","Redo"],"picked":"Streamline","floor":1},{"not_picked":["Conserve Battery","Beam Cell"],"picked":"Heatsinks","floor":5},{"not_picked":["Leap","Compile Driver"],"picked":"Go for the Eyes","floor":6},{"not_picked":["Streamline","Ball Lightning"],"picked":"Genetic Algorithm","floor":7},{"not_picked":["Buffer","Leap"],"picked":"Glacier","floor":10}],"player_experience":245677,"relics_obtained":[{"floor":6,"key":"Centennial Puzzle"},{"floor":9,"key":"Sundial"},{"floor":10,"key":"War Paint"}],"event_choices":[{"damage_healed":0,"gold_gain":75,"player_choice":"Gather Gold","damage_taken":11,"max_hp_gain":0,"max_hp_loss":0,"event_name":"World of Goop","floor":2,"gold_loss":0},{"damage_healed":0,"gold_gain":0,"player_choice":"Ignored","damage_taken":0,"max_hp_gain":0,"max_hp_loss":0,"event_name":"Liars Game","floor":3,"gold_loss":0}],"is_beta":false,"boss_relics":[],"items_purged_floors":[],"is_endless":false,"potions_floor_spawned":[7],"killed_by":"3 Sentries","ascension_level":16}}