{"host":"takgv9cv6xf64vhq","time":1612661177,"event":{"mods":["BaseMod","Colored Powertips","Conspire","Decade(王小明)","Downfall","Energized Spire","Hermit","Hubris","LagranYue(拉格朗・月)","Marisa（F雨　魔理沙）","Minty Spire (QoL Compilation)","Replay The Spire","StSLib","The Cursed","The Hierophant","The Jungle","The Servant 0.9.4","TheHeartMod"],"gold_per_floor":[113,113,125,125,50,90,90,111,111,149,149,149,173,194,194,194,194],"floor_reached":16,"language":"ZHS","playtime":466,"items_purged":["Strike_B"],"score":250,"play_id":"81807b28-690d-4768-9642-b82e82a6958a","local_time":"20210207092617","is_ascension_mode":true,"campfire_choices":[{"data":"BasicCrystalCard","floor":7.0,"key":"SMITH"},{"data":"Chaos","floor":11.0,"key":"SMITH"},{"data":"Coolheaded","floor":15.0,"key":"SMITH"}],"circlet_count":0,"master_deck":["conspire:GhostlyStrike","conspire:GhostlyStrike","conspire:GhostlyStrike","conspire:GhostlyDefend","conspire:GhostlyDefend","conspire:GhostlyDefend","conspire:GhostlyDefend","Zap","Dualcast","BasicCrystalCard+1","Steam Power","Ball Lightning","Steam Power","Chaos+1","Heatsinks","Coolheaded+1"],"relics":["Cracked Core","NeowsBlessing","Replay:Ringing Soul","Golden Idol","Replay:Bottled Steam","ReplayTheSpireMod:Shallot","Anchor"],"acts_visited":["Exordium"],"potions_floor_usage":[16],"damage_taken":[{"damage":0.0,"enemies":"2 Louse","floor":1.0,"turns":1.0},{"damage":0.0,"enemies":"Small Slimes","floor":3.0,"turns":1.0},{"damage":0.0,"enemies":"Replay:BlueRogue","floor":6.0,"turns":1.0},{"damage":7.0,"enemies":"Jaw Worm","floor":8.0,"turns":3.0},{"damage":0.0,"enemies":"Gremlin Nob","floor":10.0,"turns":3.0},{"damage":0.0,"enemies":"2 Fungi Beasts","floor":13.0,"turns":3.0},{"damage":0.0,"enemies":"Exordium Wildlife","floor":14.0,"turns":4.0},{"damage":33,"enemies":"Hexaghost","floor":16,"turns":9}],"seed_played":"-4330059015522307805","potions_obtained":[{"floor":3.0,"key":"Weak Potion"},{"floor":6.0,"key":"Fire Potion"},{"floor":10.0,"key":"Fire Potion"},{"floor":14.0,"key":"SpeedPotion"}],"is_trial":false,"path_per_floor":["M","?","M","?","$","E","R","M","T","E","R","?","M","M","R","B"],"character_chosen":"DEFECT","items_purchased":[],"campfire_rested":0,"item_purchase_floors":[],"current_hp_per_floor":[75,50,53,34,34,37,37,33,33,36,36,36,39,42,42,9,9],"gold":194,"neow_bonus":"THREE_ENEMY_KILL","is_daily":false,"chose_seed":false,"campfire_upgraded":3,"win_rate":0.0,"timestamp":1612661177,"path_taken":["M","?","M","?","?","E","R","?","T","E","R","?","M","M","R","BOSS"],"items_purchased_type":[],"build_version":"2020-12-22","purchased_purges":1,"victory":false,"max_hp_per_floor":[75,75,78,78,78,81,81,84,84,87,87,87,90,93,93,93,93],"card_choices":[{"not_picked":["ReplaySort","Stack"],"picked":"BasicCrystalCard","floor":1.0},{"not_picked":["Coolheaded","Steam"],"picked":"Steam Power","floor":3.0},{"not_picked":["Rip and Tear","Doom and Gloom"],"picked":"Ball Lightning","floor":6.0},{"not_picked":["Conserve Battery","Ball Lightning"],"picked":"Steam Power","floor":8.0},{"not_picked":["Beam Cell","Reprogram"],"picked":"Chaos","floor":10.0},{"not_picked":["Fission","Darkness"],"picked":"Heatsinks","floor":13.0},{"not_picked":["Panic Button","Chill"],"picked":"Coolheaded","floor":14.0}],"player_experience":453612,"relics_obtained":[{"floor":6.0,"key":"Replay:Bottled Steam"},{"floor":9.0,"key":"ReplayTheSpireMod:Shallot"},{"floor":10.0,"key":"Anchor"}],"event_choices":[{"damage_healed":0.0,"max_hp_gain":0.0,"max_hp_loss":0.0,"gold_gain":0.0,"event_name":"Scrap Ooze","player_choice":"Success","floor":2.0,"gold_loss":0.0,"damage_taken":25.0,"relics_obtained":["Replay:Ringing Soul"]},{"damage_healed":0.0,"max_hp_gain":0.0,"max_hp_loss":0.0,"gold_gain":0.0,"event_name":"Golden Idol","player_choice":"Take Damage","floor":4.0,"gold_loss":0.0,"damage_taken":19.0,"relics_obtained":["Golden Idol"]},{"damage_healed":0.0,"max_hp_gain":0.0,"max_hp_loss":0.0,"gold_gain":0.0,"event_name":"conspire:LoneGhost","player_choice":"Agree","floor":12.0,"gold_loss":0.0,"damage_taken":0.0}],"is_beta":false,"boss_relics":[],"items_purged_floors":[5],"is_endless":false,"potions_floor_spawned":[3,6,10,14],"killed_by":"Hexaghost","ascension_level":5}}