{"host":"rwmcmr2m88k7tuzm","time":1612708901,"event":{"mods":["A Magickal Journey","Aspiration","BaseMod","BetterRewards","Conspire","Downfall","Hubris","Infinite Spire","Minty Spire (QoL Compilation)","Quick Restart","Replay The Spire","Shop Mod","StSLib","SuperFastMode","The Hayseed","The Necromancer"],"gold_per_floor":[85,85,98,113,125,125,125,144,193,203,260,271,306,306,306,401,401,418,333,349,349,378,390,390],"floor_reached":23,"language":"ENG","playtime":835,"items_purged":["Shame","Strike_W"],"score":370,"play_id":"99fb7740-f102-4d6e-a27d-cb0cec77b78b","local_time":"20210207144141","is_ascension_mode":false,"campfire_choices":[{"data":"Summon_Undead","floor":6,"key":"SMITH"},{"data":"Requiem","floor":15,"key":"SMITH"}],"circlet_count":0,"master_deck":["Strike_W+1","Strike_W+1","Strike_W","Defend_W","Defend_W","Defend_W","Defend_W","Negative_Energy_Arrows","Bone_Wall","Toxic_Smoke_Screen","Blood_Curse+1","Summon_Undead+1","Requiem+1","Summon_Undead","Toxic_Smoke_Screen","Negative_Energy_Shield","Summon_Lich+1","Cloudkill","Siphon_Strength+1","Negative_Energy_Sphere+1"],"relics":["Vampire_Amulet","hubris:TinFlute","Eternal Feather","Centennial Puzzle","Guide Book","ReplayTheSpireMod:CursedCoin","aspiration:FetidBarrel","aspiration:StickyExplosives_weak","MerchantsRug","Potion Belt","Molten Egg 2","Quantum Egg","aspiration:DefectSkillbook","Chameleon Ring","MawBank","Black Star"],"acts_visited":["Exordium","TheCity"],"potions_floor_usage":[11],"damage_taken":[{"damage":0,"enemies":"Jaw Worm","floor":1,"turns":3},{"damage":0,"enemies":"Small Slimes","floor":3,"turns":3},{"damage":0,"enemies":"Cultist","floor":4,"turns":3},{"damage":1,"enemies":"Looter","floor":5,"turns":3},{"damage":18,"enemies":"Large Slime","floor":8,"turns":4},{"damage":6,"enemies":"2 Fungi Beasts","floor":10,"turns":3},{"damage":21,"enemies":"3 Sentries","floor":11,"turns":5},{"damage":4,"enemies":"Blue Slaver","floor":12,"turns":3},{"damage":7,"enemies":"Lagavulin","floor":13,"turns":5},{"damage":0,"enemies":"Fading Forest","floor":16,"turns":11},{"damage":0,"enemies":"Chosen","floor":18,"turns":5},{"damage":20,"enemies":"2 Thieves","floor":20,"turns":4},{"damage":18,"enemies":"Shelled Parasite and Fungi","floor":22,"turns":6},{"damage":48,"enemies":"Slavers","floor":23,"turns":3}],"seed_played":"5006989424783006245","potions_obtained":[{"floor":8,"key":"Reflective Coating"},{"floor":11,"key":"SmokeBomb"},{"floor":13,"key":"Strength Potion"},{"floor":20,"key":"SteroidPotion"},{"floor":22,"key":"sneckomod:MuddlingPotion"}],"is_trial":false,"path_per_floor":["M","?","M","M","M","R","?","M","T","M","?","M","E","?","R","B",null,"M","?","M","AVR","M","E"],"character_chosen":"NECROMANCER","items_purchased":["hubris:TinFlute","Eternal Feather","Centennial Puzzle","Guide Book","ReplayTheSpireMod:CursedCoin","aspiration:FetidBarrel","aspiration:StickyExplosives_weak","MerchantsRug"],"campfire_rested":0,"item_purchase_floors":[0,0,0,0,0,0,0,0],"current_hp_per_floor":[61,61,65,67,68,74,74,60,60,58,55,53,57,57,66,75,75,75,75,59,59,45,0,0],"gold":390,"neow_bonus":"","is_daily":false,"chose_seed":false,"campfire_upgraded":2,"win_rate":0.0,"timestamp":1612708901,"path_taken":["M","?","M","M","M","R","?","M","T","?","?","M","E","?","R","BOSS","M","?","M","AVR","M","E"],"items_purchased_type":["Relic","Relic","Relic","Relic","Relic","Relic","Relic","Relic"],"build_version":"2020-12-22","purchased_purges":2,"victory":false,"max_hp_per_floor":[75,75,75,75,75,75,75,75,75,75,75,75,75,75,75,75,75,75,75,75,75,75,75,75],"card_choices":[{"not_picked":["Finger_Of_Death","Negative_Energy_Mist"],"picked":"Toxic_Smoke_Screen","floor":1},{"not_picked":["Bone_Shift","Bone_Bullets"],"picked":"Blood_Curse","floor":3},{"not_picked":["Negative_Energy_Shield","Vampiric_Strike"],"picked":"Death_March_Dance","floor":4},{"not_picked":["Bone_Shift","Death_March_Dance"],"picked":"Summon_Undead","floor":5},{"not_picked":["Negative_Energy_Shield","Bone_Armor"],"picked":"Requiem","floor":8},{"not_picked":["Bone_Bullets","Toxic_Smoke_Screen","Blood_Is_Power"],"picked":"SKIP","floor":10},{"not_picked":["Death_Coil+1","Spectral_Walk"],"picked":"Summon_Undead","floor":11},{"not_picked":["Thousand_Bone_Knives+1","Blood_Is_Power"],"picked":"Toxic_Smoke_Screen","floor":12},{"not_picked":["Bone_Armor","Bone_Bullets+1"],"picked":"Negative_Energy_Shield","floor":13},{"not_picked":["Blood_Wake+1","Blood_Magic"],"picked":"Cloudkill","floor":16},{"not_picked":["Cold Snap+1","Vampiric_Strike+1","Hologram"],"picked":"Siphon_Strength+1","floor":18},{"not_picked":["Ball Lightning+1","ReplayGash+1","Chill"],"picked":"Negative_Energy_Sphere+1","floor":20},{"not_picked":["Storm","BootSequence","aspiration:Polymerization","Recycle"],"picked":"SKIP","floor":22}],"player_experience":238886,"relics_obtained":[{"floor":9,"key":"Potion Belt"},{"floor":11,"key":"Molten Egg 2"},{"floor":13,"key":"Quantum Egg"}],"event_choices":[{"damage_healed":0,"gold_gain":0,"player_choice":"Disagree","damage_taken":0,"max_hp_gain":0,"max_hp_loss":0,"event_name":"conspire:LoneGhost","floor":2,"gold_loss":0},{"damage_healed":0,"gold_gain":0,"player_choice":"Upgraded","damage_taken":0,"max_hp_gain":0,"max_hp_loss":0,"event_name":"Upgrade Shrine","floor":7,"gold_loss":0,"cards_upgraded":["Blood_Curse"]},{"damage_healed":0,"gold_gain":30,"player_choice":"Searched \u00272\u0027 times","damage_taken":0,"max_hp_gain":0,"max_hp_loss":0,"event_name":"Dead Adventurer","floor":11,"gold_loss":0},{"damage_healed":0,"gold_gain":0,"player_choice":"Obtained Relic","damage_taken":0,"relics_obtained":["Chameleon Ring"],"max_hp_gain":0,"max_hp_loss":0,"event_name":"Addict","floor":19,"gold_loss":85}],"is_beta":false,"boss_relics":[{"not_picked":["Fusion Hammer","hubris:BlackHole"],"picked":"aspiration:DefectSkillbook"}],"items_purged_floors":[0,21],"is_endless":false,"potions_floor_spawned":[8,11,13,20,22],"killed_by":"Slavers","ascension_level":0}}