{"host":"37uvkxgs6qebn1sk","time":1612688285,"event":{"mods":["BaseMod","Better Third Choice","Minty Spire (QoL Compilation)","Replay The Spire","StSLib"],"gold_per_floor":[112,112,128,25,38,38,73,73,73,99,99,99,99,118,118,192,192,208,95,112,128,148,148,148,157,157,201,201,201,217,228,228,306,315,327,327,31,46,60,60,90,90,90,107,107,132,151,161,170,170,170],"floor_reached":50,"language":"ZHS","playtime":1576,"items_purged":["Strike_P","Doubt","Strike_P"],"score":1144,"play_id":"5b711f2c-6ac7-4f61-aaa3-23ae57d6c33a","local_time":"20210207165805","is_ascension_mode":true,"campfire_choices":[{"data":"Eruption","floor":6.0,"key":"SMITH"},{"data":"Apotheosis","floor":11.0,"key":"SMITH"},{"floor":15.0,"key":"REST"},{"floor":23.0,"key":"RECALL"},{"floor":28,"key":"REST"},{"floor":32,"key":"REST"},{"data":"Strike_P","floor":40,"key":"PURGE"},{"data":"Omniscience","floor":42,"key":"SMITH"}],"circlet_count":0,"master_deck":["AscendersBane","Defend_P","Defend_P","Defend_P","Eruption+1","Vigilance","FollowUp","CarveReality+1","CrushJoints","Replay:AtTheReady","Omniscience+1","Apotheosis+1","Replay:DivineShield","Phantasmal Killer","Wallop","Judgement","FollowUp","Vault","Sanctity","CurseOfTheBell","ClearTheMind+1","SignatureMove"],"relics":["PureWater","Bag of Marbles","Blood Vial","Replay:Accelerometer","Snack Pack","Tiny Chest","Fusion Hammer","ReplayTheSpireMod:CursedCoin","CeramicFish","Quantum Egg","Centennial Puzzle","CaptainsWheel","Calling Bell","Strawberry","Meat on the Bone","Replay:Multitool","Toxic Egg 2","ClockworkSouvenir","Letter Opener","ReplayTheSpireMod:Ninjato","Pen Nib"],"acts_visited":["Exordium","TheCity","TheBeyond"],"potions_floor_usage":[27,27,31,48,50],"damage_taken":[{"damage":0.0,"enemies":"2 Louse","floor":1.0,"turns":1.0},{"damage":0.0,"enemies":"Small Slimes","floor":3.0,"turns":1.0},{"damage":0.0,"enemies":"Cultist","floor":5.0,"turns":1.0},{"damage":17.0,"enemies":"Lagavulin","floor":7.0,"turns":5.0},{"damage":0.0,"enemies":"3 Sentries","floor":10.0,"turns":3.0},{"damage":0.0,"enemies":"3 Louse","floor":14.0,"turns":1.0},{"damage":0.0,"enemies":"Slime Boss","floor":16.0,"turns":4.0},{"damage":0.0,"enemies":"Shell Parasite","floor":18.0,"turns":1.0},{"damage":0.0,"enemies":"Spheric Guardian","floor":20.0,"turns":1.0},{"damage":0.0,"enemies":"Snake Plant","floor":21.0,"turns":2.0},{"damage":6.0,"enemies":"Centurion and Healer","floor":22.0,"turns":4.0},{"damage":12,"enemies":"Gremlin Leader","floor":27,"turns":5},{"damage":25,"enemies":"Shelled Parasite and Fungi","floor":30,"turns":3},{"damage":0,"enemies":"Snake Plant","floor":31,"turns":1},{"damage":41,"enemies":"Collector","floor":33,"turns":5},{"damage":5,"enemies":"3 Shapes","floor":35,"turns":3},{"damage":2,"enemies":"3 Darklings","floor":38,"turns":5},{"damage":10,"enemies":"4 Shapes","floor":39,"turns":2},{"damage":6,"enemies":"R_Hoarder","floor":41,"turns":9},{"damage":0,"enemies":"Spire Growth","floor":44,"turns":2},{"damage":0,"enemies":"3 Darklings","floor":47,"turns":2},{"damage":10,"enemies":"Writhing Mass","floor":48,"turns":3},{"damage":79,"enemies":"Replay:Hell Engine","floor":50,"turns":9}],"seed_played":"-714395882760311578","potions_obtained":[{"floor":3.0,"key":"Fire Potion"},{"floor":13.0,"key":"Death Potion"},{"floor":13.0,"key":"Milkshake"},{"floor":16.0,"key":"Adrenaline Potion"},{"floor":18.0,"key":"EssenceOfSteel"},{"floor":20.0,"key":"SteroidPotion"},{"floor":22.0,"key":"Explosive Potion"},{"floor":27,"key":"Swift Potion"},{"floor":38,"key":"Weak Potion"},{"floor":47,"key":"Explosive Potion"},{"floor":48,"key":"Dexterity Potion"}],"is_trial":false,"path_per_floor":["M","?","M","$","M","R","E","?","T","E","R","?","?","M","R","B",null,"M","$","M","M","M","R","?","?","T","E","R","T","M","M","R","B",null,"M","?","$","M","M","R","E","R","T","M","?","T","M","M","R","B"],"character_chosen":"WATCHER","items_purchased":["CrushJoints","ReplayTheSpireMod:CursedCoin","CeramicFish","ClockworkSouvenir"],"campfire_rested":3,"item_purchase_floors":[4,19,19,37],"current_hp_per_floor":[61,61,61,61,61,61,44,44,44,46,46,17,17,21,41,45,62,66,66,68,68,64,64,64,64,64,56,68,68,45,49,68,29,65,64,64,64,70,66,66,62,62,62,66,66,66,70,64,64,0,0],"gold":170,"neow_bonus":"RANDOM_COMMON_RELIC","is_daily":false,"chose_seed":false,"campfire_upgraded":3,"win_rate":0.0,"timestamp":1612688285,"path_taken":["M","?","M","$","M","R","E","?","T","E","R","?","?","M","R","BOSS","M","$","M","M","M","R","?","?","T","E","R","?","M","M","R","BOSS","M","?","$","M","M","R","E","R","T","?","?","?","M","M","R","BOSS"],"items_purchased_type":["Card","Relic","Relic","Relic"],"build_version":"2020-12-22","purchased_purges":3,"victory":false,"max_hp_per_floor":[68,68,68,68,68,68,68,68,68,68,68,68,68,68,68,68,68,68,68,68,68,68,68,68,68,68,68,68,68,68,68,68,68,75,75,75,75,75,75,75,75,75,75,75,75,75,75,75,75,75,75],"card_choices":[{"not_picked":["BowlingBash","Evaluate"],"picked":"FollowUp","floor":1.0},{"not_picked":["BattleHymn","BowlingBash","EmptyFist"],"picked":"SKIP","floor":3.0},{"not_picked":["CutThroughFate","PathToVictory"],"picked":"Replay:AtTheReady","floor":5.0},{"not_picked":["BattleHymn","Pray"],"picked":"Omniscience","floor":7.0},{"not_picked":["Prostrate","SashWhip"],"picked":"Replay:DivineShield","floor":10.0},{"not_picked":["Crescendo","SashWhip"],"picked":"Wallop","floor":14.0},{"not_picked":["Devotion","SpiritShield"],"picked":"Judgement","floor":16.0},{"not_picked":["Indignation","FearNoEvil"],"picked":"FollowUp","floor":18.0},{"not_picked":["Wireheading","Replay:Hum","Prostrate"],"picked":"SKIP","floor":20.0},{"not_picked":["Prostrate","JustLucky","SignatureMove"],"picked":"SKIP","floor":21.0},{"not_picked":["CrushJoints","PathToVictory+1","Consecrate"],"picked":"SKIP","floor":22.0},{"not_picked":["Protect","Replay:AtTheReady"],"picked":"Sanctity","floor":27},{"not_picked":["SashWhip","Wireheading","FollowUp+1"],"picked":"SKIP","floor":30},{"not_picked":["WaveOfTheHand","Nirvana","EmptyFist"],"picked":"SKIP","floor":31},{"not_picked":["Evaluate+1","Replay:Vibes+1","InnerPeace"],"picked":"SKIP","floor":35},{"not_picked":["Replay:Anticipation+1","CrushJoints","JustLucky+1"],"picked":"SKIP","floor":38},{"not_picked":["Replay:AtTheReady+1","JustLucky","Sanctity+1"],"picked":"SKIP","floor":39},{"not_picked":["Consecrate","Replay:ManipulateFuture+1","PathToVictory+1"],"picked":"SKIP","floor":41},{"not_picked":["SignatureMove","CutThroughFate","Fasting2"],"picked":"SKIP","floor":44},{"not_picked":["Ragnarok","ThirdEye+1"],"picked":"ClearTheMind+1","floor":47},{"not_picked":["FollowUp","Conclude","ThirdEye+1"],"picked":"SKIP","floor":48}],"player_experience":971114,"relics_obtained":[{"floor":7.0,"key":"Blood Vial"},{"floor":9.0,"key":"Replay:Accelerometer"},{"floor":10.0,"key":"Snack Pack"},{"floor":26,"key":"Quantum Egg"},{"floor":27,"key":"Centennial Puzzle"},{"floor":29,"key":"CaptainsWheel"},{"floor":34,"key":"Strawberry"},{"floor":34,"key":"Meat on the Bone"},{"floor":34,"key":"Replay:Multitool"},{"floor":36,"key":"Toxic Egg 2"},{"floor":41,"key":"Letter Opener"},{"floor":43,"key":"ReplayTheSpireMod:Ninjato"},{"floor":46,"key":"Pen Nib"}],"event_choices":[{"damage_healed":44.0,"max_hp_gain":0.0,"max_hp_loss":68.0,"gold_gain":0.0,"event_name":"betterThird:BetterShining","player_choice":"Embrace","floor":8.0,"gold_loss":0.0,"damage_taken":0.0},{"damage_healed":0.0,"max_hp_gain":0.0,"max_hp_loss":0.0,"gold_gain":0.0,"event_name":"Lab","player_choice":"Got Potions","floor":13.0,"gold_loss":0.0,"damage_taken":0.0},{"damage_healed":0,"gold_gain":0,"player_choice":"Read","damage_taken":0,"max_hp_gain":0,"max_hp_loss":0,"event_name":"The Library","floor":25,"gold_loss":0,"cards_obtained":["Vault"]},{"damage_healed":0,"gold_gain":0,"player_choice":"Relic","damage_taken":0,"max_hp_gain":0,"max_hp_loss":0,"event_name":"Wheel of Change","floor":36,"gold_loss":0}],"is_beta":false,"boss_relics":[{"not_picked":["Honey Jar","Busted Crown"],"picked":"Fusion Hammer"},{"not_picked":["VioletLotus","Abe\u0027s Treasure"],"picked":"Calling Bell"}],"items_purged_floors":[4,19,37],"is_endless":false,"potions_floor_spawned":[3,16,18,20,22,27,38,47,48],"killed_by":"Replay:Hell Engine","ascension_level":18}}