{"host":"t4313i2190y6fz3q","time":1612722196,"event":{"mods":["2.2 Compatiblity","AchievementEnabler","Act Like it!","BaseMod","Colored Powertips","Downfall","Highlight Path","Minty Spire (QoL Compilation)","Permanent Neow","Quick Restart","Rare Cards Sparkle","StSLib"],"gold_per_floor":[15,34,54,72,72,72,104,104,104,135,155,155,155,175,175,248,248,248,248,248,248,8,8,8,8,8,8,8,8,8,8,8,8,8,8,8,8,8,8,8,8,8,8,8,8,8,8,8,8,8],"floor_reached":51,"language":"ENG","playtime":2137,"items_purged":[],"score":1450,"play_id":"43213e72-5f2d-4099-bb47-f510dfdd0d84","local_time":"20210207102316","is_ascension_mode":true,"campfire_choices":[{"data":"Eruption","floor":6.0,"key":"SMITH"},{"floor":8.0,"key":"REST"},{"data":"TalkToTheHand","floor":12.0,"key":"SMITH"},{"data":"Tantrum","floor":15.0,"key":"SMITH"},{"floor":23.0,"key":"REST"},{"floor":25.0,"key":"REST"},{"data":"WheelKick","floor":28.0,"key":"SMITH"},{"floor":30.0,"key":"REST"},{"data":"Scrawl","floor":32.0,"key":"SMITH"},{"floor":40.0,"key":"REST"},{"floor":42.0,"key":"RECALL"},{"floor":45,"key":"REST"},{"floor":49,"key":"REST"}],"circlet_count":0,"master_deck":["AscendersBane","Strike_P+1","Strike_P+1","Defend_P+1","Defend_P+1","Eruption+1","Vigilance+1","EmptyFist+1","TalkToTheHand+1","Halt+1","CutThroughFate+1","LessonLearned+1","InnerPeace+1","EmptyMind+1","Tantrum+1","Establishment+1","ClearTheMind+1","BattleHymn","Necronomicurse","WheelKick+1","FlurryOfBlows","FlurryOfBlows","Scrawl+1","WindmillStrike+1","Meditate+1","CutThroughFate+1","SpiritShield","Perseverance"],"relics":["PureWater","CaptainsWheel","Yang","Sundial","Ectoplasm","Necronomicon","Omamori","White Beast Statue","Potion Belt","Regal Pillow","Ginger","Fusion Hammer","Dead Branch","StrikeDummy","Gremlin Horn"],"acts_visited":["Exordium","TheCity","TheBeyond"],"potions_floor_usage":[49,50,50],"damage_taken":[{"damage":2.0,"enemies":"Small Slimes","floor":1.0,"turns":5.0},{"damage":1.0,"enemies":"2 Louse","floor":2.0,"turns":2.0},{"damage":7.0,"enemies":"Jaw Worm","floor":3.0,"turns":3.0},{"damage":0.0,"enemies":"Large Slime","floor":4.0,"turns":4.0},{"damage":19.0,"enemies":"3 Sentries","floor":7.0,"turns":7.0},{"damage":3.0,"enemies":"Lagavulin","floor":10.0,"turns":5.0},{"damage":5.0,"enemies":"Blue Slaver","floor":11.0,"turns":3.0},{"damage":0.0,"enemies":"Lots of Slimes","floor":14.0,"turns":3.0},{"damage":30.0,"enemies":"Slime Boss","floor":16.0,"turns":8.0},{"damage":0.0,"enemies":"3 Byrds","floor":18.0,"turns":3.0},{"damage":8.0,"enemies":"Shell Parasite","floor":19.0,"turns":4.0},{"damage":20.0,"enemies":"Slavers","floor":24.0,"turns":5.0},{"damage":15.0,"enemies":"Book of Stabbing","floor":29.0,"turns":3.0},{"damage":6.0,"enemies":"Slavers","floor":31.0,"turns":4.0},{"damage":11.0,"enemies":"Automaton","floor":33.0,"turns":6.0},{"damage":2.0,"enemies":"3 Darklings","floor":35.0,"turns":2.0},{"damage":0.0,"enemies":"Mind Bloom Boss Battle","floor":36.0,"turns":3.0},{"damage":1.0,"enemies":"3 Shapes","floor":38.0,"turns":2.0},{"damage":0.0,"enemies":"Jaw Worm Horde","floor":39.0,"turns":2.0},{"damage":0.0,"enemies":"Reptomancer","floor":41.0,"turns":4.0},{"damage":0,"enemies":"Sphere and 2 Shapes","floor":44,"turns":2},{"damage":26,"enemies":"Writhing Mass","floor":47,"turns":3},{"damage":5,"enemies":"Transient","floor":48,"turns":6},{"damage":62,"enemies":"Awakened One","floor":50,"turns":9}],"seed_played":"3198731414406853888","potions_obtained":[{"floor":4.0,"key":"GamblersBrew"},{"floor":7.0,"key":"Dexterity Potion"},{"floor":11.0,"key":"BlessingOfTheForge"},{"floor":16.0,"key":"EntropicBrew"},{"floor":29.0,"key":"SkillPotion"},{"floor":31.0,"key":"Explosive Potion"},{"floor":33.0,"key":"Slimebound:ThreeZeroPotion"},{"floor":35.0,"key":"sneckomod:MuddlingPotion"},{"floor":36.0,"key":"Energy Potion"},{"floor":39.0,"key":"Block Potion"},{"floor":41.0,"key":"champ:CounterPotion"},{"floor":47,"key":"EssenceOfSteel"},{"floor":48,"key":"Fruit Juice"}],"is_trial":false,"path_per_floor":["M","M","M","M","?","R","E","R","T","E","M","R","$","M","R","B",null,"M","M","?","?","$","R","E","R","T","?","R","E","R","E","R","B",null,"M","?","?","M","M","R","E","R","T","M","R","$","M","M","R","B",null],"character_chosen":"WATCHER","items_purchased":["WheelKick","Omamori"],"campfire_rested":7,"item_purchase_floors":[22,22],"current_hp_per_floor":[59,58,51,51,44,44,25,45,45,42,37,37,37,37,37,7,53,53,45,24,24,24,44,24,44,44,44,44,29,64,58,58,47,63,61,61,61,60,60,65,65,65,65,65,65,65,39,34,70,8],"gold":8,"neow_bonus":"REMOVE_TWO","is_daily":false,"chose_seed":false,"campfire_upgraded":5,"win_rate":0.0,"timestamp":1612722196,"path_taken":["M","M","M","M","?","R","E","R","T","E","M","R","$","M","R","BOSS","M","M","?","?","$","R","E","R","T","?","R","E","R","E","R","BOSS","M","?","?","M","M","R","E","R","T","M","R","?","M","M","R","BOSS"],"items_purchased_type":["Card","Relic"],"build_version":"2020-12-22","purchased_purges":0,"victory":true,"max_hp_per_floor":[68,68,68,68,68,68,68,68,68,68,68,68,68,68,68,68,68,68,68,68,68,68,68,68,68,68,68,68,68,68,68,68,68,68,68,68,65,65,65,65,65,65,65,65,65,65,65,65,70,70],"card_choices":[{"not_picked":["CrushJoints","Protect"],"picked":"EmptyFist","floor":1.0},{"not_picked":["EmptyFist","SpiritShield"],"picked":"TalkToTheHand","floor":2.0},{"not_picked":["Prostrate","BowlingBash"],"picked":"Halt","floor":3.0},{"not_picked":["Halt","ThirdEye"],"picked":"CutThroughFate","floor":4.0},{"not_picked":["FearNoEvil","JustLucky"],"picked":"LessonLearned","floor":7.0},{"not_picked":["Protect","EmptyBody"],"picked":"InnerPeace","floor":10.0},{"not_picked":["Protect","EmptyFist"],"picked":"EmptyMind","floor":11.0},{"not_picked":["FlyingSleeves","SignatureMove"],"picked":"Tantrum","floor":14.0},{"not_picked":["Alpha","Judgement"],"picked":"Establishment","floor":16.0},{"not_picked":["Nirvana","Prostrate"],"picked":"ClearTheMind","floor":18.0},{"not_picked":["Worship+1","JustLucky+1"],"picked":"BattleHymn","floor":19.0},{"not_picked":["WaveOfTheHand","Consecrate"],"picked":"FlurryOfBlows","floor":24.0},{"not_picked":["Conclude","Vengeance"],"picked":"FlurryOfBlows","floor":29.0},{"not_picked":["FlyingSleeves+1","ClearTheMind"],"picked":"Scrawl","floor":31.0},{"not_picked":["Pray","ThirdEye"],"picked":"WindmillStrike+1","floor":35.0},{"not_picked":["Tantrum","Crescendo"],"picked":"Meditate","floor":38.0},{"not_picked":["CrushJoints","InnerPeace","EmptyFist"],"picked":"SKIP","floor":39.0},{"not_picked":["CrushJoints","SashWhip+1","Nirvana"],"picked":"SKIP","floor":41.0},{"not_picked":["JustLucky","FlyingSleeves"],"picked":"CutThroughFate+1","floor":44},{"not_picked":["EmptyFist+1","Pray"],"picked":"SpiritShield","floor":47},{"not_picked":["JustLucky","FlyingSleeves"],"picked":"Perseverance","floor":48}],"player_experience":236594,"relics_obtained":[{"floor":7.0,"key":"CaptainsWheel"},{"floor":9.0,"key":"Yang"},{"floor":10.0,"key":"Sundial"},{"floor":20.0,"key":"Necronomicon"},{"floor":24.0,"key":"White Beast Statue"},{"floor":26.0,"key":"Potion Belt"},{"floor":29.0,"key":"Regal Pillow"},{"floor":31.0,"key":"Ginger"},{"floor":36.0,"key":"Dead Branch"},{"floor":41.0,"key":"StrikeDummy"},{"floor":43.0,"key":"Gremlin Horn"}],"event_choices":[{"cards_removed":["Strike_P"],"damage_healed":0.0,"max_hp_gain":0.0,"max_hp_loss":0.0,"gold_gain":0.0,"event_name":"Golden Wing","player_choice":"Card Removal","floor":5.0,"gold_loss":0.0,"damage_taken":7.0},{"damage_healed":0.0,"max_hp_gain":0.0,"max_hp_loss":0.0,"gold_gain":0.0,"event_name":"Cursed Tome","player_choice":"Obtained Book","floor":20.0,"gold_loss":0.0,"damage_taken":21.0},{"cards_removed":["Defend_P"],"damage_healed":0.0,"max_hp_gain":0.0,"max_hp_loss":0.0,"gold_gain":0.0,"event_name":"Back to Basics","player_choice":"Elegance","floor":27.0,"gold_loss":0.0,"damage_taken":0.0},{"damage_healed":0.0,"max_hp_gain":0.0,"max_hp_loss":0.0,"gold_gain":0.0,"event_name":"MindBloom","player_choice":"Fight","floor":36.0,"gold_loss":0.0,"damage_taken":0.0},{"damage_healed":0.0,"max_hp_gain":0.0,"max_hp_loss":3.0,"gold_gain":0.0,"event_name":"Winding Halls","player_choice":"Max HP","floor":37.0,"gold_loss":0.0,"damage_taken":0.0}],"is_beta":false,"boss_relics":[{"not_picked":["bronze:MakeshiftBattery","Tiny House"],"picked":"Ectoplasm"},{"not_picked":["Velvet Choker","Runic Dome"],"picked":"Fusion Hammer"}],"items_purged_floors":[],"is_endless":false,"potions_floor_spawned":[4,7,11,16,29,31,33,35,36,38,39,41,44,47,48],"ascension_level":19}}