{"host":"fzjk61lpi4bwj033","time":1612729701,"event":{"mods":["BaseMod","Downfall","Hermit","Jorbs\u0027s Wanderer Trilogy","Minty Spire (QoL Compilation)","Rare Cards Sparkle","Relic Stats","StSLib"],"gold_per_floor":[99,99,109,128,16,16,42,62,62,80,98,98,98,98],"floor_reached":12,"language":"ENG","playtime":635,"items_purged":[],"score":140,"play_id":"531d2a3d-bcf1-4414-8fd9-ae61d7ff3bfb","local_time":"20210207142821","is_ascension_mode":true,"campfire_choices":[{"data":"sneckomod:Unknown","floor":6,"key":"SMITH"},{"data":"sneckomod:UnknownCommonSkill","floor":9,"key":"SMITH"}],"circlet_count":0,"master_deck":["AscendersBane","sneckomod:Strike","sneckomod:Strike","sneckomod:Strike","sneckomod:Defend","sneckomod:Defend","sneckomod:Defend","sneckomod:TailWhip","sneckomod:Unknown+1","sneckomod:IronFang","Double Tap","sneckomod:UnknownX","sneckomod:DiceBoulder","sneckomod:UnknownCommonSkill+1","sneckomod:UnendingSupply","sneckomod:Unknown1Cost","sneckomod:SoulRoll","sneckomod:DiceBlock","sneckomod:UnknownVulnerable","sneckomod:Unknown2Cost"],"relics":["sneckomod:SneckoSoul","Strawberry"],"acts_visited":["Exordium"],"potions_floor_usage":[],"damage_taken":[{"damage":2,"enemies":"Small Slimes","floor":3,"turns":4},{"damage":0,"enemies":"Cultist","floor":4,"turns":4},{"damage":2,"enemies":"downfall:FleeingMerchant","floor":5,"turns":4},{"damage":4,"enemies":"Jaw Worm","floor":8,"turns":5},{"damage":16,"enemies":"3 Louse","floor":10,"turns":3},{"damage":38,"enemies":"Blue Slaver","floor":11,"turns":4},{"damage":30,"enemies":"3 Sentries","floor":12,"turns":5}],"seed_played":"-416719050381237837","potions_obtained":[{"floor":3,"key":"hexamod:SoulburnPotion"},{"floor":4,"key":"SpeedPotion"}],"is_trial":false,"path_per_floor":["R","?","M","M","$","R","T","M","R","M","M","E"],"character_chosen":"THE_SNECKO","items_purchased":["sneckomod:UnendingSupply","sneckomod:Unknown1Cost"],"campfire_rested":0,"item_purchase_floors":[5,5],"current_hp_per_floor":[75,80,78,78,76,76,83,79,79,63,25,0,0,0],"gold":98,"neow_bonus":"THREE_CARDS","is_daily":false,"chose_seed":false,"campfire_upgraded":2,"win_rate":0.0,"timestamp":1612729701,"path_taken":["R","?","M","M","$","R","T","M","R","M","M","E"],"items_purchased_type":["Card","Card"],"build_version":"2020-12-22","purchased_purges":0,"victory":false,"max_hp_per_floor":[83,88,88,88,88,88,95,95,95,95,95,95,95,95],"relic_stats":{"counters":[7,29],"obtain_stats":[{"Strawberry":7,"sneckomod:SneckoSoul":0},{"Strawberry":3,"sneckomod:SneckoSoul":0},{"Strawberry":12,"sneckomod:SneckoSoul":0}]},"card_choices":[{"not_picked":["sneckomod:SoulDraw","sneckomod:WideSting"],"picked":"sneckomod:IronFang","floor":0},{"not_picked":["sneckomod:SoulDraw","sneckomod:MasterEye"],"picked":"sneckomod:UnknownX","floor":3},{"not_picked":["sneckomod:SoulRoll","sneckomod:SnakeSap"],"picked":"sneckomod:DiceBoulder","floor":4},{"not_picked":["sneckomod:QuickBite","sneckomod:UnknownCommonAttack"],"picked":"sneckomod:UnknownCommonSkill","floor":5},{"not_picked":["sneckomod:WideSting","sneckomod:UnknownX"],"picked":"sneckomod:DiceBlock","floor":8},{"not_picked":["sneckomod:UnknownCommonAttack","sneckomod:TrashToTreasure"],"picked":"sneckomod:UnknownVulnerable","floor":10},{"not_picked":["sneckomod:UnknownCommonAttack","sneckomod:TrashToTreasure"],"picked":"sneckomod:Unknown2Cost","floor":11}],"player_experience":837758,"relics_obtained":[{"floor":7,"key":"Strawberry"}],"event_choices":[{"damage_healed":0,"gold_gain":0,"player_choice":"Donut","damage_taken":0,"max_hp_gain":5,"max_hp_loss":0,"event_name":"Big Fish","floor":2,"gold_loss":0}],"is_beta":false,"boss_relics":[],"items_purged_floors":[],"is_endless":false,"potions_floor_spawned":[3,4,10],"killed_by":"3 Sentries","ascension_level":20}}