{"host":"vdpaduzlq0qlaikq","time":1612726055,"event":{"mods":["AchievementEnabler","BaseMod","Better Third Choice","BetterRewards","Colored Map","Downfall","Gold Saver","Hermit","Jorbs\u0027s Wanderer Trilogy","Minty Spire (QoL Compilation)","Relic Filter","Spicy Shops","StSLib","The Necromancer"],"gold_per_floor":[875,276,358,23,42,75,75,75,98,111,139,139,154,184,184,258,258,276,276,292,302,317,317,343,343,391,119,119,119,138,238,238,313,313,328,328,9,9,22,22,54,54,54,71,371,390,390,400,400,400,400,400,65,95,95],"floor_reached":56,"language":"ENG","playtime":2337,"items_purged":["Normality","Injury","Writhe"],"score":2410,"play_id":"2d92eb40-e19e-4ff9-8c35-3218d7fe2e50","local_time":"20210207172735","is_ascension_mode":true,"campfire_choices":[{"data":"Storm","floor":8.0,"key":"SMITH"},{"data":"Storm","floor":12.0,"key":"SMITH"},{"data":"Storm","floor":15.0,"key":"SMITH"},{"data":"Buffer","floor":23.0,"key":"SMITH"},{"data":"Consume","floor":25.0,"key":"SMITH"},{"data":"Buffer","floor":28.0,"key":"SMITH"},{"data":"Heatsinks","floor":32.0,"key":"SMITH"},{"floor":40,"key":"RECALL"},{"data":"Machine Learning","floor":42,"key":"SMITH"},{"data":"Amplify","floor":47,"key":"SMITH"},{"data":"Capacitor","floor":49,"key":"SMITH"},{"data":"Machine Learning","floor":52,"key":"SMITH"}],"circlet_count":0,"master_deck":["AscendersBane","Strike_B","Defend_B","Defend_B+1","Defend_B","Defend_B","Zap","Dualcast+1","Storm+1","Storm+1","Machine Learning+1","Capacitor+1","Turbo","Storm+1","Self Repair","Static Discharge","Buffer+1","Conserve Battery","Buffer+1","Leap","Amplify+1","Heatsinks+1","BootSequence","Consume+1","Capacitor+1","Stack+1","White Noise","Barrage+1","Force Field","Thunder Strike","Echo Form","Thunder Strike+1","Hyperbeam+1","Blizzard+1","Fusion","Machine Learning+1","Self Repair"],"relics":["Cracked Core","Blood Vial","DollysMirror","Pantograph","War Paint","Cables","Matryoshka","Happy Flower","Lantern","Eternal Feather","Runic Capacitor","Sling","MealTicket","Oddly Smooth Stone","Nunchaku","Boot","Guardian:PocketSentry","Toy Ornithopter","Symbiotic Virus","Ornamental Fan","SacredBark","HornCleat","DataDisk","Orrery","Torii","Mummified Hand","Astrolabe","Bottled Tornado","Ginger","Pear","Bottled Lightning","Cauldron","TungstenRod"],"acts_visited":["Exordium","TheCity","TheBeyond","TheEnding"],"potions_floor_usage":[39,53,55,55],"damage_taken":[{"damage":0.0,"enemies":"Cultist","floor":1.0,"turns":3.0},{"damage":0.0,"enemies":"2 Louse","floor":5.0,"turns":2.0},{"damage":18.0,"enemies":"Gremlin Nob","floor":6.0,"turns":4.0},{"damage":0.0,"enemies":"Small Slimes","floor":10.0,"turns":2.0},{"damage":4.0,"enemies":"3 Sentries","floor":11.0,"turns":3.0},{"damage":2.0,"enemies":"Looter","floor":13.0,"turns":3.0},{"damage":8.0,"enemies":"Gremlin Nob","floor":14.0,"turns":3.0},{"damage":0.0,"enemies":"Slime Boss","floor":16.0,"turns":4.0},{"damage":16.0,"enemies":"2 Thieves","floor":18.0,"turns":3.0},{"damage":15.0,"enemies":"3 Byrds","floor":20.0,"turns":3.0},{"damage":35.0,"enemies":"Shelled Parasite and Fungi","floor":21.0,"turns":4.0},{"damage":11.0,"enemies":"Sentry and Sphere","floor":22.0,"turns":3.0},{"damage":7.0,"enemies":"Book of Stabbing","floor":24.0,"turns":3.0},{"damage":0.0,"enemies":"Centurion and Healer","floor":30.0,"turns":4.0},{"damage":16.0,"enemies":"Colosseum Slavers","floor":31.0,"turns":2.0},{"damage":0.0,"enemies":"Colosseum Nobs","floor":31.0,"turns":3.0},{"damage":11.0,"enemies":"Champ","floor":33.0,"turns":4.0},{"damage":1,"enemies":"Orb Walker","floor":35,"turns":2},{"damage":1,"enemies":"3 Darklings","floor":39,"turns":3},{"damage":1,"enemies":"Reptomancer","floor":41,"turns":3},{"damage":13,"enemies":"Jaw Worm Horde","floor":44,"turns":2},{"damage":0,"enemies":"Sphere and 2 Shapes","floor":46,"turns":2},{"damage":0,"enemies":"Spire Growth","floor":48,"turns":2},{"damage":7,"enemies":"Time Eater","floor":50,"turns":3},{"damage":22,"enemies":"Shield and Spear","floor":54,"turns":2},{"damage":59,"enemies":"The Heart","floor":55,"turns":4}],"seed_played":"-6358584730325174006","potions_obtained":[{"floor":6.0,"key":"SmokeBomb"},{"floor":14.0,"key":"Fruit Juice"},{"floor":20.0,"key":"AttackPotion"},{"floor":22.0,"key":"Guardian:BlockOnCardUsePotion"},{"floor":33.0,"key":"AttackPotion"},{"floor":48,"key":"Weak Potion"},{"floor":53,"key":"Fruit Juice"},{"floor":53,"key":"FocusPotion"},{"floor":53,"key":"Guardian:BlockOnCardUsePotion"}],"is_trial":false,"path_per_floor":["M","$","T","$","M","E","?","R","T","M","E","R","M","E","R","B",null,"M","?","M","M","M","R","E","R","T","$","R","?","M","?","R","B",null,"M","?","$","?","M","R","E","R","T","M","?","M","R","M","R","B",null,"R","$","E","B",null],"character_chosen":"DEFECT","items_purchased":["Storm","Blood Vial","DollysMirror","Pantograph","War Paint","Machine Learning","Cables","Capacitor","Matryoshka","Turbo","Happy Flower","Lantern","Storm","PowerPotion","Eternal Feather","Runic Capacitor","Static Discharge","Sling","Buffer","Oddly Smooth Stone","Conserve Battery","Orrery","Fruit Juice","Bottled Tornado","Fusion","Bottled Lightning","Cauldron"],"campfire_rested":0,"item_purchase_floors":[0,0,0,0,0,0,0,0,0,0,0,0,0,0,2,2,2,2,4,4,4,27,37,37,37,53,53],"current_hp_per_floor":[70,70,70,75,75,64,22,34,34,36,39,51,58,52,64,75,75,69,53,40,12,3,18,18,33,33,48,66,66,68,63,81,86,89,89,89,90,90,99,100,99,100,110,97,97,99,110,110,110,110,110,110,120,98,68],"gold":95,"neow_bonus":"","is_daily":false,"chose_seed":false,"campfire_upgraded":11,"win_rate":0.0,"timestamp":1612726055,"path_taken":["M","$","?","$","?","E","?","R","T","M","E","R","M","E","R","BOSS","M","?","M","M","M","R","E","R","T","$","R","?","M","?","R","BOSS","M","?","$","?","?","R","E","R","T","M","?","?","R","M","R","BOSS","R","$","E","BOSS"],"items_purchased_type":["Card","Relic","Relic","Relic","Relic","Card","Relic","Card","Relic","Card","Relic","Relic","Card","Potion","Relic","Relic","Card","Relic","Card","Relic","Card","Relic","Potion","Relic","Card","Relic","Relic"],"build_version":"2020-12-22","purchased_purges":3,"victory":true,"max_hp_per_floor":[75,75,75,75,75,75,75,75,75,75,75,75,75,75,75,75,75,85,90,90,90,90,90,90,90,90,90,90,90,90,90,90,90,90,90,90,90,90,100,100,100,100,110,110,110,110,110,110,110,110,110,110,120,120,120],"card_choices":[{"not_picked":["Leap","Barrage"],"picked":"Self Repair","floor":1.0},{"not_picked":["Hologram","Conserve Battery","Steam"],"picked":"SKIP","floor":5.0},{"not_picked":["Rebound","Rip and Tear","Static Discharge"],"picked":"SKIP","floor":6.0},{"not_picked":["Scrape","Sweeping Beam","Turbo"],"picked":"SKIP","floor":10.0},{"not_picked":["Chaos","Rip and Tear"],"picked":"Buffer","floor":11.0},{"not_picked":["Go for the Eyes","Sweeping Beam"],"picked":"Leap","floor":13.0},{"not_picked":["Recycle","Tempest","Fission"],"picked":"SKIP","floor":14.0},{"not_picked":["Meteor Strike","Hyperbeam"],"picked":"Amplify","floor":16.0},{"not_picked":["Chill","Streamline","Doom and Gloom+1"],"picked":"SKIP","floor":18.0},{"not_picked":["Conserve Battery","Compile Driver"],"picked":"Heatsinks","floor":20.0},{"not_picked":["Coolheaded","Sweeping Beam"],"picked":"BootSequence","floor":21.0},{"not_picked":["Streamline","Go for the Eyes+1"],"picked":"Consume","floor":22.0},{"not_picked":["Streamline","Conserve Battery"],"picked":"Capacitor+1","floor":24.0},{"not_picked":["Redo","Sweeping Beam"],"picked":"Stack+1","floor":27.0},{"not_picked":["Rebound+1","Sweeping Beam"],"picked":"White Noise","floor":27.0},{"not_picked":["Streamline","Beam Cell"],"picked":"Barrage+1","floor":27.0},{"not_picked":["Barrage","Go for the Eyes"],"picked":"Force Field","floor":27.0},{"not_picked":["Gash","Steam"],"picked":"Thunder Strike","floor":30.0},{"not_picked":["Rainbow","Core Surge"],"picked":"Echo Form","floor":33.0},{"not_picked":["Stack","Ball Lightning","Gash"],"picked":"SKIP","floor":35},{"not_picked":["Recycle","Chaos+1","Scrape"],"picked":"SKIP","floor":39},{"not_picked":["Ball Lightning","Sweeping Beam","Beam Cell"],"picked":"SKIP","floor":41},{"not_picked":["Stack","Beam Cell+1","Gash"],"picked":"SKIP","floor":44},{"not_picked":["Hologram","Steam"],"picked":"Machine Learning","floor":46},{"not_picked":["Gash","Blizzard+1"],"picked":"Self Repair","floor":48},{"not_picked":["Leap+1","Glacier","Recycle+1"],"picked":"SKIP","floor":54}],"player_experience":731637,"relics_obtained":[{"floor":3.0,"key":"MealTicket"},{"floor":6.0,"key":"Nunchaku"},{"floor":9.0,"key":"Guardian:PocketSentry"},{"floor":9.0,"key":"Toy Ornithopter"},{"floor":11.0,"key":"Symbiotic Virus"},{"floor":14.0,"key":"Ornamental Fan"},{"floor":24.0,"key":"HornCleat"},{"floor":26.0,"key":"DataDisk"},{"floor":31.0,"key":"Torii"},{"floor":31.0,"key":"Mummified Hand"},{"floor":41,"key":"Ginger"},{"floor":43,"key":"Pear"},{"floor":54,"key":"TungstenRod"}],"event_choices":[{"damage_healed":0.0,"max_hp_gain":0.0,"max_hp_loss":0.0,"gold_gain":0.0,"event_name":"betterThird:BetterScrap","player_choice":"Relic ","floor":7.0,"gold_loss":0.0,"damage_taken":42.0,"cards_obtained":["Leg Sweep"]},{"damage_healed":0.0,"max_hp_gain":5.0,"max_hp_loss":0.0,"gold_gain":0.0,"event_name":"Forgotten Altar","player_choice":"Shed Blood","floor":19.0,"gold_loss":0.0,"damage_taken":21.0},{"damage_healed":0.0,"max_hp_gain":0.0,"max_hp_loss":0.0,"gold_gain":0.0,"event_name":"betterThird:BetterWriting","player_choice":"Adaptability","floor":29.0,"gold_loss":0.0,"damage_taken":0.0},{"damage_healed":0.0,"max_hp_gain":0.0,"max_hp_loss":0.0,"gold_gain":0.0,"event_name":"Colosseum","player_choice":"Fight","floor":31.0,"gold_loss":0.0,"damage_taken":0.0},{"damage_healed":0.0,"max_hp_gain":0.0,"max_hp_loss":0.0,"gold_gain":0.0,"event_name":"Colosseum","player_choice":"Fought Nobs","floor":31.0,"gold_loss":0.0,"damage_taken":0.0},{"damage_healed":0,"gold_gain":0,"player_choice":"Ignored","damage_taken":0,"max_hp_gain":0,"max_hp_loss":0,"event_name":"Tomb of Lord Red Mask","floor":36,"gold_loss":0},{"damage_healed":0,"gold_gain":0,"player_choice":"Ignored","damage_taken":0,"max_hp_gain":0,"max_hp_loss":0,"event_name":"WeMeetAgain","floor":38,"gold_loss":0},{"damage_healed":0,"gold_gain":300,"player_choice":"Gold","damage_taken":0,"max_hp_gain":0,"max_hp_loss":0,"event_name":"Wheel of Change","floor":45,"gold_loss":0}],"is_beta":false,"boss_relics":[{"not_picked":["FrozenCore","Runic Pyramid"],"picked":"SacredBark"},{"not_picked":["expansioncontent:StudyCardRelic","Cursed Key"],"picked":"Astrolabe"}],"items_purged_floors":[0,2,27],"is_endless":false,"potions_floor_spawned":[6,10,14,20,22,31,33,48],"ascension_level":13}}