{"host":"tzwikg9s6mkzv6w0","time":1612676642,"event":{"mods":["BaseMod","Good Game Mod","Minty Spire (QoL Compilation)","Spicy Shops","StSLib"],"gold_per_floor":[113,113,132,145,145,145,156,184,184,146,158,190,202,61,61,162,162,175,175,192,207,225,225,225,225,225,101,101,101,121,150,150,253,253,269,23,73,73,91,91,108,108,162,173,185,218,218,236,236,236,236,236,92,92,92],"floor_reached":54,"language":"ZHS","playtime":1970,"items_purged":["Strike_G","Strike_G"],"score":869,"play_id":"ce322c93-8e86-4f3e-92be-6fbc1d53a972","local_time":"20210207134402","is_ascension_mode":true,"campfire_choices":[{"data":"Fasting2","floor":6.0,"key":"SMITH"},{"data":"Accuracy","floor":13.0,"key":"SMITH"},{"data":"Footwork","floor":15.0,"key":"SMITH"},{"data":"Cloak And Dagger","floor":23.0,"key":"SMITH"},{"data":"Venomology","floor":25.0,"key":"SMITH"},{"data":"Blade Dance","floor":32.0,"key":"SMITH"},{"floor":40,"key":"RECALL"},{"data":"Expertise","floor":42,"key":"SMITH"},{"data":"Madness","floor":49,"key":"SMITH"},{"data":"Neutralize","floor":52,"key":"SMITH"}],"circlet_count":0,"master_deck":["Strike_G","Strike_G","Defend_G","Defend_G","Defend_G","Defend_G","Defend_G","Survivor","Neutralize+1","Fasting2+1","Footwork+1","Accuracy+1","Prepared+1","Venomology+1","Calculated Gamble+1","Dagger Spray+1","Cloak And Dagger+1","Blade Dance+1","Decay","Backflip+1","Tools of the Trade+1","Expertise+1","Madness+1","Madness"],"relics":["Ring of the Snake","REME:ComplimentaryCards","Ginger","Matryoshka","Odd Mushroom","MawBank","ClockworkSouvenir","HoveringKite","Centennial Puzzle","Bottled Flame","PreservedInsect","Runic Dome","OrangePellets","The Specimen","Toy Ornithopter","CeramicFish","Medical Kit"],"acts_visited":["Exordium","TheCity","TheBeyond","TheEnding"],"potions_floor_usage":[39,41,44,45,46,50,50,50],"damage_taken":[{"damage":0.0,"enemies":"Cultist","floor":1.0,"turns":4.0},{"damage":4.0,"enemies":"Small Slimes","floor":3.0,"turns":5.0},{"damage":0.0,"enemies":"2 Louse","floor":4.0,"turns":3.0},{"damage":11.0,"enemies":"Large Slime","floor":7.0,"turns":10.0},{"damage":12.0,"enemies":"The Mushroom Lair","floor":8.0,"turns":7.0},{"damage":2.0,"enemies":"3 Louse","floor":12.0,"turns":7.0},{"damage":12.0,"enemies":"The Guardian","floor":16.0,"turns":18.0},{"damage":20.0,"enemies":"2 Thieves","floor":18.0,"turns":5.0},{"damage":0.0,"enemies":"Spheric Guardian","floor":20.0,"turns":10.0},{"damage":3.0,"enemies":"Snake Plant","floor":21.0,"turns":6.0},{"damage":4.0,"enemies":"Centurion and Healer","floor":22.0,"turns":10.0},{"damage":1.0,"enemies":"Snecko","floor":30.0,"turns":3.0},{"damage":0.0,"enemies":"Gremlin Leader","floor":31.0,"turns":5.0},{"damage":17.0,"enemies":"Automaton","floor":33.0,"turns":9.0},{"damage":2.0,"enemies":"3 Shapes","floor":35.0,"turns":4.0},{"damage":0,"enemies":"Mind Bloom Boss Battle","floor":37,"turns":5},{"damage":0,"enemies":"Orb Walker","floor":39,"turns":3},{"damage":4,"enemies":"Writhing Mass","floor":41,"turns":4},{"damage":0,"enemies":"Sphere and 2 Shapes","floor":44,"turns":4},{"damage":4,"enemies":"Jaw Worm Horde","floor":45,"turns":3},{"damage":6,"enemies":"Giant Head","floor":46,"turns":4},{"damage":64,"enemies":"Awakened One","floor":50,"turns":10},{"damage":57,"enemies":"Shield and Spear","floor":54,"turns":3}],"seed_played":"2905444226633198835","potions_obtained":[{"floor":3.0,"key":"SteroidPotion"},{"floor":12.0,"key":"SkillPotion"},{"floor":16.0,"key":"BlessingOfTheForge"},{"floor":22.0,"key":"Poison Potion"},{"floor":30.0,"key":"DistilledChaos"},{"floor":31.0,"key":"Ancient Potion"},{"floor":44,"key":"PowerPotion"},{"floor":45,"key":"FairyPotion"}],"is_trial":false,"path_per_floor":["M","?","M","M","?","R","M","?","T","?","?","M","R","$","R","B",null,"M","?","M","M","M","R","?","R","T","$","?","?","M","E","R","B",null,"M","$","?","?","M","R","M","R","T","M","M","E","?","?","R","B",null,"R","$","E"],"character_chosen":"THE_SILENT","items_purchased":["ClockworkSouvenir","Blade Dance","OrangePellets","Medical Kit"],"campfire_rested":0,"item_purchase_floors":[14,27,36,53],"current_hp_per_floor":[63,63,59,59,41,41,30,18,18,18,18,16,16,16,16,4,48,28,28,28,25,21,21,21,21,21,21,21,21,20,20,20,3,48,46,46,46,46,46,46,42,42,42,47,48,47,47,39,39,18,52,52,52,0,0],"gold":92,"neow_bonus":"ONE_RARE_RELIC","is_daily":false,"chose_seed":false,"campfire_upgraded":9,"win_rate":0.0,"timestamp":1612676642,"path_taken":["M","?","M","M","?","R","M","?","T","?","?","?","R","$","R","BOSS","M","?","M","M","?","R","?","R","T","$","?","?","M","E","R","BOSS","M","?","?","?","M","R","M","R","T","M","?","E","?","?","R","BOSS","R","$","E"],"items_purchased_type":["Relic","Card","Relic","Relic"],"build_version":"2020-12-22","purchased_purges":2,"victory":false,"max_hp_per_floor":[63,63,63,63,63,63,63,63,63,63,63,63,63,63,63,63,63,63,63,63,63,63,63,63,63,63,63,63,63,63,63,63,63,63,63,63,63,63,63,63,63,63,63,63,63,63,63,63,63,63,63,63,63,63,63],"card_choices":[{"not_picked":["Escape Plan","Bane","Deflect"],"picked":"SKIP","floor":1.0},{"not_picked":["Dagger Throw","Choke"],"picked":"Footwork","floor":3.0},{"not_picked":["Deflect","Outmaneuver"],"picked":"Accuracy","floor":4.0},{"not_picked":["Riddle With Holes","Sucker Punch"],"picked":"Prepared","floor":7.0},{"not_picked":["Outmaneuver","Deflect","Dagger Spray"],"picked":"SKIP","floor":12.0},{"not_picked":["Night Terror","Corpse Explosion"],"picked":"Venomology","floor":16.0},{"not_picked":["Sucker Punch","Predator","Cloak And Dagger"],"picked":"SKIP","floor":18.0},{"not_picked":["Quick Slash+1","Expertise+1"],"picked":"Calculated Gamble+1","floor":20.0},{"not_picked":["Calculated Gamble","Deadly Poison"],"picked":"Dagger Spray+1","floor":21.0},{"not_picked":["Cloak And Dagger","Deadly Poison+1","Sucker Punch"],"picked":"SKIP","floor":22.0},{"not_picked":["Deadly Poison+1","Sucker Punch"],"picked":"Cloak And Dagger","floor":22.0},{"not_picked":["Prepared+1","Bane","Dash"],"picked":"SKIP","floor":30.0},{"not_picked":["Heel Hook","Backstab+1"],"picked":"Backflip+1","floor":31.0},{"not_picked":["Doppelganger","A Thousand Cuts"],"picked":"Tools of the Trade","floor":33.0},{"not_picked":["Backflip+1","Sucker Punch+1","Slice+1"],"picked":"SKIP","floor":35.0},{"not_picked":["Dagger Spray","Backflip+1"],"picked":"Expertise","floor":37},{"not_picked":["Corpse Explosion","PiercingWail","Slice+1"],"picked":"SKIP","floor":39},{"not_picked":["Corpse Explosion","PiercingWail","Slice+1"],"picked":"SKIP","floor":39},{"not_picked":["Corpse Explosion","PiercingWail","Slice+1"],"picked":"SKIP","floor":39},{"not_picked":["Deadly Poison+1","Deflect","Blade Dance"],"picked":"SKIP","floor":41},{"not_picked":["Blur","Underhanded Strike","Deadly Poison+1"],"picked":"SKIP","floor":44},{"not_picked":["Blur","Underhanded Strike","Deadly Poison+1"],"picked":"SKIP","floor":44},{"not_picked":["Poisoned Stab","Underhanded Strike+1","Flying Knee+1"],"picked":"SKIP","floor":45},{"not_picked":["Bouncing Flask","Riddle With Holes+1","Crippling Poison"],"picked":"SKIP","floor":46}],"player_experience":63115,"relics_obtained":[{"floor":8.0,"key":"Odd Mushroom"},{"floor":9.0,"key":"MawBank"},{"floor":26.0,"key":"Centennial Puzzle"},{"floor":26.0,"key":"Bottled Flame"},{"floor":31.0,"key":"PreservedInsect"},{"floor":37,"key":"The Specimen"},{"floor":43,"key":"Toy Ornithopter"},{"floor":46,"key":"CeramicFish"}],"event_choices":[{"damage_healed":0.0,"max_hp_gain":0.0,"max_hp_loss":0.0,"gold_gain":0.0,"event_name":"Liars Game","player_choice":"Ignored","floor":2.0,"gold_loss":0.0,"damage_taken":0.0},{"damage_healed":0.0,"max_hp_gain":0.0,"max_hp_loss":0.0,"gold_gain":0.0,"event_name":"Scrap Ooze","player_choice":"Success","floor":5.0,"gold_loss":0.0,"damage_taken":18.0,"relics_obtained":["Matryoshka"]},{"damage_healed":0.0,"max_hp_gain":0.0,"max_hp_loss":0.0,"gold_gain":0.0,"event_name":"Mushrooms","player_choice":"Fought Mushrooms","floor":8.0,"gold_loss":0.0,"damage_taken":0.0},{"cards_removed":["Strike_G"],"damage_healed":0.0,"max_hp_gain":0.0,"max_hp_loss":0.0,"gold_gain":0.0,"event_name":"The Cleric","player_choice":"Card Removal","floor":10.0,"gold_loss":50.0,"damage_taken":0.0},{"damage_healed":0.0,"max_hp_gain":0.0,"max_hp_loss":0.0,"gold_gain":0.0,"event_name":"Shining Light","player_choice":"Ignored","floor":11.0,"gold_loss":0.0,"damage_taken":0.0},{"damage_healed":0.0,"max_hp_gain":0.0,"max_hp_loss":0.0,"gold_gain":0.0,"event_name":"Upgrade Shrine","player_choice":"Upgraded","floor":19.0,"gold_loss":0.0,"damage_taken":0.0,"cards_upgraded":["Prepared"]},{"damage_healed":0.0,"max_hp_gain":0.0,"max_hp_loss":0.0,"gold_gain":0.0,"event_name":"The Mausoleum","player_choice":"Ignored","floor":24.0,"gold_loss":0.0,"damage_taken":0.0},{"damage_healed":0.0,"max_hp_gain":0.0,"max_hp_loss":0.0,"gold_gain":0.0,"event_name":"Cursed Tome","player_choice":"Ignored","floor":28.0,"gold_loss":0.0,"damage_taken":0.0},{"damage_healed":0.0,"max_hp_gain":0.0,"max_hp_loss":0.0,"gold_gain":0.0,"event_name":"Wheel of Change","player_choice":"Cursed","floor":29.0,"gold_loss":0.0,"damage_taken":0.0,"cards_obtained":["Decay"]},{"damage_healed":0,"gold_gain":0,"player_choice":"Fight","damage_taken":0,"max_hp_gain":0,"max_hp_loss":0,"event_name":"MindBloom","floor":37,"gold_loss":0},{"damage_healed":0,"gold_gain":0,"player_choice":"Forge","damage_taken":0,"max_hp_gain":0,"max_hp_loss":0,"event_name":"Accursed Blacksmith","floor":38,"gold_loss":0,"cards_upgraded":["Tools of the Trade"]},{"damage_healed":0,"gold_gain":0,"player_choice":"Ignored","damage_taken":0,"max_hp_gain":0,"max_hp_loss":0,"event_name":"Tomb of Lord Red Mask","floor":47,"gold_loss":0},{"damage_healed":0,"gold_gain":0,"player_choice":"Embrace Madness","damage_taken":8,"max_hp_gain":0,"max_hp_loss":0,"event_name":"Winding Halls","floor":48,"gold_loss":0,"cards_obtained":["Madness","Madness"]}],"is_beta":false,"boss_relics":[{"not_picked":["SlaversCollar","Busted Crown"],"picked":"HoveringKite"},{"not_picked":["Snecko Eye","Pandora\u0027s Box"],"picked":"Runic Dome"}],"items_purged_floors":[27,36],"is_endless":false,"potions_floor_spawned":[3,12,16,22,30,31,37,44,45,46],"killed_by":"Shield and Spear","ascension_level":5}}