{"host":"iao9zlhzdan4iyha","time":1612677940,"event":{"mods":["BaseMod","BetterRewards","Curses Come First","Downfall","Hermit","Ironclad Rager","Minty Spire (QoL Compilation)","Quick Restart","Replay The Spire","Shop Mod","StSLib","The Bug Knight","The Runesmith"],"gold_per_floor":[109,109,109,142,180,223,242,276,276,276,353,353,394,65,65,193,193,216,216,0,15,15,46,2,41,41,72,102,102,102,126,126,254,254,282,33,0,24,87,121,153,193,216,230,265,279,309,472,472,472],"floor_reached":51,"language":"ENG","playtime":3872,"items_purged":["hermit:Covet"],"score":1256,"play_id":"dc016fee-3e77-403a-a32a-6ecaad270b55","local_time":"20210207060540","is_ascension_mode":true,"campfire_choices":[{"floor":10,"key":"REST"},{"floor":12,"key":"REST"},{"floor":15,"key":"DIG"},{"data":"hermit:ShadowCloak","floor":49,"key":"SMITH"},{"data":"hermit:Combo","floor":49,"key":"SMITH"}],"circlet_count":0,"master_deck":["hermit:Strike_Hermit","hermit:Strike_Hermit","hermit:Strike_Hermit","hermit:Defend_Hermit","hermit:Defend_Hermit","hermit:Defend_Hermit","hermit:Defend_Hermit","hermit:Snapshot","ReplayTheSpireMod:IOU","hermit:Vantage+1","hermit:Quickdraw","hermit:LoneWolf","hermit:NoHoldsBarred","Injury","hermit:DeadOrAlive","hermit:TakeAim","hermit:Misfire","hermit:Headshot","hermit:Determination","hermit:TakeAim","hermit:Vantage","hermit:Quickdraw","hermit:Reprieve","hermit:ShadowCloak","ReplayTheSpireMod:IOU","ReplayTheSpireMod:IOU","ReplayTheSpireMod:Brewmster+1","hermit:GhostlyPresence+1","hermit:Magnum","CurseOfTheBell","hermit:Deadeye+1","RitualDagger","hermit:CursedWeapon","hermit:GhostlyPresence+1","ReplayTheSpireMod:IOU","ReplayTheSpireMod:IOU","hermit:BigShot","hermit:Reprieve+1","hermit:Roughhouse","ReplayTheSpireMod:IOU","ReplayTheSpireMod:IOU","ReplayTheSpireMod:IOU","hermit:ShadowCloak+1","hermit:WideOpen","hermit:Ricochet","hermit:Maintenance+1","hermit:Horror+1","Voices","downfall:Bewildered","hermit:Snipe+1","hermit:GhostlyPresence+1","hermit:Reprieve+1","hermit:BodyArmor+1","Panache","hermit:Glare+1","ReplayTheSpireMod:IOU","hermit:Scavenge+1","hermit:Dive+1","hermit:Combo+1","hermit:Ricochet+1","hermit:Magnum","hermit:Brawl","hermit:GhostlyPresence+1","hermit:Vantage+1","hermit:FlashPowder+1","hermit:Deadeye+1","hermit:GhostlyPresence+1","hermit:TakeAim+1","Dramatic Entrance","hermit:FromBeyond+1","ReplayTheSpireMod:IOU","ReplayTheSpireMod:IOU","ReplayTheSpireMod:IOU","ReplayTheSpireMod:IOU","ReplayTheSpireMod:IOU","ReplayTheSpireMod:IOU","ReplayTheSpireMod:IOU"],"relics":["hermit:Momento","Prayer Wheel","Replay:Wax Seal","Replay:Kaleidoscope","ReplayTheSpireMod:Shallot","Golden Idol","CaptainsWheel","Mercury Hourglass","Toxic Egg 2","Snack Pack","Thread and Needle","Replay:Bottled Eggs","Calling Bell","Simple Rune","Question Card","Du-Vu Doll","PreservedInsect","Potion Belt","Dream Catcher","Membership Card","Kunai","Darkstone Periapt","Nunchaku","MealTicket","Ring of Hypnosis","Ring of Searing","sneckomod:BabySnecko","SacredBark","Toy Ornithopter","Replay:Arrowhead","Red Mask","Lizard Tail","Replay:Mystery Machine","Regal Pillow","Replay:Baseball","Chameleon Ring","MerchantsRug","hermit:PetGhost","ReplayFunnel","hermit:RedScarf"],"acts_visited":["Exordium","TheCity","TheBeyond"],"potions_floor_usage":[6,6,8,13,16,16,18,18,27,28,31,31,33,33,41,41,42,45,45,50,50],"damage_taken":[{"damage":5,"enemies":"2 Louse","floor":1,"turns":3},{"damage":0,"enemies":"Small Slimes","floor":4,"turns":3},{"damage":0,"enemies":"Cultist","floor":5,"turns":4},{"damage":6,"enemies":"Lagavulin","floor":6,"turns":7},{"damage":8,"enemies":"Looter","floor":7,"turns":3},{"damage":9,"enemies":"3 Sentries","floor":8,"turns":5},{"damage":35,"enemies":"Lagavulin","floor":13,"turns":9},{"damage":19,"enemies":"Fading Forest","floor":16,"turns":11},{"damage":2,"enemies":"2 Thieves","floor":18,"turns":2},{"damage":2,"enemies":"Spheric Guardian","floor":21,"turns":4},{"damage":12,"enemies":"Gremlin Leader","floor":23,"turns":3},{"damage":2,"enemies":"Book of Stabbing","floor":25,"turns":4},{"damage":16,"enemies":"Gremlin Leader","floor":27,"turns":3},{"damage":6,"enemies":"3 Cultists","floor":28,"turns":5},{"damage":0,"enemies":"Snecko","floor":31,"turns":1},{"damage":8,"enemies":"Champ","floor":33,"turns":4},{"damage":15,"enemies":"3 Darklings","floor":35,"turns":4},{"damage":10,"enemies":"3 Shapes","floor":38,"turns":3},{"damage":26,"enemies":"Mind Bloom Boss Battle","floor":39,"turns":5},{"damage":32,"enemies":"Giant Head","floor":40,"turns":6},{"damage":15,"enemies":"Maw","floor":41,"turns":4},{"damage":5,"enemies":"Reptomancer","floor":42,"turns":3},{"damage":17,"enemies":"Writhing Mass","floor":44,"turns":2},{"damage":10,"enemies":"Nemesis","floor":45,"turns":3},{"damage":15,"enemies":"4 Shapes","floor":46,"turns":4},{"damage":20,"enemies":"Maw","floor":47,"turns":7},{"damage":41,"enemies":"Donu and Deca","floor":50,"turns":6}],"seed_played":"-8241051243203603555","potions_obtained":[{"floor":1,"key":"Dexterity Potion"},{"floor":4,"key":"Energy Potion"},{"floor":7,"key":"Reflective Coating"},{"floor":8,"key":"ColorlessPotion"},{"floor":18,"key":"Doom Potion"},{"floor":25,"key":"AttackPotion"},{"floor":31,"key":"Strength Potion"},{"floor":35,"key":"Toxic Potion"},{"floor":41,"key":"champ:CounterPotion"},{"floor":42,"key":"BlessingOfTheForge"},{"floor":45,"key":"SpeedPotion"},{"floor":47,"key":"Adrenaline Potion"}],"is_trial":false,"path_per_floor":["M","?","?","M","M","E","M","E","T","R","?","R","E","$","R","B",null,"M","?","$","M","?","E","$","E","T","E","M","?","?","M","R","B",null,"M","$","?","M","?","E","M","E","T","M","E","M","M","$","R","B",null],"character_chosen":"HERMIT","items_purchased":["Replay:Wax Seal","hermit:Vantage+1","hermit:Quickdraw","ReplayTheSpireMod:Shallot","ReplayTheSpireMod:Brewmster","Thread and Needle","hermit:GhostlyPresence+1","hermit:CursedWeapon","hermit:GhostlyPresence+1","PreservedInsect","Potion Belt","Membership Card","Kunai","hermit:ShadowCloak","DuplicationPotion","Toy Ornithopter","Panache","hermit:Glare+1","Replay:Arrowhead","MerchantsRug","Venom Potion","Dramatic Entrance","hermit:PetGhost","hermit:FromBeyond+1","ColorlessPotion","ReplayFunnel","hermit:RedScarf","Energy Potion"],"campfire_rested":2,"item_purchase_floors":[0,0,0,0,14,14,14,20,20,20,20,24,24,24,24,36,36,36,36,48,48,48,48,48,48,48,48,48],"current_hp_per_floor":[35,35,35,35,35,29,21,12,12,34,34,56,21,21,21,30,75,75,69,69,69,69,65,65,73,73,61,57,63,69,71,71,67,87,82,93,93,83,72,68,65,65,65,93,93,78,83,135,135,101],"gold":472,"neow_bonus":"","is_daily":false,"chose_seed":false,"campfire_upgraded":2,"win_rate":0.0,"timestamp":1612677940,"path_taken":["M","?","?","?","M","E","M","E","T","R","?","R","E","$","R","BOSS","M","?","$","M","?","E","$","E","T","E","M","?","?","M","R","BOSS","M","$","?","M","?","E","M","E","T","M","E","M","M","$","R","BOSS"],"items_purchased_type":["Relic","Card","Card","Relic","Card","Relic","Card","Card","Card","Relic","Relic","Relic","Relic","Card","Potion","Relic","Card","Card","Relic","Relic","Potion","Card","Relic","Card","Potion","Relic","Relic","Potion"],"build_version":"2020-12-22","purchased_purges":1,"victory":true,"max_hp_per_floor":[75,75,75,75,75,75,75,75,75,75,75,75,75,75,75,75,75,75,75,75,75,75,75,75,75,75,75,75,81,87,87,87,87,87,87,93,93,93,93,93,93,93,93,93,93,93,93,135,135,135],"card_choices":[{"not_picked":["hermit:Maintenance","hermit:Vantage"],"picked":"hermit:LoneWolf","floor":1},{"not_picked":["hermit:Ricochet","hermit:Showdown"],"picked":"hermit:NoHoldsBarred","floor":1},{"not_picked":["hermit:TrackingShot","hermit:Snipe"],"picked":"hermit:TakeAim","floor":4},{"not_picked":["hermit:LowProfile","hermit:WideOpen"],"picked":"hermit:Misfire","floor":4},{"not_picked":["hermit:Misfire","hermit:WideOpen"],"picked":"hermit:Headshot","floor":5},{"not_picked":["hermit:Desperado","hermit:Roulette"],"picked":"hermit:Determination","floor":5},{"not_picked":["hermit:Misfire","hermit:GoldenBullet"],"picked":"hermit:TakeAim","floor":6},{"not_picked":["hermit:GoldenBullet","hermit:Dissolve"],"picked":"hermit:Vantage","floor":7},{"not_picked":["hermit:Combo","hermit:Vantage"],"picked":"hermit:Quickdraw","floor":7},{"not_picked":["hermit:FinalCanter","hermit:HighCaliber"],"picked":"hermit:Reprieve","floor":8},{"not_picked":["hermit:PistolWhip","hermit:Horror+1"],"picked":"hermit:ShadowCloak","floor":13},{"not_picked":["hermit:HighNoon","hermit:DeadOrAlive"],"picked":"hermit:Magnum","floor":16},{"not_picked":["hermit:Virtue+1","hermit:EyeOfTheStorm+1","hermit:Shortfuse"],"picked":"hermit:Deadeye+1","floor":18},{"not_picked":["hermit:HighCaliber","hermit:CalledShot+1","hermit:Feint+1","hermit:SprayPray"],"picked":"SKIP","floor":18},{"not_picked":["hermit:CalledShot","hermit:Vantage+1","hermit:GoldenBullet"],"picked":"hermit:BigShot","floor":21},{"not_picked":["hermit:Vantage+1","hermit:SprayPray","hermit:FullyLoaded+1"],"picked":"hermit:Reprieve+1","floor":21},{"not_picked":["hermit:Horror+1","hermit:HighCaliber+1","hermit:LuckOfTheDraw+1"],"picked":"hermit:Roughhouse","floor":23},{"not_picked":["hermit:Misfire+1","hermit:FullyLoaded+1","hermit:Horror+1"],"picked":"hermit:WideOpen","floor":25},{"not_picked":["hermit:Quickdraw","hermit:Misfire","hermit:WideOpen"],"picked":"hermit:Ricochet","floor":27},{"not_picked":["hermit:WideOpen+1","hermit:Showdown","hermit:Misfire"],"picked":"hermit:Maintenance+1","floor":28},{"not_picked":["hermit:DeadOrAlive","hermit:ItchyTrigger","hermit:Desperado"],"picked":"hermit:Horror+1","floor":28},{"not_picked":["hermit:Vantage+1","hermit:Misfire","hermit:TrackingShot"],"picked":"hermit:Snipe+1","floor":31},{"not_picked":["hermit:Spite","hermit:Misfire","hermit:GoldenBullet"],"picked":"hermit:GhostlyPresence+1","floor":31},{"not_picked":["hermit:Dissolve+1","hermit:BlackWind","hermit:Adapt"],"picked":"hermit:Reprieve+1","floor":33},{"not_picked":["hermit:Snipe+1","hermit:TrackingShot+1","hermit:Coalescence+1"],"picked":"hermit:BodyArmor+1","floor":35},{"not_picked":["hermit:Snipe+1","hermit:ItchyTrigger+1","hermit:HighCaliber","hermit:BigShot+1"],"picked":"SKIP","floor":35},{"not_picked":["hermit:SprayPray","hermit:Manifest+1","hermit:Coalescence+1"],"picked":"hermit:Scavenge+1","floor":38},{"not_picked":["hermit:Horror+1","hermit:BodyArmor+1","hermit:Misfire+1","hermit:Purgatory"],"picked":"SKIP","floor":38},{"not_picked":["hermit:LowProfile+1","hermit:Feint+1","hermit:Glare+1"],"picked":"hermit:Dive+1","floor":39},{"not_picked":["hermit:SprayPray+1","hermit:Coalescence+1","hermit:LoneWolf+1"],"picked":"hermit:Combo","floor":40},{"not_picked":["hermit:Horror+1","hermit:HoleUp+1","hermit:Manifest+1"],"picked":"hermit:Ricochet+1","floor":41},{"not_picked":["hermit:TrackingShot+1","hermit:Glare+1","hermit:Headshot+1"],"picked":"hermit:Magnum","floor":41},{"not_picked":["hermit:HighCaliber+1","hermit:Grudge","hermit:EyeOfTheStorm+1"],"picked":"hermit:Brawl","floor":42},{"not_picked":["hermit:Misfire+1","hermit:CalledShot+1","hermit:Desperado"],"picked":"hermit:GhostlyPresence+1","floor":44},{"not_picked":["hermit:Misfire","hermit:Feint+1","hermit:NoHoldsBarred"],"picked":"hermit:Vantage+1","floor":44},{"not_picked":["hermit:Determination","hermit:EyeOfTheStorm+1","hermit:CalledShot"],"picked":"hermit:FlashPowder+1","floor":45},{"not_picked":["hermit:Ricochet","hermit:FinalCanter","hermit:Misfire"],"picked":"hermit:Deadeye+1","floor":46},{"not_picked":["hermit:Enervate+1","hermit:Deadeye","hermit:GoldenBullet"],"picked":"hermit:GhostlyPresence+1","floor":46},{"not_picked":["hermit:Vantage+1","hermit:WideOpen","hermit:ItchyTrigger+1"],"picked":"hermit:TakeAim+1","floor":47},{"not_picked":["hermit:Headshot","hermit:HighCaliber+1","hermit:Snipe+1","hermit:SprayPray"],"picked":"SKIP","floor":47}],"player_experience":104102,"relics_obtained":[{"floor":6,"key":"CaptainsWheel"},{"floor":8,"key":"Mercury Hourglass"},{"floor":9,"key":"Toxic Egg 2"},{"floor":13,"key":"Snack Pack"},{"floor":15,"key":"Replay:Bottled Eggs"},{"floor":17,"key":"Simple Rune"},{"floor":17,"key":"Question Card"},{"floor":17,"key":"Du-Vu Doll"},{"floor":23,"key":"Dream Catcher"},{"floor":25,"key":"Darkstone Periapt"},{"floor":26,"key":"Nunchaku"},{"floor":27,"key":"MealTicket"},{"floor":29,"key":"Ring of Hypnosis"},{"floor":29,"key":"Ring of Searing"},{"floor":39,"key":"Lizard Tail"},{"floor":40,"key":"Replay:Mystery Machine"},{"floor":42,"key":"Regal Pillow"},{"floor":43,"key":"Replay:Baseball"},{"floor":45,"key":"Chameleon Ring"}],"event_choices":[{"damage_healed":0,"gold_gain":0,"player_choice":"Take Wound","damage_taken":0,"relics_obtained":["Golden Idol"],"max_hp_gain":0,"max_hp_loss":0,"event_name":"Golden Idol","floor":2,"gold_loss":0,"cards_obtained":["Injury"]},{"damage_healed":0,"gold_gain":0,"cards_transformed":["hermit:Strike_Hermit"],"player_choice":"Transformed","damage_taken":0,"max_hp_gain":0,"max_hp_loss":0,"event_name":"Transmorgrifier","floor":3,"gold_loss":0,"cards_obtained":["hermit:DeadOrAlive"]},{"damage_healed":0,"gold_gain":77,"player_choice":"Gained Gold","damage_taken":0,"max_hp_gain":0,"max_hp_loss":0,"event_name":"Golden Wing","floor":11,"gold_loss":0},{"damage_healed":0,"gold_gain":0,"player_choice":"Joined the Cult","damage_taken":6,"max_hp_gain":0,"max_hp_loss":0,"event_name":"Nest","floor":19,"gold_loss":0,"cards_obtained":["RitualDagger"]},{"damage_healed":0,"gold_gain":0,"player_choice":"Simplicity","damage_taken":0,"max_hp_gain":0,"max_hp_loss":0,"event_name":"Back to Basics","floor":22,"gold_loss":0,"cards_upgraded":["hermit:Strike_Hermit","hermit:Strike_Hermit","hermit:Strike_Hermit","hermit:Defend_Hermit","hermit:Defend_Hermit","hermit:Defend_Hermit","hermit:Defend_Hermit","hermit:Strike_Hermit","hermit:Strike_Hermit","hermit:Strike_Hermit","hermit:Defend_Hermit","hermit:Defend_Hermit","hermit:Defend_Hermit","hermit:Defend_Hermit"]},{"damage_healed":0,"gold_gain":0,"player_choice":"Ignored","damage_taken":0,"max_hp_gain":0,"max_hp_loss":0,"event_name":"Vampires","floor":32,"gold_loss":0},{"damage_healed":0,"gold_gain":0,"player_choice":"Paid","damage_taken":0,"relics_obtained":["Red Mask"],"max_hp_gain":0,"max_hp_loss":0,"event_name":"Tomb of Lord Red Mask","floor":37,"gold_loss":33},{"damage_healed":0,"gold_gain":0,"player_choice":"Fight","damage_taken":0,"max_hp_gain":0,"max_hp_loss":0,"event_name":"MindBloom","floor":39,"gold_loss":0}],"is_beta":false,"boss_relics":[{"not_picked":["Tiny House","Philosopher\u0027s Stone"],"picked":"Calling Bell"},{"not_picked":["bronze:MakeshiftBattery","ChewingGum"],"picked":"SacredBark"}],"items_purged_floors":[48],"is_endless":false,"potions_floor_spawned":[1,4,7,8,18,25,31,35,41,42,45,47],"ascension_level":1}}