{"host":"41vgbr386mrj4p17","time":1612689042,"event":{"mods":["AchievementEnabler","AlwaysNeverKeys","BaseMod","Bestiary","Better Altar","Better Match","Better Note","Better Sensory Stone","Better Skull","Better Third Choice","Colored Map","Curses Come First","Downfall","Googly Eyes","Hermit","Highlight Path","Minty Spire (QoL Compilation)","Shade Mod","StSLib","The Cursed"],"gold_per_floor":[119,119,142,142,158,158,44,383,409,92,92,123,123,73,73,73,73],"floor_reached":16,"language":"ENG","playtime":722,"items_purged":["TheCursedMod:Defend_TheCursed","TheCursedMod:Defend_TheCursed"],"score":148,"play_id":"ec70b736-7b0d-4f09-90ae-5d8532ddf35f","local_time":"20210207041042","is_ascension_mode":true,"campfire_choices":[{"data":"TheCursedMod:CleanUpWorkshop","floor":6,"key":"SMITH"},{"data":"TheCursedMod:CursedWand","floor":11,"key":"SMITH"},{"data":"TheCursedMod:LuckyCharm","floor":13,"key":"SMITH"},{"data":"TheCursedMod:ReleasedStrength","floor":15,"key":"SMITH"}],"circlet_count":0,"master_deck":["TheCursedMod:Strike_TheCursed","TheCursedMod:Strike_TheCursed","TheCursedMod:Strike_TheCursed","TheCursedMod:Defend_TheCursed","TheCursedMod:Defend_TheCursed","TheCursedMod:CursedWand+1","TheCursedMod:CleanUpWorkshop+1","TheCursedMod:Dregs","Injury","TheCursedMod:CircleOfCorruption","TheCursedMod:ReleasedStrength+1","TheCursedMod:LuckyCharm+1"],"relics":["TheCursedMod:BlackMagic101","Golden Idol","MealTicket","Old Coin","Centennial Puzzle","Medical Kit","Sundial"],"acts_visited":["Exordium"],"potions_floor_usage":[8],"damage_taken":[{"damage":4,"enemies":"Small Slimes","floor":1,"turns":4},{"damage":6,"enemies":"Jaw Worm","floor":3,"turns":5},{"damage":5,"enemies":"2 Louse","floor":5,"turns":3},{"damage":26,"enemies":"Gremlin Nob","floor":8,"turns":4},{"damage":6,"enemies":"Lagavulin","floor":12,"turns":6},{"damage":40,"enemies":"The Guardian","floor":16,"turns":6}],"seed_played":"7094558116197599700","potions_obtained":[{"floor":5,"key":"PowerPotion"}],"is_trial":false,"path_per_floor":["M","?","M","?","M","R","$","E","T","$","R","E","R","?","R","B"],"character_chosen":"THE_CURSED","items_purchased":["TheCursedMod:ReleasedStrength","TheCursedMod:LuckyCharm","Medical Kit"],"campfire_rested":0,"item_purchase_floors":[7,10,10],"current_hp_per_floor":[71,71,65,47,42,42,57,31,31,46,46,40,40,40,40,0,0],"gold":73,"neow_bonus":"TEN_PERCENT_HP_BONUS","is_daily":false,"chose_seed":false,"campfire_upgraded":4,"win_rate":0.0,"timestamp":1612689042,"path_taken":["M","?","M","?","M","R","?","E","T","$","R","E","R","?","R","BOSS"],"items_purchased_type":["Card","Card","Relic"],"build_version":"2020-12-22","purchased_purges":2,"victory":false,"max_hp_per_floor":[82,82,82,82,82,82,82,82,82,82,82,82,82,82,82,82,82],"card_choices":[{"not_picked":["TheCursedMod:CursedAmulet","TheCursedMod:Obscuration","TheCursedMod:PrepareRite"],"picked":"SKIP","floor":1},{"not_picked":["TheCursedMod:TacticalStrike","TheCursedMod:Stretching","TheCursedMod:CursedBlade"],"picked":"SKIP","floor":3},{"not_picked":["TheCursedMod:Obscuration","TheCursedMod:WearCloak"],"picked":"TheCursedMod:CircleOfCorruption","floor":5},{"not_picked":["TheCursedMod:AshesToAshes","TheCursedMod:Neurasthenia","TheCursedMod:CursedBlade"],"picked":"SKIP","floor":8},{"not_picked":["TheCursedMod:CursedAmulet","TheCursedMod:Wield","TheCursedMod:Grudge"],"picked":"SKIP","floor":12}],"player_experience":1047685,"relics_obtained":[{"floor":8,"key":"Old Coin"},{"floor":9,"key":"Centennial Puzzle"},{"floor":12,"key":"Sundial"}],"event_choices":[{"damage_healed":0,"gold_gain":0,"player_choice":"Take Wound","damage_taken":0,"relics_obtained":["Golden Idol"],"max_hp_gain":0,"max_hp_loss":0,"event_name":"Golden Idol","floor":2,"gold_loss":0,"cards_obtained":["Injury"]},{"damage_healed":0,"gold_gain":0,"player_choice":"Relic ","damage_taken":18,"max_hp_gain":0,"max_hp_loss":0,"event_name":"betterThird:BetterScrap","floor":4,"gold_loss":0,"cards_obtained":["Limit Break"]},{"cards_removed":["TheCursedMod:Strike_TheCursed"],"damage_healed":0,"gold_gain":0,"player_choice":"Card Removal","damage_taken":0,"max_hp_gain":0,"max_hp_loss":0,"event_name":"The Cleric","floor":14,"gold_loss":50}],"is_beta":false,"boss_relics":[],"items_purged_floors":[7,10],"is_endless":false,"potions_floor_spawned":[5],"killed_by":"The Guardian","ascension_level":8}}