{"host":"vymnruocrvjmw2yt","time":1612729068,"event":{"mods":["AchievementEnabler","Aspiration","BaseMod","Block Reminder","Downfall","Googly Eyes","Halation","Hermit","Hubris","Infinite Spire","Minty Spire (QoL Compilation)","Relic Filter","Robot Space Explorer","StSLib","The Runesmith"],"gold_per_floor":[117,18,29,29,40,40,55,90,90,90,106,124,138,172,172,172,172],"floor_reached":16,"language":"ENG","playtime":821,"items_purged":["RobotSpaceExplorer:Strike"],"score":120,"play_id":"4bccb41c-37e2-4404-9ec1-a112c2ba1a36","local_time":"20210207151748","is_ascension_mode":true,"campfire_choices":[{"data":"RobotSpaceExplorer:MiniDrones","floor":6,"key":"SMITH"},{"data":"RobotSpaceExplorer:MiniBoosters","floor":15,"key":"SMITH"}],"circlet_count":0,"master_deck":["RobotSpaceExplorer:Strike","RobotSpaceExplorer:Strike","RobotSpaceExplorer:Strike","RobotSpaceExplorer:Defend","RobotSpaceExplorer:Defend","RobotSpaceExplorer:Defend","RobotSpaceExplorer:Defend","RobotSpaceExplorer:Scan","RobotSpaceExplorer:MiniLasers","RobotSpaceExplorer:JunkDive","RobotSpaceExplorer:ScrapMissile","RobotSpaceExplorer:ScrapMissile","RobotSpaceExplorer:MiniDrones+1","RobotSpaceExplorer:Reload","RobotSpaceExplorer:Smokescreen","RobotSpaceExplorer:FrostMissile","RobotSpaceExplorer:FranticSearch","RobotSpaceExplorer:MiniBoosters+1"],"relics":["RobotSpaceExplorer:RoboCore","NeowsBlessing","halation:SwordOfLegend","Question Card","Bottled Lightning","hubris:PeanutButter"],"acts_visited":["Exordium"],"potions_floor_usage":[16,16],"damage_taken":[{"damage":0,"enemies":"Cultist","floor":1,"turns":1},{"damage":0,"enemies":"Jaw Worm","floor":3,"turns":1},{"damage":0,"enemies":"2 Louse","floor":5,"turns":1},{"damage":0,"enemies":"Blue Slaver","floor":7,"turns":3},{"damage":17,"enemies":"3 Sentries","floor":8,"turns":8},{"damage":0,"enemies":"Exordium Thugs","floor":11,"turns":4},{"damage":2,"enemies":"2 Fungi Beasts","floor":12,"turns":3},{"damage":0,"enemies":"Looter","floor":13,"turns":2},{"damage":40,"enemies":"Gremlin Nob","floor":14,"turns":6},{"damage":30,"enemies":"Slime Boss","floor":16,"turns":8}],"seed_played":"-4926450111829048246","potions_obtained":[{"floor":3,"key":"FearPotion"},{"floor":7,"key":"CultistPotion"},{"floor":11,"key":"Strength Potion"},{"floor":14,"key":"champ:CounterPotion"}],"is_trial":false,"path_per_floor":["M","$","M","$","M","R","M","E","T","T","M","M","M","E","R","B"],"character_chosen":"RobotSpaceExplorer","items_purchased":["RobotSpaceExplorer:ScrapMissile"],"campfire_rested":0,"item_purchase_floors":[2],"current_hp_per_floor":[75,75,75,75,75,75,75,58,58,58,58,56,56,16,25,0,0],"gold":172,"neow_bonus":"THREE_ENEMY_KILL","is_daily":false,"chose_seed":false,"campfire_upgraded":2,"win_rate":0.0,"timestamp":1612729068,"path_taken":["M","$","?","$","M","R","M","E","T","?","?","M","M","E","R","BOSS"],"items_purchased_type":["Card"],"build_version":"2020-12-22","purchased_purges":1,"victory":false,"max_hp_per_floor":[75,75,75,75,75,75,75,75,75,75,75,75,75,75,75,75,75],"card_choices":[{"not_picked":["RobotSpaceExplorer:Counterblock","RobotSpaceExplorer:ShovelStrike"],"picked":"RobotSpaceExplorer:JunkDive","floor":1},{"not_picked":["RobotSpaceExplorer:GlueShot","RobotSpaceExplorer:SlimeMissile"],"picked":"RobotSpaceExplorer:ScrapMissile","floor":3},{"not_picked":["RobotSpaceExplorer:Electropulse","RobotSpaceExplorer:Smokescreen"],"picked":"RobotSpaceExplorer:MiniDrones","floor":5},{"not_picked":["RobotSpaceExplorer:DoubleFind","RobotSpaceExplorer:Ammunition"],"picked":"RobotSpaceExplorer:Reload","floor":7},{"not_picked":["RobotSpaceExplorer:SwiftStep","RobotSpaceExplorer:ScrapMissile"],"picked":"RobotSpaceExplorer:Smokescreen","floor":8},{"not_picked":["RobotSpaceExplorer:ShockKick","RobotSpaceExplorer:SwiftStep","RobotSpaceExplorer:Asteroid"],"picked":"RobotSpaceExplorer:FrostMissile","floor":11},{"not_picked":["RobotSpaceExplorer:Counterblock","RobotSpaceExplorer:BigMissile","RobotSpaceExplorer:GlueShot"],"picked":"RobotSpaceExplorer:FranticSearch","floor":12},{"not_picked":["RobotSpaceExplorer:ShockKick","RobotSpaceExplorer:ScrapMissile","RobotSpaceExplorer:Pulsar"],"picked":"RobotSpaceExplorer:MiniBoosters","floor":13},{"not_picked":["RobotSpaceExplorer:MakeshiftVolley","RobotSpaceExplorer:Scanner","RobotSpaceExplorer:Electropulse","RobotSpaceExplorer:DoubleBlock"],"picked":"SKIP","floor":14}],"player_experience":803445,"relics_obtained":[{"floor":8,"key":"halation:SwordOfLegend"},{"floor":9,"key":"Question Card"},{"floor":10,"key":"Bottled Lightning"},{"floor":14,"key":"hubris:PeanutButter"}],"event_choices":[],"is_beta":false,"boss_relics":[],"items_purged_floors":[2],"is_endless":false,"potions_floor_spawned":[3,7,11,12,14],"killed_by":"Slime Boss","ascension_level":1}}