{"host":"2qyxu97h6u4ukicb","time":1612659359,"event":{"mods":["AchievementEnabler","BaseMod","BetterRewards","Colored Map","Colored Powertips","Minty Spire (QoL Compilation)","Replay The Spire","Shop Mod","StSLib"],"gold_per_floor":[116,116,116,128,143,143,171,171,196,196,210,230,254,271,271,372,372,372],"floor_reached":17,"language":"ENG","playtime":1491,"items_purged":[],"score":157,"play_id":"882c364c-ca33-48d7-85f5-dcd866e90db4","local_time":"20210206185559","is_ascension_mode":false,"campfire_choices":[{"data":"Noxious Fumes","floor":6,"key":"SMITH"},{"floor":8,"key":"REST"},{"floor":10,"key":"REST"},{"floor":15,"key":"REST"}],"circlet_count":0,"master_deck":["Strike_G","Strike_G+1","Strike_G","Strike_G","Strike_G+1","Defend_G","Defend_G","Defend_G","Defend_G","Defend_G","Survivor","Neutralize","Noxious Fumes+1","Pain","Blade Dance","Blade Dance","Riddle With Holes","Toxin Wave","Dash","Envenom"],"relics":["Ring of the Snake","NeowsBlessing","WarpedTongs","Dream Catcher","Pen Nib","Whetstone","Velvet Choker"],"acts_visited":["Exordium","TheCity"],"potions_floor_usage":[7,12,16],"damage_taken":[{"damage":0,"enemies":"Small Slimes","floor":1,"turns":1},{"damage":0,"enemies":"Cultist","floor":4,"turns":1},{"damage":0,"enemies":"2 Louse","floor":5,"turns":1},{"damage":41,"enemies":"Gremlin Nob","floor":7,"turns":5},{"damage":19,"enemies":"Gremlin Gang","floor":11,"turns":5},{"damage":3,"enemies":"Looter","floor":12,"turns":2},{"damage":15,"enemies":"2 Fungi Beasts","floor":14,"turns":2},{"damage":25,"enemies":"Hexaghost","floor":16,"turns":10}],"seed_played":"-5409926468151337803","potions_obtained":[{"floor":1,"key":"Languid Potion"},{"floor":11,"key":"Block Potion"},{"floor":14,"key":"Adrenaline Potion"}],"is_trial":false,"path_per_floor":["M","?","$","M","M","R","E","R","T","R","M","M","T","M","R","B",null],"character_chosen":"THE_SILENT","items_purchased":[],"campfire_rested":3,"item_purchase_floors":[],"current_hp_per_floor":[70,70,70,70,70,70,29,50,50,70,51,48,48,33,54,29,70,70],"gold":372,"neow_bonus":"THREE_ENEMY_KILL","is_daily":false,"chose_seed":false,"campfire_upgraded":1,"win_rate":0.0,"timestamp":1612659359,"path_taken":["M","?","?","M","M","R","E","R","T","R","M","?","?","M","R","BOSS"],"items_purchased_type":[],"build_version":"2020-12-22","purchased_purges":0,"victory":false,"max_hp_per_floor":[70,70,70,70,70,70,70,70,70,70,70,70,70,70,70,70,70,70],"card_choices":[{"not_picked":["ReplayTheSpireMod:Tripwire","Blade Dance"],"picked":"Noxious Fumes","floor":1},{"not_picked":["Bane","Quick Slash"],"picked":"Blade Dance","floor":4},{"not_picked":["Deflect","Cloak And Dagger"],"picked":"Blade Dance","floor":5},{"not_picked":["Eviscerate","Flechettes","Caltrops"],"picked":"SKIP","floor":7},{"not_picked":["PiercingWail","Fluid Movement"],"picked":"Riddle With Holes","floor":8},{"not_picked":["Acrobatics","Tactician"],"picked":"Toxin Wave","floor":11},{"not_picked":["PiercingWail","Dagger Throw","Tactician"],"picked":"SKIP","floor":12},{"not_picked":["Acrobatics","Blur","Outmaneuver"],"picked":"SKIP","floor":14},{"not_picked":["Dagger Throw","Bane"],"picked":"Dash","floor":15},{"not_picked":["Replay:Bag of Tricks","Grand Finale"],"picked":"Envenom","floor":16}],"player_experience":791277,"relics_obtained":[{"floor":7,"key":"Dream Catcher"},{"floor":9,"key":"Pen Nib"},{"floor":13,"key":"Whetstone"}],"event_choices":[{"damage_healed":0,"gold_gain":0,"player_choice":"Rummage","damage_taken":0,"relics_obtained":["WarpedTongs"],"max_hp_gain":0,"max_hp_loss":0,"event_name":"Accursed Blacksmith","floor":2,"gold_loss":0,"cards_obtained":["Pain"]}],"is_beta":false,"boss_relics":[{"not_picked":["ReplayTheSpireMod:DimensionalGlitch","Runic Dome"],"picked":"Velvet Choker"}],"items_purged_floors":[],"is_endless":false,"potions_floor_spawned":[1,11,14],"ascension_level":0}}