{"host":"u0hb5we0hmj7y3yv","time":1612699197,"event":{"mods":["BaseMod","Colored Powertips","Conspire","KinomotoSakuraMod(Ä¾Ö®±¾Ó£)","Minty Spire (QoL Compilation)"],"gold_per_floor":[116,116,36,84,4,4,17,46,46,46,72,86,114,124,124,198,198,213,228,239,95,10,41,41,66,66,66,66,96,96,124,124,202,202,216,46,46,46,46,75,89,117,185,35,35,68,68,95,95,95,95,95,1,26,26],"floor_reached":56,"language":"ZHS","playtime":2562,"items_purged":["ClowCardTheErase","SpellCardSeal"],"score":2376,"play_id":"d3ba4013-6868-41a5-8ae0-1dbee1a58acc","local_time":"20210207195957","is_ascension_mode":true,"campfire_choices":[{"data":"ClowCardTheFight","floor":6.0,"key":"SMITH"},{"data":"ClowCardTheReturn","floor":15.0,"key":"SMITH"},{"data":"ClowCardTheRain","floor":32.0,"key":"SMITH"},{"data":"1","floor":45,"key":"LIFT"},{"floor":47,"key":"RECALL"},{"data":"2","floor":49,"key":"LIFT"},{"data":"3","floor":52,"key":"LIFT"}],"circlet_count":0,"master_deck":["SakuraCardTheShot+","SakuraCardTheSword+","AscendersBane","SpellCardRelease","ClowCardTheWatery","ClowCardTheFight+1","ClowCardTheSweet","ClowCardTheBubbles","ClowCardTheReturn+1","ClowCardTheArrow","ClowCardTheFirey","ClowCardTheSand","ClowCardTheTwin","ClowCardTheChange","ClowCardTheMaze","ClowCardTheFlower","ClowCardTheSleep+1","ClowCardTheWave","ClowCardTheRain+1","ClowCardTheMove","SakuraCardTheLove+","ClowCardTheDash","ClowCardTheMist","ClowCardTheSnow+1","Master of Strategy","Master of Strategy","ClowCardTheWood+1","ClowCardTheFly","ClowCardTheFloat+1","Apotheosis","ClowCardTheWindy"],"relics":["KSMOD_SealedBook","KSMOD_SealedWand","NeowsBlessing","KSMOD_RollerSkates","MealTicket","Juzu Bracelet","White Beast Statue","Pandora\u0027s Box","Dream Catcher","Molten Egg 2","Oddly Smooth Stone","Nilry\u0027s Codex","Gremlin Horn","Darkstone Periapt","InkBottle","Tiny Chest","Omamori","SlaversCollar","Question Card","Sundial","Girya","Eternal Feather","Membership Card","Shuriken","conspire:Dentures","KSMOD_Yue"],"acts_visited":["Exordium","TheCity","TheBeyond","TheEnding"],"potions_floor_usage":[50,55,55],"damage_taken":[{"damage":0.0,"enemies":"Small Slimes","floor":1.0,"turns":3.0},{"damage":0.0,"enemies":"Cultist","floor":7.0,"turns":1.0},{"damage":0.0,"enemies":"3 Sentries","floor":8.0,"turns":2.0},{"damage":26.0,"enemies":"Lagavulin","floor":11.0,"turns":5.0},{"damage":12.0,"enemies":"Jaw Worm","floor":12.0,"turns":2.0},{"damage":30.0,"enemies":"3 Sentries","floor":13.0,"turns":9.0},{"damage":0.0,"enemies":"Exordium Wildlife","floor":14.0,"turns":2.0},{"damage":36.0,"enemies":"Hexaghost","floor":16.0,"turns":6.0},{"damage":12.0,"enemies":"Shell Parasite","floor":18.0,"turns":3.0},{"damage":3.0,"enemies":"Spheric Guardian","floor":19.0,"turns":3.0},{"damage":0.0,"enemies":"Shelled Parasite and Fungi","floor":20.0,"turns":2.0},{"damage":10.0,"enemies":"Gremlin Leader","floor":23.0,"turns":5.0},{"damage":0.0,"enemies":"Slavers","floor":25.0,"turns":5.0},{"damage":0.0,"enemies":"conspire:Head Lice","floor":29.0,"turns":3.0},{"damage":1.0,"enemies":"Gremlin Leader","floor":31.0,"turns":2.0},{"damage":66.0,"enemies":"conspire:MysteriousRune","floor":33.0,"turns":5.0},{"damage":0,"enemies":"3 Darklings","floor":35,"turns":2},{"damage":0,"enemies":"Reptomancer","floor":40,"turns":1},{"damage":43,"enemies":"Orb Walker","floor":41,"turns":4},{"damage":0,"enemies":"Nemesis","floor":42,"turns":2},{"damage":0,"enemies":"Giant Head","floor":46,"turns":4},{"damage":5,"enemies":"Nemesis","floor":48,"turns":5},{"damage":57,"enemies":"Awakened One","floor":50,"turns":6},{"damage":0,"enemies":"Shield and Spear","floor":54,"turns":2},{"damage":46,"enemies":"The Heart","floor":55,"turns":6}],"seed_played":"4845898385152163130","potions_obtained":[{"floor":13.0,"key":"SkillPotion"},{"floor":14.0,"key":"Energy Potion"},{"floor":19.0,"key":"Swift Potion"},{"floor":29.0,"key":"KSMOD_MagickBottle"},{"floor":33.0,"key":"conspire:TimeTravelPotion"},{"floor":46,"key":"Weak Potion"},{"floor":54,"key":"AttackPotion"}],"is_trial":false,"path_per_floor":["M","?","$","T","$","R","M","E","T","$","E","M","E","M","R","B",null,"M","M","M","$","?","E","?","E","T","?","?","E","?","E","R","B",null,"M","$","?","?","T","E","M","E","T","$","R","E","R","E","R","B",null,"R","$","E","B",null],"character_chosen":"KINOMOTOSAKURA","items_purchased":["ClowCardTheFight","ClowCardTheSweet","ClowCardTheWave","ClowCardTheSnow+1","Membership Card","Apotheosis"],"campfire_rested":0,"item_purchase_floors":[3,5,21,36,44,53],"current_hp_per_floor":[63,63,63,63,63,63,63,68,68,70,64,57,42,47,47,35,61,54,51,51,66,66,66,50,60,60,60,60,60,60,59,59,27,59,59,70,70,60,60,65,65,70,70,70,70,70,70,70,70,70,70,70,70,70,34],"gold":26,"neow_bonus":"THREE_ENEMY_KILL","is_daily":false,"chose_seed":false,"campfire_upgraded":3,"win_rate":0.0,"timestamp":1612699197,"path_taken":["M","?","$","?","?","R","M","E","T","?","E","M","E","M","R","BOSS","M","M","M","$","?","E","?","E","T","?","?","E","?","E","R","BOSS","M","$","?","?","?","E","M","E","T","$","R","E","R","E","R","BOSS","R","$","E","BOSS"],"items_purchased_type":["Card","Card","Card","Card","Relic","Card"],"build_version":"2020-12-22","purchased_purges":2,"victory":true,"max_hp_per_floor":[70,70,70,70,70,70,70,70,70,70,70,70,70,70,70,70,70,70,70,70,70,70,70,70,70,70,70,70,70,70,70,70,70,70,70,70,70,70,70,70,70,70,70,70,70,70,70,70,70,70,70,70,70,70,70],"card_choices":[{"not_picked":["ClowCardTheMist","ClowCardTheLibra"],"picked":"ClowCardTheWatery","floor":1.0},{"not_picked":["ClowCardTheDream","ClowCardTheFloat"],"picked":"ClowCardTheBubbles","floor":7.0},{"not_picked":["ClowCardTheSnow","ClowCardTheLittle"],"picked":"ClowCardTheReturn","floor":8.0},{"not_picked":["ClowCardTheSong","ClowCardTheVoice","ClowCardTheErase"],"picked":"SKIP","floor":11.0},{"not_picked":["ClowCardTheLoop","ClowCardTheIllusion","ClowCardTheGlow"],"picked":"SKIP","floor":12.0},{"not_picked":["ClowCardTheCloud","ClowCardTheDream"],"picked":"ClowCardTheArrow","floor":13.0},{"not_picked":["ClowCardThePower","ClowCardTheShadow","ClowCardTheArrow"],"picked":"SKIP","floor":14.0},{"not_picked":["ClowCardTheThunder","ClowCardTheThrough"],"picked":"ClowCardTheCreate","floor":16.0},{"not_picked":["ClowCardTheEarthy","ClowCardTheSand"],"picked":"ClowCardTheMaze","floor":18.0},{"not_picked":["ClowCardTheSong","ClowCardTheShot"],"picked":"ClowCardTheFlower","floor":19.0},{"not_picked":["ClowCardTheWood","ClowCardTheLibra+1"],"picked":"ClowCardTheSleep+1","floor":20.0},{"not_picked":["ClowCardTheRain","ClowCardTheSleep","ClowCardTheThunder+1"],"picked":"SKIP","floor":23.0},{"not_picked":["ClowCardTheSleep","ClowCardTheThunder+1"],"picked":"ClowCardTheRain","floor":23.0},{"not_picked":["ClowCardTheMirror","ClowCardTheWood"],"picked":"ClowCardTheCreate","floor":25.0},{"not_picked":["ClowCardTheArrow+1","ClowCardTheMist","ClowCardTheMaze"],"picked":"SKIP","floor":29.0},{"not_picked":["ClowCardTheMaze","ClowCardTheSand+1","ClowCardTheFly"],"picked":"SKIP","floor":31.0},{"not_picked":["ClowCardTheLight","ClowCardTheTwin"],"picked":"ClowCardTheDash","floor":33.0},{"not_picked":["ClowCardTheSand+1","ClowCardTheDream"],"picked":"ClowCardTheMist","floor":35},{"not_picked":["Blind","Transmutation"],"picked":"Master of Strategy","floor":38},{"not_picked":["Blind","Transmutation"],"picked":"Master of Strategy","floor":38},{"not_picked":["ClowCardTheSleep","ClowCardTheFight+1","ClowCardTheLibra"],"picked":"ClowCardTheWood+1","floor":40},{"not_picked":["ClowCardTheSnow+1","ClowCardThePower+1","ClowCardTheVoice"],"picked":"ClowCardTheFly","floor":41},{"not_picked":["ClowCardTheSand+1","ClowCardTheFreeze+1","ClowCardTheLoop","ClowCardTheWood+1"],"picked":"SKIP","floor":42},{"not_picked":["ClowCardTheSand+1","ClowCardTheRain","ClowCardThePower+1","ClowCardTheEarthy"],"picked":"SKIP","floor":46},{"not_picked":["ClowCardTheSweet","ClowCardTheIllusion","ClowCardTheLock+1"],"picked":"ClowCardTheFloat+1","floor":48},{"not_picked":["ClowCardTheBubbles+1","ClowCardTheMist","ClowCardTheEarthy"],"picked":"ClowCardTheWindy","floor":54}],"player_experience":106980,"relics_obtained":[{"floor":4.0,"key":"KSMOD_RollerSkates"},{"floor":8.0,"key":"MealTicket"},{"floor":11.0,"key":"Juzu Bracelet"},{"floor":13.0,"key":"White Beast Statue"},{"floor":18.0,"key":"Dream Catcher"},{"floor":23.0,"key":"Oddly Smooth Stone"},{"floor":24.0,"key":"Nilry\u0027s Codex"},{"floor":25.0,"key":"Gremlin Horn"},{"floor":26.0,"key":"Darkstone Periapt"},{"floor":29.0,"key":"InkBottle"},{"floor":29.0,"key":"Tiny Chest"},{"floor":31.0,"key":"Omamori"},{"floor":39,"key":"Question Card"},{"floor":40,"key":"Sundial"},{"floor":42,"key":"Girya"},{"floor":43,"key":"Eternal Feather"},{"floor":46,"key":"Shuriken"},{"floor":48,"key":"conspire:Dentures"},{"floor":54,"key":"KSMOD_Yue"}],"event_choices":[{"cards_removed":["ClowCardTheSword"],"damage_healed":0.0,"max_hp_gain":0.0,"max_hp_loss":0.0,"gold_gain":0.0,"event_name":"Bonfire Elementals","player_choice":"Offered Basic","floor":2.0,"gold_loss":0.0,"damage_taken":0.0},{"damage_healed":0.0,"max_hp_gain":0.0,"max_hp_loss":0.0,"gold_gain":0.0,"event_name":"Addict","player_choice":"Obtained Relic","floor":22.0,"gold_loss":85.0,"damage_taken":0.0,"relics_obtained":["Molten Egg 2"]},{"damage_healed":0.0,"max_hp_gain":0.0,"max_hp_loss":0.0,"gold_gain":0.0,"event_name":"Cursed Tome","player_choice":"Obtained Book","floor":24.0,"gold_loss":0.0,"damage_taken":16.0},{"damage_healed":0.0,"max_hp_gain":0.0,"max_hp_loss":0.0,"gold_gain":0.0,"event_name":"The Library","player_choice":"Read","floor":27.0,"gold_loss":0.0,"damage_taken":0.0,"cards_obtained":["ClowCardTheMove"]},{"damage_healed":0.0,"max_hp_gain":0.0,"max_hp_loss":0.0,"gold_gain":0.0,"event_name":"Vampires","player_choice":"Ignored","floor":30.0,"gold_loss":0.0,"damage_taken":0.0},{"damage_healed":0,"gold_gain":0,"player_choice":"0 cards matched","damage_taken":0,"max_hp_gain":0,"max_hp_loss":0,"event_name":"Match and Keep!","floor":37,"gold_loss":0,"cards_obtained":[]},{"damage_healed":0,"gold_gain":0,"player_choice":"Memory 3","damage_taken":10,"max_hp_gain":0,"max_hp_loss":0,"event_name":"SensoryStone","floor":38,"gold_loss":0}],"is_beta":false,"boss_relics":[{"not_picked":["conspire:SpecialSausage","Busted Crown"],"picked":"Pandora\u0027s Box"},{"not_picked":["conspire:RoyalGoblet","Calling Bell"],"picked":"SlaversCollar"}],"items_purged_floors":[21,36],"is_endless":false,"potions_floor_spawned":[13,14,16,18,19,20,23,25,29,31,33,35,40,41,42,46,48,54],"ascension_level":13}}