{"host":"p7cjtxxrilhp4dw7","time":1612686238,"event":{"mods":["BaseMod","Block Reminder","Colored Map","Curses Come First","Highlight Path","Minty Spire (QoL Compilation)","Replay The Spire","StSLib","The Hierophant"],"gold_per_floor":[117,117,136,136,155,186,186,136,136,101,101,101,101,115,115,220,220,234,249,259,259,270,270,286,286,286,318,233,233,233,244,244,340,340,352,365,365,365],"floor_reached":37,"language":"ENG","playtime":2803,"items_purged":[],"score":628,"play_id":"32dcfcca-02a6-4592-a6cf-fcea623a1a66","local_time":"20210207012358","is_ascension_mode":true,"campfire_choices":[{"floor":7,"key":"REST"},{"data":"Armaments","floor":11,"key":"SMITH"},{"data":"Bash","floor":13,"key":"SMITH"},{"data":"Shrug It Off","floor":15,"key":"SMITH"},{"floor":23,"key":"REST"},{"floor":25,"key":"REST"},{"floor":32,"key":"REST"}],"circlet_count":0,"master_deck":["AscendersBane","Strike_R","Strike_R","Strike_R","Defend_R","Defend_R","Defend_R+1","Bash+1","Cleave","Shrug It Off+1","Spot Weakness","Armaments+1","Thunderclap","Feed+1","Clothesline+1","Twin Strike","Replay:Undeath\u0027s Touch+1","Intimidate+1","Infernal Blade","ReplayTheSpireMod:LeadingStrike","Feed","Corruption+1","Exhume+1","Wild Strike+1","Thunderclap+1"],"relics":["Burning Blood","Replay:Towering Pillar of Hats","Champion Belt","Sozu","Boot","ReplayTheSpireMod:Shallot","PreservedInsect","Astrolabe"],"acts_visited":["Exordium","TheCity","TheBeyond"],"potions_floor_usage":[6],"damage_taken":[{"damage":15,"enemies":"Jaw Worm","floor":1,"turns":6},{"damage":6,"enemies":"Cultist","floor":3,"turns":4},{"damage":0,"enemies":"2 Louse","floor":5,"turns":2},{"damage":58,"enemies":"Lagavulin","floor":6,"turns":9},{"damage":4,"enemies":"Blue Slaver","floor":14,"turns":4},{"damage":59,"enemies":"Fading Forest","floor":16,"turns":11},{"damage":28,"enemies":"Spheric Guardian","floor":18,"turns":6},{"damage":2,"enemies":"Chosen","floor":19,"turns":5},{"damage":28,"enemies":"Snecko","floor":20,"turns":5},{"damage":31,"enemies":"Centurion and Healer","floor":22,"turns":9},{"damage":14,"enemies":"Shelled Parasite and Fungi","floor":24,"turns":6},{"damage":1,"enemies":"Replay:Snechameleon","floor":27,"turns":4},{"damage":1,"enemies":"Cultist and Chosen","floor":31,"turns":5},{"damage":80,"enemies":"Champ","floor":33,"turns":10},{"damage":20,"enemies":"Orb Walker","floor":35,"turns":4},{"damage":9,"enemies":"3 Darklings","floor":36,"turns":4},{"damage":0,"enemies":"Spire Growth","floor":37,"turns":2}],"seed_played":"9184294436289037979","potions_obtained":[{"floor":1,"key":"PowerPotion"}],"is_trial":false,"path_per_floor":["M","?","M","?","M","E","R","$","T","?","R","$","R","M","R","B",null,"M","M","M","?","M","R","M","R","T","E","?","$","?","M","R","B",null,"M","M","M"],"character_chosen":"IRONCLAD","items_purchased":["Armaments"],"campfire_rested":4,"item_purchase_floors":[8],"current_hp_per_floor":[79,79,79,79,85,33,61,61,61,85,85,85,85,87,87,42,83,61,65,43,43,18,46,38,66,66,71,71,71,71,76,96,22,78,64,61,61,61],"gold":365,"neow_bonus":"TWENTY_PERCENT_HP_BONUS","is_daily":false,"chose_seed":false,"campfire_upgraded":3,"win_rate":0.0,"timestamp":1612686238,"path_taken":["M","?","?","?","M","E","R","$","T","?","R","?","R","M","R","BOSS","M","M","M","?","?","R","?","R","T","E","?","$","?","M","R","BOSS","M","?","M"],"items_purchased_type":["Card"],"build_version":"2020-12-22","purchased_purges":0,"victory":false,"max_hp_per_floor":[96,96,96,96,96,96,96,96,96,96,96,96,96,96,96,96,96,96,96,96,96,96,96,96,96,96,96,96,96,96,96,96,96,96,96,96,96,96],"card_choices":[{"not_picked":["Havoc","Run Through"],"picked":"Cleave","floor":1},{"not_picked":["Anger","Clothesline"],"picked":"Shrug It Off","floor":3},{"not_picked":["Bloodletting","Cleave","Barricade"],"picked":"SKIP","floor":5},{"not_picked":["Second Wind","Heavy Blade"],"picked":"Spot Weakness","floor":6},{"not_picked":["Perfected Strike","Heavy Blade"],"picked":"Thunderclap","floor":14},{"not_picked":["Corruption","Demon Form"],"picked":"Feed","floor":16},{"not_picked":["Sever Soul","Bloodletting"],"picked":"Clothesline+1","floor":18},{"not_picked":["Run Through","Anger+1","Abandon"],"picked":"SKIP","floor":19},{"not_picked":["Entrench+1","Flex"],"picked":"Twin Strike","floor":20},{"not_picked":["Clash","Second Wind+1"],"picked":"Replay:Undeath\u0027s Touch+1","floor":22},{"not_picked":["Sentinel","Pommel Strike"],"picked":"Intimidate+1","floor":24},{"not_picked":["Power Through","Sword Boomerang"],"picked":"Infernal Blade","floor":27},{"not_picked":["Limit Break","Clash"],"picked":"ReplayTheSpireMod:LeadingStrike","floor":31},{"not_picked":["Exhume","Juggernaut"],"picked":"Feed","floor":33},{"not_picked":["Carnage","ReplayReversal","Run Through"],"picked":"SKIP","floor":35},{"not_picked":["Sentinel+1","Twin Strike+1"],"picked":"Thunderclap+1","floor":36}],"player_experience":670199,"relics_obtained":[{"floor":6,"key":"Replay:Towering Pillar of Hats"},{"floor":9,"key":"Champion Belt"},{"floor":26,"key":"Boot"},{"floor":27,"key":"ReplayTheSpireMod:Shallot"}],"event_choices":[{"cards_removed":["ReplayTheSpireMod:Doomed"],"damage_healed":0,"gold_gain":0,"player_choice":"Purged","damage_taken":0,"max_hp_gain":0,"max_hp_loss":0,"event_name":"Purifier","floor":2,"gold_loss":0},{"damage_healed":24,"gold_gain":0,"player_choice":"Healed","damage_taken":0,"max_hp_gain":0,"max_hp_loss":0,"event_name":"The Cleric","floor":10,"gold_loss":35},{"damage_healed":0,"gold_gain":0,"player_choice":"Upgraded","damage_taken":0,"max_hp_gain":0,"max_hp_loss":0,"event_name":"Upgrade Shrine","floor":21,"gold_loss":0,"cards_upgraded":["Feed"]},{"damage_healed":0,"gold_gain":0,"player_choice":"Obtained Relic","damage_taken":0,"relics_obtained":["PreservedInsect"],"max_hp_gain":0,"max_hp_loss":0,"event_name":"Addict","floor":28,"gold_loss":85},{"damage_healed":0,"gold_gain":0,"player_choice":"Got Potions","damage_taken":0,"max_hp_gain":0,"max_hp_loss":0,"event_name":"Lab","floor":30,"gold_loss":0}],"is_beta":false,"boss_relics":[{"not_picked":["Runic Cube","Ectoplasm"],"picked":"Sozu"},{"not_picked":["Philosopher\u0027s Stone","Pandora\u0027s Box"],"picked":"Astrolabe"}],"items_purged_floors":[],"is_endless":false,"potions_floor_spawned":[1,18,27,31,33,36],"killed_by":"Spire Growth","ascension_level":11}}