{"host":"ilhhjx796p2x2wmd","time":1612681497,"event":{"mods":["AchievementEnabler","BaseMod","BetterRewards","Colored Map","Colored Powertips","DeckTracker","Highlight Path","Minty Spire (QoL Compilation)","Permanent Neow","Rare Cards Sparkle","Shop Mod"],"gold_per_floor":[115,130,29,41,51,81,81,96,96,114,114,129,156,174,174,275,275,294,313,313,327,242,274,274,274,299,309,309,309,319,244,244,343,343,357,28,28,28,47,47,82,82,82,93,93,109,109,109,109,109],"floor_reached":51,"language":"KOR","playtime":1712,"items_purged":["Defend_G","Strike_G"],"score":1072,"play_id":"02fc410f-a893-4cc7-9502-8ae396e6f326","local_time":"20210207160457","is_ascension_mode":true,"campfire_choices":[{"floor":7,"key":"DIG"},{"data":"Sucker Punch","floor":11,"key":"SMITH"},{"data":"After Image","floor":15,"key":"SMITH"},{"floor":24,"key":"DIG"},{"floor":29,"key":"DIG"},{"data":"Reflex","floor":32,"key":"SMITH"},{"floor":40,"key":"DIG"},{"floor":45,"key":"DIG"},{"data":"Apotheosis","floor":47,"key":"SMITH"},{"floor":49,"key":"DIG"}],"circlet_count":0,"master_deck":["Strike_G+1","Defend_G+1","Defend_G","Defend_G","Defend_G","Survivor","Neutralize+1","CurseOfTheBell","Dagger Spray","Backflip","Sucker Punch+1","Backstab","Poisoned Stab","After Image+1","Acrobatics","Backflip","Reflex+1","Venomology+1","Sucker Punch","Endless Agony","Finisher","Underhanded Strike","Prepared","Quick Slash+1","Glass Knife+1","Sucker Punch+1","Apotheosis+1","Backflip","Leg Sweep+1","Bullet Time","Quick Slash+1","Bane+1","Madness","Madness"],"relics":["Calling Bell","Lantern","Shuriken","Shovel","Thread and Needle","Paper Crane","Pear","Snake Skull","HoveringKite","StrikeDummy","Sundial","Molten Egg 2","Whetstone","Potion Belt","Eternal Feather","SlaversCollar","Mercury Hourglass","Orichalcum","Gremlin Horn","War Paint","Strawberry"],"acts_visited":["Exordium","TheCity","TheBeyond"],"potions_floor_usage":[6,13,18,23,23,27,33,33,33,33,41,42,44,46,50,50,50,50],"damage_taken":[{"damage":4,"enemies":"Jaw Worm","floor":1,"turns":6},{"damage":0,"enemies":"Small Slimes","floor":2,"turns":3},{"damage":0,"enemies":"2 Louse","floor":4,"turns":3},{"damage":2,"enemies":"2 Fungi Beasts","floor":5,"turns":3},{"damage":0,"enemies":"3 Sentries","floor":6,"turns":3},{"damage":0,"enemies":"3 Louse","floor":8,"turns":2},{"damage":0,"enemies":"Blue Slaver","floor":10,"turns":4},{"damage":3,"enemies":"Lots of Slimes","floor":12,"turns":3},{"damage":4,"enemies":"Gremlin Nob","floor":13,"turns":4},{"damage":0,"enemies":"Exordium Wildlife","floor":14,"turns":4},{"damage":0,"enemies":"Hexaghost","floor":16,"turns":11},{"damage":0,"enemies":"3 Byrds","floor":18,"turns":3},{"damage":3,"enemies":"Chosen","floor":19,"turns":5},{"damage":15,"enemies":"Shelled Parasite and Fungi","floor":21,"turns":6},{"damage":6,"enemies":"Gremlin Leader","floor":23,"turns":7},{"damage":1,"enemies":"Chosen and Byrds","floor":27,"turns":5},{"damage":0,"enemies":"3 Cultists","floor":30,"turns":5},{"damage":0,"enemies":"Collector","floor":33,"turns":11},{"damage":41,"enemies":"3 Shapes","floor":35,"turns":5},{"damage":0,"enemies":"Orb Walker","floor":39,"turns":4},{"damage":7,"enemies":"Reptomancer","floor":41,"turns":7},{"damage":0,"enemies":"Maw","floor":42,"turns":1},{"damage":17,"enemies":"Spire Growth","floor":44,"turns":4},{"damage":10,"enemies":"4 Shapes","floor":46,"turns":4},{"damage":9,"enemies":"Awakened One","floor":50,"turns":11}],"seed_played":"-8099712715502815719","potions_obtained":[{"floor":1,"key":"SkillPotion"},{"floor":2,"key":"Energy Potion"},{"floor":4,"key":"Poison Potion"},{"floor":14,"key":"CunningPotion"},{"floor":23,"key":"PowerPotion"},{"floor":33,"key":"SmokeBomb"},{"floor":41,"key":"ColorlessPotion"},{"floor":44,"key":"Strength Potion"}],"is_trial":false,"path_per_floor":["M","M","$","M","M","E","R","M","T","M","R","M","E","M","R","B",null,"M","M","?","M","?","E","R","?","T","M","?","R","M","?","R","B",null,"M","$","?","$","M","R","E","M","T","M","R","M","R","?","R","B",null],"character_chosen":"THE_SILENT","items_purchased":["Sucker Punch","Apotheosis","Backflip"],"campfire_rested":0,"item_purchase_floors":[3,36,36],"current_hp_per_floor":[59,59,59,59,57,57,57,57,67,67,67,64,60,60,60,60,75,75,72,72,57,57,51,51,51,51,50,50,50,50,50,65,65,76,35,35,70,70,70,70,63,63,63,46,64,54,70,61,77,68],"gold":109,"neow_bonus":"BOSS_RELIC","is_daily":false,"chose_seed":false,"campfire_upgraded":4,"win_rate":0.0,"timestamp":1612681497,"path_taken":["M","M","$","M","M","E","R","M","T","M","R","M","E","M","R","BOSS","M","M","?","M","?","E","R","?","T","M","?","R","M","?","R","BOSS","M","$","?","$","M","R","E","M","T","M","R","M","R","?","R","BOSS"],"items_purchased_type":["Card","Card","Card"],"build_version":"2020-12-22","purchased_purges":2,"victory":true,"max_hp_per_floor":[70,70,70,70,70,70,70,70,80,80,80,80,80,80,80,80,80,80,80,80,80,80,80,80,80,80,80,80,80,80,80,80,80,80,80,80,70,70,70,70,70,70,70,70,70,70,70,70,77,77],"card_choices":[{"not_picked":["Reflex","Poisoned Stab"],"picked":"Dagger Spray","floor":1},{"not_picked":["Dagger Throw","Deadly Poison"],"picked":"Backflip","floor":2},{"not_picked":["A Thousand Cuts","Prepared"],"picked":"Backstab","floor":4},{"not_picked":["Dash","Backflip"],"picked":"Poisoned Stab","floor":5},{"not_picked":["Deadly Poison","Dagger Throw"],"picked":"After Image","floor":6},{"not_picked":["Dodge and Roll","Riddle With Holes","Prepared"],"picked":"SKIP","floor":8},{"not_picked":["Catalyst","Bane"],"picked":"Acrobatics","floor":10},{"not_picked":["Finisher","Dagger Spray"],"picked":"Backflip","floor":12},{"not_picked":["Flying Knee","Cloak And Dagger"],"picked":"Reflex","floor":13},{"not_picked":["Accuracy","Slice","Catalyst"],"picked":"SKIP","floor":14},{"not_picked":["Night Terror","Glass Knife"],"picked":"Venomology","floor":16},{"not_picked":["Underhanded Strike","Bane"],"picked":"Sucker Punch","floor":18},{"not_picked":["Finisher+1","Predator+1","Infinite Blades"],"picked":"SKIP","floor":19},{"not_picked":["Prepared","Bouncing Flask"],"picked":"Underhanded Strike","floor":21},{"not_picked":["Deflect","Masterful Stab+1","Blade Dance"],"picked":"SKIP","floor":23},{"not_picked":["Skewer+1","Outmaneuver+1"],"picked":"Prepared","floor":27},{"not_picked":["Poisoned Stab+1","Concentrate+1"],"picked":"Quick Slash+1","floor":30},{"not_picked":["Wraith Form v2","Grand Finale+1"],"picked":"Glass Knife+1","floor":33},{"not_picked":["All Out Attack+1","Deflect+1"],"picked":"Sucker Punch+1","floor":35},{"not_picked":["All Out Attack+1","Sucker Punch+1"],"picked":"Leg Sweep+1","floor":39},{"not_picked":["Deflect","Distraction"],"picked":"Bullet Time","floor":41},{"not_picked":["Dodge and Roll+1","Slice+1"],"picked":"Quick Slash+1","floor":44},{"not_picked":["PiercingWail","Endless Agony+1"],"picked":"Bane+1","floor":46}],"player_experience":332913,"relics_obtained":[{"floor":0,"key":"Lantern"},{"floor":0,"key":"Shuriken"},{"floor":0,"key":"Shovel"},{"floor":6,"key":"Thread and Needle"},{"floor":7,"key":"Paper Crane"},{"floor":9,"key":"Pear"},{"floor":13,"key":"Snake Skull"},{"floor":23,"key":"Sundial"},{"floor":24,"key":"Molten Egg 2"},{"floor":26,"key":"Whetstone"},{"floor":29,"key":"Eternal Feather"},{"floor":40,"key":"Mercury Hourglass"},{"floor":41,"key":"Orichalcum"},{"floor":43,"key":"Gremlin Horn"},{"floor":45,"key":"War Paint"},{"floor":49,"key":"Strawberry"}],"event_choices":[{"damage_healed":0,"gold_gain":0,"cards_transformed":["Strike_G","Strike_G"],"player_choice":"Became Test Subject","damage_taken":0,"max_hp_gain":0,"max_hp_loss":0,"event_name":"Drug Dealer","floor":20,"gold_loss":0,"cards_obtained":["Endless Agony","Finisher"]},{"damage_healed":0,"gold_gain":0,"player_choice":"Obtained Relic","damage_taken":0,"relics_obtained":["StrikeDummy"],"max_hp_gain":0,"max_hp_loss":0,"event_name":"Addict","floor":22,"gold_loss":85},{"damage_healed":0,"gold_gain":0,"player_choice":"Ignored","damage_taken":0,"max_hp_gain":0,"max_hp_loss":0,"event_name":"Vampires","floor":25,"gold_loss":0},{"damage_healed":0,"gold_gain":0,"player_choice":"Opened","damage_taken":0,"relics_obtained":["Potion Belt"],"max_hp_gain":0,"max_hp_loss":0,"event_name":"The Mausoleum","floor":28,"gold_loss":0},{"cards_removed":["Strike_G"],"damage_healed":0,"gold_gain":0,"player_choice":"Gave Gold","damage_taken":0,"max_hp_gain":0,"max_hp_loss":0,"event_name":"Beggar","floor":31,"gold_loss":75},{"damage_healed":70,"gold_gain":0,"player_choice":"Heal","damage_taken":0,"max_hp_gain":0,"max_hp_loss":10,"event_name":"The Moai Head","floor":37,"gold_loss":0},{"damage_healed":0,"gold_gain":0,"player_choice":"Embrace Madness","damage_taken":9,"max_hp_gain":0,"max_hp_loss":0,"event_name":"Winding Halls","floor":48,"gold_loss":0,"cards_obtained":["Madness","Madness"]}],"is_beta":false,"boss_relics":[{"not_picked":["Ectoplasm","SacredBark"],"picked":"HoveringKite"},{"not_picked":["Fusion Hammer","Snecko Eye"],"picked":"SlaversCollar"}],"items_purged_floors":[3,36],"is_endless":false,"potions_floor_spawned":[1,2,4,14,23,33,41,44],"ascension_level":6}}