{"host":"gobyjzz6xbwq9f9i","time":1612684600,"event":{"mods":["AchievementEnabler","BaseMod","Bestiary","Colored Map","Minty Spire (QoL Compilation)","Relic Stats"],"gold_per_floor":[116,133,144,144,18,18,37,37,37,55,55,87,87,97,97,97,97],"floor_reached":16,"language":"ENG","playtime":408,"items_purged":["Strike_G"],"score":153,"play_id":"3f8c65a2-7e3c-418d-8423-3a1c171e3467","local_time":"20210206235640","is_ascension_mode":true,"campfire_choices":[{"data":"Dagger Spray","floor":6,"key":"SMITH"},{"data":"Quick Slash","floor":8,"key":"SMITH"},{"data":"Neutralize","floor":11,"key":"SMITH"},{"data":"Backflip","floor":15,"key":"SMITH"}],"circlet_count":0,"master_deck":["AscendersBane","Strike_G","Strike_G","Strike_G","Strike_G","Defend_G","Defend_G","Defend_G","Defend_G","Defend_G+1","Survivor+1","Neutralize+1","Quick Slash+1","All Out Attack+1","Dagger Spray+1","Slice","PiercingWail","Masterful Stab","Backflip+1","Backstab"],"relics":["Ring of the Snake","Bag of Marbles","Darkstone Periapt","War Paint"],"acts_visited":["Exordium"],"potions_floor_usage":[12,16],"damage_taken":[{"damage":4,"enemies":"Jaw Worm","floor":1,"turns":4},{"damage":1,"enemies":"2 Louse","floor":2,"turns":2},{"damage":0,"enemies":"Small Slimes","floor":3,"turns":3},{"damage":0,"enemies":"Exordium Thugs","floor":7,"turns":3},{"damage":3,"enemies":"Red Slaver","floor":10,"turns":2},{"damage":12,"enemies":"Lagavulin","floor":12,"turns":5},{"damage":0,"enemies":"Looter","floor":14,"turns":1},{"damage":27,"enemies":"Slime Boss","floor":16,"turns":7}],"seed_played":"8945912897110740843","potions_obtained":[{"floor":3,"key":"FearPotion"},{"floor":10,"key":"LiquidBronze"},{"floor":12,"key":"Ancient Potion"},{"floor":14,"key":"Dexterity Potion"}],"is_trial":false,"path_per_floor":["M","M","M","?","$","R","M","R","T","M","R","E","?","M","R","B"],"character_chosen":"THE_SILENT","items_purchased":["Fire Potion"],"campfire_rested":0,"item_purchase_floors":[5],"current_hp_per_floor":[59,58,58,58,58,58,58,58,58,55,55,43,18,18,18,0,0],"gold":97,"neow_bonus":"THREE_CARDS","is_daily":false,"chose_seed":false,"campfire_upgraded":4,"win_rate":0.0,"timestamp":1612684600,"path_taken":["M","M","M","?","$","R","M","R","T","M","R","E","?","M","R","BOSS"],"items_purchased_type":["Potion"],"build_version":"2020-12-22","purchased_purges":1,"victory":false,"max_hp_per_floor":[70,70,70,70,70,70,70,70,70,70,70,70,70,70,70,70,70],"relic_stats":{"Darkstone Periapt":0,"counters":[8,27],"War Paint":["Defend_G","Survivor"],"obtain_stats":[{"Darkstone Periapt":12,"Bag of Marbles":9,"War Paint":13,"Ring of the Snake":0},{"Darkstone Periapt":6,"Bag of Marbles":4,"War Paint":6,"Ring of the Snake":0},{"Darkstone Periapt":19,"Bag of Marbles":12,"War Paint":19,"Ring of the Snake":0}],"Ring of the Snake":[16]},"card_choices":[{"not_picked":["Infinite Blades","Caltrops"],"picked":"Quick Slash","floor":0},{"not_picked":["Dagger Throw","Poisoned Stab"],"picked":"All Out Attack","floor":1},{"not_picked":["Sucker Punch","Flying Knee"],"picked":"Dagger Spray","floor":2},{"not_picked":["Setup","Bane"],"picked":"Slice","floor":3},{"not_picked":["Dagger Throw","Acrobatics"],"picked":"PiercingWail","floor":7},{"not_picked":["Predator","Escape Plan"],"picked":"Masterful Stab","floor":10},{"not_picked":["Tactician","Heel Hook"],"picked":"Backflip","floor":12},{"not_picked":["PiercingWail","Deflect"],"picked":"Backstab","floor":14}],"player_experience":1296769,"relics_obtained":[{"floor":9,"key":"Bag of Marbles"},{"floor":12,"key":"Darkstone Periapt"}],"event_choices":[{"damage_healed":0,"gold_gain":0,"player_choice":"Grow","damage_taken":0,"max_hp_gain":0,"max_hp_loss":0,"event_name":"Living Wall","floor":4,"gold_loss":0,"cards_upgraded":["All Out Attack"]},{"damage_healed":0,"gold_gain":0,"player_choice":"Success","damage_taken":25,"relics_obtained":["War Paint"],"max_hp_gain":0,"max_hp_loss":0,"event_name":"Scrap Ooze","floor":13,"gold_loss":0}],"is_beta":false,"boss_relics":[],"items_purged_floors":[5],"is_endless":false,"potions_floor_spawned":[3,10,12,14],"killed_by":"Slime Boss","ascension_level":10}}