{"host":"d52brwsy6af8zvaq","time":1612664729,"event":{"mods":["AchievementEnabler","BaseMod","Bestiary","Highlight Path","Minty Spire (QoL Compilation)","Quick Restart","Relic Stats","ojb\u0027s Better Paths Mod"],"gold_per_floor":[117,117,134,134,145,145,175,42,117,117,117,117],"floor_reached":11,"language":"ENG","playtime":509,"items_purged":[],"score":142,"play_id":"c0f39b69-0d50-4ee8-af8f-c07aac262ea8","local_time":"20210206192529","is_ascension_mode":true,"campfire_choices":[{"data":"Zap","floor":6.0,"key":"SMITH"}],"circlet_count":0,"master_deck":["AscendersBane","Strike_B","Strike_B","Strike_B","Defend_B","Defend_B","Defend_B","Defend_B","Zap+1","Dualcast","Sweeping Beam","Capacitor","Doom and Gloom","Ball Lightning","Bandage Up","Steam"],"relics":["Cracked Core","Ancient Tea Set"],"acts_visited":["Exordium"],"potions_floor_usage":[],"damage_taken":[{"damage":3.0,"enemies":"2 Louse","floor":1.0,"turns":4.0},{"damage":3.0,"enemies":"Small Slimes","floor":3.0,"turns":3.0},{"damage":7.0,"enemies":"Jaw Worm","floor":5.0,"turns":3.0},{"damage":44.0,"enemies":"Lagavulin","floor":7.0,"turns":8.0},{"damage":40,"enemies":"3 Sentries","floor":11,"turns":4}],"seed_played":"1547200263515064788","potions_obtained":[{"floor":1.0,"key":"AttackPotion"},{"floor":7.0,"key":"SpeedPotion"}],"is_trial":false,"path_per_floor":["M","?","M","?","M","R","E","$","T","?","E"],"character_chosen":"DEFECT","items_purchased":["Bandage Up","Steam"],"campfire_rested":0,"item_purchase_floors":[8,8],"current_hp_per_floor":[61,61,58,58,51,51,7,7,7,30,0,0],"gold":117,"neow_bonus":"REMOVE_CARD","is_daily":false,"chose_seed":false,"campfire_upgraded":1,"win_rate":0.0,"timestamp":1612664729,"path_taken":["M","?","M","?","M","R","E","$","T","?","E"],"items_purchased_type":["Card","Card"],"build_version":"2020-12-22","purchased_purges":0,"victory":false,"max_hp_per_floor":[71,71,71,71,71,71,71,71,71,71,71,71],"relic_stats":{"counters":[5,22],"obtain_stats":[{"Cracked Core":0,"Ancient Tea Set":7},{"Cracked Core":0,"Ancient Tea Set":4},{"Cracked Core":0,"Ancient Tea Set":18}]},"card_choices":[{"not_picked":["Fusion","Cold Snap"],"picked":"Sweeping Beam","floor":1.0},{"not_picked":["BootSequence","Hello World"],"picked":"Capacitor","floor":3.0},{"not_picked":["Redo","FTL"],"picked":"Doom and Gloom","floor":5.0},{"not_picked":["Double Energy","Stack"],"picked":"Ball Lightning","floor":7.0}],"player_experience":2171431,"relics_obtained":[{"floor":7.0,"key":"Ancient Tea Set"}],"event_choices":[{"damage_healed":0.0,"max_hp_gain":0.0,"max_hp_loss":0.0,"gold_gain":0.0,"event_name":"Golden Wing","player_choice":"Ignored","floor":2.0,"gold_loss":0.0,"damage_taken":0.0},{"damage_healed":0.0,"max_hp_gain":0.0,"max_hp_loss":0.0,"gold_gain":0.0,"event_name":"Liars Game","player_choice":"Ignored","floor":4.0,"gold_loss":0.0,"damage_taken":0.0},{"damage_healed":23.0,"max_hp_gain":0.0,"max_hp_loss":0.0,"gold_gain":0.0,"event_name":"Big Fish","player_choice":"Banana","floor":10.0,"gold_loss":0.0,"damage_taken":0.0}],"is_beta":false,"boss_relics":[],"items_purged_floors":[],"is_endless":false,"potions_floor_spawned":[1,7],"killed_by":"3 Sentries","ascension_level":20}}