{"host":"ftf7rwqr5w72pdsx","time":1612668320,"event":{"mods":["BaseMod","Bestiary","Minty Spire (QoL Compilation)","Relic Stats","Slay the Relics Exporter"],"gold_per_floor":[110,130,149,149,149,149,183,183,206,221,246,246,277,288,288,392,392,412,27,27,27,41,41,41],"floor_reached":23,"language":"ENG","playtime":875,"items_purged":[],"score":349,"play_id":"bd3a1d81-da93-4966-8c37-a5f4f8bfb7dd","local_time":"20210206212520","is_ascension_mode":true,"campfire_choices":[{"data":"Zap","floor":6.0,"key":"SMITH"},{"floor":8.0,"key":"REST"},{"floor":12.0,"key":"REST"},{"floor":15.0,"key":"REST"}],"circlet_count":0,"master_deck":["AscendersBane","Defend_B","Defend_B","Defend_B","Defend_B","Zap+1","Dualcast","Ball Lightning","FTL","Ball Lightning","Sweeping Beam","Consume","Gash","Undo","Ball Lightning","Gash","Echo Form","White Noise+1","Capacitor","Bite","Bite","Bite","Bite","Rip and Tear+1"],"relics":["Philosopher\u0027s Stone","Toy Ornithopter","Ancient Tea Set","Darkstone Periapt","Dream Catcher","SlaversCollar","Bag of Preparation","Frozen Eye"],"acts_visited":["Exordium","TheCity"],"potions_floor_usage":[18],"damage_taken":[{"damage":0.0,"enemies":"Cultist","floor":1.0,"turns":3.0},{"damage":3.0,"enemies":"Jaw Worm","floor":2.0,"turns":3.0},{"damage":8.0,"enemies":"Small Slimes","floor":3.0,"turns":3.0},{"damage":37.0,"enemies":"3 Sentries","floor":7.0,"turns":8.0},{"damage":0.0,"enemies":"2 Fungi Beasts","floor":10.0,"turns":2.0},{"damage":32.0,"enemies":"Gremlin Nob","floor":11.0,"turns":4.0},{"damage":24.0,"enemies":"3 Sentries","floor":13.0,"turns":5.0},{"damage":5.0,"enemies":"3 Louse","floor":14.0,"turns":3.0},{"damage":34.0,"enemies":"Hexaghost","floor":16.0,"turns":8.0},{"damage":23,"enemies":"3 Byrds","floor":18,"turns":4},{"damage":40,"enemies":"2 Thieves","floor":22,"turns":4},{"damage":12,"enemies":"Slavers","floor":23,"turns":1}],"seed_played":"-6940940001967709353","potions_obtained":[{"floor":3.0,"key":"Weak Potion"},{"floor":7.0,"key":"GamblersBrew"},{"floor":13.0,"key":"LiquidBronze"},{"floor":16.0,"key":"DistilledChaos"},{"floor":18,"key":"AttackPotion"}],"is_trial":false,"path_per_floor":["M","M","M","?","?","R","E","R","T","M","E","R","E","M","R","B",null,"M","$","?","?","M","E"],"character_chosen":"DEFECT","items_purchased":["Bag of Preparation","Frozen Eye","Capacitor"],"campfire_rested":3,"item_purchase_floors":[19,19,19],"current_hp_per_floor":[68,65,57,50,55,55,18,42,42,42,15,39,15,10,34,5,61,43,43,43,43,9,0,0],"gold":41,"neow_bonus":"BOSS_RELIC","is_daily":false,"chose_seed":false,"campfire_upgraded":1,"win_rate":0.0,"timestamp":1612668320,"path_taken":["M","M","M","?","?","R","E","R","T","M","E","R","E","M","R","BOSS","M","$","?","?","M","E"],"items_purchased_type":["Relic","Relic","Card"],"build_version":"2020-12-22","purchased_purges":0,"victory":false,"max_hp_per_floor":[75,75,75,75,80,80,80,80,80,80,80,80,80,80,80,80,80,80,80,56,56,56,56,56],"relic_stats":{"Darkstone Periapt":0,"Dream Catcher":1,"counters":[12,48],"Bag of Preparation":[4],"obtain_stats":[{"Darkstone Periapt":11,"SlaversCollar":17,"Frozen Eye":19,"Dream Catcher":13,"Philosopher\u0027s Stone":0,"Bag of Preparation":19,"Cracked Core":0,"Ancient Tea Set":9,"Toy Ornithopter":7},{"Darkstone Periapt":6,"SlaversCollar":9,"Frozen Eye":10,"Dream Catcher":7,"Philosopher\u0027s Stone":0,"Bag of Preparation":10,"Cracked Core":0,"Ancient Tea Set":4,"Toy Ornithopter":4},{"Darkstone Periapt":23,"SlaversCollar":39,"Frozen Eye":43,"Dream Catcher":28,"Philosopher\u0027s Stone":0,"Bag of Preparation":43,"Cracked Core":0,"Ancient Tea Set":17,"Toy Ornithopter":17}],"Toy Ornithopter":15},"card_choices":[{"not_picked":["Hologram","Storm"],"picked":"Ball Lightning","floor":1.0},{"not_picked":["Turbo","Stack"],"picked":"FTL","floor":2.0},{"not_picked":["Redo","Force Field"],"picked":"Ball Lightning","floor":3.0},{"not_picked":["Buffer","Steam Power"],"picked":"Sweeping Beam","floor":7.0},{"not_picked":["Coolheaded","FTL"],"picked":"Consume","floor":10.0},{"not_picked":["Beam Cell","White Noise"],"picked":"Gash","floor":11.0},{"not_picked":["Sunder","Steam Power"],"picked":"Undo","floor":13.0},{"not_picked":["Recycle","Barrage"],"picked":"Ball Lightning","floor":14.0},{"not_picked":["Ball Lightning","Auto Shields"],"picked":"Gash","floor":15.0},{"not_picked":["Meteor Strike","Core Surge"],"picked":"Echo Form","floor":16.0},{"not_picked":["Compile Driver+1","Force Field+1"],"picked":"White Noise+1","floor":18},{"not_picked":["BootSequence","Streamline"],"picked":"Rip and Tear+1","floor":22}],"player_experience":806484,"relics_obtained":[{"floor":7.0,"key":"Toy Ornithopter"},{"floor":9.0,"key":"Ancient Tea Set"},{"floor":11.0,"key":"Darkstone Periapt"},{"floor":13.0,"key":"Dream Catcher"}],"event_choices":[{"cards_removed":["Strike_B"],"damage_healed":0.0,"max_hp_gain":0.0,"max_hp_loss":0.0,"gold_gain":0.0,"event_name":"Golden Wing","player_choice":"Card Removal","floor":4.0,"gold_loss":0.0,"damage_taken":7.0},{"damage_healed":0.0,"max_hp_gain":5.0,"max_hp_loss":0.0,"gold_gain":0.0,"event_name":"Big Fish","player_choice":"Donut","floor":5.0,"gold_loss":0.0,"damage_taken":0.0},{"damage_healed":0,"gold_gain":0,"player_choice":"Became a vampire","damage_taken":0,"max_hp_gain":0,"max_hp_loss":24,"event_name":"Vampires","floor":20,"gold_loss":0,"cards_obtained":["Bite","Bite","Bite","Bite","Bite"]},{"cards_removed":["Bite"],"damage_healed":0,"gold_gain":0,"player_choice":"Elegance","damage_taken":0,"max_hp_gain":0,"max_hp_loss":0,"event_name":"Back to Basics","floor":21,"gold_loss":0}],"is_beta":false,"boss_relics":[{"not_picked":["Black Star","Velvet Choker"],"picked":"SlaversCollar"}],"items_purged_floors":[],"is_endless":false,"potions_floor_spawned":[3,7,13,16,18],"killed_by":"Slavers","ascension_level":11}}