{"host":"4par9lyhj7bf4dsa","time":1612685558,"event":{"mods":["AchievementEnabler","BaseMod","Colored Map","Minty Spire (QoL Compilation)","Relic Stats","StSLib"],"gold_per_floor":[118,43,43,66,84,124,43,43,43,68,28,59,80,93,93,186,186,205,225,6,26,26,56,56,56,56],"floor_reached":25,"language":"ENG","playtime":849,"items_purged":["WindmillStrike"],"score":384,"play_id":"479094db-aea3-441e-9474-9177c02f6263","local_time":"20210207191238","is_ascension_mode":true,"campfire_choices":[{"floor":8,"key":"REST"},{"data":"Fasting2","floor":15,"key":"SMITH"}],"circlet_count":0,"master_deck":["AscendersBane","Strike_P+1","Strike_P+1","Strike_P+1","Strike_P+1","Defend_P+1","Defend_P+1","Defend_P+1","Defend_P+1","Eruption","Vigilance","Fasting2+1","FollowUp","Tantrum+1","JustLucky","Vault","JustLucky","LessonLearned","TalkToTheHand"],"relics":["Runic Dome","Bloody Idol","Matryoshka","Eternal Feather","StrikeDummy","Unceasing Top","Coffee Dripper"],"acts_visited":["Exordium","TheCity"],"potions_floor_usage":[21,23],"damage_taken":[{"damage":24,"enemies":"Small Slimes","floor":1,"turns":2},{"damage":1,"enemies":"2 Louse","floor":4,"turns":5},{"damage":0,"enemies":"Cultist","floor":5,"turns":3},{"damage":32,"enemies":"Lagavulin","floor":6,"turns":5},{"damage":23,"enemies":"Large Slime","floor":10,"turns":2},{"damage":36,"enemies":"Gremlin Nob","floor":12,"turns":3},{"damage":3,"enemies":"Looter","floor":13,"turns":3},{"damage":0,"enemies":"Blue Slaver","floor":14,"turns":3},{"damage":12,"enemies":"Hexaghost","floor":16,"turns":7},{"damage":4,"enemies":"Shell Parasite","floor":18,"turns":4},{"damage":0,"enemies":"Spheric Guardian","floor":19,"turns":2},{"damage":19,"enemies":"Chosen and Byrds","floor":21,"turns":3},{"damage":13,"enemies":"Slavers","floor":23,"turns":5},{"damage":24,"enemies":"Gremlin Leader","floor":25,"turns":2}],"seed_played":"8894528137519042600","potions_obtained":[{"floor":6,"key":"LiquidBronze"},{"floor":11,"key":"FairyPotion"},{"floor":11,"key":"Ambrosia"},{"floor":12,"key":"Dexterity Potion"},{"floor":16,"key":"PowerPotion"},{"floor":19,"key":"DuplicationPotion"}],"is_trial":false,"path_per_floor":["M","$","?","M","M","E","$","R","T","M","?","E","M","M","R","B",null,"M","M","$","M","?","E","?","E"],"character_chosen":"WATCHER","items_purchased":["Fasting2","Tantrum","LessonLearned"],"campfire_rested":1,"item_purchase_floors":[2,7,20],"current_hp_per_floor":[41,41,41,40,40,8,8,28,28,5,5,20,17,17,26,14,54,50,50,50,31,31,23,23,0,0],"gold":56,"neow_bonus":"BOSS_RELIC","is_daily":false,"chose_seed":false,"campfire_upgraded":1,"win_rate":0.0,"timestamp":1612685558,"path_taken":["M","$","?","M","M","E","$","R","T","M","?","E","M","M","R","BOSS","M","?","$","M","?","E","?","E"],"items_purchased_type":["Card","Card","Card"],"build_version":"2020-12-22","purchased_purges":1,"victory":false,"max_hp_per_floor":[72,72,67,67,67,67,67,67,67,67,67,67,67,67,67,67,67,67,67,67,67,67,67,67,67,67],"relic_stats":{"counters":[14,49],"Bloody Idol":5,"Eternal Feather":9,"obtain_stats":[{"Runic Dome":0,"Matryoshka":6,"Golden Idol":3,"Bloody Idol":22,"Eternal Feather":9,"Coffee Dripper":17,"PureWater":0,"StrikeDummy":9,"Unceasing Top":12},{"Runic Dome":0,"Matryoshka":4,"Golden Idol":1,"Bloody Idol":12,"Eternal Feather":4,"Coffee Dripper":9,"PureWater":0,"StrikeDummy":4,"Unceasing Top":6},{"Runic Dome":0,"Matryoshka":15,"Golden Idol":2,"Bloody Idol":42,"Eternal Feather":15,"Coffee Dripper":33,"PureWater":0,"StrikeDummy":15,"Unceasing Top":20}],"Unceasing Top":[1]},"card_choices":[{"not_picked":["Protect","Study","Evaluate"],"picked":"SKIP","floor":1},{"not_picked":["CarveReality","Indignation"],"picked":"FollowUp","floor":4},{"not_picked":["Crescendo","Halt","JustLucky"],"picked":"SKIP","floor":5},{"not_picked":["Weave","Wireheading"],"picked":"WindmillStrike","floor":6},{"not_picked":["Nirvana","Evaluate","SashWhip"],"picked":"SKIP","floor":10},{"not_picked":["Scrawl","Sanctity","ReachHeaven"],"picked":"SKIP","floor":12},{"not_picked":["ClearTheMind","EmptyMind","InnerPeace"],"picked":"SKIP","floor":13},{"not_picked":["SashWhip","Prostrate"],"picked":"JustLucky","floor":14},{"not_picked":["DeusExMachina","Establishment"],"picked":"Vault","floor":16},{"not_picked":["Prostrate+1","FollowUp"],"picked":"JustLucky","floor":18},{"not_picked":["LikeWater","FlyingSleeves","EmptyMind+1"],"picked":"SKIP","floor":19},{"not_picked":["PathToVictory","CrushJoints","Study"],"picked":"SKIP","floor":21},{"not_picked":["PathToVictory","Crescendo"],"picked":"TalkToTheHand","floor":23}],"player_experience":1001732,"relics_obtained":[{"floor":6,"key":"Matryoshka"},{"floor":9,"key":"Eternal Feather"},{"floor":9,"key":"StrikeDummy"},{"floor":12,"key":"Unceasing Top"}],"event_choices":[{"damage_healed":0,"gold_gain":0,"player_choice":"Lose Max HP","damage_taken":0,"relics_obtained":["Golden Idol"],"max_hp_gain":0,"max_hp_loss":5,"event_name":"Golden Idol","floor":3,"gold_loss":0},{"damage_healed":0,"gold_gain":0,"player_choice":"Bought 3 Potions","damage_taken":0,"max_hp_gain":0,"max_hp_loss":0,"event_name":"The Woman in Blue","floor":11,"gold_loss":0},{"damage_healed":0,"gold_gain":0,"player_choice":"Gave Idol","damage_taken":0,"relics_obtained":["Bloody Idol"],"max_hp_gain":0,"max_hp_loss":0,"event_name":"Forgotten Altar","floor":22,"relics_lost":["Golden Idol"],"gold_loss":0},{"damage_healed":0,"gold_gain":0,"player_choice":"Simplicity","damage_taken":0,"max_hp_gain":0,"max_hp_loss":0,"event_name":"Back to Basics","floor":24,"gold_loss":0,"cards_upgraded":["Strike_P","Strike_P","Strike_P","Defend_P","Defend_P","Defend_P","Defend_P"]}],"is_beta":false,"boss_relics":[{"not_picked":["Fusion Hammer","Runic Pyramid"],"picked":"Coffee Dripper"}],"items_purged_floors":[20],"is_endless":false,"potions_floor_spawned":[6,12,14,16,18,19],"killed_by":"Gremlin Leader","ascension_level":13}}