{"host":"6q94iy5iz6612v89","time":1612730631,"event":{"mods":["2.2 Compatiblity","AchievementEnabler","BaseMod","Colored Map","DeckTracker","Keyboard Shortcuts","Minty Spire (QoL Compilation)","Permanent Neow","StSLib","SuperFastMode"],"gold_per_floor":[18,18,30,45,120,146,146,146,146,177,190,190,26,43,43,43,43],"floor_reached":16,"language":"KOR","playtime":299,"items_purged":["Decay"],"score":220,"play_id":"3b794014-184e-4033-ad4b-d809d3bbb7af","local_time":"20210208054351","is_ascension_mode":true,"campfire_choices":[{"data":"Bludgeon","floor":7,"key":"SMITH"},{"data":"Uppercut","floor":8,"key":"SMITH"},{"data":"Body Slam","floor":12,"key":"SMITH"},{"data":"Inflame","floor":15,"key":"SMITH"}],"circlet_count":0,"master_deck":["AscendersBane","Strike_R","Strike_R","Strike_R","Strike_R","Strike_R","Defend_R","Defend_R","Defend_R","Defend_R","Bash","Bludgeon+1","Body Slam+1","Uppercut+1","Shrug It Off","Inflame+1","Power Through"],"relics":["Burning Blood","WingedGreaves","Pear","Anchor"],"acts_visited":["Exordium"],"potions_floor_usage":[6,10,16],"damage_taken":[{"damage":10,"enemies":"Small Slimes","floor":1,"turns":3},{"damage":3,"enemies":"Cultist","floor":3,"turns":3},{"damage":3,"enemies":"2 Louse","floor":4,"turns":4},{"damage":10,"enemies":"Gremlin Nob","floor":6,"turns":3},{"damage":46,"enemies":"3 Sentries","floor":10,"turns":9},{"damage":0,"enemies":"2 Fungi Beasts","floor":11,"turns":5},{"damage":3,"enemies":"3 Louse","floor":14,"turns":4},{"damage":38,"enemies":"Hexaghost","floor":16,"turns":7}],"seed_played":"3607832545735719595","potions_obtained":[{"floor":1,"key":"AttackPotion"},{"floor":6,"key":"BlessingOfTheForge"},{"floor":11,"key":"Swift Potion"}],"is_trial":false,"path_per_floor":["M","?","M","M","?","E","R","R","T","E","M","R","$","M","R","B"],"character_chosen":"IRONCLAD","items_purchased":["Inflame"],"campfire_rested":0,"item_purchase_floors":[13],"current_hp_per_floor":[64,64,67,70,59,55,55,55,65,25,31,31,31,34,34,0,0],"gold":43,"neow_bonus":"THREE_RARE_CARDS","is_daily":false,"chose_seed":false,"campfire_upgraded":4,"win_rate":0.0,"timestamp":1612730631,"path_taken":["M","?","M","?","?","E","R","R","T","E","M","R","$","M","R","BOSS"],"items_purchased_type":["Card"],"build_version":"2020-12-22","purchased_purges":1,"victory":false,"max_hp_per_floor":[75,75,75,75,75,75,75,75,85,85,85,85,85,85,85,85,85],"card_choices":[{"not_picked":["Barricade","Immolate"],"picked":"Bludgeon","floor":0},{"not_picked":["Whirlwind","Heavy Blade"],"picked":"Body Slam","floor":1},{"not_picked":["Heavy Blade","Clash","Iron Wave"],"picked":"SKIP","floor":3},{"not_picked":["Twin Strike","True Grit"],"picked":"Uppercut","floor":4},{"not_picked":["Headbutt","Fiend Fire","Flex"],"picked":"SKIP","floor":6},{"not_picked":["Twin Strike","Searing Blow"],"picked":"Shrug It Off","floor":10},{"not_picked":["Armaments","Pommel Strike","Clash"],"picked":"SKIP","floor":11},{"not_picked":["Fiend Fire","Whirlwind"],"picked":"Power Through","floor":14}],"player_experience":1474149,"relics_obtained":[{"floor":6,"key":"WingedGreaves"},{"floor":9,"key":"Pear"},{"floor":10,"key":"Anchor"}],"event_choices":[{"damage_healed":0,"gold_gain":0,"player_choice":"Cursed","damage_taken":0,"max_hp_gain":0,"max_hp_loss":0,"event_name":"Wheel of Change","floor":2,"gold_loss":0,"cards_obtained":["Decay"]},{"damage_healed":0,"gold_gain":75,"player_choice":"Gather Gold","damage_taken":11,"max_hp_gain":0,"max_hp_loss":0,"event_name":"World of Goop","floor":5,"gold_loss":0}],"is_beta":false,"boss_relics":[],"items_purged_floors":[13],"is_endless":false,"potions_floor_spawned":[1,6,11],"killed_by":"Hexaghost","ascension_level":20}}