{"host":"jg1kdgv8lq0s5kn4","time":1612669706,"event":{"mods":["ATMod(阿瑾Mod)","AchievementEnabler","Act Like it!","Alarm Clock","AlwaysNeverKeys","BaseMod","Colored Powertips","Easy Mod","FoggyMod","Gensokyo","Gold Saver","KomeijiMod","Minty Spire (QoL Compilation)","MostiFishMod","Remove Card Discount Mod","Shop Mod","Spicy Shops","StSLib","SuperFastMode","【功能Mod】Neow奖励","【遗物Mod】简单游戏","没有小屋子和绿帽子啦","篝火指南"],"gold_per_floor":[177,177,0,0,0,35,35,78,78,87,111,46,146,4,4,709,709,737,846,364,388,400,917,929,985,997,1251,1263,1355,1386,1440,1452,1602,1614,2472,2484,2505,2517,2547,2603,1595,1607,1642,1792,1804,1894,1414,1473,1473,2198,2198,2198,1973,2348,2393],"floor_reached":56,"language":"ZHS","playtime":2888,"items_purged":["Strike_Remiria","Strike_Remiria","Defend_Remirira","Injury","Pain","Defend_Remirira","Defend_Remirira","TricksterDevil","Doubt","Strike_Remiria","Doubt","Gensokyo:TarnishedGold","Shame"],"score":1940,"play_id":"704c2694-dd0c-424e-96ee-f9ede08f6582","local_time":"20210207114826","is_ascension_mode":true,"campfire_choices":[{"data":"AT_FamilyPortrait","floor":15,"key":"SMITH"},{"data":"RedMagic","floor":24,"key":"SMITH"},{"data":"EasyMod:card_1","floor":32,"key":"SMITH"},{"data":"ChainGang","floor":49,"key":"SMITH"},{"data":"AllTheWorldInNightmare","floor":52,"key":"SMITH"}],"circlet_count":0,"master_deck":["EasyMod:card_1","Defend_Remirira+1","Absorbed+1","Scratch","AT_FamilyPortrait+1","BloodySuit","DoubleEdge+1","YoungDemonLord","Tepes","BloodSurge+1","RedMagic+1","BathedInBlood","DemonsDinnerFork_Remiria","Gensokyo:MonkeysPaw","HeartBreak_Remiria+1","DoubleEdge+1","Cripple","VampireClaw+1","NaturallyHealing+1","Gensokyo:ShootingStar","AllTheWorldInNightmare+1","DoubleEdge+1","Gensokyo:LifeSpringInfinity+1","Gensokyo:GreaterSplit+1","ChainGang+1","Gensokyo:BlemishedSteel","Gensokyo:ManorOfTheDishes+1","Gensokyo:ShootingStar","BloodPact+1","NaturallyHealing+1","Enlightenment+1"],"relics":["ThirstyCrossSpe","EasyRelic","AT_ATBox","DaveBox","BionicSphere","SynthV:TestCard","Pear","Membership Card","MealTicket","CeramicFish","Akabeko","Calipers","Gensokyo:LunaticRedEyes","Pantograph","Coffee Dripper","KyoryuNoHagoromo","Girya","MostiFishMod:AdaptiveDefenses","MawBank","Gensokyo:RedStar","Gremlin Horn","Centennial Puzzle","ImprovedEquipment","Nunchaku","Sundial","EasyMod:Easy_2","Molten Egg 2","Turnip","InkBottle","FeatherPendant","Gensokyo:EmptyGrave","Boot","Chemical X","BrkXgEgg","Civilization","MetatronsCube","DollysMirror","AT_SilvercatRing","AT_SunfireAegis","ShirouKen","Bottled Flame","AT_ImmortalShieldbow","AT_BellDemon","EasyMod:Easy_7","Sling","HandDrill","AT_MibuBalloonWealth","Incense Burner","EasyMod:Easy_8","EasyMod:Easy_5","Medical Kit","Ying","Mercury Hourglass","Anchor","AT_BellowingDragoncrestRing","Ornamental Fan"],"acts_visited":["Exordium","Gensokyo:Gensokyo","Gensokyo:Gensokyoer","TheEnding"],"potions_floor_usage":[],"damage_taken":[{"damage":2,"enemies":"Gensokyo:2_Kodama","floor":1,"turns":3},{"damage":10,"enemies":"Gensokyo:Mamizou","floor":6,"turns":5},{"damage":74,"enemies":"Gensokyo:Cirno","floor":8,"turns":11},{"damage":0,"enemies":"Gensokyo:Gryphon","floor":11,"turns":2},{"damage":33,"enemies":"Gensokyo:Reimu","floor":16,"turns":8},{"damage":0,"enemies":"Gensokyo:AngelMirror","floor":18,"turns":5},{"damage":37,"enemies":"Gensokyo:AngelMirror","floor":19,"turns":8},{"damage":72,"enemies":"Gensokyo:Reisen","floor":23,"turns":6},{"damage":36,"enemies":"Gensokyo:Tenshi","floor":25,"turns":6},{"damage":1,"enemies":"Gensokyo:Reisen","floor":27,"turns":4},{"damage":0,"enemies":"Gensokyo:2_Gloops","floor":30,"turns":3},{"damage":0,"enemies":"Gensokyo:Koishi","floor":31,"turns":4},{"damage":36,"enemies":"Gensokyo:Eternal_Rivals","floor":33,"turns":7},{"damage":82,"enemies":"Gensokyo:3_Bats","floor":35,"turns":1},{"damage":0,"enemies":"Gensokyo:3_Bats","floor":37,"turns":3},{"damage":0,"enemies":"Gensokyo:Doremy","floor":40,"turns":3},{"damage":58,"enemies":"Gensokyo:Kasen","floor":44,"turns":4},{"damage":0,"enemies":"Gensokyo:Marisa","floor":48,"turns":2},{"damage":0,"enemies":"Gensokyo:Yuyuko","floor":50,"turns":2},{"damage":10,"enemies":"Shield and Spear","floor":54,"turns":3},{"damage":2,"enemies":"The Heart","floor":55,"turns":3}],"seed_played":"-8381114655335317103","potions_obtained":[{"floor":8,"key":"SkillPotion"},{"floor":11,"key":"DuplicationPotion"},{"floor":16,"key":"SteroidPotion"},{"floor":18,"key":"FearPotion"},{"floor":19,"key":"LiquidMemories"},{"floor":54,"key":"PowerPotion"}],"is_trial":false,"path_per_floor":["M","?","$","?","?","E","?","E","T","?","M","COS","?","$","R","B",null,"M","?","COS","T","?","E","R","E","T","E","?","T","M","E","R","B",null,"M","?","?","?","?","E","COS","T","T","E","T","T","$","E","R","B",null,"R","$","E","B",null],"character_chosen":"RemiriaScarlet","items_purchased":["Membership Card","YoungDemonLord","TricksterDevil","Pantograph","AT_BellDemon","EasyMod:Easy_7","Sling","HandDrill","AT_MibuBalloonWealth","Incense Burner","NaturallyHealing","Medical Kit","Ying","Mercury Hourglass","Enlightenment"],"campfire_rested":0,"item_purchase_floors":[3,3,14,14,47,47,47,47,47,47,47,53,53,53,53],"current_hp_per_floor":[98,108,108,86,86,77,77,18,18,18,18,18,18,33,33,43,93,105,110,110,110,110,47,47,51,51,63,63,63,71,110,110,110,110,37,37,37,37,37,55,102,102,102,101,101,101,103,105,105,108,108,108,108,113,116],"gold":2393,"neow_bonus":"TRANSFORM_CARD","is_daily":false,"chose_seed":false,"campfire_upgraded":5,"win_rate":0.0,"timestamp":1612669706,"path_taken":["M","?","$","?","?","E","?","E","T","?","?","COS","?","?","R","BOSS","M","?","COS","?","?","E","R","E","T","E","?","?","?","E","R","BOSS","M","?","?","?","?","E","COS","?","T","E","?","?","?","E","R","BOSS","R","$","E","BOSS"],"items_purchased_type":["Relic","Card","Card","Relic","Relic","Relic","Relic","Relic","Relic","Relic","Card","Relic","Relic","Relic","Card"],"build_version":"2020-12-22","purchased_purges":13,"victory":true,"max_hp_per_floor":[100,110,110,110,110,110,110,110,110,110,110,110,110,110,110,110,110,110,110,110,110,110,110,110,110,110,110,110,110,110,110,110,110,110,110,110,110,102,102,102,102,102,102,103,103,103,103,105,105,108,108,108,108,113,118],"card_choices":[{"not_picked":["Cripple","DamonLordCradle_Remiria"],"picked":"DoubleEdge","floor":1},{"not_picked":["Feint","Warpath","Reaper_Remiria","Offensive"],"picked":"Tepes","floor":6},{"not_picked":["BloodCleaner","Warpath","DamonLordCradle_Remiria","Culling"],"picked":"BloodSurge","floor":8},{"not_picked":["RocketKickup","FastHealing","Cripple","FateEnsemble"],"picked":"BodyStrengthen","floor":11},{"not_picked":["RemiliaStretch_Remiria","Reaper_Remiria","StarOfDavid","ScarletDestiny"],"picked":"RedMagic","floor":16},{"not_picked":["ServantFlier","FastHealing+1","CruelSlaughter","Exsanguinate"],"picked":"BathedInBlood","floor":18},{"not_picked":["StigmaNizer+1","FateEnsemble","BloodCollect","Offensive"],"picked":"DemonsDinnerFork_Remiria","floor":19},{"not_picked":["BodyStrengthen","Feint","BloodySuit","StigmaNizer"],"picked":"HeartBreak_Remiria","floor":23},{"not_picked":["PainBurst","RocketKickup","BloodySuit","DemonsDinnerFork_Remiria"],"picked":"DoubleEdge","floor":25},{"not_picked":["HeartBreak_Remiria","FierceSweep","CruelSlaughter","ServantFlier"],"picked":"Cripple","floor":27},{"not_picked":["BloodSurge+1","BodyStrengthen","ServantFlier","DoubleEdge+1"],"picked":"VampireClaw+1","floor":30},{"not_picked":["FierceSweep+1","Warpath","YoungDemonLord","DamonLordCradle_Remiria"],"picked":"NaturallyHealing","floor":31},{"not_picked":[],"picked":"Gensokyo:ShootingStar","floor":33},{"not_picked":["RemiliaStretch_Remiria+1","Septette","StarOfDavid","ScarletDestiny"],"picked":"AllTheWorldInNightmare","floor":33},{"not_picked":["DemonsDinnerFork_Remiria+1","FastHealing+1","FierceSweep+1","BloodCollect+1"],"picked":"DoubleEdge+1","floor":35},{"not_picked":["Gensokyo:HouraiInAPot+1","Gensokyo:UnhurriedMind+1"],"picked":"Gensokyo:LifeSpringInfinity+1","floor":37},{"not_picked":["RedtheNightlessCastle+1","Tepes+1","PainBurst+1","CruelSlaughter+1"],"picked":"ChainGang","floor":40},{"not_picked":["FateCollect","FastHealing","StigmaNizer+1","Cripple+1"],"picked":"BloodPact+1","floor":44},{"not_picked":["FateCollect+1","BloodPact+1","Rewrite+1","Exsanguinate+1","DemonsDinnerFork_Remiria"],"picked":"SKIP","floor":48},{"not_picked":["BloodySuit","CombatMeter","PartStrengthen","Warpath","Tepes+1"],"picked":"SKIP","floor":54}],"player_experience":84024,"relics_obtained":[{"floor":1,"key":"SynthV:TestCard"},{"floor":6,"key":"CeramicFish"},{"floor":8,"key":"Akabeko"},{"floor":9,"key":"Calipers"},{"floor":19,"key":"KyoryuNoHagoromo"},{"floor":19,"key":"Girya"},{"floor":21,"key":"MawBank"},{"floor":23,"key":"Gremlin Horn"},{"floor":25,"key":"ImprovedEquipment"},{"floor":26,"key":"Nunchaku"},{"floor":27,"key":"EasyMod:Easy_2"},{"floor":29,"key":"Molten Egg 2"},{"floor":31,"key":"InkBottle"},{"floor":40,"key":"Boot"},{"floor":42,"key":"AT_SilvercatRing"},{"floor":43,"key":"AT_SunfireAegis"},{"floor":44,"key":"ShirouKen"},{"floor":45,"key":"Bottled Flame"},{"floor":46,"key":"AT_ImmortalShieldbow"},{"floor":48,"key":"EasyMod:Easy_8"},{"floor":48,"key":"EasyMod:Easy_5"},{"floor":54,"key":"AT_BellowingDragoncrestRing"},{"floor":54,"key":"Ornamental Fan"}],"event_choices":[],"is_beta":false,"boss_relics":[{"not_picked":["Sozu","OneHitWonderSystem"],"picked":"Coffee Dripper"},{"not_picked":["BloodWine","Busted Crown"],"picked":"FeatherPendant"}],"items_purged_floors":[3,14,14,14,14,14,14,47,47,47,47,47,53],"is_endless":false,"potions_floor_spawned":[8,11,16,18,19,27,40,54],"ascension_level":5}}