{"host":"aapp7ew3jk5k1bvd","time":1612688413,"event":{"mods":["AchievementEnabler","BaseMod","Colored Map","Minty Spire (QoL Compilation)","Permanent Neow","StSLib","SuperFastMode"],"gold_per_floor":[215,235,113,113,13,13,31,31,31,61,74,74,86,96,96,96,96],"floor_reached":16,"language":"KOR","playtime":346,"items_purged":["Strike_B","Defend_B"],"score":102,"play_id":"ba1c18c2-d231-4f0e-a7e0-0c7706dfa26a","local_time":"20210207180013","is_ascension_mode":false,"campfire_choices":[{"data":"Zap","floor":6,"key":"SMITH"},{"floor":15,"key":"REST"}],"circlet_count":0,"master_deck":["Strike_B","Strike_B","Defend_B","Defend_B","Defend_B","Zap+1","Dualcast","Steam","Conserve Battery","Beam Cell","Go for the Eyes"],"relics":["Cracked Core","Shovel","Darkstone Periapt","The Courier"],"acts_visited":["Exordium"],"potions_floor_usage":[13],"damage_taken":[{"damage":7,"enemies":"2 Louse","floor":1,"turns":2},{"damage":0,"enemies":"Jaw Worm","floor":2,"turns":4},{"damage":0,"enemies":"Cultist","floor":7,"turns":3},{"damage":38,"enemies":"3 Sentries","floor":10,"turns":11},{"damage":0,"enemies":"Looter","floor":11,"turns":3},{"damage":1,"enemies":"Gremlin Gang","floor":13,"turns":5},{"damage":0,"enemies":"2 Fungi Beasts","floor":14,"turns":3},{"damage":39,"enemies":"Slime Boss","floor":16,"turns":9}],"seed_played":"-2954843960295798888","potions_obtained":[{"floor":7,"key":"PotionOfCapacity"},{"floor":11,"key":"DistilledChaos"}],"is_trial":false,"path_per_floor":["M","M","$","?","$","R","M","T","T","E","M","?","M","M","R","B"],"character_chosen":"DEFECT","items_purchased":["Beam Cell"],"campfire_rested":1,"item_purchase_floors":[3],"current_hp_per_floor":[68,68,68,68,68,68,68,68,68,30,30,30,29,29,51,12,12],"gold":96,"neow_bonus":"HUNDRED_GOLD","is_daily":false,"chose_seed":false,"campfire_upgraded":1,"win_rate":0.0,"timestamp":1612688413,"path_taken":["M","M","$","?","$","R","M","?","T","E","?","?","?","M","R","BOSS"],"items_purchased_type":["Card"],"build_version":"2020-12-22","purchased_purges":2,"victory":false,"max_hp_per_floor":[75,75,75,75,75,75,75,75,75,75,75,75,75,75,75,75,75],"card_choices":[{"not_picked":["Cold Snap","Sweeping Beam"],"picked":"Steam","floor":1},{"not_picked":["Coolheaded","Aggregate"],"picked":"Conserve Battery","floor":2},{"not_picked":["Hologram","Undo","Meteor Strike"],"picked":"SKIP","floor":7},{"not_picked":["Redo","Compile Driver","Ball Lightning"],"picked":"SKIP","floor":10},{"not_picked":["Sweeping Beam","Creative AI","Beam Cell"],"picked":"SKIP","floor":11},{"not_picked":["Coolheaded","Leap","Lockon"],"picked":"SKIP","floor":13},{"not_picked":["Streamline","Doom and Gloom"],"picked":"Go for the Eyes","floor":14}],"player_experience":1332271,"relics_obtained":[{"floor":8,"key":"Shovel"},{"floor":9,"key":"Darkstone Periapt"},{"floor":10,"key":"The Courier"}],"event_choices":[{"damage_healed":0,"gold_gain":0,"player_choice":"Ignored","damage_taken":0,"max_hp_gain":0,"max_hp_loss":0,"event_name":"Golden Idol","floor":4,"gold_loss":0},{"cards_removed":["Strike_B"],"damage_healed":0,"gold_gain":0,"player_choice":"Purged","damage_taken":0,"max_hp_gain":0,"max_hp_loss":0,"event_name":"Purifier","floor":12,"gold_loss":0}],"is_beta":false,"boss_relics":[],"items_purged_floors":[3,5],"is_endless":false,"potions_floor_spawned":[7,11],"killed_by":"Slime Boss","ascension_level":0}}