{"host":"y9jgkjnf95sujozk","time":1612661193,"event":{"mods":["2.2 Compatiblity","AchievementEnabler","Act Like it!","BaseMod","BetterRewards","Block Reminder","Colored Map","Colored Powertips","Friendly Minions","Gensokyo","GifTheSpireLib","Hallownest","Hermit","Highlight Path","HololiveMod","Hubris","Infinite Spire","Jorbs\u0027s Wanderer Trilogy","Koishi","Marisa（霧雨　魔理沙）","Minty Spire (QoL Compilation)","Quick Restart","Random Character Button","Rare Cards Sparkle","Reimu（博??梦）","Remilia（蕾米莉?）","Replay The Spire","Shop Mod","StSLib","SuperFastMode","The Bug Knight","The Cursed","The Disciple","The Hierophant","The Jungle","The Poker Player","The Runesmith","The Senshi","The Servant 0.9.4"],"gold_per_floor":[110,110,110,10,10,10,10,10,10,10,27,27,46,21,21,125,125,151,168,188,188,23,23,23,41,41,41],"floor_reached":25,"language":"ENG","playtime":668,"items_purged":["Shame"],"score":187,"play_id":"ca96c0d2-0e13-4d0b-88cb-aac904472ed1","local_time":"20210207022633","is_ascension_mode":false,"metric_token":2514,"campfire_choices":[{"floor":6,"key":"REST"},{"data":"ReplayTheSpireMod:Black Plague","floor":8,"key":"SMITH"},{"data":"PokerPlayerMod:Manipulation","floor":10,"key":"SMITH"},{"data":"PokerPlayerMod:Heart2","floor":15,"key":"SMITH"}],"circlet_count":0,"master_deck":["PokerPlayerMod:Diamond1","PokerPlayerMod:Diamond2","PokerPlayerMod:Diamond3","PokerPlayerMod:Diamond4","PokerPlayerMod:Diamond5","PokerPlayerMod:Spade1","PokerPlayerMod:Spade2","PokerPlayerMod:Spade3","PokerPlayerMod:Spade4","PokerPlayerMod:Club1","PokerPlayerMod:Club2","PokerPlayerMod:Heart2","PokerPlayerMod:TrumpStrike","PokerPlayerMod:BadJoker","PokerPlayerMod:Mulligan","PokerPlayerMod:Club4","PokerPlayerMod:Manipulation+1","ReplayTheSpireMod:Black Plague+1","PokerPlayerMod:MagicTrick+1","PokerPlayerMod:Spade3","PokerPlayerMod:Heart3","PokerPlayerMod:Configure+1","PokerPlayerMod:Spade10+","PokerPlayerMod:Diamond4","PokerPlayerMod:Spade4","PokerPlayerMod:Heart6","PokerPlayerMod:Club2","PokerPlayerMod:Club2","PokerPlayerMod:Heart3"],"relics":["PokerPlayerMod:DeckCase","Toxic Egg 2","infinitespire:Beetle Shell","infinitespire:Midas Blood","Gensokyo:NagashiBinaDoll","Philosopher\u0027s Stone","theJungle:PaperFaux"],"acts_visited":["Exordium","Gensokyo:Gensokyo"],"potions_floor_usage":[11,16],"damage_taken":[{"damage":0,"enemies":"Gensokyo:2_Kodama","floor":1,"turns":3},{"damage":0,"enemies":"Gensokyo:3_Fairies","floor":11,"turns":3},{"damage":0,"enemies":"Gensokyo:Python","floor":13,"turns":2},{"damage":17,"enemies":"Gensokyo:Yukari","floor":16,"turns":9},{"damage":19,"enemies":"theJungle:Flameango_and_Byrd","floor":18,"turns":8},{"damage":0,"enemies":"theJungle:MUSHROOMGANG","floor":19,"turns":5},{"damage":24,"enemies":"theJungle:2_Snecko_Cultists","floor":20,"turns":4},{"damage":36,"enemies":"theJungle:JungleHuntersEncounter","floor":25,"turns":2}],"seed_played":"-3551187898832361695","potions_obtained":[{"floor":11,"key":"Fruit Juice"},{"floor":13,"key":"Regen Potion"},{"floor":20,"key":"SkillPotion"}],"is_trial":false,"path_per_floor":["M","COS","?","?","?","R","T","R","T","R","M","?","M","$","R","B",null,"M","M","M","?","$","?","$","M"],"character_chosen":"THE_POKER_PLAYER","items_purchased":["PokerPlayerMod:Club4","PokerPlayerMod:Configure+1","PokerPlayerMod:Club2","PokerPlayerMod:Heart3"],"campfire_rested":1,"item_purchase_floors":[0,14,22,22],"current_hp_per_floor":[52,52,39,39,39,52,52,52,52,52,57,57,57,57,57,48,57,41,46,31,31,31,31,31,0,0,0],"gold":41,"neow_bonus":"","is_daily":false,"chose_seed":false,"campfire_upgraded":3,"win_rate":0.0,"timestamp":1612661193,"path_taken":["M","COS","?","?","?","R","?","R","T","R","M","?","M","$","R","BOSS","M","M","M","?","$","?","$","?"],"items_purchased_type":["Card","Card","Card","Card"],"build_version":"2020-12-22","purchased_purges":1,"victory":false,"max_hp_per_floor":[52,52,52,52,52,52,52,52,52,52,57,57,57,57,57,57,57,57,57,57,57,57,57,57,57,57,57],"card_choices":[{"not_picked":["PokerPlayerMod:JackOfSpades","PokerPlayerMod:SecondChance"],"picked":"PokerPlayerMod:Manipulation","floor":1},{"not_picked":["infinitespire:Punishment","infinitespire:Execution"],"picked":"ReplayTheSpireMod:Black Plague","floor":3},{"not_picked":["PokerPlayerMod:Extraction+1","PokerPlayerMod:Configure+1"],"picked":"PokerPlayerMod:Spade3","floor":11},{"not_picked":["PokerPlayerMod:Diamond2","PokerPlayerMod:Diamond4"],"picked":"PokerPlayerMod:Heart2","floor":13},{"not_picked":["PokerPlayerMod:Spade8","PokerPlayerMod:VarietyAttack"],"picked":"PokerPlayerMod:Spade10+","floor":16},{"not_picked":["PokerPlayerMod:Diamond2","PokerPlayerMod:Overdeal"],"picked":"PokerPlayerMod:Diamond4","floor":18},{"not_picked":["PokerPlayerMod:CloakAndDiamond+1","PokerPlayerMod:Spade3"],"picked":"PokerPlayerMod:Spade4","floor":19},{"not_picked":["PokerPlayerMod:Spade4","PokerPlayerMod:ClubsClub+1"],"picked":"PokerPlayerMod:Heart6","floor":20}],"player_experience":129581,"relics_obtained":[{"floor":7,"key":"infinitespire:Beetle Shell"},{"floor":9,"key":"infinitespire:Midas Blood"}],"event_choices":[{"cards_removed":["Clumsy"],"damage_healed":0,"gold_gain":0,"player_choice":"Purged","damage_taken":0,"max_hp_gain":0,"max_hp_loss":0,"event_name":"Purifier","floor":23,"gold_loss":0}],"is_beta":false,"boss_relics":[{"not_picked":["infinitespire:Cupcake","ReplayTheSpireMod:SealedPack"],"picked":"Philosopher\u0027s Stone"}],"items_purged_floors":[22],"is_endless":false,"potions_floor_spawned":[11,13,20],"killed_by":"theJungle:JungleHuntersEncounter","ascension_level":0}}