{"host":"2brg86hfzr3u5cix","time":1612709251,"event":{"mods":["AchievementEnabler","Ascension Unlocker","BaseMod","CapriCore","DeckTracker","Highlight Path","Keyboard Shortcuts","Minty Spire (QoL Compilation)","Permanent Neow","Relic Stats","StSLib","Twitch Utils","Uncapped","UnlockEverythingMod"],"gold_per_floor":[111,111,111,111,135,135,179,179,179,179,222,222,50,70,70,70,70],"floor_reached":16,"language":"KOR","playtime":391,"items_purged":[],"score":212,"play_id":"20765d12-c126-48db-a946-4647e9d0f960","local_time":"20210207234731","is_ascension_mode":true,"campfire_choices":[{"data":"Dualcast","floor":6.0,"key":"SMITH"},{"data":"Zap","floor":8.0,"key":"SMITH"},{"data":"Redo","floor":12,"key":"SMITH"},{"floor":15,"key":"REST"}],"circlet_count":0,"master_deck":["AscendersBane","Strike_B","Strike_B+1","Strike_B","Defend_B+1","Defend_B+1","Defend_B","Zap+1","Dualcast+1","Blizzard+1","Tempest","Multi-Cast","Leap","Redo+1","FTL"],"relics":["Cracked Core","CeramicFish","Cables","Matryoshka","Centennial Puzzle","Whetstone","War Paint"],"acts_visited":["Exordium"],"potions_floor_usage":[11,11],"damage_taken":[{"damage":2.0,"enemies":"Cultist","floor":1.0,"turns":4.0},{"damage":7.0,"enemies":"Small Slimes","floor":5.0,"turns":3.0},{"damage":19.0,"enemies":"Lagavulin","floor":7.0,"turns":5.0},{"damage":11,"enemies":"Gremlin Nob","floor":11,"turns":3},{"damage":4,"enemies":"Jaw Worm","floor":14,"turns":2},{"damage":45,"enemies":"Hexaghost","floor":16,"turns":9}],"seed_played":"9062293184794326350","potions_obtained":[{"floor":1.0,"key":"Swift Potion"},{"floor":5.0,"key":"ColorlessPotion"},{"floor":7.0,"key":"Strength Potion"}],"is_trial":false,"path_per_floor":["M","T","?","T","M","R","E","R","T","?","E","R","$","M","R","B"],"character_chosen":"DEFECT","items_purchased":["War Paint"],"campfire_rested":1,"item_purchase_floors":[13],"current_hp_per_floor":[62,62,62,62,55,55,36,36,36,36,25,25,25,21,42,0,0],"gold":70,"neow_bonus":"TRANSFORM_CARD","is_daily":false,"chose_seed":false,"campfire_upgraded":3,"win_rate":0.0,"timestamp":1612709251,"path_taken":["M","?","?","?","?","R","E","R","T","?","E","R","$","M","R","BOSS"],"items_purchased_type":["Relic"],"build_version":"2020-12-22","purchased_purges":0,"victory":false,"max_hp_per_floor":[71,71,71,71,71,71,71,71,71,71,71,71,71,71,71,71,71],"relic_stats":{"Centennial Puzzle":[9],"counters":[6,26],"CeramicFish":36,"Whetstone":["Strike_B","Blizzard"],"War Paint":["Defend_B","Defend_B"],"obtain_stats":[{"Centennial Puzzle":9,"Matryoshka":7,"CeramicFish":2,"Whetstone":11,"War Paint":13,"Cracked Core":0,"Cables":4},{"Centennial Puzzle":3,"Matryoshka":3,"CeramicFish":1,"Whetstone":4,"War Paint":4,"Cracked Core":0,"Cables":1},{"Centennial Puzzle":12,"Matryoshka":12,"CeramicFish":4,"Whetstone":15,"War Paint":15,"Cracked Core":0,"Cables":4}],"Cables":[18,16,2,0,0]},"card_choices":[{"not_picked":["Beam Cell","Stack"],"picked":"Tempest","floor":1.0},{"not_picked":["Steam","Storm"],"picked":"Multi-Cast","floor":5.0},{"not_picked":["Genetic Algorithm","Reprogram"],"picked":"Leap","floor":7.0},{"not_picked":["Sweeping Beam","Undo"],"picked":"Redo","floor":11},{"not_picked":["Sweeping Beam","Reinforced Body"],"picked":"FTL","floor":14}],"player_experience":361328,"relics_obtained":[{"floor":2.0,"key":"CeramicFish"},{"floor":4.0,"key":"Cables"},{"floor":7.0,"key":"Matryoshka"},{"floor":9.0,"key":"Centennial Puzzle"},{"floor":11,"key":"Whetstone"}],"event_choices":[{"damage_healed":0.0,"max_hp_gain":0.0,"max_hp_loss":0.0,"gold_gain":0.0,"event_name":"Liars Game","player_choice":"Ignored","floor":3.0,"gold_loss":0.0,"damage_taken":0.0},{"cards_removed":["Defend_B"],"damage_healed":0.0,"max_hp_gain":0.0,"max_hp_loss":0.0,"gold_gain":0.0,"event_name":"Living Wall","player_choice":"Forget","floor":10.0,"gold_loss":0.0,"damage_taken":0.0}],"is_beta":false,"boss_relics":[],"items_purged_floors":[],"is_endless":false,"potions_floor_spawned":[1,5,7],"killed_by":"Hexaghost","ascension_level":20}}