{"host":"qy1e0kd24tpj3i2m","time":1612733955,"event":{"mods":["Act Like it!","Alarm Clock","BaseMod","Better Skull","Better Vampires","Colored Map","Colored Powertips","Custom Start","Faster Ascension Climbing","Friendly Minions","GifTheSpireLib","Gremlin Skip","Highlight Path","Minty Spire (QoL Compilation)","Permanent Neow","Poor People Problems","Quick Restart","Red Circlet Mod","Relic Filter Mod","Relic Sorter","Reorder Act Four","SacredBarkPlus","Shop Mod","StSLib","SuperFastMode","Transform Curses","没有小屋子和绿帽子啦"],"gold_per_floor":[110,110,110,123,48,48,76,76,102,135,151,176,176,189,189,263,263,281,281,281,300,315,315,344,255,281,301,351,351,29,48,48,127,127,147,47,47,47,63,63,77,77,77,77,12,39,39,0,0,0,0,0,12,12,41,41,41],"floor_reached":56,"language":"ZHS","playtime":2107,"items_purged":["Regret","Normality","Injury"],"score":1818,"play_id":"dbca31f5-a450-4e8b-8dcf-20975301571d","local_time":"20210208063915","is_ascension_mode":true,"campfire_choices":[{"data":"Uppercut","floor":6.0,"key":"SMITH"},{"data":"Evolve","floor":8.0,"key":"SMITH"},{"data":"Rupture","floor":13.0,"key":"SMITH"},{"data":"Entrench","floor":15.0,"key":"SMITH"},{"data":"Body Slam","floor":23.0,"key":"SMITH"},{"data":"Barricade","floor":29.0,"key":"SMITH"},{"data":"Rage","floor":32.0,"key":"SMITH"},{"floor":40.0,"key":"RECALL"},{"data":"Ghostly Armor","floor":49.0,"key":"SMITH"},{"data":"Dark Embrace","floor":54.0,"key":"SMITH"}],"circlet_count":0,"master_deck":["AscendersBane","Strike_R","Strike_R","Strike_R","Strike_R+1","Strike_R+1","Defend_R","Defend_R","Defend_R","Ghostly Armor+1","Rupture+1","Uppercut+1","Evolve+1","Entrench+1","Brutality","Power Through+1","Barricade+1","Body Slam+1","Rage+1","True Grit+1","Reaper","Pommel Strike+1","Rupture+1","Anger+1","Clumsy","Body Slam+1","Dark Embrace+1"],"relics":["Black Blood","CaptainsWheel","Art of War","Cursed Key","Self Forming Clay","MerchantsRug","ClockworkSouvenir","PreservedInsect","Orichalcum","Happy Flower","Red Mask","Turnip"],"acts_visited":["Exordium","TheCity","TheBeyond","TheEnding"],"potions_floor_usage":[],"damage_taken":[{"damage":14.0,"enemies":"Jaw Worm","floor":1.0,"turns":5.0},{"damage":9.0,"enemies":"Small Slimes","floor":4.0,"turns":4.0},{"damage":10.0,"enemies":"Lagavulin","floor":7.0,"turns":5.0},{"damage":9.0,"enemies":"Gremlin Nob","floor":10.0,"turns":4.0},{"damage":0.0,"enemies":"Cultist","floor":11.0,"turns":3.0},{"damage":19.0,"enemies":"Lagavulin","floor":12.0,"turns":6.0},{"damage":15.0,"enemies":"Blue Slaver","floor":14.0,"turns":4.0},{"damage":23.0,"enemies":"Hexaghost","floor":16.0,"turns":9.0},{"damage":7.0,"enemies":"Chosen","floor":18.0,"turns":6.0},{"damage":10.0,"enemies":"Shell Parasite","floor":21.0,"turns":7.0},{"damage":4.0,"enemies":"Snake Plant","floor":22.0,"turns":7.0},{"damage":26.0,"enemies":"Book of Stabbing","floor":24.0,"turns":6.0},{"damage":5.0,"enemies":"Centurion and Healer","floor":27.0,"turns":6.0},{"damage":9.0,"enemies":"3 Cultists","floor":31.0,"turns":5.0},{"damage":9.0,"enemies":"Champ","floor":33.0,"turns":8.0},{"damage":10.0,"enemies":"Orb Walker","floor":35.0,"turns":4.0},{"damage":36.0,"enemies":"3 Darklings","floor":39.0,"turns":8.0},{"damage":26.0,"enemies":"4 Shapes","floor":41.0,"turns":8.0},{"damage":73.0,"enemies":"Reptomancer","floor":46.0,"turns":8.0},{"damage":39.0,"enemies":"Donu and Deca","floor":50.0,"turns":8.0},{"damage":56.0,"enemies":"Time Eater","floor":51.0,"turns":11.0},{"damage":83,"enemies":"Shield and Spear","floor":55,"turns":6},{"damage":44,"enemies":"The Heart","floor":56,"turns":2}],"seed_played":"555843433199962758","potions_obtained":[{"floor":1.0,"key":"DistilledChaos"},{"floor":10.0,"key":"AttackPotion"},{"floor":11.0,"key":"Fire Potion"},{"floor":16.0,"key":"ElixirPotion"},{"floor":18.0,"key":"Block Potion"},{"floor":21.0,"key":"Regen Potion"},{"floor":27.0,"key":"Fruit Juice"},{"floor":31.0,"key":"LiquidMemories"},{"floor":39.0,"key":"BlessingOfTheForge"},{"floor":41.0,"key":"LiquidMemories"},{"floor":46.0,"key":"Energy Potion"}],"is_trial":false,"path_per_floor":["M","?","?","M","$","R","E","R","T","E","M","E","R","M","R","B",null,"M","?","?","M","M","R","E","$","T","M","?","R","$","M","R","B",null,"M","$","?","T","M","R","M","?","T","?","$","E","$","?","R","B","B",null,"$","R","E","B"],"character_chosen":"IRONCLAD","items_purchased":["MerchantsRug","ClockworkSouvenir","PreservedInsect","Dark Embrace"],"campfire_rested":0,"item_purchase_floors":[25,30,30,53],"current_hp_per_floor":[42,42,75,72,72,72,68,68,68,72,78,65,65,56,56,39,71,70,70,70,66,68,68,63,63,63,69,69,69,69,66,66,63,81,83,83,83,83,87,87,87,82,82,82,82,61,61,61,61,54,28,72,72,72,13,0,0],"gold":41,"neow_bonus":"TRANSFORM_TWO_CARDS","is_daily":false,"chose_seed":false,"campfire_upgraded":9,"win_rate":0.0,"timestamp":1612733955,"path_taken":["M","?","?","M","$","R","E","R","T","E","M","E","R","M","R","BOSS","M","?","?","M","M","R","E","$","T","M","?","R","$","M","R","BOSS","M","$","?","?","M","R","M","?","T","?","$","E","?","?","R","BOSS","BOSS","$","R","E","BOSS"],"items_purchased_type":["Relic","Relic","Relic","Card"],"build_version":"2020-12-22","purchased_purges":3,"victory":false,"max_hp_per_floor":[75,75,75,75,75,75,75,75,75,82,82,82,82,82,82,82,82,82,82,82,82,82,82,82,82,82,87,87,87,87,87,87,87,87,87,87,87,87,87,87,87,87,87,87,87,87,87,87,87,87,87,87,87,87,87,87,87],"card_choices":[{"not_picked":["Cleave","Rage"],"picked":"Uppercut","floor":1.0},{"not_picked":["Anger","Perfected Strike","Twin Strike"],"picked":"SKIP","floor":4.0},{"not_picked":["Rupture","Iron Wave"],"picked":"Evolve","floor":7.0},{"not_picked":["Iron Wave","Uppercut"],"picked":"Sentinel","floor":10.0},{"not_picked":["Heavy Blade","Shockwave"],"picked":"Entrench","floor":11.0},{"not_picked":["Sword Boomerang","Headbutt"],"picked":"Brutality","floor":12.0},{"not_picked":["Sword Boomerang","Cleave"],"picked":"Power Through","floor":14.0},{"not_picked":["Demon Form","Feed"],"picked":"Barricade","floor":16.0},{"not_picked":["Headbutt","Bloodletting"],"picked":"Body Slam","floor":18.0},{"not_picked":["Havoc","Armaments","Heavy Blade"],"picked":"SKIP","floor":21.0},{"not_picked":["Havoc","Armaments","Heavy Blade"],"picked":"SKIP","floor":21.0},{"not_picked":["Havoc","Iron Wave","Clothesline"],"picked":"SKIP","floor":22.0},{"not_picked":["Bludgeon","Pommel Strike"],"picked":"True Grit+1","floor":24.0},{"not_picked":["Warcry","Evolve","True Grit"],"picked":"SKIP","floor":27.0},{"not_picked":["Searing Blow","Battle Trance","Armaments+1"],"picked":"SKIP","floor":31.0},{"not_picked":["Barricade","Corruption"],"picked":"Reaper","floor":33.0},{"not_picked":["Rupture","Evolve"],"picked":"Pommel Strike+1","floor":35.0},{"not_picked":["Shockwave+1","Heavy Blade+1"],"picked":"Rupture+1","floor":39.0},{"not_picked":["Armaments","Dropkick+1"],"picked":"Anger+1","floor":41.0},{"not_picked":["Berserk","Clothesline"],"picked":"Body Slam+1","floor":46.0},{"not_picked":["Rage","Armaments","Corruption"],"picked":"SKIP","floor":55}],"player_experience":986387,"relics_obtained":[{"floor":7.0,"key":"Whetstone"},{"floor":9.0,"key":"Art of War"},{"floor":10.0,"key":"Strawberry"},{"floor":12.0,"key":"Juzu Bracelet"},{"floor":24.0,"key":"Self Forming Clay"},{"floor":38.0,"key":"Molten Egg 2"},{"floor":43.0,"key":"Orichalcum"},{"floor":46.0,"key":"Happy Flower"},{"floor":55,"key":"Turnip"}],"event_choices":[{"damage_healed":0.0,"max_hp_gain":0.0,"max_hp_loss":0.0,"gold_gain":0.0,"event_name":"Big Fish","player_choice":"Box","floor":2.0,"gold_loss":0.0,"damage_taken":0.0,"relics_obtained":["CaptainsWheel"],"cards_obtained":["Regret"]},{"damage_healed":33.0,"max_hp_gain":0.0,"max_hp_loss":0.0,"gold_gain":0.0,"event_name":"Wheel of Change","player_choice":"Full Heal","floor":3.0,"gold_loss":0.0,"damage_taken":0.0},{"damage_healed":0.0,"max_hp_gain":0.0,"max_hp_loss":0.0,"gold_gain":0.0,"event_name":"The Library","player_choice":"Read","floor":19.0,"gold_loss":0.0,"damage_taken":0.0,"cards_obtained":["Rage"]},{"damage_healed":0.0,"max_hp_gain":0.0,"max_hp_loss":0.0,"gold_gain":0.0,"event_name":"Ghosts","player_choice":"Ignored","floor":20.0,"gold_loss":0.0,"damage_taken":0.0},{"damage_healed":0.0,"max_hp_gain":0.0,"max_hp_loss":0.0,"gold_gain":50.0,"event_name":"Nest","player_choice":"Stole From Cult","floor":28.0,"gold_loss":0.0,"damage_taken":0.0},{"cards_removed":["Sentinel"],"damage_healed":0.0,"max_hp_gain":0.0,"max_hp_loss":0.0,"gold_gain":0.0,"event_name":"Falling","player_choice":"Removed Skill","floor":37.0,"gold_loss":0.0,"damage_taken":0.0},{"damage_healed":0.0,"max_hp_gain":0.0,"max_hp_loss":0.0,"gold_gain":0.0,"event_name":"The Woman in Blue","player_choice":"Bought 0 Potions","floor":42.0,"gold_loss":0.0,"damage_taken":0.0},{"damage_healed":0.0,"max_hp_gain":0.0,"max_hp_loss":0.0,"gold_gain":0.0,"event_name":"Upgrade Shrine","player_choice":"Upgraded","floor":44.0,"gold_loss":0.0,"damage_taken":0.0,"cards_upgraded":["Power Through"]},{"damage_healed":0.0,"max_hp_gain":0.0,"max_hp_loss":0.0,"gold_gain":0.0,"event_name":"Tomb of Lord Red Mask","player_choice":"Paid","floor":48.0,"gold_loss":39.0,"damage_taken":0.0,"relics_obtained":["Red Mask"]}],"is_beta":false,"boss_relics":[{"not_picked":["Velvet Choker","Runic Cube"],"picked":"Cursed Key"},{"not_picked":["Runic Pyramid","Fusion Hammer"],"picked":"Black Blood"}],"items_purged_floors":[5,36,45],"is_endless":false,"potions_floor_spawned":[1,10,11,16,18,21,27,31,39,41,46],"killed_by":"The Heart","ascension_level":20}}