{"host":"2j5d0uw0vihq8b8w","time":1612667780,"event":{"mods":["2.2 Compatiblity","AchievementEnabler","BaseMod","BetterRewards","Colored Map","Colored Powertips","Custom Start","DeckTracker","Minty Spire (QoL Compilation)","Permanent Neow","Quick Restart","Rare Cards Sparkle","StSLib","SuperFastMode"],"gold_per_floor":[118,138,213,313,168,168,187,215,284,313,333,333,109,109,109,210,210,227,227,238,153,167,201,201,212,267,267,302,337,352,365,365,468,468,479,495,543,443,443,469,486,486,486,486,486,511,70,105,105,105],"floor_reached":51,"language":"KOR","playtime":1865,"items_purged":["Defend_R","Strike_R","Strike_R"],"score":1698,"play_id":"53f5ff50-637a-4f36-b3f5-f1c33de5fdd7","local_time":"20210207121620","is_ascension_mode":true,"campfire_choices":[{"data":"Twin Strike","floor":6.0,"key":"SMITH"},{"data":"Flex","floor":12.0,"key":"SMITH"},{"data":"Entrench","floor":15.0,"key":"SMITH"},{"data":"Offering","floor":24.0,"key":"SMITH"},{"data":"Inflame","floor":27.0,"key":"SMITH"},{"data":"Pummel","floor":32.0,"key":"SMITH"},{"data":"Limit Break","floor":42,"key":"SMITH"},{"floor":44,"key":"DIG"},{"floor":49,"key":"DIG"}],"circlet_count":0,"master_deck":["Defend_R","Defend_R","Defend_R","Bash","Shrug It Off","Twin Strike+1","Inflame+1","Carnage","Flex+1","Entrench+1","Offering+1","Body Slam+1","Rupture+1","Shrug It Off","Thunderclap","Pummel+1","Sword Boomerang+1","Limit Break+1","Heavy Blade+1","Dual Wield+1","Combust","Sword Boomerang","Flame Barrier+1"],"relics":["Burning Blood","Torii","PreservedInsect","Lee\u0027s Waffle","OrangePellets","Bag of Marbles","Eternal Feather","Happy Flower","Sling","Coffee Dripper","Oddly Smooth Stone","Mummified Hand","Lantern","Darkstone Periapt","Red Mask","SlaversCollar","Shovel","Pen Nib","Strawberry","TungstenRod","Juzu Bracelet","Potion Belt","Toolbox","White Beast Statue","Pear"],"acts_visited":["Exordium","TheCity","TheBeyond"],"potions_floor_usage":[50,50,50],"damage_taken":[{"damage":6.0,"enemies":"Cultist","floor":1.0,"turns":3.0},{"damage":0.0,"enemies":"Small Slimes","floor":2.0,"turns":3.0},{"damage":1.0,"enemies":"Jaw Worm","floor":7.0,"turns":3.0},{"damage":4.0,"enemies":"3 Sentries","floor":8.0,"turns":6.0},{"damage":32.0,"enemies":"Lagavulin","floor":10.0,"turns":4.0},{"damage":7.0,"enemies":"3 Louse","floor":11.0,"turns":3.0},{"damage":0.0,"enemies":"Slime Boss","floor":16.0,"turns":5.0},{"damage":18.0,"enemies":"3 Byrds","floor":18.0,"turns":4.0},{"damage":7.0,"enemies":"2 Thieves","floor":20.0,"turns":2.0},{"damage":13.0,"enemies":"Shelled Parasite and Fungi","floor":22.0,"turns":3.0},{"damage":1.0,"enemies":"Gremlin Leader","floor":23.0,"turns":2.0},{"damage":6.0,"enemies":"Chosen and Byrds","floor":25.0,"turns":4.0},{"damage":6.0,"enemies":"Slavers","floor":28.0,"turns":1.0},{"damage":12.0,"enemies":"Masked Bandits","floor":29.0,"turns":3.0},{"damage":24.0,"enemies":"Snake Plant","floor":30.0,"turns":3.0},{"damage":12.0,"enemies":"3 Cultists","floor":31.0,"turns":3.0},{"damage":40,"enemies":"Automaton","floor":33,"turns":5},{"damage":29,"enemies":"3 Darklings","floor":35,"turns":4},{"damage":1,"enemies":"Orb Walker","floor":36,"turns":2},{"damage":6,"enemies":"2 Orb Walkers","floor":37,"turns":1},{"damage":0,"enemies":"Nemesis","floor":40,"turns":1},{"damage":32,"enemies":"Maw","floor":41,"turns":3},{"damage":5,"enemies":"Giant Head","floor":46,"turns":1},{"damage":0,"enemies":"Reptomancer","floor":48,"turns":2},{"damage":46,"enemies":"Time Eater","floor":50,"turns":5}],"seed_played":"698334241983218457","potions_obtained":[{"floor":1.0,"key":"BlessingOfTheForge"},{"floor":2.0,"key":"SmokeBomb"},{"floor":11.0,"key":"Ancient Potion"},{"floor":29.0,"key":"Strength Potion"},{"floor":35,"key":"Dexterity Potion"},{"floor":48,"key":"Regen Potion"}],"is_trial":false,"path_per_floor":["M","M","?","?","$","R","M","E","T","E","M","R","$","?","R","B",null,"M","?","M","?","M","E","R","M","T","R","E","?","M","M","R","B",null,"M","M","?","$","?","E","M","R","T","R","T","E","$","E","R","B",null],"character_chosen":"IRONCLAD","items_purchased":["PreservedInsect","Lee\u0027s Waffle","Shrug It Off","OrangePellets","Sling","Entrench","Combust","Toolbox","Sword Boomerang","Swift Potion"],"campfire_rested":0,"item_purchase_floors":[0,0,0,5,13,13,47,47,47,47],"current_hp_per_floor":[87,87,76,76,76,76,81,83,83,57,56,62,62,55,61,67,82,70,70,69,69,62,67,76,76,76,85,85,79,61,55,67,33,74,51,56,56,56,56,62,36,48,55,67,67,68,68,74,96,61],"gold":105,"neow_bonus":"","is_daily":false,"chose_seed":false,"campfire_upgraded":7,"win_rate":0.0,"timestamp":1612667780,"path_taken":["M","M","?","?","$","R","?","E","T","E","M","R","?","?","R","BOSS","M","?","?","?","M","E","R","M","T","R","E","?","M","M","R","BOSS","M","M","?","$","?","E","M","R","T","R","?","E","$","E","R","BOSS"],"items_purchased_type":["Relic","Relic","Card","Relic","Relic","Card","Card","Relic","Card","Potion"],"build_version":"2020-12-22","purchased_purges":3,"victory":true,"max_hp_per_floor":[87,87,87,87,87,87,87,87,87,87,87,87,87,87,87,87,87,87,87,87,87,87,87,87,87,87,87,87,87,87,87,87,87,87,87,87,87,87,87,87,87,87,94,94,94,94,94,94,104,104],"card_choices":[{"not_picked":["Shockwave","Clothesline","Feel No Pain"],"picked":"SKIP","floor":1.0},{"not_picked":["Perfected Strike","True Grit"],"picked":"Twin Strike","floor":2.0},{"not_picked":["Clash","Iron Wave"],"picked":"Inflame","floor":7.0},{"not_picked":["Heavy Blade","Headbutt","Bloodletting"],"picked":"SKIP","floor":8.0},{"not_picked":["Thunderclap","Combust"],"picked":"Carnage","floor":10.0},{"not_picked":["Inflame","Sword Boomerang"],"picked":"Flex","floor":11.0},{"not_picked":["Brutality","Bludgeon"],"picked":"Offering","floor":16.0},{"not_picked":["Fire Breathing","Dark Embrace"],"picked":"Body Slam+1","floor":18.0},{"not_picked":["Perfected Strike+1","Armaments","Clothesline"],"picked":"SKIP","floor":20.0},{"not_picked":["Clash","Reckless Charge"],"picked":"Rupture+1","floor":22.0},{"not_picked":["Blood for Blood","Warcry"],"picked":"Shrug It Off","floor":23.0},{"not_picked":["Flex","Clash","Carnage+1"],"picked":"SKIP","floor":25.0},{"not_picked":["Flex","Clash","Carnage+1"],"picked":"SKIP","floor":25.0},{"not_picked":["Wild Strike","Bludgeon","Iron Wave"],"picked":"SKIP","floor":28.0},{"not_picked":["Warcry","Perfected Strike"],"picked":"Thunderclap","floor":29.0},{"not_picked":["Spot Weakness","Wild Strike"],"picked":"Pummel","floor":30.0},{"not_picked":["Anger+1","Rampage+1"],"picked":"Sword Boomerang+1","floor":31.0},{"not_picked":["Offering","Demon Form"],"picked":"Limit Break","floor":33},{"not_picked":["Cleave","Dual Wield","Shrug It Off+1"],"picked":"SKIP","floor":35},{"not_picked":["Dual Wield","Twin Strike"],"picked":"Heavy Blade+1","floor":36},{"not_picked":["Havoc+1","Entrench","Headbutt"],"picked":"SKIP","floor":40},{"not_picked":["Berserk","Perfected Strike"],"picked":"Dual Wield+1","floor":41},{"not_picked":["Anger","Sever Soul+1","Perfected Strike"],"picked":"SKIP","floor":46},{"not_picked":["Clash+1","Offering"],"picked":"Flame Barrier+1","floor":48}],"player_experience":655336,"relics_obtained":[{"floor":8.0,"key":"Bag of Marbles"},{"floor":9.0,"key":"Eternal Feather"},{"floor":10.0,"key":"Happy Flower"},{"floor":23.0,"key":"Mummified Hand"},{"floor":26.0,"key":"Lantern"},{"floor":28.0,"key":"Darkstone Periapt"},{"floor":29.0,"key":"Red Mask"},{"floor":37,"key":"Shovel"},{"floor":40,"key":"Pen Nib"},{"floor":43,"key":"Strawberry"},{"floor":44,"key":"TungstenRod"},{"floor":45,"key":"Juzu Bracelet"},{"floor":46,"key":"Potion Belt"},{"floor":48,"key":"White Beast Statue"},{"floor":49,"key":"Pear"}],"event_choices":[{"damage_healed":0.0,"max_hp_gain":0.0,"max_hp_loss":0.0,"gold_gain":75.0,"event_name":"World of Goop","player_choice":"Gather Gold","floor":3.0,"gold_loss":0.0,"damage_taken":11.0},{"damage_healed":0.0,"max_hp_gain":0.0,"max_hp_loss":0.0,"gold_gain":100.0,"event_name":"Golden Shrine","player_choice":"Pray","floor":4.0,"gold_loss":0.0,"damage_taken":0.0},{"cards_removed":["Strike_R"],"damage_healed":0.0,"max_hp_gain":0.0,"max_hp_loss":0.0,"gold_gain":0.0,"event_name":"Golden Wing","player_choice":"Card Removal","floor":14.0,"gold_loss":0.0,"damage_taken":7.0},{"cards_removed":["Strike_R"],"damage_healed":0.0,"max_hp_gain":0.0,"max_hp_loss":0.0,"gold_gain":0.0,"event_name":"Purifier","player_choice":"Purged","floor":19.0,"gold_loss":0.0,"damage_taken":0.0},{"damage_healed":0.0,"max_hp_gain":0.0,"max_hp_loss":0.0,"gold_gain":0.0,"event_name":"Addict","player_choice":"Obtained Relic","floor":21.0,"gold_loss":85.0,"damage_taken":0.0,"relics_obtained":["Oddly Smooth Stone"]},{"damage_healed":0.0,"max_hp_gain":0.0,"max_hp_loss":0.0,"gold_gain":0.0,"event_name":"Masked Bandits","player_choice":"Fought Bandits","floor":29.0,"gold_loss":0.0,"damage_taken":0.0},{"damage_healed":0,"gold_gain":0,"player_choice":"Fight","damage_taken":0,"max_hp_gain":0,"max_hp_loss":0,"event_name":"Mysterious Sphere","floor":37,"gold_loss":0},{"cards_removed":["Strike_R"],"damage_healed":0,"gold_gain":0,"player_choice":"Removed Attack","damage_taken":0,"max_hp_gain":0,"max_hp_loss":0,"event_name":"Falling","floor":39,"gold_loss":0}],"is_beta":false,"boss_relics":[{"not_picked":["Pandora\u0027s Box","Black Blood"],"picked":"Coffee Dripper"},{"not_picked":["Calling Bell","Velvet Choker"],"picked":"SlaversCollar"}],"items_purged_floors":[0,38,47],"is_endless":false,"potions_floor_spawned":[1,2,11,22,25,29,30,35,36,41,48],"ascension_level":8}}