{"host":"lz8xl6n23h3n6g14","time":1612656246,"event":{"mods":["Act Like it!","BaseMod","Hallownest","Hermit","Minty Spire (QoL Compilation)","Morshu Shopkeeper","Morshu Shopkeeper - ENHANCED","SIMod","StSLib","The Animator","The Bug Knight","The Exalted"],"gold_per_floor":[110,110,123,123,198,227,227,243,243,268,443,458,458,478,478,575,575,590,590,605,530,550,550,550],"floor_reached":23,"language":"RUS","playtime":1240,"items_purged":["Doubt"],"score":276,"play_id":"6e9a5278-1660-43c7-ac10-a1e6fd86da79","local_time":"20210207040406","is_ascension_mode":false,"campfire_choices":[{"floor":7,"key":"RECALL"},{"data":"hermit:Headshot","floor":13,"key":"SMITH"},{"data":"hermit:Covet","floor":15,"key":"SMITH"}],"circlet_count":0,"master_deck":["hermit:Strike_Hermit","hermit:Strike_Hermit","hermit:Strike_Hermit","hermit:Strike_Hermit","hermit:Defend_Hermit","hermit:Defend_Hermit","hermit:Defend_Hermit","hermit:Defend_Hermit","hermit:Snapshot","hermit:Covet+1","hermit:Headshot","Regret","hermit:Headshot+1","hermit:Quickdraw+1","hermit:Misfire+1","hermit:Malice+1","hermit:CursedWeapon+1","hermit:FromBeyond","hermit:LowProfile+1","hermit:CalledShot+1","hermit:GhostlyPresence"],"relics":["hermit:Momento","NeowsBlessing","Boot","Molten Egg 2","Centennial Puzzle","Runic Pyramid","MarkOfWind"],"acts_visited":["Exordium","TheCity"],"potions_floor_usage":[10,20],"damage_taken":[{"damage":0,"enemies":"Small Slimes","floor":1,"turns":1},{"damage":0,"enemies":"2 Louse","floor":3,"turns":1},{"damage":0,"enemies":"Lagavulin","floor":6,"turns":3},{"damage":0,"enemies":"Jaw Worm","floor":8,"turns":3},{"damage":4,"enemies":"Gremlin Nob","floor":10,"turns":3},{"damage":8,"enemies":"Large Slime","floor":12,"turns":4},{"damage":0,"enemies":"3 Louse","floor":14,"turns":2},{"damage":2,"enemies":"Slime Boss","floor":16,"turns":6},{"damage":20,"enemies":"3 Byrds","floor":18,"turns":4},{"damage":10,"enemies":"Spheric Guardian","floor":20,"turns":4},{"damage":24,"enemies":"Shelled Parasite and Fungi","floor":22,"turns":5},{"damage":28,"enemies":"Gremlin Leader","floor":23,"turns":4}],"seed_played":"6887534251537880756","potions_obtained":[{"floor":1,"key":"Fire Potion"},{"floor":6,"key":"Block Potion"},{"floor":8,"key":"Strength Potion"},{"floor":12,"key":"BlessingOfTheForge"}],"is_trial":false,"path_per_floor":["M","?","M","$","?","E","R","M","T","E","?","M","R","M","R","B",null,"M","?","M","$","M","E"],"character_chosen":"HERMIT","items_purchased":[],"campfire_rested":0,"item_purchase_floors":[],"current_hp_per_floor":[75,75,75,75,64,64,64,64,64,60,60,52,52,52,52,50,75,55,55,45,45,21,0,0],"gold":550,"neow_bonus":"THREE_ENEMY_KILL","is_daily":false,"chose_seed":false,"campfire_upgraded":2,"win_rate":0.0,"timestamp":1612656246,"path_taken":["M","?","M","$","?","E","R","M","T","E","?","?","R","M","R","BOSS","M","?","M","$","M","E"],"items_purchased_type":[],"build_version":"2020-12-22","purchased_purges":1,"victory":false,"max_hp_per_floor":[75,75,75,75,75,75,75,75,75,75,75,75,75,75,75,75,75,75,75,75,75,75,75,75],"card_choices":[{"not_picked":["hermit:HoleUp","hermit:Roulette"],"picked":"hermit:Headshot","floor":1},{"not_picked":["hermit:Cheat","hermit:Determination"],"picked":"hermit:Headshot","floor":3},{"not_picked":["hermit:Determination","hermit:GoldenBullet+1"],"picked":"hermit:Quickdraw+1","floor":6},{"not_picked":["hermit:HighCaliber+1","hermit:Determination","hermit:Manifest"],"picked":"SKIP","floor":8},{"not_picked":["hermit:BodyArmor","hermit:NoHoldsBarred+1"],"picked":"hermit:Misfire+1","floor":10},{"not_picked":["hermit:Snipe","hermit:BodyArmor"],"picked":"hermit:Malice+1","floor":12},{"not_picked":["hermit:PistolWhip+1","hermit:Manifest"],"picked":"hermit:CursedWeapon+1","floor":14},{"not_picked":["hermit:Magnum+1","hermit:Dissolve"],"picked":"hermit:FromBeyond","floor":16},{"not_picked":["hermit:WideOpen+1","hermit:BodyArmor+1"],"picked":"hermit:LowProfile+1","floor":18},{"not_picked":["hermit:Desperado+1","hermit:TrackingShot+1"],"picked":"hermit:CalledShot+1","floor":20},{"not_picked":["hermit:DeadMansHand","hermit:Headshot+1"],"picked":"hermit:GhostlyPresence","floor":22}],"player_experience":352711,"relics_obtained":[{"floor":6,"key":"Molten Egg 2"},{"floor":10,"key":"Centennial Puzzle"}],"event_choices":[{"damage_healed":0,"gold_gain":0,"player_choice":"Box","damage_taken":0,"relics_obtained":["Boot"],"max_hp_gain":0,"max_hp_loss":0,"event_name":"Big Fish","floor":2,"gold_loss":0,"cards_obtained":["Regret"]},{"damage_healed":0,"gold_gain":75,"player_choice":"Gather Gold","damage_taken":11,"max_hp_gain":0,"max_hp_loss":0,"event_name":"World of Goop","floor":5,"gold_loss":0},{"damage_healed":0,"gold_gain":175,"player_choice":"AGREE","damage_taken":0,"max_hp_gain":0,"max_hp_loss":0,"event_name":"Liars Game","floor":11,"gold_loss":0,"cards_obtained":["Doubt"]}],"is_beta":false,"boss_relics":[{"not_picked":["Empty Cage","hermit:BartenderGlass"],"picked":"Runic Pyramid"}],"items_purged_floors":[21],"is_endless":false,"potions_floor_spawned":[1,6,8,12],"killed_by":"Gremlin Leader","ascension_level":0}}