{"host":"6qo42zgaknezulyg","time":1612680653,"event":{"mods":["2.2 Compatiblity","Bard","BaseMod","Faster Ascension Climbing","Keyboard Shortcuts","Minty Spire (QoL Compilation)","Permanent Neow","Quick Restart","StSLib","SuperFastMode"],"gold_per_floor":[118,138,151,167,11,11,38,52,52,52,64,64,94,7,7,81,81,101,301,314,46,57,57,84,97,97,97,97,116,116,133,133,133,133],"floor_reached":33,"language":"ENG","playtime":1249,"items_purged":["bard:Strike"],"score":558,"play_id":"182f175c-e994-482e-8ef0-9ee5bdd3ecf0","local_time":"20210207155053","is_ascension_mode":true,"campfire_choices":[{"data":"bard:ReverseGravity","floor":6.0,"key":"SMITH"},{"floor":10.0,"key":"REST"},{"floor":12.0,"key":"REST"},{"data":"bard:MnemonicVestments","floor":15.0,"key":"SMITH"},{"floor":23.0,"key":"REST"},{"floor":27,"key":"REST"},{"floor":28,"key":"REST"},{"data":"bard:Silence","floor":32,"key":"SMITH"}],"circlet_count":0,"master_deck":["AscendersBane","bard:Strike","bard:Strike","bard:Defend","bard:Defend","bard:Defend","bard:Defend","bard:Riposte","bard:Inspire","bard:ReverseGravity+1","bard:Gamble","bard:Silence+1","bard:MnemonicVestments+1","bard:Greatness","bard:Shout","bard:MagnumOpus","bard:Blink","bard:Aphasia","bard:HideousLaughter+1","bard:Fermata","bard:SplendidForm"],"relics":["bard:PitchPipe","bard:BagPipes","Turnip","Letter Opener","Girya","Philosopher\u0027s Stone","HandDrill","Ornamental Fan","WingedGreaves"],"acts_visited":["Exordium","TheCity"],"potions_floor_usage":[24],"damage_taken":[{"damage":0.0,"enemies":"Jaw Worm","floor":1.0,"turns":3.0},{"damage":9.0,"enemies":"Cultist","floor":2.0,"turns":4.0},{"damage":0.0,"enemies":"2 Louse","floor":3.0,"turns":1.0},{"damage":10.0,"enemies":"Blue Slaver","floor":4.0,"turns":3.0},{"damage":15.0,"enemies":"Lagavulin","floor":7.0,"turns":7.0},{"damage":3.0,"enemies":"Large Slime","floor":8.0,"turns":3.0},{"damage":15.0,"enemies":"Exordium Wildlife","floor":11.0,"turns":3.0},{"damage":1.0,"enemies":"3 Sentries","floor":13.0,"turns":4.0},{"damage":28.0,"enemies":"The Guardian","floor":16.0,"turns":12.0},{"damage":16.0,"enemies":"Shell Parasite","floor":18.0,"turns":4.0},{"damage":32.0,"enemies":"3 Byrds","floor":20.0,"turns":3.0},{"damage":24.0,"enemies":"Sentry and Sphere","floor":22.0,"turns":4.0},{"damage":13,"enemies":"Gremlin Leader","floor":24,"turns":4},{"damage":10,"enemies":"Centurion and Healer","floor":25,"turns":5},{"damage":0,"enemies":"3 Cultists","floor":29,"turns":2},{"damage":6,"enemies":"Cultist and Chosen","floor":31,"turns":5},{"damage":45,"enemies":"Automaton","floor":33,"turns":8}],"seed_played":"-4152600633827913776","potions_obtained":[{"floor":2.0,"key":"LiquidMemories"},{"floor":8.0,"key":"Block Potion"},{"floor":13.0,"key":"DuplicationPotion"},{"floor":16.0,"key":"GamblersBrew"},{"floor":20.0,"key":"FearPotion"},{"floor":24,"key":"Block Potion"},{"floor":29,"key":"SpeedPotion"}],"is_trial":false,"path_per_floor":["M","M","M","M","$","R","E","M","T","R","M","R","E","$","R","B",null,"M","?","M","$","M","R","E","M","T","R","R","M","?","M","R","B"],"character_chosen":"BARD","items_purchased":["bard:Silence","bard:Shout","FairyPotion","HandDrill"],"campfire_rested":5,"item_purchase_floors":[5,14,21,21],"current_hp_per_floor":[44,35,35,25,25,25,10,7,7,26,11,30,29,29,29,1,50,34,34,2,2,7,26,13,3,3,22,41,41,41,35,35,0,0],"gold":133,"neow_bonus":"THREE_RARE_CARDS","is_daily":false,"chose_seed":false,"campfire_upgraded":3,"win_rate":0.0,"timestamp":1612680653,"path_taken":["M","M","M","M","$","R","E","M","T","R","M","R","E","$","R","BOSS","M","?","M","$","M","R","E","M","T","R","R","?","?","?","R","BOSS"],"items_purchased_type":["Card","Card","Potion","Relic"],"build_version":"2020-12-22","purchased_purges":1,"victory":false,"max_hp_per_floor":[66,66,66,66,66,66,66,66,66,66,66,66,66,66,66,66,66,66,66,66,66,66,66,66,66,66,66,66,66,66,66,66,66,66],"card_choices":[{"not_picked":["bard:PowerWordStun","bard:Sonata"],"picked":"bard:ReverseGravity","floor":0.0},{"not_picked":["bard:QuickSong","bard:FeastOnFear"],"picked":"bard:Gamble","floor":1.0},{"not_picked":["bard:LifeDrain","bard:PhantasmalForce","bard:FeastOnFear"],"picked":"SKIP","floor":2.0},{"not_picked":["bard:Rest","bard:InspiringSong","bard:Gamble"],"picked":"SKIP","floor":3.0},{"not_picked":["bard:InspiringSong","bard:Thunderwave","bard:DervishDance"],"picked":"SKIP","floor":4.0},{"not_picked":["bard:Silence","bard:FalseLife"],"picked":"bard:MnemonicVestments","floor":7.0},{"not_picked":["bard:Gamble","bard:SongBolt","bard:Doot"],"picked":"SKIP","floor":8.0},{"not_picked":["bard:EchoEcho","bard:PhantasmalForce","bard:Thunderwave"],"picked":"SKIP","floor":11.0},{"not_picked":["bard:Rest","bard:Fermata"],"picked":"bard:Greatness","floor":13.0},{"not_picked":["bard:BottledSong","bard:DeathMetal"],"picked":"bard:MagnumOpus","floor":16.0},{"not_picked":["bard:Thunderwave","bard:Sift"],"picked":"bard:Blink","floor":18.0},{"not_picked":["bard:FalseLife","bard:StudiedStrike","bard:PhantasmalForce"],"picked":"SKIP","floor":20.0},{"not_picked":["bard:StudiedStrike","bard:BestowCurse"],"picked":"bard:Aphasia","floor":22.0},{"not_picked":["bard:MagnumOpus","bard:MantleOfInspiration"],"picked":"bard:HideousLaughter+1","floor":24},{"not_picked":["bard:Sift","bard:Gamble"],"picked":"bard:Fermata","floor":25},{"not_picked":["bard:LingeringEcho","bard:Sift"],"picked":"bard:SplendidForm","floor":29},{"not_picked":["bard:PhantasmalForce","bard:Sift","bard:EchoEcho"],"picked":"SKIP","floor":31}],"player_experience":729310,"relics_obtained":[{"floor":7.0,"key":"Turnip"},{"floor":9.0,"key":"Letter Opener"},{"floor":13.0,"key":"Girya"},{"floor":24,"key":"Ornamental Fan"},{"floor":26,"key":"WingedGreaves"}],"event_choices":[{"damage_healed":0.0,"max_hp_gain":0.0,"max_hp_loss":0.0,"gold_gain":200.0,"event_name":"Wheel of Change","player_choice":"Gold","floor":19.0,"gold_loss":0.0,"damage_taken":0.0},{"cards_removed":["bard:Strike"],"damage_healed":0,"gold_gain":0,"player_choice":"Offered Basic","damage_taken":0,"max_hp_gain":0,"max_hp_loss":0,"event_name":"Bonfire Elementals","floor":30,"gold_loss":0}],"is_beta":false,"boss_relics":[{"not_picked":["Fusion Hammer","Coffee Dripper"],"picked":"Philosopher\u0027s Stone"}],"items_purged_floors":[5],"is_endless":false,"potions_floor_spawned":[2,8,13,16,20,24,29],"killed_by":"Automaton","ascension_level":20}}