{"host":"rhakyh2m1vy6smuu","time":1612662221,"event":{"mods":["BaseMod","Minty Spire (QoL Compilation)","StSLib","The Cursed"],"gold_per_floor":[119,17,32,207,207,207,241,241,241,241,241,241,241,254,254,357,357,372,372,382,400,4,30,43,61,85,103,119,139,139,157,157,257,257,267,267,1266,1278,846,878,567,578,578,595,611,202,213,247,247,247,247,247,16,50,50],"floor_reached":56,"language":"ENG","playtime":4179,"items_purged":["TheCursedMod:Strike_TheCursed","TheCursedMod:Defend_TheCursed","Normality"],"score":1256,"play_id":"5446b5fa-3a07-43db-8474-f4f1baa65bb6","local_time":"20210206184341","is_ascension_mode":false,"campfire_choices":[{"data":"TheCursedMod:StingEye","floor":6.0,"key":"SMITH"},{"data":"TheCursedMod:CursedWand","floor":8.0,"key":"SMITH"},{"data":"TheCursedMod:VitalStrike","floor":11.0,"key":"SMITH"},{"data":"1","floor":13.0,"key":"LIFT"},{"data":"2","floor":15.0,"key":"LIFT"},{"data":"3","floor":30.0,"key":"LIFT"},{"data":"TheCursedMod:FleshFromBone","floor":32.0,"key":"SMITH"},{"floor":49,"key":"RECALL"},{"data":"TheCursedMod:FleshFromBone","floor":52,"key":"SMITH"}],"circlet_count":0,"master_deck":["TheCursedMod:Strike_TheCursed+1","TheCursedMod:Defend_TheCursed","TheCursedMod:Defend_TheCursed+1","TheCursedMod:CursedWand+1","TheCursedMod:CleanUpWorkshop","TheCursedMod:StingEye+1","TheCursedMod:RapidMovement","TheCursedMod:VitalStrike+1","TheCursedMod:FleshFromBone+1","TheCursedMod:PrepareRite","TheCursedMod:OutForBlood","TheCursedMod:Neurasthenia+1","TheCursedMod:CursedMace+1","TheCursedMod:ForbiddenAlchemy+1","TheCursedMod:SurpriseAttack","TheCursedMod:CursedWand+1","TheCursedMod:Torture","TheCursedMod:TacticalStrike+1","TheCursedMod:VoidForm","TheCursedMod:VitalStrike+1","TheCursedMod:FleshFromBone+1","TheCursedMod:CursedBlade+1","TheCursedMod:CursedRelics+1","Normality","TheCursedMod:CursedAmulet+1","TheCursedMod:TroublousMinions+1","TheCursedMod:VoidForm","TheCursedMod:SmokeScreen+1","TheCursedMod:SurpriseAttack+1","TheCursedMod:Torture+1","TheCursedMod:WearCloak"],"relics":["TheCursedMod:BlackMagic101","NeowsBlessing","Girya","Lantern","Eternal Feather","Astrolabe","Thread and Needle","Toy Ornithopter","Strawberry","Coffee Dripper","Whetstone","TheAbacus","MealTicket","Vajra","Pen Nib","PreservedInsect","Mercury Hourglass","TheCursedMod:BloodyHarpoon","HandDrill","InkBottle"],"acts_visited":["Exordium","TheCity","TheBeyond","TheEnding"],"potions_floor_usage":[48,48,48,50,50,50,50,50,50,50,50,50,50,54,54,55,55,55,55,55],"damage_taken":[{"damage":0.0,"enemies":"Cultist","floor":1.0,"turns":1.0},{"damage":0.0,"enemies":"2 Louse","floor":3.0,"turns":1.0},{"damage":0.0,"enemies":"Gremlin Nob","floor":7.0,"turns":1.0},{"damage":0.0,"enemies":"Small Slimes","floor":14.0,"turns":2.0},{"damage":17.0,"enemies":"Slime Boss","floor":16.0,"turns":13.0},{"damage":7.0,"enemies":"3 Byrds","floor":18.0,"turns":6.0},{"damage":8.0,"enemies":"Spheric Guardian","floor":20.0,"turns":6.0},{"damage":7.0,"enemies":"Snake Plant","floor":21.0,"turns":4.0},{"damage":46.0,"enemies":"Slavers","floor":23.0,"turns":7.0},{"damage":21.0,"enemies":"Sentry and Sphere","floor":24.0,"turns":6.0},{"damage":0.0,"enemies":"Chosen and Byrds","floor":25.0,"turns":3.0},{"damage":17.0,"enemies":"Shelled Parasite and Fungi","floor":27.0,"turns":5.0},{"damage":0.0,"enemies":"Centurion and Healer","floor":28.0,"turns":7.0},{"damage":10.0,"enemies":"Cultist and Chosen","floor":29.0,"turns":5.0},{"damage":0.0,"enemies":"Snecko","floor":31.0,"turns":3.0},{"damage":26.0,"enemies":"Collector","floor":33.0,"turns":9.0},{"damage":0.0,"enemies":"Orb Walker","floor":35.0,"turns":3.0},{"damage":11.0,"enemies":"3 Shapes","floor":38.0,"turns":2.0},{"damage":10.0,"enemies":"Reptomancer","floor":40.0,"turns":6.0},{"damage":0.0,"enemies":"Transient","floor":42.0,"turns":5.0},{"damage":5.0,"enemies":"4 Shapes","floor":44.0,"turns":3.0},{"damage":40.0,"enemies":"3 Darklings","floor":45.0,"turns":7.0},{"damage":0,"enemies":"Spire Growth","floor":47,"turns":3},{"damage":0,"enemies":"Giant Head","floor":48,"turns":6},{"damage":54,"enemies":"Time Eater","floor":50,"turns":7},{"damage":23,"enemies":"Shield and Spear","floor":54,"turns":5},{"damage":115,"enemies":"The Heart","floor":55,"turns":9}],"seed_played":"-5946775451944893254","potions_obtained":[{"floor":1.0,"key":"ColorlessPotion"},{"floor":7.0,"key":"Strength Potion"},{"floor":16.0,"key":"Dexterity Potion"},{"floor":20.0,"key":"LiquidBronze"},{"floor":23.0,"key":"ColorlessPotion"},{"floor":24.0,"key":"Explosive Potion"},{"floor":31.0,"key":"Fire Potion"},{"floor":33.0,"key":"Explosive Potion"},{"floor":40.0,"key":"LiquidMemories"},{"floor":42.0,"key":"LiquidMemories"}],"is_trial":false,"path_per_floor":["M","$","M","?","?","R","E","R","T","?","R","?","R","M","R","B",null,"M","?","M","M","$","E","M","M","T","M","M","M","R","M","R","B",null,"M","?","?","M","$","E","$","M","T","M","M","$","M","E","R","B",null,"R","$","E","B",null],"character_chosen":"THE_CURSED","items_purchased":["TheCursedMod:RapidMovement","Thread and Needle","Whetstone","TheAbacus","Vajra","Pen Nib","PreservedInsect","Mercury Hourglass","TheCursedMod:WearCloak","HandDrill","Weak Potion"],"campfire_rested":0,"item_purchase_floors":[2,22,39,39,41,41,46,46,53,53,53],"current_hp_per_floor":[75,75,75,75,60,60,60,60,60,42,51,51,57,57,63,46,75,68,68,60,53,53,7,21,26,33,26,41,51,63,68,80,71,82,82,82,82,76,76,71,82,82,82,77,42,57,57,72,82,57,82,82,82,64,42],"gold":50,"neow_bonus":"THREE_ENEMY_KILL","is_daily":false,"chose_seed":false,"campfire_upgraded":5,"win_rate":0.0,"timestamp":1612662221,"path_taken":["M","$","M","?","?","R","E","R","T","?","R","?","R","?","R","BOSS","M","?","M","M","$","E","M","M","T","?","M","M","R","M","R","BOSS","M","?","?","M","$","E","?","M","T","M","?","$","M","E","R","BOSS","R","$","E","BOSS"],"items_purchased_type":["Card","Relic","Relic","Relic","Relic","Relic","Relic","Relic","Card","Relic","Potion"],"build_version":"2020-12-22","purchased_purges":3,"victory":true,"max_hp_per_floor":[75,75,75,75,75,75,75,75,75,75,75,75,75,75,75,75,75,75,75,75,75,75,75,75,75,82,82,82,82,82,82,82,82,82,82,82,82,82,82,82,82,82,82,82,82,82,82,82,82,82,82,82,82,82,82],"card_choices":[{"not_picked":["TheCursedMod:SpitefulPray","TheCursedMod:FleshFromBone"],"picked":"TheCursedMod:StingEye","floor":1.0},{"not_picked":["TheCursedMod:EmpowerCircles","TheCursedMod:Stigma"],"picked":"TheCursedMod:VitalStrike","floor":3.0},{"not_picked":["TheCursedMod:RapidMovement","TheCursedMod:AshesToAshes"],"picked":"TheCursedMod:FleshFromBone","floor":7.0},{"not_picked":["TheCursedMod:VitalStrike","TheCursedMod:SpitefulPray"],"picked":"TheCursedMod:PrepareRite","floor":14.0},{"not_picked":["TheCursedMod:CircleOfAbyss","TheCursedMod:VoidForm"],"picked":"TheCursedMod:OutForBlood","floor":16.0},{"not_picked":["TheCursedMod:CircleOfCorruption","TheCursedMod:PrepareRite"],"picked":"TheCursedMod:SurpriseAttack","floor":18.0},{"not_picked":["TheCursedMod:Evocation","TheCursedMod:BlessingInDisguise+1"],"picked":"TheCursedMod:Torture","floor":20.0},{"not_picked":["TheCursedMod:HellsGateOpen","TheCursedMod:Obscuration+1"],"picked":"TheCursedMod:TacticalStrike+1","floor":21.0},{"not_picked":["TheCursedMod:VitalStrike+1","TheCursedMod:Neurasthenia"],"picked":"TheCursedMod:VoidForm","floor":23.0},{"not_picked":["TheCursedMod:CircleOfFocus","TheCursedMod:Wield"],"picked":"TheCursedMod:VitalStrike+1","floor":24.0},{"not_picked":["TheCursedMod:Stigma","TheCursedMod:Grudge"],"picked":"TheCursedMod:FleshFromBone","floor":25.0},{"not_picked":["TheCursedMod:BlessingInDisguise","TheCursedMod:SurpriseAttack","TheCursedMod:Wield"],"picked":"SKIP","floor":27.0},{"not_picked":["TheCursedMod:TacticalStrike","TheCursedMod:Stigma"],"picked":"TheCursedMod:CursedBlade+1","floor":28.0},{"not_picked":["TheCursedMod:Obscuration+1","TheCursedMod:SurpriseAttack","TheCursedMod:Torture"],"picked":"SKIP","floor":29.0},{"not_picked":["TheCursedMod:Neurasthenia","TheCursedMod:FleshFromBone","TheCursedMod:CircleOfFlame"],"picked":"SKIP","floor":31.0},{"not_picked":["TheCursedMod:StunningStrike","TheCursedMod:DarkBarrier"],"picked":"TheCursedMod:CursedRelics","floor":33.0},{"not_picked":["TheCursedMod:CircleOfCorruption+1","TheCursedMod:Evocation","TheCursedMod:Obscuration"],"picked":"SKIP","floor":35.0},{"not_picked":["TheCursedMod:CursedMace","TheCursedMod:TroublousMinions"],"picked":"TheCursedMod:CursedAmulet+1","floor":38.0},{"not_picked":["TheCursedMod:Wield+1","TheCursedMod:EmpowerCircles+1"],"picked":"TheCursedMod:TroublousMinions+1","floor":40.0},{"not_picked":["TheCursedMod:TroublousMinions+1","TheCursedMod:RavingStaff+1"],"picked":"TheCursedMod:VoidForm","floor":42.0},{"not_picked":["TheCursedMod:VitalStrike","TheCursedMod:SurpriseAttack"],"picked":"TheCursedMod:SmokeScreen+1","floor":44.0},{"not_picked":["TheCursedMod:RapidMovement+1","TheCursedMod:DarkBarrier"],"picked":"TheCursedMod:SurpriseAttack+1","floor":45},{"not_picked":["TheCursedMod:Obscuration","TheCursedMod:Grudge"],"picked":"TheCursedMod:Torture+1","floor":47},{"not_picked":["TheCursedMod:SpitefulStrike","TheCursedMod:Evocation","TheCursedMod:CursedBlade"],"picked":"SKIP","floor":48},{"not_picked":["TheCursedMod:CircleOfFlame","TheCursedMod:CircleOfBlood","TheCursedMod:EmpowerCircles+1"],"picked":"SKIP","floor":54}],"player_experience":1528681,"relics_obtained":[{"floor":7.0,"key":"Girya"},{"floor":9.0,"key":"Lantern"},{"floor":23.0,"key":"Toy Ornithopter"},{"floor":26.0,"key":"Strawberry"},{"floor":40.0,"key":"MealTicket"},{"floor":48,"key":"TheCursedMod:BloodyHarpoon"},{"floor":54,"key":"InkBottle"}],"event_choices":[{"damage_healed":0.0,"max_hp_gain":0.0,"max_hp_loss":0.0,"gold_gain":175.0,"event_name":"Liars Game","player_choice":"AGREE","floor":4.0,"gold_loss":0.0,"damage_taken":0.0,"cards_obtained":["Doubt"]},{"damage_healed":0.0,"max_hp_gain":0.0,"max_hp_loss":0.0,"gold_gain":0.0,"event_name":"Shining Light","player_choice":"Entered Light","floor":5.0,"gold_loss":0.0,"damage_taken":15.0,"cards_upgraded":["TheCursedMod:Defend_TheCursed","TheCursedMod:Strike_TheCursed"]},{"damage_healed":0.0,"max_hp_gain":0.0,"max_hp_loss":0.0,"gold_gain":0.0,"event_name":"Scrap Ooze","player_choice":"Success","floor":10.0,"gold_loss":0.0,"damage_taken":18.0,"relics_obtained":["Eternal Feather"]},{"cards_removed":["Doubt","TheCursedMod:Dregs"],"damage_healed":0.0,"max_hp_gain":0.0,"max_hp_loss":0.0,"gold_gain":0.0,"event_name":"Fountain of Cleansing","player_choice":"Removed Curses","floor":12.0,"gold_loss":0.0,"damage_taken":0.0},{"damage_healed":0.0,"max_hp_gain":0.0,"max_hp_loss":0.0,"gold_gain":0.0,"event_name":"Match and Keep!","player_choice":"1 cards matched","floor":19.0,"gold_loss":0.0,"damage_taken":0.0,"cards_obtained":["TheCursedMod:CursedWand"]},{"damage_healed":0.0,"max_hp_gain":0.0,"max_hp_loss":0.0,"gold_gain":0.0,"event_name":"Tomb of Lord Red Mask","player_choice":"Ignored","floor":36.0,"gold_loss":0.0,"damage_taken":0.0},{"damage_healed":0.0,"max_hp_gain":0.0,"max_hp_loss":0.0,"gold_gain":999.0,"event_name":"MindBloom","player_choice":"Gold","floor":37.0,"gold_loss":0.0,"damage_taken":0.0,"cards_obtained":["Normality","Normality"]}],"is_beta":false,"boss_relics":[{"not_picked":["Empty Cage","TheCursedMod:FourLeafCloverCharm"],"picked":"Astrolabe"},{"not_picked":["Runic Dome","Busted Crown"],"picked":"Coffee Dripper"}],"items_purged_floors":[2,22,39],"is_endless":false,"potions_floor_spawned":[1,7,16,20,23,24,31,33,40,42,45],"ascension_level":0}}