{"host":"d00xzd9wj78hkf80","time":1612687208,"event":{"mods":["2.2 Compatiblity","AchievementEnabler","Act Like it!","AlwaysNeverKeys","Aspiration","Bartender","BaseMod","Beaked The Cultist","Better Altar","Better Match","Better Note","Better Sensory Stone","Better Silent Start","Better Skull","Better Vampires","BetterRewards","Block Reminder","Card Filter","CatGirl Mod","Challenge The Spire","Clockwork Mod","Colored Map","Colored Powertips","Defuse TimeMaze Blight","GifTheSpireLib","Gold Saver","Infinite Spire","Ironclad Rager","Mimic Mod","Minty Spire (QoL Compilation)","Quick Restart","RNG Fix","Random Character Button","Rare Cards Sparkle","Relic Sorter","Replay The Spire","Shop Mod","StSLib","Stuff the Spire","Transform Curses","Unknown Chances","Waifu the Spire","egg"],"gold_per_floor":[7478,6129,6129,6339,6339,6368,6395,6422,6449,6468,6486,6486,6521,5252,5252,5348,5348,5367,5367,5367,5292,5309,5309,5334,5334,5361,5396,5414,5432,5432,5432,5432,5533,5533,5546,5560,5560,5570,5570,5570],"floor_reached":39,"language":"ENG","playtime":2602,"items_purged":["ReplayTheSpireMod:Splinters"],"score":663,"play_id":"da469c1a-8a6a-4dd3-a1a8-0e0e59ffe76d","local_time":"20210207004008","is_ascension_mode":true,"campfire_choices":[{"floor":15.0,"key":"RECALL"},{"floor":23.0,"key":"REST"},{"floor":25.0,"key":"REST"},{"floor":32.0,"key":"REST"}],"circlet_count":0,"master_deck":["beaked:Strike_Y","beaked:Strike_Y","beaked:Strike_Y","beaked:Strike_Y","beaked:Strike_Y","beaked:Defend_Y","beaked:Defend_Y","beaked:Defend_Y","beaked:Defend_Y","beaked:Ceremony","beaked:Ceremony","beaked:Ceremony","beaked:BraceForImpact","Bandage Up","beaked:Poke","beaked:WildInstinct","beaked:SacrificialDive","beaked:MachineSpirit","beaked:Insight","Secret Weapon+1","ReplayTheSpireMod:Brewmster","beaked:CrazyRituals","beaked:CrazyRituals","beaked:Overpower","beaked:Pecker","beaked:Mantra","Juggernaut+1","Replay:Dark Deal","Defragment","WeaponsOverheat","beaked:Negation","Heavy Blade","beaked:SacrificialAttack","beaked:KnowThyFoe","beaked:Evade","beaked:Evade","Necronomicurse","beaked:TuckingFeathers+1","beaked:Tweet","ReplayTheSpireMod:RavenHex","beaked:Windmill+1","beaked:MaddeningMurmurs+1","StuffTheSpire:Deluminance","StuffTheSpire:Deluminance","StuffTheSpire:Deluminance","StuffTheSpire:Deluminance","StuffTheSpire:Deluminance","beaked:DarkPact","Genetic Algorithm","ReplayTheSpireMod:Prepare the Ceremony","beaked:Evade"],"relics":["Iron Core","aspiration:AnachronicSnailShell","aspiration:Nostalgia","Ring of the Snake","Juzu Bracelet","StuffTheSpire:BottledEssence","aspiration:FetidBarrel","StuffTheSpire:Rhapsscallions","aspiration:HummingbirdHeart","StuffTheSpire:Experiment12","infinitespire:Cubic Diamond","Nunchaku","Guide Book","Magic Flower","Replay:Rubber Ducky","SlaversCollar","Necronomicon","ReplayFunnel","StuffTheSpire:OldFever","MealTicket","MutagenicStrength","StuffTheSpire:BlackoutCurse","aspiration:WatcherSkillbook"],"acts_visited":["Exordium","TheCity","TheBeyond"],"potions_floor_usage":[38,38],"damage_taken":[{"damage":6.0,"enemies":"2 Louse","floor":1.0,"turns":3.0},{"damage":42.0,"enemies":"3 Sentries","floor":6.0,"turns":6.0},{"damage":0.0,"enemies":"Gremlin Nob","floor":8.0,"turns":1.0},{"damage":2.0,"enemies":"Small Slimes","floor":10.0,"turns":5.0},{"damage":9.0,"enemies":"Cultist","floor":11.0,"turns":6.0},{"damage":23.0,"enemies":"3 Sentries","floor":13.0,"turns":6.0},{"damage":0.0,"enemies":"Hexaghost","floor":16.0,"turns":8.0},{"damage":0.0,"enemies":"3 Byrds","floor":18.0,"turns":5.0},{"damage":12.0,"enemies":"Spheric Guardian","floor":22.0,"turns":5.0},{"damage":0.0,"enemies":"Replay:Snechameleon","floor":24.0,"turns":6.0},{"damage":3.0,"enemies":"Slavers","floor":27.0,"turns":6.0},{"damage":0.0,"enemies":"Snake Plant","floor":28.0,"turns":5.0},{"damage":23.0,"enemies":"3 Cultists","floor":29.0,"turns":6.0},{"damage":30.0,"enemies":"Collector","floor":33.0,"turns":9.0},{"damage":20.0,"enemies":"3 Shapes","floor":35.0,"turns":8.0},{"damage":25.0,"enemies":"3 Darklings","floor":36.0,"turns":8.0},{"damage":3,"enemies":"Jaw Worm Horde","floor":38,"turns":4},{"damage":0,"enemies":"2 Orb Walkers","floor":39,"turns":2}],"seed_played":"-1077565972125715583","potions_obtained":[{"floor":1.0,"key":"Milkshake"},{"floor":8.0,"key":"Elixir"},{"floor":16.0,"key":"Block Potion"},{"floor":28.0,"key":"Regen Potion"},{"floor":29.0,"key":"SpeedPotion"},{"floor":35.0,"key":"Regen Potion"},{"floor":38,"key":"SpeedPotion"}],"is_trial":false,"path_per_floor":["M","$","?","?","?","E","T","E","T","M","M","?","E","$","R","B",null,"M","?","?","?","M","R","E","R","T","E","M","M","?","?","R","B",null,"M","M","?","M","?"],"character_chosen":"BEAKED_THE_CULTIST","items_purchased":["aspiration:AnachronicSnailShell","Juzu Bracelet","StuffTheSpire:BottledEssence","Toxic Potion","Bandage Up","beaked:Poke","beaked:WildInstinct","beaked:SacrificialDive","beaked:MachineSpirit","beaked:Insight","Secret Weapon","ColorlessPotion","Guide Book","Magic Flower","Replay:Rubber Ducky","Weak Potion","Deep Breath","Replay:Dark Deal","Defragment","WeaponsOverheat","beaked:Negation","Heavy Blade","beaked:SacrificialAttack"],"campfire_rested":3,"item_purchase_floors":[2,2,2,2,2,2,2,2,2,2,2,2,14,14,14,14,14,14,14,14,14,14,14],"current_hp_per_floor":[50,50,50,50,50,32,32,32,32,52,51,51,42,42,42,48,52,52,52,36,36,24,39,45,52,52,49,52,40,40,40,52,43,52,38,38,38,52,52,52],"gold":5570,"neow_bonus":"NOSTALGIA","is_daily":false,"chose_seed":false,"campfire_upgraded":0,"win_rate":0.0,"timestamp":1612687208,"path_taken":["M","$","?","?","?","E","?","E","T","M","M","?","E","$","R","BOSS","M","?","?","?","M","R","E","R","T","E","M","M","?","?","R","BOSS","M","M","?","M","?"],"items_purchased_type":["Relic","Relic","Relic","Potion","Card","Card","Card","Card","Card","Card","Card","Potion","Relic","Relic","Relic","Potion","Card","Card","Card","Card","Card","Card","Card"],"build_version":"2020-12-22","purchased_purges":1,"victory":false,"max_hp_per_floor":[50,50,50,50,50,52,52,52,52,52,52,52,52,52,52,52,52,52,52,52,52,52,52,52,52,52,52,52,52,52,52,52,52,52,52,52,52,52,52,52],"card_choices":[{"not_picked":["beaked:Redirect","beaked:MaddeningMurmurs"],"picked":"beaked:BraceForImpact","floor":1.0},{"not_picked":["StuffTheSpire:FreeRealEstate","Impatience"],"picked":"ReplayTheSpireMod:Brewmster","floor":3.0},{"not_picked":["beaked:Tradeoff","beaked:WarriorEssence"],"picked":"beaked:CrazyRituals","floor":4.0},{"not_picked":["beaked:Daydream","beaked:FeelMyPain"],"picked":"beaked:CrazyRituals","floor":6.0},{"not_picked":["beaked:SurvivalInstinct","beaked:StunningBlow"],"picked":"beaked:Overpower","floor":8.0},{"not_picked":["beaked:DigDeeper","beaked:Resilience"],"picked":"beaked:Pecker","floor":10.0},{"not_picked":["beaked:Negation","beaked:Overpower"],"picked":"beaked:Mantra","floor":11.0},{"not_picked":["Hologram","WeaponsOverheat"],"picked":"Juggernaut","floor":13.0},{"not_picked":["Limit Break","Barricade"],"picked":"beaked:KnowThyFoe","floor":16.0},{"not_picked":["beaked:Hexing","beaked:Flinch+1"],"picked":"beaked:Evade","floor":18.0},{"not_picked":["beaked:Brace","beaked:Resilience"],"picked":"beaked:TuckingFeathers+1","floor":22.0},{"not_picked":["beaked:Tradeoff","beaked:AwakenedForm"],"picked":"beaked:Tweet","floor":24.0},{"not_picked":["beaked:Tweet+1","beaked:Mantra"],"picked":"ReplayTheSpireMod:RavenHex","floor":27.0},{"not_picked":["beaked:Roost","beaked:BarbedWire"],"picked":"beaked:Windmill+1","floor":28.0},{"not_picked":["beaked:DigDeep","beaked:BraceForImpact+1"],"picked":"beaked:MaddeningMurmurs+1","floor":29.0},{"not_picked":["beaked:KnowThyFoe","beaked:FakeOut"],"picked":"beaked:DarkPact","floor":33.0},{"not_picked":["Replay:Cycle","beaked:Insight","Warcry"],"picked":"Genetic Algorithm","floor":35.0},{"not_picked":["MentalFortress+1","Warcry","beaked:SacrificialScars"],"picked":"ReplayTheSpireMod:Prepare the Ceremony","floor":36.0},{"not_picked":["SignatureMove","Beam Cell+1","FlyingSleeves"],"picked":"beaked:Evade","floor":38}],"player_experience":151333,"relics_obtained":[{"floor":6.0,"key":"StuffTheSpire:Rhapsscallions"},{"floor":8.0,"key":"aspiration:HummingbirdHeart"},{"floor":9.0,"key":"StuffTheSpire:Experiment12"},{"floor":13.0,"key":"Nunchaku"},{"floor":20.0,"key":"Necronomicon"},{"floor":24.0,"key":"ReplayFunnel"},{"floor":26.0,"key":"StuffTheSpire:OldFever"},{"floor":27.0,"key":"MealTicket"}],"event_choices":[{"damage_healed":0.0,"max_hp_gain":0.0,"max_hp_loss":0.0,"gold_gain":1.0,"event_name":"betterStone:BetterStone","player_choice":"1","floor":3.0,"gold_loss":0.0,"damage_taken":0.0},{"damage_healed":0.0,"max_hp_gain":0.0,"max_hp_loss":0.0,"gold_gain":0.0,"event_name":"Duplicator","player_choice":"Copied","floor":19.0,"gold_loss":0.0,"damage_taken":0.0,"cards_obtained":["beaked:Evade"]},{"damage_healed":0.0,"max_hp_gain":0.0,"max_hp_loss":0.0,"gold_gain":0.0,"event_name":"Cursed Tome","player_choice":"Obtained Book","floor":20.0,"gold_loss":0.0,"damage_taken":16.0},{"cards_removed":["Deep Breath"],"damage_healed":0.0,"max_hp_gain":0.0,"max_hp_loss":0.0,"gold_gain":0.0,"event_name":"Beggar","player_choice":"Gave Gold","floor":21.0,"gold_loss":75.0,"damage_taken":0.0},{"damage_healed":0.0,"max_hp_gain":0.0,"max_hp_loss":0.0,"gold_gain":0.0,"event_name":"Drug Dealer","player_choice":"Inject Mutagens","floor":30.0,"gold_loss":0.0,"damage_taken":0.0,"relics_obtained":["MutagenicStrength"]},{"cards_removed":["beaked:Strike_Y"],"damage_healed":0.0,"max_hp_gain":0.0,"max_hp_loss":0.0,"gold_gain":0.0,"event_name":"Falling","player_choice":"Removed Attack","floor":37.0,"gold_loss":0.0,"damage_taken":0.0},{"damage_healed":0,"gold_gain":0,"player_choice":"Fight","damage_taken":0,"max_hp_gain":0,"max_hp_loss":0,"event_name":"Mysterious Sphere","floor":39,"gold_loss":0}],"is_beta":false,"boss_relics":[{"not_picked":["Astrolabe","Snecko Eye"],"picked":"SlaversCollar"},{"not_picked":["Empty Cage","StuffTheSpire:Kangaroo"],"picked":"aspiration:WatcherSkillbook"}],"items_purged_floors":[14],"is_endless":false,"potions_floor_spawned":[1,8,16,28,29,35,38],"killed_by":"2 Orb Walkers","ascension_level":1}}