{"host":"w5o3iglp98qr199u","time":1612700971,"event":{"mods":["AchievementEnabler","BaseMod","Bestiary","Colored Map","Colored Powertips","Highlight Path","Minty Spire (QoL Compilation)","Relic Stats","StSLib","SuperFastMode"],"gold_per_floor":[16,31,31,49,63,63,83,114,114,147,177,177,207,221,221,322,322,307,325,424,424,424,454,454,488,513,542,542,542,553,573,573,671,671,682,682,682,164,164,164,198,198,198,198,209,241,255,283,283,283,283],"floor_reached":50,"language":"ENG","playtime":2832,"items_purged":[],"score":807,"play_id":"12b9736c-ac9b-42b6-a253-c47e2f4d8bce","local_time":"20210207132931","is_ascension_mode":true,"campfire_choices":[{"data":"Deadly Poison","floor":6.0,"key":"SMITH"},{"data":"Adrenaline","floor":12.0,"key":"SMITH"},{"floor":15.0,"key":"REST"},{"data":"After Image","floor":29.0,"key":"SMITH"},{"floor":32.0,"key":"REST"},{"data":"Well Laid Plans","floor":40.0,"key":"SMITH"},{"data":"Wraith Form v2","floor":42.0,"key":"SMITH"},{"data":"Malaise","floor":44.0,"key":"SMITH"},{"data":"Tools of the Trade","floor":49.0,"key":"SMITH"}],"circlet_count":0,"master_deck":["Defend_G","Defend_G","Defend_G","Survivor","Neutralize","Leg Sweep","Poisoned Stab","Sucker Punch","Deadly Poison+1","Blade Dance","Malaise+1","Adrenaline+1","Deflect+1","Dodge and Roll+1","Wraith Form v2+1","Calculated Gamble+1","Bite","Bite","Bite","Bite","Bite","Bouncing Flask+1","Deflect+1","Leg Sweep+1","After Image+1","Bouncing Flask+1","Prepared+1","Dodge and Roll+1","Bullet Time+1","Acrobatics+1","The Bomb+1","Finesse+1","Catalyst+1","PiercingWail+1","Well Laid Plans+1","Transmutation+1","Prepared+1","Caltrops+1","PiercingWail+1","Tools of the Trade+1"],"relics":["Ring of the Snake","StoneCalendar","Meat on the Bone","Gremlin Horn","Mummified Hand","Odd Mushroom","Toxic Egg 2","SacredBark","Bottled Flame","Nilry\u0027s Codex","Potion Belt","Snake Skull","Ornamental Fan","Coffee Dripper","ClockworkSouvenir","Sundial","Pantograph","MealTicket","Blood Vial"],"acts_visited":["Exordium","TheCity","TheBeyond"],"potions_floor_usage":[50],"damage_taken":[{"damage":0.0,"enemies":"Small Slimes","floor":1.0,"turns":3.0},{"damage":0.0,"enemies":"2 Louse","floor":2.0,"turns":4.0},{"damage":0.0,"enemies":"Jaw Worm","floor":4.0,"turns":4.0},{"damage":1.0,"enemies":"Blue Slaver","floor":5.0,"turns":5.0},{"damage":0.0,"enemies":"Large Slime","floor":7.0,"turns":5.0},{"damage":29.0,"enemies":"3 Sentries","floor":8.0,"turns":7.0},{"damage":23.0,"enemies":"Lagavulin","floor":10.0,"turns":7.0},{"damage":15.0,"enemies":"The Mushroom Lair","floor":11.0,"turns":5.0},{"damage":17.0,"enemies":"3 Sentries","floor":13.0,"turns":7.0},{"damage":0.0,"enemies":"Looter","floor":14.0,"turns":3.0},{"damage":21.0,"enemies":"Slime Boss","floor":16.0,"turns":8.0},{"damage":11.0,"enemies":"2 Thieves","floor":18.0,"turns":4.0},{"damage":26.0,"enemies":"Chosen","floor":19.0,"turns":7.0},{"damage":32.0,"enemies":"Book of Stabbing","floor":23.0,"turns":8.0},{"damage":1.0,"enemies":"Gremlin Leader","floor":25.0,"turns":6.0},{"damage":7.0,"enemies":"Book of Stabbing","floor":27.0,"turns":5.0},{"damage":3.0,"enemies":"Snake Plant","floor":30.0,"turns":6.0},{"damage":0.0,"enemies":"Snecko","floor":31.0,"turns":5.0},{"damage":81.0,"enemies":"Automaton","floor":33.0,"turns":15.0},{"damage":0.0,"enemies":"Orb Walker","floor":35.0,"turns":4.0},{"damage":4.0,"enemies":"Nemesis","floor":41.0,"turns":7.0},{"damage":0.0,"enemies":"3 Darklings","floor":45.0,"turns":8.0},{"damage":6.0,"enemies":"Giant Head","floor":46.0,"turns":8.0},{"damage":40.0,"enemies":"Sphere and 2 Shapes","floor":47.0,"turns":7.0},{"damage":2.0,"enemies":"Nemesis","floor":48.0,"turns":7.0},{"damage":55,"enemies":"Awakened One","floor":50,"turns":11}],"seed_played":"4529025469219845895","potions_obtained":[{"floor":1.0,"key":"Strength Potion"},{"floor":5.0,"key":"ColorlessPotion"},{"floor":8.0,"key":"ColorlessPotion"},{"floor":11.0,"key":"Block Potion"},{"floor":14.0,"key":"DistilledChaos"},{"floor":18.0,"key":"FairyPotion"},{"floor":19.0,"key":"Block Potion"},{"floor":33.0,"key":"Energy Potion"},{"floor":35.0,"key":"AttackPotion"},{"floor":47.0,"key":"SteroidPotion"},{"floor":48.0,"key":"DuplicationPotion"}],"is_trial":false,"path_per_floor":["M","M","$","M","M","R","M","E","T","E","?","R","E","M","R","B",null,"M","M","?","?","$","E","?","E","T","E","?","R","M","M","R","B",null,"M","?","?","$","?","R","E","R","T","R","M","E","M","E","R","B"],"character_chosen":"THE_SILENT","items_purchased":["Catalyst+1","ClockworkSouvenir","PiercingWail+1","Well Laid Plans","Transmutation+1"],"campfire_rested":2,"item_purchase_floors":[38,38,38,38,38],"current_hp_per_floor":[70,70,70,70,69,69,69,40,40,29,26,26,21,33,54,45,70,59,45,45,45,45,29,13,26,26,27,27,27,34,40,49,31,49,49,39,39,39,39,39,47,47,47,47,47,45,31,37,37,0,0],"gold":283,"neow_bonus":"ONE_RARE_RELIC","is_daily":false,"chose_seed":false,"campfire_upgraded":7,"win_rate":0.0,"timestamp":1612700971,"path_taken":["M","M","$","M","M","R","M","E","T","E","?","R","E","M","R","BOSS","M","M","?","?","$","E","?","E","T","E","?","R","M","M","R","BOSS","M","?","?","$","?","R","E","R","T","R","M","E","M","E","R","BOSS"],"items_purchased_type":["Card","Relic","Card","Card","Card"],"build_version":"2020-12-22","purchased_purges":0,"victory":false,"max_hp_per_floor":[70,70,70,70,70,70,70,70,70,70,70,70,70,70,70,70,70,70,70,70,49,49,49,49,49,49,49,49,49,49,49,49,49,49,49,49,49,49,47,47,47,47,47,47,47,47,47,47,47,47,47],"relic_stats":{"Gremlin Horn":[19,19],"counters":[26,166],"StoneCalendar":[523],"Snake Skull":[108],"Blood Vial":2,"Mummified Hand":[39],"Ornamental Fan":[104],"Sundial":[4],"Pantograph":8,"MealTicket":0,"obtain_stats":[{"Potion Belt":25,"Gremlin Horn":9,"Nilry\u0027s Codex":24,"SacredBark":17,"StoneCalendar":0,"Snake Skull":26,"Odd Mushroom":11,"ClockworkSouvenir":38,"Blood Vial":48,"Bottled Flame":23,"Mummified Hand":10,"Ornamental Fan":27,"Sundial":41,"Pantograph":43,"MealTicket":46,"Coffee Dripper":34,"Toxic Egg 2":13,"Ring of the Snake":0,"Meat on the Bone":8},{"Potion Belt":15,"Gremlin Horn":6,"Nilry\u0027s Codex":14,"SacredBark":11,"StoneCalendar":0,"Snake Skull":15,"Odd Mushroom":8,"ClockworkSouvenir":20,"Blood Vial":25,"Bottled Flame":14,"Mummified Hand":7,"Ornamental Fan":16,"Sundial":21,"Pantograph":21,"MealTicket":23,"Coffee Dripper":19,"Toxic Egg 2":9,"Ring of the Snake":0,"Meat on the Bone":6},{"Potion Belt":83,"Gremlin Horn":28,"Nilry\u0027s Codex":77,"SacredBark":58,"StoneCalendar":0,"Snake Skull":83,"Odd Mushroom":40,"ClockworkSouvenir":118,"Blood Vial":155,"Bottled Flame":77,"Mummified Hand":35,"Ornamental Fan":88,"Sundial":125,"Pantograph":125,"MealTicket":141,"Coffee Dripper":114,"Toxic Egg 2":47,"Ring of the Snake":0,"Meat on the Bone":28}],"Ring of the Snake":[52],"Meat on the Bone":96},"card_choices":[{"not_picked":["Slice","PiercingWail"],"picked":"Leg Sweep","floor":1.0},{"not_picked":["Crippling Poison","Underhanded Strike"],"picked":"Poisoned Stab","floor":2.0},{"not_picked":["Deflect","Underhanded Strike"],"picked":"Sucker Punch","floor":4.0},{"not_picked":["Backflip","Predator"],"picked":"Deadly Poison","floor":5.0},{"not_picked":["Flying Knee","Caltrops"],"picked":"Blade Dance","floor":7.0},{"not_picked":["PiercingWail","Deflect"],"picked":"Malaise","floor":8.0},{"not_picked":["Caltrops","Prepared"],"picked":"Adrenaline","floor":10.0},{"not_picked":["PiercingWail+1","Dagger Throw"],"picked":"Deflect+1","floor":13.0},{"not_picked":["Escape Plan+1","Acrobatics+1"],"picked":"Dodge and Roll+1","floor":14.0},{"not_picked":["Die Die Die","Corpse Explosion+1"],"picked":"Wraith Form v2","floor":16.0},{"not_picked":["Infinite Blades+1","Accuracy"],"picked":"Calculated Gamble+1","floor":18.0},{"not_picked":["Underhanded Strike","Infinite Blades","Deadly Poison+1"],"picked":"SKIP","floor":19.0},{"not_picked":["Cloak And Dagger+1","Blade Dance+1","Bouncing Flask+1"],"picked":"SKIP","floor":23.0},{"not_picked":["Cloak And Dagger+1","Blade Dance+1"],"picked":"Bouncing Flask+1","floor":23.0},{"not_picked":["Night Terror+1","Prepared+1"],"picked":"Deflect+1","floor":25.0},{"not_picked":["Flying Knee","Deflect+1"],"picked":"Leg Sweep+1","floor":27.0},{"not_picked":["Blade Dance+1","Dash+1"],"picked":"Prepared+1","floor":30.0},{"not_picked":["Underhanded Strike","Dagger Throw"],"picked":"Dodge and Roll+1","floor":31.0},{"not_picked":["Die Die Die","Corpse Explosion+1"],"picked":"Bullet Time+1","floor":33.0},{"not_picked":["Dodge and Roll+1","Terror+1"],"picked":"Acrobatics+1","floor":35.0},{"not_picked":["Enlightenment+1","Bandage Up+1"],"picked":"The Bomb+1","floor":36.0},{"not_picked":["Metamorphosis+1","Discovery+1"],"picked":"Finesse+1","floor":36.0},{"not_picked":["Escape Plan+1","Deflect+1"],"picked":"Prepared+1","floor":41.0},{"not_picked":["Underhanded Strike","Heel Hook"],"picked":"Caltrops+1","floor":45.0},{"not_picked":["Terror+1","Blur+1"],"picked":"PiercingWail+1","floor":46.0},{"not_picked":["Bane","Flying Knee+1","Slice"],"picked":"SKIP","floor":47.0},{"not_picked":["Flying Knee+1","Blade Dance+1"],"picked":"Tools of the Trade","floor":48.0}],"player_experience":87130,"relics_obtained":[{"floor":8.0,"key":"Meat on the Bone"},{"floor":9.0,"key":"Gremlin Horn"},{"floor":10.0,"key":"Mummified Hand"},{"floor":11.0,"key":"Odd Mushroom"},{"floor":13.0,"key":"Toxic Egg 2"},{"floor":23.0,"key":"Bottled Flame"},{"floor":24.0,"key":"Nilry\u0027s Codex"},{"floor":25.0,"key":"Potion Belt"},{"floor":26.0,"key":"Snake Skull"},{"floor":27.0,"key":"Ornamental Fan"},{"floor":41.0,"key":"Sundial"},{"floor":43.0,"key":"Pantograph"},{"floor":46.0,"key":"MealTicket"},{"floor":48.0,"key":"Blood Vial"}],"event_choices":[{"damage_healed":0.0,"max_hp_gain":0.0,"max_hp_loss":0.0,"gold_gain":0.0,"event_name":"Mushrooms","player_choice":"Fought Mushrooms","floor":11.0,"gold_loss":0.0,"damage_taken":0.0},{"damage_healed":0.0,"max_hp_gain":0.0,"max_hp_loss":0.0,"gold_gain":99.0,"event_name":"Nest","player_choice":"Stole From Cult","floor":20.0,"gold_loss":0.0,"damage_taken":0.0},{"damage_healed":0.0,"max_hp_gain":0.0,"max_hp_loss":21.0,"gold_gain":0.0,"event_name":"Vampires","player_choice":"Became a vampire","floor":21.0,"gold_loss":0.0,"damage_taken":0.0,"cards_obtained":["Bite","Bite","Bite","Bite","Bite"]},{"damage_healed":0.0,"max_hp_gain":0.0,"max_hp_loss":0.0,"gold_gain":0.0,"event_name":"Cursed Tome","player_choice":"Obtained Book","floor":24.0,"gold_loss":0.0,"damage_taken":16.0},{"damage_healed":0.0,"max_hp_gain":0.0,"max_hp_loss":0.0,"gold_gain":0.0,"cards_transformed":["Defend_G","Defend_G"],"event_name":"Drug Dealer","player_choice":"Became Test Subject","floor":28.0,"gold_loss":0.0,"damage_taken":0.0,"cards_obtained":["After Image","Bouncing Flask"]},{"damage_healed":0.0,"max_hp_gain":0.0,"max_hp_loss":0.0,"gold_gain":0.0,"event_name":"SensoryStone","player_choice":"Memory 3","floor":36.0,"gold_loss":0.0,"damage_taken":10.0},{"damage_healed":0.0,"max_hp_gain":0.0,"max_hp_loss":0.0,"gold_gain":0.0,"event_name":"Tomb of Lord Red Mask","player_choice":"Ignored","floor":37.0,"gold_loss":0.0,"damage_taken":0.0},{"damage_healed":0.0,"max_hp_gain":0.0,"max_hp_loss":2.0,"gold_gain":0.0,"event_name":"Winding Halls","player_choice":"Max HP","floor":39.0,"gold_loss":0.0,"damage_taken":0.0}],"is_beta":false,"boss_relics":[{"not_picked":["WristBlade","Ectoplasm"],"picked":"SacredBark"},{"not_picked":["Astrolabe","Empty Cage"],"picked":"Coffee Dripper"}],"items_purged_floors":[],"is_endless":false,"potions_floor_spawned":[1,5,8,11,14,18,19,23,33,35,47,48],"killed_by":"Awakened One","ascension_level":4}}