{"host":"zs3tguvuxkh90jf4","time":1612677084,"event":{"mods":["AchievementEnabler","BaseMod","Better Silent Start","Better-Laid Plans","BetterRewards","Block Reminder","Colored Map","Colored Powertips","Gold Saver","Minty Spire (QoL Compilation)","Shop Mod","StSLib","Transform Curses"],"gold_per_floor":[2238,2249,2263,2263,2278,2309,1748,1761,1811,1829,1860,1871,1871,1871,1871,1947,1947,1959,1969,1552,1564,1564,1599,1599,1599,1625,1675,1703,1703,1728,1748,1748,1824,1824,1839,1839,1851,1851,1865,1865,1865],"floor_reached":40,"language":"ENG","playtime":2266,"items_purged":["Strike_G","Defend_G","Strike_G"],"score":1345,"play_id":"944b02ad-1328-4536-b111-ecb3808743f4","local_time":"20210206215124","is_ascension_mode":true,"campfire_choices":[{"data":"Infinite Blades","floor":13,"key":"SMITH"},{"floor":15,"key":"REST"},{"data":"A Thousand Cuts","floor":29,"key":"SMITH"},{"floor":32,"key":"RECALL"}],"circlet_count":0,"master_deck":["AscendersBane","Strike_G+1","Strike_G+1","Defend_G+1","Defend_G+1","Defend_G+1","Survivor","Neutralize","Outmaneuver","PiercingWail+1","Eviscerate","Deflect","Deadly Poison","Sucker Punch","Glass Knife","Accuracy","Cloak And Dagger+1","Infinite Blades+1","Blade Dance","Dodge and Roll","Blur","Bullet Time","Cloak And Dagger","Terror","Accuracy","Writhe","A Thousand Cuts+1","Poisoned Stab","Envenom","Crippling Poison"],"relics":["Ring of the Snake","Dead Branch","Bird Faced Urn","Sling","MerchantsRug","SacredBark","Tiny Chest","Membership Card","War Paint","Gambling Chip","Bag of Marbles","Letter Opener","WristBlade","Anchor","Ancient Tea Set","TheAbacus","Lantern","Turnip","Singing Bowl","Vajra","Oddly Smooth Stone","Incense Burner","Black Star","Mummified Hand"],"acts_visited":["Exordium","TheCity","TheBeyond"],"potions_floor_usage":[6,6,11,16,16,21,33,33,37,39],"damage_taken":[{"damage":2,"enemies":"Small Slimes","floor":1,"turns":4},{"damage":5,"enemies":"Cultist","floor":2,"turns":4},{"damage":9,"enemies":"Jaw Worm","floor":3,"turns":4},{"damage":8,"enemies":"Looter","floor":5,"turns":2},{"damage":0,"enemies":"Lagavulin","floor":6,"turns":5},{"damage":0,"enemies":"2 Fungi Beasts","floor":8,"turns":2},{"damage":0,"enemies":"Large Slime","floor":10,"turns":4},{"damage":0,"enemies":"Gremlin Nob","floor":11,"turns":2},{"damage":3,"enemies":"3 Louse","floor":12,"turns":3},{"damage":3,"enemies":"Hexaghost","floor":16,"turns":6},{"damage":0,"enemies":"Spheric Guardian","floor":18,"turns":3},{"damage":19,"enemies":"2 Thieves","floor":19,"turns":4},{"damage":0,"enemies":"Snake Plant","floor":21,"turns":3},{"damage":0,"enemies":"Book of Stabbing","floor":23,"turns":3},{"damage":0,"enemies":"Gremlin Leader","floor":28,"turns":5},{"damage":1,"enemies":"Book of Stabbing","floor":30,"turns":3},{"damage":0,"enemies":"Cultist and Chosen","floor":31,"turns":4},{"damage":9,"enemies":"Champ","floor":33,"turns":6},{"damage":0,"enemies":"3 Darklings","floor":35,"turns":3},{"damage":47,"enemies":"3 Shapes","floor":37,"turns":5},{"damage":8,"enemies":"Spire Growth","floor":39,"turns":5},{"damage":33,"enemies":"Giant Head","floor":40,"turns":4}],"seed_played":"-5491649629424631007","potions_obtained":[{"floor":2,"key":"Poison Potion"},{"floor":3,"key":"Block Potion"},{"floor":6,"key":"Block Potion"},{"floor":11,"key":"ColorlessPotion"},{"floor":18,"key":"ColorlessPotion"},{"floor":23,"key":"ColorlessPotion"},{"floor":33,"key":"Strength Potion"},{"floor":37,"key":"Ancient Potion"}],"is_trial":false,"path_per_floor":["M","M","M","?","M","E","$","M","T","M","E","M","R","?","R","B",null,"M","M","$","M","?","E","T","?","T","?","E","R","E","M","R","B",null,"M","T","M","T","M","E"],"character_chosen":"THE_SILENT","items_purchased":["Dead Branch","Bird Faced Urn","Sling","Outmaneuver","PiercingWail","MerchantsRug","Membership Card","Infinite Blades","Blade Dance","War Paint","Gambling Chip","Fire Potion","Anchor","Ancient Tea Set","TheAbacus","Terror","Energy Potion","Accuracy"],"campfire_rested":1,"item_purchase_floors":[0,0,0,0,0,0,7,7,7,7,7,7,20,20,20,20,20,20],"current_hp_per_floor":[50,45,38,38,30,32,32,36,36,40,42,43,43,43,61,60,61,61,42,42,46,46,50,50,50,50,50,56,56,59,63,63,58,62,65,65,20,20,22,0,0],"gold":1865,"neow_bonus":"","is_daily":false,"chose_seed":false,"campfire_upgraded":2,"win_rate":0.0,"timestamp":1612677084,"path_taken":["M","M","M","?","M","E","$","M","T","?","E","M","R","?","R","BOSS","M","M","$","M","?","E","?","?","T","?","E","R","E","?","R","BOSS","M","?","M","?","M","E"],"items_purchased_type":["Relic","Relic","Relic","Card","Card","Relic","Relic","Card","Card","Relic","Relic","Potion","Relic","Relic","Relic","Card","Potion","Card"],"build_version":"2020-12-22","purchased_purges":3,"victory":false,"max_hp_per_floor":[61,61,61,61,61,61,61,61,61,61,61,61,61,61,61,61,61,61,61,61,61,61,61,61,61,61,61,61,61,61,63,63,63,63,65,65,67,67,67,67,67],"card_choices":[{"not_picked":["Setup","Tactician"],"picked":"Deflect","floor":1},{"not_picked":["Cloak And Dagger","Sucker Punch"],"picked":"Deadly Poison","floor":2},{"not_picked":["Deflect","Expertise","Tactician"],"picked":"SKIP","floor":3},{"not_picked":["Quick Slash","Footwork"],"picked":"Accuracy","floor":5},{"not_picked":["Flying Knee","Night Terror"],"picked":"Cloak And Dagger","floor":6},{"not_picked":["Flying Knee","Outmaneuver"],"picked":"Dodge and Roll","floor":8},{"not_picked":["Prepared","Reflex","Dagger Spray"],"picked":"SKIP","floor":10},{"not_picked":["Dagger Throw","Masterful Stab","Doppelganger"],"picked":"SKIP","floor":11},{"not_picked":["Flying Knee","Underhanded Strike"],"picked":"Blur","floor":12},{"not_picked":["Doppelganger","Grand Finale"],"picked":"Bullet Time","floor":16},{"not_picked":["Acrobatics","Bouncing Flask"],"picked":"Cloak And Dagger","floor":18},{"not_picked":["Underhanded Strike","Dodge and Roll","Prepared"],"picked":"SKIP","floor":19},{"not_picked":["PiercingWail","Dagger Throw","Acrobatics"],"picked":"SKIP","floor":21},{"not_picked":["Sucker Punch","Outmaneuver","Cloak And Dagger"],"picked":"SKIP","floor":23},{"not_picked":["Flying Knee","Prepared"],"picked":"A Thousand Cuts","floor":28},{"not_picked":["Eviscerate+1","Backflip"],"picked":"Poisoned Stab","floor":30},{"not_picked":["Dagger Spray","Bouncing Flask","Endless Agony"],"picked":"Singing Bowl","floor":31},{"not_picked":["Malaise","Storm of Steel"],"picked":"Envenom","floor":33},{"not_picked":["Dash","Leg Sweep","Acrobatics"],"picked":"Singing Bowl","floor":35},{"not_picked":["Distraction","Blade Dance","Deflect"],"picked":"Singing Bowl","floor":37},{"not_picked":["Leg Sweep","Escape Plan+1"],"picked":"Crippling Poison","floor":39}],"player_experience":539127,"relics_obtained":[{"floor":6,"key":"Tiny Chest"},{"floor":9,"key":"Bag of Marbles"},{"floor":11,"key":"Letter Opener"},{"floor":23,"key":"Turnip"},{"floor":24,"key":"Singing Bowl"},{"floor":26,"key":"Vajra"},{"floor":28,"key":"Oddly Smooth Stone"},{"floor":30,"key":"Incense Burner"},{"floor":36,"key":"Mummified Hand"}],"event_choices":[{"damage_healed":0,"gold_gain":0,"player_choice":"2 cards matched","damage_taken":0,"max_hp_gain":0,"max_hp_loss":0,"event_name":"Match and Keep!","floor":4,"gold_loss":0,"cards_obtained":["Sucker Punch","Glass Knife"]},{"damage_healed":0,"gold_gain":0,"player_choice":"Ignored","damage_taken":0,"max_hp_gain":0,"max_hp_loss":0,"event_name":"Liars Game","floor":14,"gold_loss":0},{"damage_healed":0,"gold_gain":0,"player_choice":"Opened","damage_taken":0,"relics_obtained":["Lantern"],"max_hp_gain":0,"max_hp_loss":0,"event_name":"The Mausoleum","floor":22,"gold_loss":0,"cards_obtained":["Writhe"]},{"damage_healed":0,"gold_gain":0,"player_choice":"Simplicity","damage_taken":0,"max_hp_gain":0,"max_hp_loss":0,"event_name":"Back to Basics","floor":25,"gold_loss":0,"cards_upgraded":["Strike_G","Strike_G","Defend_G","Defend_G","Defend_G"]},{"damage_healed":0,"gold_gain":50,"player_choice":"Stole From Cult","damage_taken":0,"max_hp_gain":0,"max_hp_loss":0,"event_name":"Nest","floor":27,"gold_loss":0}],"is_beta":false,"boss_relics":[{"not_picked":["Snecko Eye","SlaversCollar"],"picked":"WristBlade"},{"not_picked":["Philosopher\u0027s Stone","Pandora\u0027s Box"],"picked":"Black Star"}],"items_purged_floors":[0,7,20],"is_endless":false,"potions_floor_spawned":[2,3,6,11,18,23,33,37],"killed_by":"Giant Head","ascension_level":18}}