{"host":"i4vlfbz13gs2xtdj","time":1612739129,"event":{"mods":["2.2 Compatiblity","AchievementEnabler","Act Like it!","Aspiration","BaseMod","Bestiary","Better Altar","Better Match","Better Note","Better Sensory Stone","Better Skull","Better Third Choice","BetterRewards","CatGirl Mod","Challenge The Spire","Colored Map","Colored Powertips","Curses Come First","Defuse TimeMaze Blight","Elementarium","Energized Spire","Fox Events","Friendly Minions","GifTheSpireLib","Halation","Hubris","Infinite Spire","Jedi Mod","Marked Mod","Menagerie","Minty Spire (QoL Compilation)","Pale of the Ancients","Potionbrewer","Rare Cards Sparkle","Relic Sorter","Relic Stats","Reliquary","Replay The Spire","Shop Mod","Somnambulant","Spicy Shops","Spikes Relics","Spire Arcade","StSLib","Stuff the Spire","The Blue Laboratory","The Marked","The Sage","Trackpad","Useless Jewels Mod","Wandering Minibosses"],"gold_per_floor":[12,12,26,26,26,53,5,5,29,29,46,59,59,59,59,159,159,169,179,179,179,179,207,207,207,207,207,221,221,231,243,243,345,345,361,361,361,416,432,446,458,489,489,509,14,14,64,8,8,8,8,8,32,65,65],"floor_reached":56,"language":"ENG","playtime":9126,"items_purged":["Regret","theMarked:Strike","theMarked:Strike"],"score":1293,"play_id":"346c58fa-8c28-4469-b046-9caa03f1ff08","local_time":"20210207180529","is_ascension_mode":false,"campfire_choices":[{"floor":8,"key":"REST"},{"floor":10,"key":"REST"},{"data":"Outmaneuver","floor":15,"key":"SMITH"},{"data":"theMarked:Pokerface","floor":25,"key":"SMITH"},{"data":"theMarked:EnhanceMovement","floor":29,"key":"SMITH"},{"floor":32,"key":"REST"},{"floor":46,"key":"REST"},{"floor":49,"key":"RECALL"},{"data":"hubris:Rewind","floor":52,"key":"SMITH"}],"circlet_count":0,"master_deck":["theMarked:Strike","theMarked:Strike","theMarked:Defend","theMarked:Defend","theMarked:Defend","theMarked:SoldierOfQuellstein+1","theMarked:OneWithTheBlade+1","theMarked:SwordAndMagic","Outmaneuver+1","CutThroughFate","Flying Knee","theMarked:Toughness+1","theMarked:EmpowerWeapon+1","theMarked:ResourceFulStrike+1","Die Die Die+1","theMarked:Pokerface+1","theMarked:EnhanceMovement+1","theMarked:Parkour","theMarked:Defy+1","theMarked:ContemptForTheProud","Mayhem+1","Thinking Ahead+1","hubris:Rewind+1","ReplayTheSpireMod:??????????????????????","theMarked:ChainLightning+1","theMarked:Improvise","Flash of Steel"],"relics":["theMarked:ArtifactOfAir","aspiration:ChemicalBlood","trackpad:RapidFire","Replay:M_StaffOfTheSnake","aspiration:FetidBarrel","reliquary:WeakTea","Orichalcum","Pen Nib","StuffTheSpire:RunicHypercube","infinitespire:Cupcake","Incense Burner","MerchantsRug","Lantern"],"acts_visited":["Exordium","TheCity","TheBeyond","TheEnding"],"potions_floor_usage":[6,16,23,33,33,38,38,38,40,42,42,44,47,47,47,50,50,50,50,55,55,55,55,55,55,55],"damage_taken":[{"damage":10,"enemies":"2 Louse","floor":1,"turns":2},{"damage":1,"enemies":"Cultist","floor":3,"turns":3},{"damage":21,"enemies":"Lagavulin","floor":6,"turns":4},{"damage":0,"enemies":"Jaw Worm","floor":11,"turns":1},{"damage":0,"enemies":"Exordium Wildlife","floor":12,"turns":2},{"damage":4,"enemies":"Slime Boss","floor":16,"turns":7},{"damage":5,"enemies":"2 Thieves","floor":18,"turns":3},{"damage":5,"enemies":"3 Byrds","floor":19,"turns":3},{"damage":14,"enemies":"Slavers","floor":23,"turns":3},{"damage":11,"enemies":"Snecko","floor":28,"turns":6},{"damage":4,"enemies":"Cultist and Chosen","floor":30,"turns":3},{"damage":0,"enemies":"Centurion and Healer","floor":31,"turns":2},{"damage":22,"enemies":"hubris:MusketHawk","floor":33,"turns":6},{"damage":0,"enemies":"3 Shapes","floor":35,"turns":1},{"damage":33,"enemies":"2 Orb Walkers","floor":38,"turns":3},{"damage":0,"enemies":"Orb Walker","floor":39,"turns":1},{"damage":19,"enemies":"Maw","floor":40,"turns":4},{"damage":2,"enemies":"4 Shapes","floor":41,"turns":1},{"damage":54,"enemies":"R_Hoarder","floor":42,"turns":5},{"damage":0,"enemies":"Sphere and 2 Shapes","floor":44,"turns":1},{"damage":31,"enemies":"Mind Bloom Boss Battle","floor":47,"turns":4},{"damage":33,"enemies":"infinitespire:MassOfShapes","floor":50,"turns":9},{"damage":43,"enemies":"Shield and Spear","floor":54,"turns":4},{"damage":78,"enemies":"The Heart","floor":55,"turns":6}],"seed_played":"-5599197943369246979","potions_obtained":[{"floor":6,"key":"CultistPotion"},{"floor":16,"key":"blueLaboratory:ArtificerPotion"},{"floor":19,"key":"blueLaboratory:CorrosionFlask"},{"floor":23,"key":"Energy Potion"},{"floor":24,"key":"foxEvents:VialedCaress"},{"floor":28,"key":"blueLaboratory:NullPotion"},{"floor":31,"key":"Swift Potion"},{"floor":33,"key":"potionbrewer:BlacksmithPotion"},{"floor":38,"key":"theMarked:ChargePotion"},{"floor":38,"key":"FairyPotion"},{"floor":39,"key":"potionbrewer:CleansingPotion"},{"floor":40,"key":"potionbrewer:AcidPotion"},{"floor":42,"key":"FearPotion"},{"floor":42,"key":"blueLaboratory:LouseDecoction"},{"floor":42,"key":"SkillPotion"},{"floor":44,"key":"Flashbang"},{"floor":44,"key":"jedi:mysterypotion"}],"is_trial":false,"path_per_floor":["M","?","M","?","$","E","$","R","T","R","M","M","?","T","R","B",null,"M","M","?","?","?","E","?","R","T","?","M","R","M","M","R","B",null,"M","?","AVR","?","M","M","M","E","T","M","$","R","?","$","R","B",null,"R","$","E","B",null],"character_chosen":"THE_DEFAULT","items_purchased":["trackpad:RapidFire","aspiration:Nostalgia","Block Potion","MerchantsRug","Pear","Guide Book","blueLaboratory:FrostheartPotion","halation:Convergence","Flash of Steel","blueLaboratory:ForbiddenFruitJuice","potionbrewer:BoundlessPotion"],"campfire_rested":4,"item_purchase_floors":[5,5,7,45,45,45,48,48,48,53,53],"current_hp_per_floor":[60,60,59,59,27,6,6,27,27,48,48,48,48,48,48,44,70,65,60,60,60,60,46,46,46,46,46,35,35,31,31,59,37,59,59,59,69,36,36,51,49,17,17,17,27,65,48,48,48,15,93,93,93,50,13],"gold":65,"neow_bonus":"REMOVE_TWO","is_daily":false,"chose_seed":false,"campfire_upgraded":4,"win_rate":0.0,"timestamp":1612739129,"path_taken":["M","?","?","?","?","E","$","R","T","R","?","M","?","?","R","BOSS","M","M","?","?","?","E","?","R","T","?","M","R","?","M","R","BOSS","M","?","AVR","?","?","M","M","E","T","M","$","R","?","?","R","BOSS","R","$","E","BOSS"],"items_purchased_type":["Relic","Relic","Potion","Relic","Relic","Relic","Potion","Relic","Card","Potion","Potion"],"build_version":"2020-12-22","purchased_purges":3,"victory":true,"max_hp_per_floor":[70,70,70,70,70,70,70,70,70,70,70,70,70,70,70,70,70,70,70,70,70,70,70,59,59,59,59,59,59,59,59,59,59,59,59,59,69,69,69,69,69,69,69,69,79,79,93,93,93,93,93,93,93,93,83],"relic_stats":{"counters":[34,123],"Pen Nib":[18],"Orichalcum":[126],"obtain_stats":[{"Golden Egg":26,"Regal Pillow":23,"Lantern":54,"Mango":47,"Replay:Multitool":9,"Incense Burner":38,"jedi:archwizardhat":4,"reliquary:RedCape":17,"Old Coin":6,"trackpad:RapidFire":5,"StuffTheSpire:HeavyRock":10,"aspiration:ChemicalBlood":4,"hubris:DisguiseKit":11,"MerchantsRug":45,"Replay:M_StaffOfTheSnake":5,"Pear":37,"NeowsBlessing":0,"StuffTheSpire:RunicHypercube":17,"aspiration:Nostalgia":5,"aspiration:FetidBarrel":6,"Guide Book":45,"Pen Nib":21,"reliquary:WeakTea":9,"potionbrewer:ToyAutogyro":10,"Orichalcum":14,"theMarked:ArtifactOfAir":0,"halation:EternalFortune":3,"Membership Card":10,"halation:TwoAmDonut":42,"halation:Convergence":48,"infinitespire:Cupcake":37},{"Golden Egg":19,"Regal Pillow":19,"Lantern":33,"Mango":31,"Replay:Multitool":4,"Incense Burner":25,"jedi:archwizardhat":2,"reliquary:RedCape":16,"Old Coin":3,"trackpad:RapidFire":12,"StuffTheSpire:HeavyRock":4,"aspiration:ChemicalBlood":12,"hubris:DisguiseKit":4,"MerchantsRug":30,"Replay:M_StaffOfTheSnake":12,"Pear":24,"NeowsBlessing":0,"StuffTheSpire:RunicHypercube":7,"aspiration:Nostalgia":12,"aspiration:FetidBarrel":13,"Guide Book":30,"Pen Nib":18,"reliquary:WeakTea":13,"potionbrewer:ToyAutogyro":4,"Orichalcum":15,"theMarked:ArtifactOfAir":0,"halation:EternalFortune":2,"Membership Card":4,"halation:TwoAmDonut":29,"halation:Convergence":31,"infinitespire:Cupcake":24},{"Golden Egg":67,"Regal Pillow":67,"Lantern":117,"Mango":104,"Replay:Multitool":6,"Incense Burner":88,"jedi:archwizardhat":2,"reliquary:RedCape":58,"Old Coin":3,"trackpad:RapidFire":44,"StuffTheSpire:HeavyRock":6,"aspiration:ChemicalBlood":44,"hubris:DisguiseKit":6,"MerchantsRug":100,"Replay:M_StaffOfTheSnake":44,"Pear":85,"NeowsBlessing":0,"StuffTheSpire:RunicHypercube":27,"aspiration:Nostalgia":44,"aspiration:FetidBarrel":48,"Guide Book":100,"Pen Nib":64,"reliquary:WeakTea":48,"potionbrewer:ToyAutogyro":6,"Orichalcum":51,"theMarked:ArtifactOfAir":0,"halation:EternalFortune":2,"Membership Card":6,"halation:TwoAmDonut":99,"halation:Convergence":104,"infinitespire:Cupcake":85}]},"card_choices":[{"not_picked":["theMarked:Reabsorb","theMarked:Overcharge"],"picked":"theMarked:OneWithTheBlade","floor":1},{"not_picked":["theMarked:Indomitable","theMarked:MuscleMemory"],"picked":"theMarked:SwordAndMagic","floor":3},{"not_picked":["theMarked:WardOff","theMarked:LightningStrikesTwice"],"picked":"Outmaneuver","floor":6},{"not_picked":["ThirdEye","ClearTheMind"],"picked":"CutThroughFate","floor":11},{"not_picked":["theMarked:FavorableWinds","theMarked:BanishingStrike"],"picked":"Flying Knee","floor":12},{"not_picked":["theMarked:Vacuum","theMarked:DispelDoubt"],"picked":"theMarked:Toughness","floor":16},{"not_picked":["theMarked:Parkour","theMarked:SwordAndMagic"],"picked":"theMarked:EmpowerWeapon+1","floor":18},{"not_picked":["theMarked:EmpowerWeapon","theMarked:Memento"],"picked":"theMarked:ResourceFulStrike+1","floor":19},{"not_picked":["theMarked:MagusForm","theMarked:Vacuum"],"picked":"theMarked:Pokerface","floor":23},{"not_picked":["theMarked:WardOff","theMarked:WastefulAttack"],"picked":"theMarked:EnhanceMovement","floor":28},{"not_picked":["theMarked:Improvise","theMarked:Frustration"],"picked":"theMarked:Parkour","floor":30},{"not_picked":["theMarked:ElectricStrings","theMarked:EmpowerWeapon","theMarked:Toughness"],"picked":"SKIP","floor":31},{"not_picked":["theMarked:UnarmedFury","theMarked:Toughness"],"picked":"theMarked:Defy","floor":33},{"not_picked":["theMarked:WardOff","theMarked:Memento+1"],"picked":"theMarked:ContemptForTheProud","floor":35},{"not_picked":["Magnetism","Dark Shackles"],"picked":"Mayhem","floor":36},{"not_picked":["Replay:Parry","Madness"],"picked":"Thinking Ahead","floor":36},{"not_picked":["theMarked:BanishingWave+1","theMarked:KeepCalmAndFight+1"],"picked":"theMarked:ChainLightning+1","floor":38},{"not_picked":["theMarked:ResourceFulStrike+1","theMarked:Frustration+1"],"picked":"theMarked:Improvise","floor":39},{"not_picked":["theMarked:Parkour+1","theMarked:Parry+1","theMarked:KeepCalmAndFight"],"picked":"SKIP","floor":40},{"not_picked":["theMarked:Panic","theMarked:Pokerface+1","theMarked:ResourceFulStrike"],"picked":"SKIP","floor":41},{"not_picked":["theMarked:SelfDefenseTraining+1","theMarked:RepellingDischarge","theMarked:GodGivenPower+1"],"picked":"SKIP","floor":42},{"not_picked":["theMarked:WardOff","theMarked:Improvise+1","theMarked:Electrocute"],"picked":"SKIP","floor":44},{"not_picked":["theMarked:Reabsorb","theMarked:RogueSparks","theMarked:EnhanceMovement"],"picked":"SKIP","floor":54}],"player_experience":358737,"relics_obtained":[{"floor":6,"key":"aspiration:FetidBarrel"},{"floor":9,"key":"reliquary:WeakTea"},{"floor":14,"key":"Orichalcum"},{"floor":21,"key":"Pen Nib"},{"floor":23,"key":"Regal Pillow"},{"floor":26,"key":"Golden Egg"},{"floor":38,"key":"Incense Burner"},{"floor":42,"key":"halation:TwoAmDonut"},{"floor":47,"key":"Mango"},{"floor":54,"key":"Lantern"}],"event_choices":[{"damage_healed":0,"gold_gain":0,"player_choice":"Upgraded","damage_taken":0,"max_hp_gain":0,"max_hp_loss":0,"event_name":"Upgrade Shrine","floor":2,"gold_loss":0,"cards_upgraded":["theMarked:SoldierOfQuellstein"]},{"damage_healed":0,"gold_gain":0,"player_choice":"Box","damage_taken":0,"relics_obtained":["aspiration:ChemicalBlood"],"max_hp_gain":0,"max_hp_loss":0,"event_name":"Big Fish","floor":4,"gold_loss":0,"cards_obtained":["Regret"]},{"cards_removed":["Outmaneuver"],"damage_healed":0,"gold_gain":0,"player_choice":"Take \u0026 Give","damage_taken":0,"max_hp_gain":0,"max_hp_loss":0,"event_name":"betterNote:BetterNote","floor":20,"gold_loss":0,"cards_obtained":["Die Die Die"]},{"damage_healed":0,"gold_gain":0,"player_choice":"Ignored","damage_taken":0,"max_hp_gain":0,"max_hp_loss":0,"event_name":"N\u0027loth","floor":27,"gold_loss":0},{"damage_healed":0,"gold_gain":3,"player_choice":"1","damage_taken":0,"max_hp_gain":0,"max_hp_loss":0,"event_name":"betterStone:BetterStone","floor":36,"gold_loss":0},{"damage_healed":0,"gold_gain":0,"player_choice":"Fight","damage_taken":0,"max_hp_gain":0,"max_hp_loss":0,"event_name":"Mysterious Sphere","floor":38,"gold_loss":0},{"damage_healed":0,"gold_gain":0,"player_choice":"Fight","damage_taken":0,"max_hp_gain":0,"max_hp_loss":0,"event_name":"MindBloom","floor":47,"gold_loss":0}],"is_beta":false,"boss_relics":[{"not_picked":["hubris:HollowSoul","Replay:Drink Me"],"picked":"reliquary:RedCape"},{"not_picked":["reliquary:KinkedSpring","trackpad:Coffee"],"picked":"StuffTheSpire:RunicHypercube"}],"items_purged_floors":[5,37,45],"is_endless":false,"potions_floor_spawned":[6,16,19,28,31,38,39,42,44],"ascension_level":0}}