{"host":"rq7gz685gkaokql0","time":1612683932,"event":{"mods":["BaseMod","Hubris","Infinite Spire","Minty Spire (QoL Compilation)","Replay The Spire","StSLib"],"gold_per_floor":[113,23,23,39,99,127,127,127,127,127,138,138,172,182,182,255,255,273,284,284,301,60,60,60],"floor_reached":23,"language":"ENG","playtime":744,"items_purged":["Pain"],"score":498,"play_id":"41f17c3f-3651-4349-b754-84c1f448f0f0","local_time":"20210206214532","is_ascension_mode":true,"campfire_choices":[{"floor":8.0,"key":"REST"},{"data":"Fluid Movement","floor":12.0,"key":"SMITH"},{"floor":15.0,"key":"REST"}],"circlet_count":0,"master_deck":["AscendersBane","Strike_G","Strike_G","Strike_G","Strike_G","Strike_G","Defend_G","Defend_G","Defend_G","Defend_G","Defend_G","Survivor","Neutralize","Poisoned Stab","Fluid Movement+1","Dodge and Roll","Draining Mist","Fluid Movement","Blade Dance","Inflame","infinitespire:Neurotoxin","Poison Darts","Armaments","Blade Dance","Distraction","Blade Dance","Accuracy","Cloak And Dagger"],"relics":["Ring of the Snake","NeowsBlessing","Snake Skull","ReplayTheSpireMod:TigerMarble","hubris:DisguiseKit","Pet Ghost","WristBlade","WarpedTongs"],"acts_visited":["Exordium","TheCity"],"potions_floor_usage":[21],"damage_taken":[{"damage":0.0,"enemies":"Jaw Worm","floor":1.0,"turns":1.0},{"damage":0.0,"enemies":"Cultist","floor":4.0,"turns":1.0},{"damage":0.0,"enemies":"3 Sentries","floor":6.0,"turns":1.0},{"damage":8.0,"enemies":"Small Slimes","floor":11.0,"turns":4.0},{"damage":12.0,"enemies":"Gremlin Nob","floor":13.0,"turns":2.0},{"damage":7.0,"enemies":"2 Fungi Beasts","floor":14.0,"turns":4.0},{"damage":31.0,"enemies":"Slime Boss","floor":16.0,"turns":10.0},{"damage":11.0,"enemies":"3 Byrds","floor":18.0,"turns":5.0},{"damage":26.0,"enemies":"Shell Parasite","floor":19.0,"turns":3.0},{"damage":10,"enemies":"Chosen and Byrds","floor":21,"turns":3},{"damage":0,"enemies":"Gremlin Leader","floor":23,"turns":1}],"seed_played":"3941760172378294220","potions_obtained":[{"floor":5.0,"key":"Milkshake"},{"floor":5.0,"key":"Death Potion"},{"floor":6.0,"key":"BlessingOfTheForge"},{"floor":14.0,"key":"Explosive Potion"},{"floor":16.0,"key":"SteroidPotion"}],"is_trial":false,"path_per_floor":["M","$","?","M","?","E","$","R","T","$","M","R","E","M","R","B",null,"M","M","?","M","$","E"],"character_chosen":"THE_SILENT","items_purchased":["Fluid Movement","Blade Dance","Accuracy","Cloak And Dagger"],"campfire_rested":2,"item_purchase_floors":[2,22,22,22],"current_hp_per_floor":[59,59,59,59,33,33,33,52,52,52,44,44,32,25,44,13,53,42,16,16,6,6,6,6],"gold":60,"neow_bonus":"THREE_ENEMY_KILL","is_daily":false,"chose_seed":false,"campfire_upgraded":1,"win_rate":0.0,"timestamp":1612683932,"path_taken":["M","$","?","?","?","E","$","R","T","?","M","R","E","M","R","BOSS","M","M","?","M","$","E"],"items_purchased_type":["Card","Card","Card","Card"],"build_version":"2020-12-22","purchased_purges":1,"victory":false,"max_hp_per_floor":[66,66,66,66,66,66,66,66,66,66,66,66,66,66,66,66,66,66,66,66,66,66,66,66],"card_choices":[{"not_picked":["hubris:Sniper","Blade Dance"],"picked":"Poisoned Stab","floor":1.0},{"not_picked":["Tactician","Blur"],"picked":"Dodge and Roll","floor":4.0},{"not_picked":["Quick Slash","Prepared"],"picked":"Draining Mist","floor":5.0},{"not_picked":["Accuracy","PiercingWail"],"picked":"Fluid Movement","floor":6.0},{"not_picked":["hubris:SlightOfHand","Deflect","Twin Strike"],"picked":"Blade Dance","floor":11.0},{"not_picked":["Cloak And Dagger","Fluid Movement","Sucker Punch"],"picked":"Inflame","floor":13.0},{"not_picked":["Deflect","Dagger Spray","Heavy Blade"],"picked":"infinitespire:Neurotoxin","floor":14.0},{"not_picked":["Wraith Form v2","Grand Finale","Eclipse"],"picked":"Poison Darts","floor":16.0},{"not_picked":["Deflect","Dagger Throw+1","hubris:Counter"],"picked":"Armaments","floor":18.0},{"not_picked":["Sneak Up","Expertise","Perfected Strike"],"picked":"Blade Dance","floor":19.0},{"not_picked":["Setup","Blade Dance","Armaments"],"picked":"Distraction","floor":21}],"player_experience":1261801,"relics_obtained":[{"floor":5.0,"key":"Snake Skull"},{"floor":6.0,"key":"ReplayTheSpireMod:TigerMarble"},{"floor":9.0,"key":"hubris:DisguiseKit"},{"floor":13.0,"key":"Pet Ghost"}],"event_choices":[{"damage_healed":0.0,"max_hp_gain":0.0,"max_hp_loss":0.0,"gold_gain":0.0,"event_name":"Purifier","player_choice":"Ignored","floor":3.0,"gold_loss":0.0,"damage_taken":0.0},{"damage_healed":0.0,"max_hp_gain":0.0,"max_hp_loss":0.0,"gold_gain":0.0,"event_name":"Accursed Blacksmith","player_choice":"Rummage","floor":20.0,"gold_loss":0.0,"damage_taken":0.0,"relics_obtained":["WarpedTongs"],"cards_obtained":["Pain"]}],"is_beta":false,"boss_relics":[{"not_picked":["hubris:CrackedHourglass","hubris:GrandSneckoEye"],"picked":"WristBlade"}],"items_purged_floors":[22],"is_endless":false,"potions_floor_spawned":[6,14,16],"killed_by":"Gremlin Leader","ascension_level":20}}