{"host":"q5twaoo3ngmfp14g","time":1612735199,"event":{"mods":["AchievementEnabler","BaseMod","Minty Spire (QoL Compilation)","Relic Stats","StSLib"],"gold_per_floor":[117,3,19,19,38,63,63,95,95,95,30,45,45,64,64,64,64],"floor_reached":16,"language":"ENG","playtime":453,"items_purged":[],"score":215,"play_id":"f7ade096-f84b-499c-818a-fbfbdac95ebe","local_time":"20210207225959","is_ascension_mode":true,"campfire_choices":[{"floor":7.0,"key":"REST"},{"floor":10,"key":"REST"},{"floor":15,"key":"REST"}],"circlet_count":0,"master_deck":["AscendersBane","Strike_B","Strike_B","Strike_B","Strike_B","Defend_B","Defend_B","Defend_B","Defend_B","Zap","Dualcast","Compile Driver","Gash","Conserve Battery","Barrage","Beam Cell","Core Surge","Reboot","Leap"],"relics":["Cracked Core","NeowsBlessing","Peace Pipe","Bottled Lightning","Blue Candle","Bottled Flame","Gremlin Horn"],"acts_visited":["Exordium"],"potions_floor_usage":[8,16,16],"damage_taken":[{"damage":0.0,"enemies":"2 Louse","floor":1.0,"turns":1.0},{"damage":0.0,"enemies":"Cultist","floor":3.0,"turns":1.0},{"damage":0.0,"enemies":"Jaw Worm","floor":5.0,"turns":1.0},{"damage":42.0,"enemies":"3 Sentries","floor":6.0,"turns":9.0},{"damage":31,"enemies":"Gremlin Nob","floor":8,"turns":4},{"damage":15,"enemies":"3 Louse","floor":12,"turns":2},{"damage":0,"enemies":"2 Fungi Beasts","floor":14,"turns":3},{"damage":26,"enemies":"Slime Boss","floor":16,"turns":8}],"seed_played":"-469370406002853010","potions_obtained":[{"floor":1.0,"key":"BlessingOfTheForge"},{"floor":3.0,"key":"FearPotion"},{"floor":12,"key":"SkillPotion"},{"floor":14,"key":"Ancient Potion"}],"is_trial":false,"path_per_floor":["M","$","M","?","M","E","R","E","T","R","?","M","$","M","R","B"],"character_chosen":"DEFECT","items_purchased":["Gash","Conserve Battery"],"campfire_rested":3,"item_purchase_floors":[2,2],"current_hp_per_floor":[64,64,64,53,53,11,32,1,1,22,22,7,7,7,28,2,2],"gold":64,"neow_bonus":"THREE_ENEMY_KILL","is_daily":false,"chose_seed":false,"campfire_upgraded":0,"win_rate":0.0,"timestamp":1612735199,"path_taken":["M","$","M","?","M","E","R","E","T","R","?","M","$","M","R","BOSS"],"items_purchased_type":["Card","Card"],"build_version":"2020-12-22","purchased_purges":0,"victory":false,"max_hp_per_floor":[71,71,71,71,71,71,71,71,71,71,71,71,71,71,71,71,71],"relic_stats":{"Peace Pipe":0,"Gremlin Horn":[3,3],"counters":[8,29],"Blue Candle":[0],"obtain_stats":[{"Peace Pipe":4,"Bottled Flame":9,"NeowsBlessing":0,"Gremlin Horn":11,"Blue Candle":8,"Bottled Lightning":6,"Cracked Core":0},{"Peace Pipe":2,"Bottled Flame":5,"NeowsBlessing":0,"Gremlin Horn":5,"Blue Candle":5,"Bottled Lightning":4,"Cracked Core":0},{"Peace Pipe":2,"Bottled Flame":16,"NeowsBlessing":0,"Gremlin Horn":16,"Blue Candle":16,"Bottled Lightning":12,"Cracked Core":0}]},"card_choices":[{"not_picked":["Steam","Hologram"],"picked":"Compile Driver","floor":1.0},{"not_picked":["Turbo","Sweeping Beam"],"picked":"Barrage","floor":3.0},{"not_picked":["Coolheaded","Redo"],"picked":"Beam Cell","floor":5.0},{"not_picked":["FTL","Stack"],"picked":"Core Surge","floor":6.0},{"not_picked":["Undo","Streamline"],"picked":"Reboot","floor":8},{"not_picked":["Recycle","Hologram"],"picked":"Leap","floor":12},{"not_picked":["Fusion","Lockon","Undo"],"picked":"SKIP","floor":14}],"player_experience":816260,"relics_obtained":[{"floor":6.0,"key":"Bottled Lightning"},{"floor":8,"key":"Blue Candle"},{"floor":9,"key":"Bottled Flame"}],"event_choices":[{"damage_healed":0.0,"max_hp_gain":0.0,"max_hp_loss":0.0,"gold_gain":0.0,"event_name":"Scrap Ooze","player_choice":"Success","floor":4.0,"gold_loss":0.0,"damage_taken":11.0,"relics_obtained":["Peace Pipe"]},{"damage_healed":0,"gold_gain":0,"player_choice":"Paid Gold","damage_taken":0,"relics_obtained":["Gremlin Horn"],"max_hp_gain":0,"max_hp_loss":0,"event_name":"WeMeetAgain","floor":11,"gold_loss":65}],"is_beta":false,"boss_relics":[],"items_purged_floors":[],"is_endless":false,"potions_floor_spawned":[1,3,12,14],"killed_by":"Slime Boss","ascension_level":19}}