{"host":"7gewg82ormp6yt4e","time":1612685942,"event":{"mods":["BaseMod","Block Reminder","Colored Map","DeckTracker","Highlight Path","Minty Spire (QoL Compilation)","Relic Stats","StSLib","ojb\u0027s Info Mod"],"gold_per_floor":[110,128,128,145,158,172,202,213,213,213,4,38,38,71,71,148,148,166,91,105,19,19,19,19],"floor_reached":23,"language":"JPN","playtime":1819,"items_purged":[],"score":422,"play_id":"cf6e92d5-ed0a-48e6-a661-9e547780cd37","local_time":"20210207171902","is_ascension_mode":true,"campfire_choices":[{"data":"SpiritShield","floor":10.0,"key":"SMITH"},{"floor":15.0,"key":"REST"}],"circlet_count":0,"master_deck":["AscendersBane","Strike_P+1","Strike_P+1","Defend_P+1","Defend_P+1","Defend_P+1","Eruption","Vigilance","SpiritShield+1","Sanctity","WheelKick","Prostrate","FlurryOfBlows","ClearTheMind","Prostrate","Tantrum","Meditate","Wireheading+1","CarveReality","Ragnarok","Devotion+1","Worship","BowlingBash"],"relics":["PureWater","Kunai","Frozen Egg 2","ClockworkSouvenir","Regal Pillow","Question Card","Runic Pyramid"],"acts_visited":["Exordium","TheCity"],"potions_floor_usage":[23,23],"damage_taken":[{"damage":4.0,"enemies":"2 Louse","floor":1.0,"turns":5.0},{"damage":2.0,"enemies":"Cultist","floor":2.0,"turns":3.0},{"damage":0.0,"enemies":"Jaw Worm","floor":4.0,"turns":4.0},{"damage":0.0,"enemies":"Exordium Wildlife","floor":5.0,"turns":4.0},{"damage":0.0,"enemies":"2 Fungi Beasts","floor":6.0,"turns":5.0},{"damage":3.0,"enemies":"Gremlin Nob","floor":7.0,"turns":3.0},{"damage":8.0,"enemies":"Looter","floor":8.0,"turns":5.0},{"damage":5.0,"enemies":"3 Sentries","floor":12.0,"turns":5.0},{"damage":16.0,"enemies":"Gremlin Nob","floor":14.0,"turns":3.0},{"damage":21.0,"enemies":"The Guardian","floor":16.0,"turns":8.0},{"damage":21.0,"enemies":"2 Thieves","floor":18.0,"turns":4.0},{"damage":26.0,"enemies":"Shell Parasite","floor":20.0,"turns":4.0},{"damage":34,"enemies":"Gremlin Leader","floor":23,"turns":4}],"seed_played":"-7369472244911814310","potions_obtained":[{"floor":2.0,"key":"ColorlessPotion"},{"floor":5.0,"key":"LiquidMemories"},{"floor":6.0,"key":"Strength Potion"},{"floor":20.0,"key":"LiquidBronze"}],"is_trial":false,"path_per_floor":["M","M","?","M","M","M","E","M","T","R","$","E","?","E","R","B",null,"M","?","M","$","?","E"],"character_chosen":"WATCHER","items_purchased":["ClockworkSouvenir","Wireheading+1","DuplicationPotion"],"campfire_rested":1,"item_purchase_floors":[11,11,21],"current_hp_per_floor":[57,55,55,55,55,55,52,44,44,44,44,39,32,16,51,30,59,38,38,12,12,12,0,0],"gold":19,"neow_bonus":"ONE_RANDOM_RARE_CARD","is_daily":false,"chose_seed":false,"campfire_upgraded":1,"win_rate":0.0,"timestamp":1612685942,"path_taken":["M","M","?","?","M","M","E","M","T","R","$","E","?","E","R","BOSS","M","?","M","$","?","E"],"items_purchased_type":["Relic","Card","Potion"],"build_version":"2020-12-22","purchased_purges":0,"victory":false,"max_hp_per_floor":[68,68,68,68,68,68,68,68,68,68,68,68,68,68,68,68,68,68,68,68,68,68,68,68],"relic_stats":{"Regal Pillow":15,"counters":[13,57],"Kunai":[11],"Question Card":3,"obtain_stats":[{"Regal Pillow":12,"Kunai":7,"PureWater":0,"Frozen Egg 2":9,"Question Card":14,"ClockworkSouvenir":11,"Runic Pyramid":17},{"Regal Pillow":8,"Kunai":6,"PureWater":0,"Frozen Egg 2":7,"Question Card":9,"ClockworkSouvenir":7,"Runic Pyramid":10},{"Regal Pillow":34,"Kunai":24,"PureWater":0,"Frozen Egg 2":29,"Question Card":37,"ClockworkSouvenir":29,"Runic Pyramid":45}]},"card_choices":[{"not_picked":["Consecrate","Evaluate"],"picked":"Sanctity","floor":1.0},{"not_picked":["FearNoEvil","Sanctity"],"picked":"WheelKick","floor":2.0},{"not_picked":["Adaptation","EmptyBody"],"picked":"FlurryOfBlows","floor":4.0},{"not_picked":["EmptyBody","FlyingSleeves"],"picked":"ClearTheMind","floor":5.0},{"not_picked":["CutThroughFate","FlyingSleeves"],"picked":"Prostrate","floor":6.0},{"not_picked":["Blasphemy","EmptyFist"],"picked":"Tantrum","floor":7.0},{"not_picked":["FlyingSleeves","Halt"],"picked":"Meditate","floor":8.0},{"not_picked":["PathToVictory","SignatureMove"],"picked":"CarveReality","floor":12.0},{"not_picked":["ThirdEye","CutThroughFate"],"picked":"Ragnarok","floor":14.0},{"not_picked":["Scrawl","ConjureBlade","Alpha"],"picked":"Devotion+1","floor":16.0},{"not_picked":["Protect","WreathOfFlame","SandsOfTime"],"picked":"Worship","floor":18.0},{"not_picked":["ThirdEye","FollowUp","FlurryOfBlows"],"picked":"BowlingBash","floor":20.0}],"player_experience":2799329,"relics_obtained":[{"floor":7.0,"key":"Kunai"},{"floor":9.0,"key":"Frozen Egg 2"},{"floor":12.0,"key":"Regal Pillow"},{"floor":14.0,"key":"Question Card"}],"event_choices":[{"damage_healed":0.0,"max_hp_gain":0.0,"max_hp_loss":0.0,"gold_gain":0.0,"cards_transformed":["Strike_P"],"event_name":"Transmorgrifier","player_choice":"Transformed","floor":3.0,"gold_loss":0.0,"damage_taken":0.0,"cards_obtained":["Prostrate"]},{"cards_removed":["Strike_P"],"damage_healed":0.0,"max_hp_gain":0.0,"max_hp_loss":0.0,"gold_gain":0.0,"event_name":"Golden Wing","player_choice":"Card Removal","floor":13.0,"gold_loss":0.0,"damage_taken":7.0},{"cards_removed":["Defend_P"],"damage_healed":0.0,"max_hp_gain":0.0,"max_hp_loss":0.0,"gold_gain":0.0,"event_name":"Beggar","player_choice":"Gave Gold","floor":19.0,"gold_loss":75.0,"damage_taken":0.0},{"damage_healed":0.0,"max_hp_gain":0.0,"max_hp_loss":0.0,"gold_gain":0.0,"event_name":"Back to Basics","player_choice":"Simplicity","floor":22.0,"gold_loss":0.0,"damage_taken":0.0,"cards_upgraded":["Strike_P","Strike_P","Defend_P","Defend_P","Defend_P"]}],"is_beta":false,"boss_relics":[{"not_picked":["Velvet Choker","Astrolabe"],"picked":"Runic Pyramid"}],"items_purged_floors":[],"is_endless":false,"potions_floor_spawned":[2,5,6,20],"killed_by":"Gremlin Leader","ascension_level":20}}