{"host":"usrgk25etjl0nf5i","time":1612671784,"event":{"mods":["2.2 Compatiblity","BaseMod","Downfall","Hubris","Minty Spire (QoL Compilation)","Permanent Neow","StSLib","SuperFastMode"],"gold_per_floor":[349,359,378,393,85,99,173,273,273,11,25,25,54,54,64,159,159,59,77,88,88,88,100,124,143,243,256,288,288,314,314,326,429,429,429,449,464,477,45,45,68,86,86,100,125,25,25,36,47,47],"floor_reached":51,"language":"ENG","playtime":4531,"items_purged":["bronze:Strike","hubris:Sloth","Pride"],"score":757,"play_id":"5e2fbcbf-24c2-4f5b-b9d6-e781a07209ca","local_time":"20210206202304","is_ascension_mode":true,"campfire_choices":[{"floor":1,"key":"RECALL"},{"data":"bronze:SpaghettiCode","floor":9,"key":"SMITH"},{"data":"bronze:ItsAFeature","floor":12,"key":"SMITH"},{"data":"bronze:InfiniteBeams","floor":18,"key":"SMITH"},{"data":"bronze:HardenedForm","floor":29,"key":"SMITH"},{"data":"bronze:Optimize","floor":35,"key":"SMITH"},{"data":"bronze:Mutator","floor":40,"key":"SMITH"},{"data":"bronze:HardenedForm","floor":46,"key":"SMITH"}],"circlet_count":0,"master_deck":["bronze:Strike","bronze:Strike","bronze:Defend","bronze:Defend","bronze:Defend","bronze:Defend","bronze:Replicate","bronze:Goto","bronze:Frontload","bronze:Flail","bronze:Repair+1","bronze:BuggyMess","bronze:Optimize+1","bronze:SpaghettiCode+1","bronze:Turbo","CurseOfTheBell","CurseOfTheBell","bronze:HardenedForm+1","bronze:InfiniteBeams+1","bronze:ItsAFeature+1","bronze:ForceShield","bronze:ForLoop+1","bronze:HardenedForm+1","bronze:Backtrace","bronze:ForLoop+1","bronze:DelayedGuard","bronze:Overheat+1","bronze:ChosenStrike+1","bronze:FineTuning+1","bronze:Mutator+1","bronze:BronzeOrb+1","bronze:Branch+1","bronze:BitShift","bronze:Backtrace+1","expansioncontent:DashGenerateEvil+1","bronze:Invalidate+1","Parasite","bronze:Optimize+1"],"relics":["bronze:BronzeCore","Gremlin Horn","downfall:ExtraCursedBell","Toy Ornithopter","Ornamental Fan","Unceasing Top","Oddly Smooth Stone","Regal Pillow","sneckomod:SneckoTalon","downfall:HeartBlessingRed","Guardian:PocketSentry","Molten Egg 2","Torii","Orichalcum","hubris:TenFootPole","hexamod:BolsterEngine","Busted Crown","Membership Card","Happy Flower","War Paint","bronze:BottledCode","bronze:ProtectiveGoggles","downfall:HeartBlessingGreen"],"acts_visited":["Exordium","TheCity","TheBeyond"],"potions_floor_usage":[20,23,33,33,44,49,50],"damage_taken":[{"damage":4,"enemies":"Jaw Worm","floor":2,"turns":4},{"damage":0,"enemies":"Small Slimes","floor":3,"turns":5},{"damage":1,"enemies":"2 Louse","floor":4,"turns":3},{"damage":0,"enemies":"downfall:FleeingMerchant","floor":5,"turns":4},{"damage":0,"enemies":"Large Slime","floor":6,"turns":6},{"damage":6,"enemies":"downfall:FleeingMerchant","floor":10,"turns":4},{"damage":0,"enemies":"Lots of Slimes","floor":11,"turns":1},{"damage":12,"enemies":"Gremlin Nob","floor":13,"turns":5},{"damage":8,"enemies":"Blue Slaver","floor":15,"turns":6},{"damage":13,"enemies":"SI_SHIV_ARCHETYPE","floor":16,"turns":10},{"damage":12,"enemies":"Shell Parasite","floor":19,"turns":6},{"damage":15,"enemies":"3 Byrds","floor":20,"turns":4},{"damage":8,"enemies":"Centurion and Healer","floor":23,"turns":6},{"damage":2,"enemies":"Chosen and Byrds","floor":25,"turns":6},{"damage":12,"enemies":"IC_STATUS_ARCHETYPE","floor":26,"turns":6},{"damage":3,"enemies":"Snake Plant","floor":27,"turns":2},{"damage":4,"enemies":"Gremlin Leader","floor":28,"turns":5},{"damage":10,"enemies":"Book of Stabbing","floor":30,"turns":4},{"damage":0,"enemies":"Sentry and Sphere","floor":32,"turns":4},{"damage":4,"enemies":"DF_ARCHETYPE_CLAW","floor":33,"turns":7},{"damage":7,"enemies":"3 Shapes","floor":36,"turns":5},{"damage":0,"enemies":"Orb Walker","floor":37,"turns":3},{"damage":6,"enemies":"Sphere and 2 Shapes","floor":38,"turns":4},{"damage":2,"enemies":"downfall:FleeingMerchant","floor":39,"turns":4},{"damage":10,"enemies":"Maw","floor":42,"turns":6},{"damage":0,"enemies":"Jaw Worm Horde","floor":44,"turns":2},{"damage":1,"enemies":"Reptomancer","floor":45,"turns":5},{"damage":2,"enemies":"Writhing Mass","floor":48,"turns":5},{"damage":0,"enemies":"Transient","floor":49,"turns":5},{"damage":67,"enemies":"IC_BLOCK_ARCHETYPE","floor":50,"turns":9}],"seed_played":"-8308726669271228852","potions_obtained":[{"floor":3,"key":"Energy Potion"},{"floor":4,"key":"FearPotion"},{"floor":6,"key":"Dexterity Potion"},{"floor":15,"key":"bronze:BuildAFunctionPotion"},{"floor":20,"key":"Energy Potion"},{"floor":27,"key":"Strength Potion"},{"floor":36,"key":"champ:CounterPotion"},{"floor":42,"key":"AttackPotion"},{"floor":45,"key":"SkillPotion"}],"is_trial":false,"path_per_floor":["R","M","M","M","$","M","T","?","R","$","M","R","E","?","M","B",null,"R","M","M","?","?","M","T","M","?","M","E","R","E","?","M","B",null,"R","M","M","M","$","R","T","M","?","M","E","R","?","M","M","B",null],"character_chosen":"THE_AUTOMATON","items_purchased":["bronze:Optimize","bronze:SpaghettiCode","Oddly Smooth Stone","Membership Card","Happy Flower","bronze:Backtrace+1","expansioncontent:DashGenerateEvil"],"campfire_rested":0,"item_purchase_floors":[5,5,10,39,39,39,39],"current_hp_per_floor":[49,45,45,44,51,61,61,61,61,55,55,55,53,53,55,49,70,70,65,70,70,70,70,70,70,65,62,65,65,55,55,55,69,70,70,63,63,67,68,68,68,60,60,60,59,59,59,57,60,25],"gold":47,"neow_bonus":"TWO_FIFTY_GOLD","is_daily":false,"chose_seed":false,"campfire_upgraded":7,"win_rate":0.0,"timestamp":1612671784,"path_taken":["R","M","M","M","$","M","T","?","R","$","M","R","E","?","M","BOSS","R","M","M","?","?","M","T","?","?","M","E","R","E","?","M","BOSS","R","M","M","M","$","R","T","M","?","M","E","R","?","M","M","BOSS"],"items_purchased_type":["Card","Card","Relic","Relic","Relic","Card","Card"],"build_version":"2020-12-22","purchased_purges":3,"victory":true,"max_hp_per_floor":[70,70,70,70,70,70,70,70,70,70,70,70,70,70,70,70,70,70,70,70,70,70,70,70,70,70,70,70,70,70,70,70,70,70,70,70,70,70,70,70,70,70,60,60,60,60,60,60,60,60],"card_choices":[{"not_picked":["bronze:DelayedSlice","bronze:Branch"],"picked":"bronze:Frontload","floor":2},{"not_picked":["bronze:Branch","bronze:BugBarrage"],"picked":"bronze:Flail","floor":3},{"not_picked":["bronze:WildBeam","bronze:MaxOutput"],"picked":"bronze:Repair","floor":4},{"not_picked":["bronze:DarkDash","bronze:MaxOutput"],"picked":"bronze:BuggyMess","floor":5},{"not_picked":["bronze:CutThrough","bronze:Frontload"],"picked":"bronze:Turbo","floor":6},{"not_picked":["bronze:ForLoop","bronze:CutThrough"],"picked":"bronze:InfiniteBeams","floor":10},{"not_picked":["bronze:Flail","bronze:FineTuning"],"picked":"bronze:ItsAFeature","floor":11},{"not_picked":["bronze:DelayedGuard","bronze:Fortify"],"picked":"bronze:ForceShield","floor":13},{"not_picked":["bronze:BugBarrage","bronze:BuggyMess"],"picked":"bronze:ForLoop","floor":15},{"not_picked":["bronze:HyperBeam","bronze:Break"],"picked":"bronze:HardenedForm","floor":16},{"not_picked":["bronze:Iterate","bronze:MaxOutput+1","bronze:BuggyMess"],"picked":"SKIP","floor":19},{"not_picked":["bronze:BitShift","bronze:DelayedGuard"],"picked":"bronze:Backtrace","floor":20},{"not_picked":["bronze:BuggyMess","bronze:Separator","bronze:DarkDash"],"picked":"SKIP","floor":23},{"not_picked":["bronze:Separator+1","bronze:Invalidate","bronze:Frontload"],"picked":"SKIP","floor":25},{"not_picked":["bronze:Safeguard","bronze:OilSpill+1"],"picked":"bronze:ForLoop+1","floor":26},{"not_picked":["bronze:ForceShield+1","bronze:Refactor+1"],"picked":"bronze:DelayedGuard","floor":27},{"not_picked":["bronze:NullPointer+1","bronze:Frontload"],"picked":"bronze:Overheat+1","floor":28},{"not_picked":["bronze:WildBeam+1","bronze:RecursiveStrike+1"],"picked":"bronze:ChosenStrike+1","floor":30},{"not_picked":["bronze:ChildClass","bronze:Fortify+1"],"picked":"bronze:FineTuning+1","floor":32},{"not_picked":["bronze:ShipIt+1","bronze:SpaghettiCode"],"picked":"bronze:Mutator","floor":33},{"not_picked":[],"picked":"bronze:BronzeOrb+1","floor":36},{"not_picked":[],"picked":"bronze:Branch+1","floor":37},{"not_picked":["bronze:Shell"],"picked":"SKIP","floor":38},{"not_picked":[],"picked":"bronze:BitShift","floor":39},{"not_picked":["bronze:Allocate"],"picked":"SKIP","floor":42},{"not_picked":["bronze:OilSpill+1"],"picked":"SKIP","floor":44},{"not_picked":[],"picked":"bronze:Invalidate+1","floor":45},{"not_picked":["bronze:DarkDash+1"],"picked":"SKIP","floor":48},{"not_picked":[],"picked":"bronze:Optimize+1","floor":49}],"player_experience":689350,"relics_obtained":[{"floor":7,"key":"Gremlin Horn"},{"floor":8,"key":"Toy Ornithopter"},{"floor":8,"key":"Ornamental Fan"},{"floor":8,"key":"Unceasing Top"},{"floor":13,"key":"Regal Pillow"},{"floor":24,"key":"Guardian:PocketSentry"},{"floor":26,"key":"Molten Egg 2"},{"floor":26,"key":"Torii"},{"floor":28,"key":"Orichalcum"},{"floor":30,"key":"hubris:TenFootPole"},{"floor":41,"key":"War Paint"},{"floor":45,"key":"bronze:ProtectiveGoggles"}],"event_choices":[{"damage_healed":0,"gold_gain":0,"player_choice":"Stole Relic","damage_taken":0,"relics_obtained":["hexamod:BolsterEngine"],"max_hp_gain":0,"max_hp_loss":0,"event_name":"Addict","floor":31,"gold_loss":0,"cards_obtained":["Pride"]}],"is_beta":false,"boss_relics":[{"not_picked":["Coffee Dripper","SacredBark"],"picked":"sneckomod:SneckoTalon"},{"not_picked":["hubris:VirtuousBlindfold","hubris:BlackHole"],"picked":"Busted Crown"}],"items_purged_floors":[5,10,39],"is_endless":false,"potions_floor_spawned":[3,4,6,11,15,20,27,30,32,36,42,45,48],"ascension_level":1}}