{"host":"2brg86hfzr3u5cix","time":1612707068,"event":{"mods":["AchievementEnabler","Ascension Unlocker","BaseMod","CapriCore","DeckTracker","Highlight Path","Keyboard Shortcuts","Minty Spire (QoL Compilation)","Permanent Neow","Relic Stats","StSLib","Twitch Utils","Uncapped","UnlockEverythingMod"],"gold_per_floor":[112,112,112,127,52,52,52,52],"floor_reached":7,"language":"KOR","playtime":161,"items_purged":["Strike_G"],"score":78,"play_id":"96af8865-e5b0-472d-9614-2a9e0eac4659","local_time":"20210207231108","is_ascension_mode":true,"campfire_choices":[{"data":"Neutralize","floor":6,"key":"SMITH"}],"circlet_count":0,"master_deck":["AscendersBane","Strike_G","Strike_G","Strike_G","Strike_G","Defend_G","Defend_G","Defend_G","Defend_G","Defend_G","Survivor","Neutralize+1","Unload","Prepared","Crippling Poison"],"relics":["Ring of the Snake","Golden Idol","Shuriken"],"acts_visited":["Exordium"],"potions_floor_usage":[],"damage_taken":[{"damage":0,"enemies":"2 Louse","floor":1,"turns":4},{"damage":0,"enemies":"Small Slimes","floor":4,"turns":2},{"damage":28,"enemies":"3 Sentries","floor":7,"turns":7}],"seed_played":"-8384583956390012137","potions_obtained":[],"is_trial":false,"path_per_floor":["M","?","?","M","$","R","E"],"character_chosen":"THE_SILENT","items_purchased":[],"campfire_rested":0,"item_purchase_floors":[],"current_hp_per_floor":[59,36,25,25,25,25,0,0],"gold":52,"neow_bonus":"ONE_RANDOM_RARE_CARD","is_daily":false,"chose_seed":false,"campfire_upgraded":1,"win_rate":0.0,"timestamp":1612707068,"path_taken":["M","?","?","?","$","R","E"],"items_purchased_type":[],"build_version":"2020-12-22","purchased_purges":1,"victory":false,"max_hp_per_floor":[66,66,66,66,66,66,66,66],"relic_stats":{"counters":[3,13],"Golden Idol":3,"Shuriken":[2],"obtain_stats":[{"Golden Idol":2,"Shuriken":3,"Ring of the Snake":0},{"Golden Idol":1,"Shuriken":1,"Ring of the Snake":0},{"Golden Idol":4,"Shuriken":4,"Ring of the Snake":0}],"Ring of the Snake":[6]},"card_choices":[{"not_picked":["Deflect","Blade Dance"],"picked":"Prepared","floor":1},{"not_picked":["Flying Knee","Quick Slash"],"picked":"Crippling Poison","floor":4}],"player_experience":359598,"relics_obtained":[],"event_choices":[{"damage_healed":0,"gold_gain":0,"player_choice":"Take Damage","damage_taken":23,"relics_obtained":["Golden Idol"],"max_hp_gain":0,"max_hp_loss":0,"event_name":"Golden Idol","floor":2,"gold_loss":0},{"damage_healed":0,"gold_gain":0,"player_choice":"Success","damage_taken":11,"relics_obtained":["Shuriken"],"max_hp_gain":0,"max_hp_loss":0,"event_name":"Scrap Ooze","floor":3,"gold_loss":0}],"is_beta":false,"boss_relics":[],"items_purged_floors":[5],"is_endless":false,"potions_floor_spawned":[],"killed_by":"3 Sentries","ascension_level":20}}