{"host":"7tvb1em0d2fx72q7","time":1612674579,"event":{"mods":["BaseMod","Challenge The Spire","Minty Spire (QoL Compilation)","StSLib","everything is the same but u backflip on backflip"],"gold_per_floor":[113,83,101,26,26,60,1,32,32,48,48,61,76,91,91,167,167,138,158,176,91,91,91],"floor_reached":22,"language":"ENG","playtime":1039,"items_purged":["Strike_G"],"score":446,"play_id":"e859f1df-0486-4743-b115-07d47cec7155","local_time":"20210207000939","is_ascension_mode":true,"campfire_choices":[{"floor":11,"key":"REST"},{"floor":15,"key":"REST"}],"circlet_count":0,"master_deck":["AscendersBane","Strike_G","Strike_G","Strike_G","Strike_G","Defend_G","Defend_G","Defend_G","Defend_G","Defend_G","Survivor","Neutralize","Infinite Blades","Deadly Poison","Pain","Finisher","Cloak And Dagger","Bouncing Flask","Venomology","Choke","Calculated Gamble","Crippling Poison","After Image","Bane","Slice","Riddle With Holes"],"relics":["Ring of the Snake","NeowsBlessing","WarpedTongs","Torii","Incense Burner","Ninja Scroll","Philosopher\u0027s Stone","Tiny Chest"],"acts_visited":["Exordium","TheCity"],"potions_floor_usage":[12,16,18,19,19,20,20,20],"damage_taken":[{"damage":0,"enemies":"Small Slimes","floor":1,"turns":1},{"damage":0,"enemies":"Cultist","floor":3,"turns":1},{"damage":1,"enemies":"3 Sentries","floor":6,"turns":3},{"damage":35,"enemies":"Lagavulin","floor":8,"turns":8},{"damage":7,"enemies":"2 Louse","floor":10,"turns":2},{"damage":3,"enemies":"Exordium Wildlife","floor":12,"turns":5},{"damage":1,"enemies":"Looter","floor":13,"turns":2},{"damage":5,"enemies":"Red Slaver","floor":14,"turns":3},{"damage":16,"enemies":"Hexaghost","floor":16,"turns":6},{"damage":15,"enemies":"2 Thieves","floor":18,"turns":5},{"damage":6,"enemies":"Shell Parasite","floor":19,"turns":3},{"damage":33,"enemies":"Chosen and Byrds","floor":20,"turns":4},{"damage":20,"enemies":"Cultist and Chosen","floor":22,"turns":2}],"seed_played":"-4805492929538946974","potions_obtained":[{"floor":2,"key":"FairyPotion"},{"floor":2,"key":"Ancient Potion"},{"floor":3,"key":"SpeedPotion"},{"floor":6,"key":"Swift Potion"},{"floor":13,"key":"Ancient Potion"},{"floor":14,"key":"LiquidMemories"},{"floor":16,"key":"Fruit Juice"},{"floor":18,"key":"GhostInAJar"},{"floor":19,"key":"ColorlessPotion"}],"is_trial":false,"path_per_floor":["M","?","M","$","?","E","$","E","T","M","R","M","M","M","R","B",null,"M","M","M","?","M"],"character_chosen":"THE_SILENT","items_purchased":["Cloak And Dagger"],"campfire_rested":2,"item_purchase_floors":[7],"current_hp_per_floor":[59,59,59,59,59,58,58,23,23,16,35,32,31,26,45,29,57,47,41,8,8,0,0],"gold":91,"neow_bonus":"THREE_ENEMY_KILL","is_daily":false,"chose_seed":false,"campfire_upgraded":0,"win_rate":0.0,"timestamp":1612674579,"path_taken":["M","?","?","$","?","E","?","E","T","M","R","M","M","M","R","BOSS","M","?","M","?","M"],"items_purchased_type":["Card"],"build_version":"2020-12-22","purchased_purges":1,"victory":false,"max_hp_per_floor":[66,66,66,66,66,66,66,66,66,66,66,66,66,66,66,66,66,71,71,71,71,71,71],"card_choices":[{"not_picked":["PiercingWail","Dodge and Roll"],"picked":"Infinite Blades","floor":1},{"not_picked":["Sucker Punch","Well Laid Plans"],"picked":"Deadly Poison","floor":3},{"not_picked":["Quick Slash","Acrobatics"],"picked":"Finisher","floor":6},{"not_picked":["Dash","Acrobatics"],"picked":"Bouncing Flask","floor":8},{"not_picked":["Flying Knee","Deflect"],"picked":"Venomology","floor":10},{"not_picked":["Distraction","Cloak And Dagger"],"picked":"Choke","floor":12},{"not_picked":["Slice","Outmaneuver"],"picked":"Calculated Gamble","floor":13},{"not_picked":["Slice","Terror"],"picked":"Crippling Poison","floor":14},{"not_picked":["Tools of the Trade","Adrenaline"],"picked":"After Image","floor":16},{"not_picked":["Heel Hook","Well Laid Plans"],"picked":"Bane","floor":18},{"not_picked":["Quick Slash","Expertise"],"picked":"Slice","floor":19},{"not_picked":["Outmaneuver+1","Accuracy"],"picked":"Riddle With Holes","floor":20}],"player_experience":2035425,"relics_obtained":[{"floor":6,"key":"Torii"},{"floor":8,"key":"Incense Burner"},{"floor":9,"key":"Ninja Scroll"}],"event_choices":[{"damage_healed":0,"gold_gain":0,"player_choice":"Bought 2 Potions","damage_taken":0,"max_hp_gain":0,"max_hp_loss":0,"event_name":"The Woman in Blue","floor":2,"gold_loss":0},{"damage_healed":0,"gold_gain":0,"player_choice":"Rummage","damage_taken":0,"relics_obtained":["WarpedTongs"],"max_hp_gain":0,"max_hp_loss":0,"event_name":"Accursed Blacksmith","floor":5,"gold_loss":0,"cards_obtained":["Pain"]},{"damage_healed":0,"gold_gain":0,"player_choice":"Obtained Relic","damage_taken":0,"relics_obtained":["Tiny Chest"],"max_hp_gain":0,"max_hp_loss":0,"event_name":"Addict","floor":21,"gold_loss":85}],"is_beta":false,"boss_relics":[{"not_picked":["Pandora\u0027s Box","SlaversCollar"],"picked":"Philosopher\u0027s Stone"}],"items_purged_floors":[4],"is_endless":false,"potions_floor_spawned":[3,6,13,14,16,18,19],"killed_by":"Cultist and Chosen","ascension_level":20}}