{"host":"egwexuw5uvnxf11j","time":1612680292,"event":{"mods":["2.2 Compatiblity","Aspiration","BaseMod","Better Altar","Better Note","Better Sensory Stone","Better Third Choice","Displayed Cursed Tome","Downfall","Hermit","Key Reminder","Koishi","Marisa????????","Minty Spire (QoL Compilation)","Quick Restart","Shade Mod","Spicy Shops","StSLib","The Construct","The Cursed","The Hierophant","The Runesmith","The Senshi","The Servant 0.9.4","Transform Curses"],"gold_per_floor":[115,115,134,134,67,67,92,92,92,127,127,302,322,73,73,193,193,236,236,274,313,313,313,189,231,231,263,263,331,331,331],"floor_reached":30,"language":"ENG","playtime":1265,"items_purged":["Regret"],"score":323,"play_id":"c5e23b73-93ff-4b04-ae90-f4e91fc0a0b0","local_time":"20210207014452","is_ascension_mode":true,"campfire_choices":[{"floor":6,"key":"REST"},{"data":"Sunder","floor":8,"key":"SMITH"},{"floor":11,"key":"REST"},{"data":"HandOfGreed","floor":15,"key":"SMITH"},{"floor":23,"key":"REST"},{"floor":28,"key":"REST"}],"circlet_count":0,"master_deck":["Strike_B+1","Strike_B+1","Strike_B","Strike_B","Defend_B","Defend_B","Defend_B+1","Defend_B","Zap","Dualcast","Go for the Eyes","Gash","Sunder+1","Conserve Battery","Doubt","Beam Cell","HandOfGreed+1","Electrodynamics","Streamline","Ball Lightning+1","Stack","Static Discharge","Sweeping Beam","Scrape","Conserve Battery","Gash"],"relics":["Cracked Core","NeowsBlessing","Runesmith:AutoHammer","Unceasing Top","Question Card","keyreminder:keyreminder","Ginger","Anchor","Fusion Hammer","construct:RocketBooster","aspiration:MysteriousAuxiliaryCore"],"acts_visited":["Exordium","TheCity"],"potions_floor_usage":[21,27,30],"damage_taken":[{"damage":0,"enemies":"Small Slimes","floor":1,"turns":1},{"damage":0,"enemies":"2 Louse","floor":3,"turns":1},{"damage":0,"enemies":"Lagavulin","floor":7,"turns":1},{"damage":20,"enemies":"Gremlin Nob","floor":10,"turns":4},{"damage":2,"enemies":"Jaw Worm","floor":13,"turns":2},{"damage":42,"enemies":"Slime Boss","floor":16,"turns":9},{"damage":17,"enemies":"2 Thieves","floor":18,"turns":3},{"damage":2,"enemies":"Chosen","floor":20,"turns":4},{"damage":10,"enemies":"Centurion and Healer","floor":21,"turns":5},{"damage":25,"enemies":"Shelled Parasite and Fungi","floor":25,"turns":4},{"damage":30,"enemies":"Book of Stabbing","floor":27,"turns":4},{"damage":8,"enemies":"Chosen and Byrds","floor":29,"turns":5},{"damage":33,"enemies":"Gremlin Leader","floor":30,"turns":4}],"seed_played":"-3308233244409052154","potions_obtained":[{"floor":3,"key":"SteroidPotion"},{"floor":13,"key":"Ancient Potion"},{"floor":16,"key":"BlessingOfTheForge"},{"floor":21,"key":"hexamod:SoulburnPotion"},{"floor":29,"key":"hexamod:SoulburnPotion"}],"is_trial":false,"path_per_floor":["M","?","M","?","$","R","E","R","T","E","R","?","M","$","R","B",null,"M","?","M","M","?","R","$","M","T","E","R","M","E"],"character_chosen":"DEFECT","items_purchased":["Unceasing Top","HandOfGreed","Sweeping Beam"],"campfire_rested":4,"item_purchase_floors":[5,14,24],"current_hp_per_floor":[75,60,60,60,60,75,75,75,75,55,75,75,73,73,73,31,75,58,58,56,46,46,68,68,43,43,13,35,27,0,0],"gold":331,"neow_bonus":"THREE_ENEMY_KILL","is_daily":false,"chose_seed":false,"campfire_upgraded":2,"win_rate":0.0,"timestamp":1612680292,"path_taken":["M","?","M","?","$","R","E","R","T","E","R","?","M","$","R","BOSS","M","?","M","M","?","R","$","M","T","E","R","M","E"],"items_purchased_type":["Relic","Card","Card"],"build_version":"2020-12-22","purchased_purges":1,"victory":false,"max_hp_per_floor":[75,75,75,75,75,75,75,75,75,75,75,75,75,75,75,75,75,75,75,75,75,75,75,75,75,75,75,75,75,75,75],"card_choices":[{"not_picked":["Tempest","Coolheaded"],"picked":"Go for the Eyes","floor":1},{"not_picked":["Stack","Darkness"],"picked":"Gash","floor":3},{"not_picked":["Amplify","Blizzard"],"picked":"Sunder","floor":7},{"not_picked":["Compile Driver","Barrage","Glacier"],"picked":"Conserve Battery","floor":10},{"not_picked":["Steam","Scrape","Redo"],"picked":"Beam Cell","floor":13},{"not_picked":["Meteor Strike","Biased Cognition","Echo Form"],"picked":"Electrodynamics","floor":16},{"not_picked":["Tempest+1","Rebound","Defragment+1"],"picked":"Streamline","floor":18},{"not_picked":["Defragment","Turbo","Hologram"],"picked":"Ball Lightning+1","floor":20},{"not_picked":["Go for the Eyes","Storm","Tempest"],"picked":"Stack","floor":21},{"not_picked":["Sweeping Beam","Electrodynamics","Reinforced Body"],"picked":"Scrape","floor":25},{"not_picked":["Genetic Algorithm+1","Turbo+1","Rip and Tear"],"picked":"Conserve Battery","floor":27},{"not_picked":["Conserve Battery","Sweeping Beam","Coolheaded"],"picked":"Gash","floor":29}],"player_experience":2325802,"relics_obtained":[{"floor":7,"key":"Question Card"},{"floor":9,"key":"Ginger"},{"floor":10,"key":"Anchor"},{"floor":26,"key":"construct:RocketBooster"},{"floor":27,"key":"aspiration:MysteriousAuxiliaryCore"}],"event_choices":[{"damage_healed":75,"gold_gain":0,"player_choice":"Upgrade","damage_taken":15,"max_hp_gain":0,"max_hp_loss":75,"event_name":"betterThird:BetterShining","floor":2,"gold_loss":0,"cards_upgraded":["Strike_B","Strike_B"]},{"damage_healed":0,"gold_gain":0,"player_choice":"Box","damage_taken":0,"relics_obtained":["Runesmith:AutoHammer"],"max_hp_gain":0,"max_hp_loss":0,"event_name":"Big Fish","floor":4,"gold_loss":0,"cards_obtained":["Regret"]},{"damage_healed":0,"gold_gain":175,"player_choice":"AGREE","damage_taken":127,"max_hp_gain":0,"max_hp_loss":0,"event_name":"betterThird:BetterSerpent","floor":12,"gold_loss":0},{"damage_healed":0,"gold_gain":0,"player_choice":"Ignored","damage_taken":0,"max_hp_gain":0,"max_hp_loss":0,"event_name":"Vampires","floor":19,"gold_loss":0},{"damage_healed":0,"gold_gain":0,"player_choice":"Read","damage_taken":0,"max_hp_gain":0,"max_hp_loss":0,"event_name":"The Library","floor":22,"gold_loss":0,"cards_obtained":["Static Discharge"]}],"is_beta":false,"boss_relics":[{"not_picked":["aspiration:RunicSpoon","aspiration:PoetsPen_weak"],"picked":"Fusion Hammer"}],"items_purged_floors":[24],"is_endless":false,"potions_floor_spawned":[3,13,16,21,29],"killed_by":"Gremlin Leader","ascension_level":3}}