{"host":"88gqw5ki7llrf2bp","time":1612656485,"event":{"mods":["BaseMod","Downfall","Duelist Mod","Friendly Minions","Hubris","Jorbs\u0027s Wanderer Trilogy","Minty Spire (QoL Compilation)","Quick Restart","Railgun Mod","Rare Cards Sparkle","StSLib","The Animator","The Construct","The Cursed","The Gatherer","slay the spire mod where everything is the same but ironclad has a cowboy hat"],"gold_per_floor":[99,112,112,127,147,163,163,195,207,207,220,220,252,9,19,114,114,14,14,31,44,56,56,56,67,100,116,16,1,1,17,27,27,27,27],"floor_reached":33,"language":"ENG","playtime":2335,"items_purged":[],"score":333,"play_id":"1d7b693b-0e53-4469-b00e-9e7865a266e6","local_time":"20210206180805","is_ascension_mode":false,"campfire_choices":[{"data":"Slimebound:Split","floor":1,"key":"SMITH"},{"data":"Slimebound:MassFeed","floor":10,"key":"SMITH"},{"floor":12,"key":"RECALL"},{"data":"Slimebound:DuplicatedForm","floor":18,"key":"SMITH"},{"data":"Slimebound:LevelUp","floor":28,"key":"SMITH"},{"data":"Slimebound:LevelUp","floor":30,"key":"SMITH"}],"circlet_count":0,"master_deck":["Slimebound:Strike_Slimebound","Slimebound:Strike_Slimebound","Slimebound:Tackle+1","Slimebound:Defend_Slimebound","Slimebound:Defend_Slimebound","Slimebound:Defend_Slimebound","Slimebound:Defend_Slimebound","Slimebound:Split+1","Slimebound:CorrosiveSpit","Slimebound:SplitLeeching","Slimebound:SlimeSpikes","Slimebound:ForwardTackle+1","Slimebound:Schlurp","Slimebound:MassFeed+1","Slimebound:ProtectTheBoss","Slimebound:Repurpose","Slimebound:LevelUp+1","Slimebound:Repurpose","Slimebound:DuplicatedForm+1","Slimebound:SpikyOuterGoop","Slimebound:LeechEnergy+1","Slimebound:LevelUp+1","Slimebound:ComboTackle","Slimebound:Dissolve","Slimebound:Prepare+1","Slimebound:TongueLash","Slimebound:RainOfGoop","Slimebound:LeadByExample"],"relics":["Slimebound:AbsorbEndCombat","hubris:BottledRain","Akabeko","Slimebound:SelfDamagePreventRelic","hubris:ScarierMask","downfall:HeartBlessingRed","Whetstone","Peace Pipe","downfall:HeartBlessingGreen"],"acts_visited":["Exordium","TheCity"],"potions_floor_usage":[13,16,25,25,27,31,33],"damage_taken":[{"damage":5,"enemies":"Small Slimes","floor":2,"turns":4},{"damage":3,"enemies":"Cultist","floor":4,"turns":4},{"damage":8,"enemies":"2 Louse","floor":5,"turns":2},{"damage":0,"enemies":"Blue Slaver","floor":6,"turns":3},{"damage":3,"enemies":"3 Sentries","floor":8,"turns":7},{"damage":13,"enemies":"Exordium Wildlife","floor":9,"turns":3},{"damage":0,"enemies":"Large Slime","floor":11,"turns":6},{"damage":3,"enemies":"Lagavulin","floor":13,"turns":6},{"damage":0,"enemies":"downfall:FleeingMerchant","floor":14,"turns":4},{"damage":0,"enemies":"3 Louse","floor":15,"turns":1},{"damage":10,"enemies":"IC_STATUS_ARCHETYPE","floor":16,"turns":7},{"damage":8,"enemies":"3 Byrds","floor":20,"turns":3},{"damage":28,"enemies":"Chosen","floor":21,"turns":5},{"damage":17,"enemies":"Centurion and Healer","floor":22,"turns":6},{"damage":32,"enemies":"Snake Plant","floor":25,"turns":5},{"damage":24,"enemies":"Slavers","floor":26,"turns":6},{"damage":22,"enemies":"3 Cultists","floor":27,"turns":4},{"damage":8,"enemies":"downfall:FleeingMerchant","floor":29,"turns":4},{"damage":21,"enemies":"Shelled Parasite and Fungi","floor":31,"turns":4},{"damage":4,"enemies":"Cultist and Chosen","floor":32,"turns":4},{"damage":50,"enemies":"WA_ARCHETYPE_CALM","floor":33,"turns":8}],"seed_played":"-4609947582499383751","potions_obtained":[{"floor":2,"key":"SteroidPotion"},{"floor":8,"key":"Regen Potion"},{"floor":11,"key":"Dexterity Potion"},{"floor":13,"key":"LiquidMemories"},{"floor":15,"key":"hexamod:SoulburnPotion"},{"floor":16,"key":"Dexterity Potion"},{"floor":21,"key":"Slimebound:SlimedPotion"},{"floor":27,"key":"Fruit Juice"},{"floor":32,"key":"construct:ShiftPotion"}],"is_trial":false,"path_per_floor":["R","M","?","M","M","M","T","E","M","R","M","R","E","$","M","B",null,"R","?","M","M","M","?","T","M","E","M","R","$","R","M","M","B"],"character_chosen":"SLIMEBOUND","items_purchased":["Slimebound:LevelUp","Slimebound:SelfDamagePreventRelic"],"campfire_rested":0,"item_purchase_floors":[14,14],"current_hp_per_floor":[71,68,68,67,61,65,65,68,61,61,77,77,86,89,101,101,105,105,105,105,94,85,85,85,59,39,38,38,32,32,35,41,0,0,0],"gold":27,"neow_bonus":"TEN_PERCENT_HP_BONUS","is_daily":false,"chose_seed":false,"campfire_upgraded":5,"win_rate":0.0,"timestamp":1612656485,"path_taken":["R","M","?","?","M","M","T","E","M","R","M","R","E","?","M","BOSS","R","?","M","M","M","?","T","M","E","M","R","?","R","M","M","BOSS"],"items_purchased_type":["Card","Relic"],"build_version":"2020-12-22","purchased_purges":0,"victory":false,"max_hp_per_floor":[71,71,71,71,71,71,71,71,77,77,85,85,89,89,101,105,105,105,105,113,113,117,117,117,117,117,121,121,121,121,126,130,130,130,130],"card_choices":[{"not_picked":["Slimebound:Replication","Slimebound:AcidTongue"],"picked":"Slimebound:SplitLeeching","floor":2},{"not_picked":["Slimebound:GoopSpray","Slimebound:SplitBruiser"],"picked":"Slimebound:SlimeSpikes","floor":4},{"not_picked":["Slimebound:LeechEnergy","Slimebound:HauntingLick"],"picked":"Slimebound:ForwardTackle","floor":5},{"not_picked":["Slimebound:Prepare","Slimebound:LeechEnergy"],"picked":"Slimebound:Schlurp","floor":6},{"not_picked":["Slimebound:BestDefense","Slimebound:GoopSpray"],"picked":"Slimebound:MassFeed","floor":8},{"not_picked":["Slimebound:Prepare","Slimebound:SlimeTap"],"picked":"Slimebound:ProtectTheBoss","floor":9},{"not_picked":["Slimebound:TongueLash","Slimebound:SplitLeeching"],"picked":"Slimebound:Repurpose","floor":11},{"not_picked":["Slimebound:Replication","Slimebound:ItLooksTasty","Slimebound:Prepare"],"picked":"SKIP","floor":13},{"not_picked":["Slimebound:Prepare","Slimebound:ItLooksTasty","Slimebound:FinishingTackle"],"picked":"SKIP","floor":14},{"not_picked":["Slimebound:MassFeed","Slimebound:SplitBruiser"],"picked":"Slimebound:Repurpose","floor":15},{"not_picked":["Slimebound:MassFeed","Slimebound:DouseInSlime"],"picked":"Slimebound:DuplicatedForm","floor":16},{"not_picked":["Slimebound:PressTheAttack","Slimebound:LeechingTouch+1"],"picked":"Slimebound:LeechEnergy+1","floor":20},{"not_picked":["Slimebound:SlimeSpikes+1","Slimebound:GrowthPunch"],"picked":"Slimebound:LevelUp","floor":21},{"not_picked":["Slimebound:Schlurp","Slimebound:SlimeSpikes","Slimebound:SlimeBrawl"],"picked":"SKIP","floor":22},{"not_picked":["Slimebound:SplitAcid","Slimebound:LivingWall"],"picked":"Slimebound:ComboTackle","floor":25},{"not_picked":["Slimebound:SplitBruiser","Slimebound:ComboTackle+1"],"picked":"Slimebound:Dissolve","floor":26},{"not_picked":["Slimebound:PressTheAttack","Slimebound:SlimeBrawl"],"picked":"Slimebound:Prepare+1","floor":27},{"not_picked":["Slimebound:SlimeSpikes","Slimebound:SplitBruiser"],"picked":"Slimebound:TongueLash","floor":29},{"not_picked":["Slimebound:Repurpose","Slimebound:LeechEnergy"],"picked":"Slimebound:RainOfGoop","floor":31},{"not_picked":["Slimebound:SplitBruiser","Slimebound:ComboTackle"],"picked":"Slimebound:LeadByExample","floor":32}],"player_experience":1853594,"relics_obtained":[{"floor":8,"key":"hubris:BottledRain"},{"floor":13,"key":"Akabeko"},{"floor":24,"key":"Whetstone"},{"floor":26,"key":"Peace Pipe"}],"event_choices":[{"cards_removed":["Slimebound:Strike_Slimebound"],"damage_healed":0,"gold_gain":0,"player_choice":"Offered Basic","damage_taken":0,"max_hp_gain":0,"max_hp_loss":0,"event_name":"Bonfire Elementals","floor":3,"gold_loss":0},{"damage_healed":0,"gold_gain":0,"player_choice":"Read","damage_taken":0,"max_hp_gain":0,"max_hp_loss":0,"event_name":"The Library","floor":19,"gold_loss":0,"cards_obtained":["Slimebound:SpikyOuterGoop"]},{"damage_healed":0,"gold_gain":0,"player_choice":"Ignored","damage_taken":0,"max_hp_gain":0,"max_hp_loss":0,"event_name":"Vampires","floor":23,"gold_loss":0}],"is_beta":false,"boss_relics":[{"not_picked":["Cursed Key","SacredBark"],"picked":"hubris:ScarierMask"}],"items_purged_floors":[],"is_endless":false,"potions_floor_spawned":[2,8,11,13,15,16,21,27,32],"killed_by":"WA_ARCHETYPE_CALM","ascension_level":0}}