{"host":"o3b7ow6d1xe49css","time":1612700179,"event":{"mods":["Act Like it!","Aspiration","BaseMod","Bestiary","Better Altar","Better Match","Better Note","Better Sensory Stone","Better Skull","Better Third Choice","Colored Powertips","Conspire","Energized Spire","Force Act Four","GifTheSpireLib","Halation","Hermit","Hubris","Infinite Spire","Lobotomy","Minty Spire (QoL Compilation)","Quick Restart","Rare Cards Sparkle","Relic Filter Mod","Reliquary","Replay The Spire","Spicy Shops","Spikes Relics","Spire Arcade","StSLib","Stuff the Spire","The Blue Laboratory","Wandering Minibosses"],"gold_per_floor":[112,127,140,65,77,77,106,106,106],"floor_reached":8,"language":"ENG","playtime":313,"items_purged":[],"score":73,"play_id":"fa367e1a-acc8-4962-bc69-964533c97bbf","local_time":"20210207031619","daily_mods":["Heirloom","Flight"],"is_ascension_mode":true,"campfire_choices":[{"data":"Whirlwind","floor":6,"key":"SMITH"}],"circlet_count":0,"master_deck":["Strike_R","Strike_R","Strike_R","Strike_R","Strike_R","Defend_R","Defend_R","Defend_R","Defend_R","Bash","Whirlwind+1","Corruption","Reaper"],"relics":["Burning Blood","Ring of Chaos","StuffTheSpire:NeowsTribute","CogitoBucket","infinitespire:WardingShard","aspiration:HummingbirdHeart"],"acts_visited":["Exordium"],"potions_floor_usage":[3,8],"damage_taken":[{"damage":6,"enemies":"2 Louse","floor":1,"turns":3},{"damage":1,"enemies":"Cultist","floor":2,"turns":3},{"damage":9,"enemies":"Jaw Worm","floor":3,"turns":7},{"damage":26,"enemies":"Exordium Wildlife","floor":5,"turns":6},{"damage":36,"enemies":"Gremlin Nob","floor":7,"turns":5},{"damage":32,"enemies":"Lagavulin","floor":8,"turns":8}],"seed_played":"-77454128490774616","potions_obtained":[{"floor":2,"key":"SkillPotion"},{"floor":7,"key":"SpeedPotion"}],"is_trial":true,"path_per_floor":["M","M","M","?","M","R","E","E"],"character_chosen":"IRONCLAD","items_purchased":[],"campfire_rested":0,"item_purchase_floors":[],"current_hp_per_floor":[80,80,77,77,57,57,27,0,0],"gold":106,"neow_bonus":"","is_daily":false,"chose_seed":false,"campfire_upgraded":1,"win_rate":0.0,"timestamp":1612700179,"path_taken":["M","M","M","?","M","R","E","E"],"items_purchased_type":[],"build_version":"2020-12-22","purchased_purges":0,"victory":false,"max_hp_per_floor":[80,80,80,80,80,80,80,80,80],"card_choices":[{"not_picked":["hubris:ReadiedAction","Metallicize"],"picked":"Whirlwind","floor":1},{"not_picked":["BeautyBeast","OSAHOGD","Murderer"],"picked":"Singing Bowl","floor":1},{"not_picked":["Woodsman","SpiderBud","VoidDream"],"picked":"Singing Bowl","floor":2},{"not_picked":["Flex","Rage","Clothesline"],"picked":"SKIP","floor":2},{"not_picked":["SnowQueen","VoidDream","MHz"],"picked":"Singing Bowl","floor":3},{"not_picked":["Havoc","hubris:ReadiedAction","Iron Wave"],"picked":"SKIP","floor":3},{"not_picked":["Armaments","True Grit"],"picked":"Corruption","floor":5},{"not_picked":["Freischutz","CherryBlossoms","ShyLook"],"picked":"Singing Bowl","floor":5},{"not_picked":["StuffTheSpire:Incineration","Havoc"],"picked":"Reaper","floor":7},{"not_picked":["OldLady","SpiderBud","Alriune"],"picked":"Singing Bowl","floor":7}],"player_experience":1320373,"relics_obtained":[{"floor":7,"key":"aspiration:HummingbirdHeart"}],"event_choices":[{"damage_healed":0,"gold_gain":0,"player_choice":"Paid Gold","damage_taken":0,"relics_obtained":["infinitespire:WardingShard"],"max_hp_gain":0,"max_hp_loss":0,"event_name":"WeMeetAgain","floor":4,"gold_loss":75}],"is_beta":false,"boss_relics":[],"items_purged_floors":[],"is_endless":false,"potions_floor_spawned":[2,7],"killed_by":"Lagavulin","ascension_level":5}}