{"host":"1bvadgc0hovl67h4","time":1612657821,"event":{"mods":["BaseMod","Colored Map","Downfall","Hermit","Minty Spire (QoL Compilation)","StSLib","The Cursed"],"gold_per_floor":[99,112,112,16,16,16,70,80,80,100,111,111,23,50,80,188,200,112,135,147,178,190,202,202,202],"floor_reached":23,"language":"ENG","playtime":1118,"items_purged":[],"score":231,"play_id":"aa8059fe-37f6-48a5-b470-edc59fab8e70","local_time":"20210206163021","is_ascension_mode":false,"campfire_choices":[{"data":"sneckomod:UnknownRareSkill","floor":1,"key":"SMITH"},{"floor":9,"key":"RECALL"},{"data":"sneckomod:DiceBoulder","floor":13,"key":"SMITH"},{"data":"sneckomod:DiceBoulder+1","floor":18,"key":"SMITH"}],"circlet_count":0,"master_deck":["sneckomod:Strike","sneckomod:Strike","sneckomod:Strike+1","sneckomod:Defend+1","sneckomod:Defend","sneckomod:Defend","sneckomod:TailWhip+1","sneckomod:SnekBite","sneckomod:Unknown","sneckomod:Unknown","sneckomod:UnknownRareSkill+1","sneckomod:DiceBoulder+2","sneckomod:SoulCleanse","sneckomod:UnendingSupply+1","downfall:Malfunctioning","sneckomod:UnknownDraw","sneckomod:MasterEye+1","sneckomod:IronFang","sneckomod:Unknown1Cost","sneckomod:UnknownRarePower+1","sneckomod:UnknownClassTHE_BRONZE_AUTOMATON","sneckomod:UnknownClassTHE_BRONZE_AUTOMATON","sneckomod:UnknownClassTHE_BRONZE_AUTOMATON","sneckomod:UnknownClassTHE_BRONZE_AUTOMATON","sneckomod:UnknownClassTHE_BRONZE_AUTOMATON","sneckomod:Nope+1","Pride","bronze:InfiniteBeams+1","sneckomod:SoulRoll+1","Necronomicurse"],"relics":["sneckomod:SneckoSoul","Frozen Egg 2","MawBank","downfall:HeartBlessingRed","sneckomod:SneckoBoss","downfall:HeartBlessingBlue","Art of War","Necronomicon"],"acts_visited":["Exordium","TheCity"],"potions_floor_usage":[16],"damage_taken":[{"damage":0,"enemies":"Small Slimes","floor":2,"turns":3},{"damage":5,"enemies":"downfall:FleeingMerchant","floor":4,"turns":4},{"damage":7,"enemies":"2 Louse","floor":8,"turns":2},{"damage":17,"enemies":"Jaw Worm","floor":10,"turns":4},{"damage":3,"enemies":"Large Slime","floor":11,"turns":3},{"damage":0,"enemies":"Blue Slaver","floor":14,"turns":2},{"damage":9,"enemies":"Exordium Wildlife","floor":15,"turns":4},{"damage":15,"enemies":"WA_ARCHETYPE_RETAIN","floor":16,"turns":6},{"damage":22,"enemies":"Spheric Guardian","floor":19,"turns":4},{"damage":25,"enemies":"Shell Parasite","floor":21,"turns":4},{"damage":42,"enemies":"Centurion and Healer","floor":23,"turns":5}],"seed_played":"3606098235037457336","potions_obtained":[{"floor":2,"key":"champ:CounterPotion"},{"floor":8,"key":"CultistPotion"},{"floor":14,"key":"sneckomod:MuddlingPotion"},{"floor":21,"key":"sneckomod:DiceRollPotion"}],"is_trial":false,"path_per_floor":["R","M","?","$","?","?","T","M","R","M","M","?","R","M","M","B",null,"R","M","?","M","?","M"],"character_chosen":"THE_SNECKO","items_purchased":["sneckomod:UnendingSupply+1"],"campfire_rested":0,"item_purchase_floors":[4],"current_hp_per_floor":[90,90,78,73,78,78,78,71,71,54,51,51,51,51,42,27,95,105,83,83,58,42,0,0,0],"gold":202,"neow_bonus":"ONE_RANDOM_RARE_CARD","is_daily":false,"chose_seed":false,"campfire_upgraded":3,"win_rate":0.0,"timestamp":1612657821,"path_taken":["R","M","?","$","?","?","T","M","R","M","M","?","R","?","M","BOSS","R","M","?","M","?","M"],"items_purchased_type":["Card"],"build_version":"2020-12-22","purchased_purges":0,"victory":false,"max_hp_per_floor":[90,90,90,90,95,95,95,95,95,95,95,95,95,95,95,95,95,105,105,105,105,105,105,105,105],"card_choices":[{"not_picked":["sneckomod:Nope","sneckomod:SoulRoll"],"picked":"sneckomod:DiceBoulder","floor":2},{"not_picked":["sneckomod:SnekBeam","sneckomod:DangerNoodle"],"picked":"sneckomod:SoulCleanse","floor":4},{"not_picked":["sneckomod:QuickBite","sneckomod:RainOfDice"],"picked":"sneckomod:UnknownDraw","floor":8},{"not_picked":["sneckomod:SlitherStrike","sneckomod:SoulRoll"],"picked":"sneckomod:MasterEye+1","floor":10},{"not_picked":["sneckomod:UnendingSupply+1","sneckomod:DiceBlock"],"picked":"sneckomod:IronFang","floor":11},{"not_picked":["sneckomod:DiceBlock","sneckomod:SoulCleanse"],"picked":"sneckomod:Unknown1Cost","floor":14},{"not_picked":["sneckomod:IronFang","sneckomod:WideSting","sneckomod:RainOfDice"],"picked":"SKIP","floor":15},{"not_picked":["sneckomod:UnknownRareSkill","sneckomod:Unknown3Cost"],"picked":"sneckomod:UnknownRarePower+1","floor":16},{"not_picked":["sneckomod:UnknownBlock","sneckomod:SoulDraw"],"picked":"sneckomod:Nope+1","floor":19},{"not_picked":["bronze:Fortify","bronze:TinkerersToolbox"],"picked":"bronze:InfiniteBeams","floor":21},{"not_picked":["sneckomod:UnknownCommonSkill","sneckomod:UnknownBlock+1"],"picked":"sneckomod:SoulRoll+1","floor":21}],"player_experience":247414,"relics_obtained":[{"floor":22,"key":"Necronomicon"}],"event_choices":[{"damage_healed":0,"gold_gain":0,"player_choice":"Success","damage_taken":12,"relics_obtained":["Frozen Egg 2"],"max_hp_gain":0,"max_hp_loss":0,"event_name":"Scrap Ooze","floor":3,"gold_loss":0},{"damage_healed":0,"gold_gain":0,"player_choice":"Donut","damage_taken":0,"max_hp_gain":5,"max_hp_loss":0,"event_name":"Big Fish","floor":5,"gold_loss":0},{"damage_healed":0,"gold_gain":0,"player_choice":"Stole Relic","damage_taken":0,"relics_obtained":["Art of War"],"max_hp_gain":0,"max_hp_loss":0,"event_name":"Addict","floor":20,"gold_loss":0,"cards_obtained":["Pride"]}],"is_beta":false,"boss_relics":[{"not_picked":["SacredBark","Philosopher\u0027s Stone"],"picked":"sneckomod:SneckoBoss"}],"items_purged_floors":[],"is_endless":false,"potions_floor_spawned":[2,8,14,21],"killed_by":"Centurion and Healer","ascension_level":0}}