{"host":"okvf2hy7r209l3k2","time":1612699348,"event":{"mods":["BaseMod","Block Reminder","Colored Map","Colored Powertips","Hermit","Highlight Path","Minty Spire (QoL Compilation)","Permanent Neow","StSLib","The Animator"],"gold_per_floor":[113,131,147,75,93,93,119,119,144,164,64,96,113,113,113,214,214,233,260,29,29,29],"floor_reached":21,"language":"ENG","playtime":2135,"items_purged":["hermit:Strike_Hermit"],"score":191,"play_id":"12178ca0-2848-4718-aa76-bea923e1cb69","local_time":"20210207030228","is_ascension_mode":false,"campfire_choices":[{"data":"hermit:Headshot","floor":6,"key":"SMITH"},{"data":"hermit:Gestalt","floor":8,"key":"SMITH"},{"floor":15,"key":"REST"}],"circlet_count":0,"master_deck":["hermit:Strike_Hermit","hermit:Strike_Hermit","hermit:Defend_Hermit","hermit:Defend_Hermit","hermit:Defend_Hermit","hermit:Snapshot","hermit:Covet","hermit:Ricochet","hermit:Cheat","hermit:Gestalt+1","hermit:HeroicBravado","hermit:TakeCover","hermit:Headshot+1","hermit:Spite","hermit:Deadeye","hermit:GoldenBullet","hermit:Snipe","hermit:TakeAim+1","hermit:Dive","hermit:DeadOrAlive","hermit:CalledShot","hermit:BigShot","hermit:EyeOfTheStorm","hermit:BigShot"],"relics":["hermit:Momento","hermit:RyeStalk","Tiny Chest","Lantern","Empty Cage"],"acts_visited":["Exordium","TheCity"],"potions_floor_usage":[16,16,16],"damage_taken":[{"damage":0,"enemies":"2 Louse","floor":1,"turns":1},{"damage":0,"enemies":"Cultist","floor":2,"turns":3},{"damage":2,"enemies":"Jaw Worm","floor":3,"turns":4},{"damage":2,"enemies":"Blue Slaver","floor":5,"turns":3},{"damage":2,"enemies":"Gremlin Nob","floor":7,"turns":4},{"damage":26,"enemies":"Exordium Thugs","floor":10,"turns":7},{"damage":14,"enemies":"Lagavulin","floor":12,"turns":5},{"damage":9,"enemies":"Lots of Slimes","floor":13,"turns":4},{"damage":42,"enemies":"The Guardian","floor":16,"turns":13},{"damage":40,"enemies":"Chosen","floor":18,"turns":7},{"damage":17,"enemies":"Spheric Guardian","floor":19,"turns":6},{"damage":25,"enemies":"Centurion and Healer","floor":21,"turns":3}],"seed_played":"8727464094848813612","potions_obtained":[{"floor":2,"key":"ColorlessPotion"},{"floor":3,"key":"Strength Potion"},{"floor":7,"key":"LiquidBronze"},{"floor":12,"key":"Regen Potion"},{"floor":16,"key":"Ancient Potion"}],"is_trial":false,"path_per_floor":["M","M","M","$","M","R","E","R","T","M","$","E","M","?","R","B",null,"M","M","$","M"],"character_chosen":"HERMIT","items_purchased":["hermit:TakeCover","hermit:GoldenBullet","hermit:Snipe","hermit:EyeOfTheStorm","hermit:BigShot"],"campfire_rested":1,"item_purchase_floors":[4,11,11,20,20],"current_hp_per_floor":[75,75,73,73,71,71,69,69,69,43,43,29,20,20,42,15,75,35,18,18,0,0],"gold":29,"neow_bonus":"THREE_CARDS","is_daily":false,"chose_seed":false,"campfire_upgraded":2,"win_rate":0.0,"timestamp":1612699348,"path_taken":["M","M","M","$","M","R","E","R","T","M","$","E","M","?","R","BOSS","M","M","$","?"],"items_purchased_type":["Card","Card","Card","Card","Card"],"build_version":"2020-12-22","purchased_purges":1,"victory":false,"max_hp_per_floor":[75,75,75,75,75,75,75,75,75,75,75,75,75,75,75,75,75,75,75,75,75,75],"card_choices":[{"not_picked":["hermit:Maintenance","hermit:WideOpen"],"picked":"hermit:Ricochet","floor":0},{"not_picked":["hermit:SprayPray","hermit:Glare"],"picked":"hermit:Cheat","floor":1},{"not_picked":["hermit:Ricochet","hermit:Vantage"],"picked":"hermit:Gestalt","floor":2},{"not_picked":["hermit:HoleUp","hermit:CalledShot"],"picked":"hermit:HeroicBravado","floor":3},{"not_picked":["hermit:Glare","hermit:Maintenance"],"picked":"hermit:Headshot","floor":5},{"not_picked":["hermit:SprayPray","hermit:Horror"],"picked":"hermit:Spite","floor":7},{"not_picked":["hermit:Ricochet","hermit:Malice"],"picked":"hermit:Deadeye","floor":10},{"not_picked":["hermit:HoleUp","hermit:Magnum"],"picked":"hermit:TakeAim","floor":12},{"not_picked":["hermit:TrackingShot","hermit:Glare"],"picked":"hermit:Dive","floor":13},{"not_picked":["hermit:Purgatory","hermit:EternalForm"],"picked":"hermit:DeadOrAlive","floor":16},{"not_picked":["hermit:HoleUp+1","hermit:Dive"],"picked":"hermit:CalledShot","floor":18},{"not_picked":["hermit:EternalForm","hermit:HighCaliber"],"picked":"hermit:BigShot","floor":19}],"player_experience":159157,"relics_obtained":[{"floor":7,"key":"hermit:RyeStalk"},{"floor":9,"key":"Tiny Chest"},{"floor":12,"key":"Lantern"}],"event_choices":[{"damage_healed":0,"gold_gain":0,"player_choice":"Upgraded","damage_taken":0,"max_hp_gain":0,"max_hp_loss":0,"event_name":"Upgrade Shrine","floor":14,"gold_loss":0,"cards_upgraded":["hermit:TakeAim"]}],"is_beta":false,"boss_relics":[{"not_picked":["Runic Dome","Sozu"],"picked":"Empty Cage"}],"items_purged_floors":[20],"is_endless":false,"potions_floor_spawned":[2,3,7,12,16],"killed_by":"Centurion and Healer","ascension_level":0}}