{"host":"t7mx8yfj1no5p62f","time":1612717851,"event":{"mods":["BaseMod","Colored Map","Colored Powertips","Curses Come First","Minty Spire (QoL Compilation)","Relic Stats","StSLib"],"gold_per_floor":[113,113,113,131,131,131,19,63,133,156,156,156],"floor_reached":11,"language":"ENG","playtime":302,"items_purged":[],"score":142,"play_id":"190308f1-f986-4318-80f5-7ad5bc243e4c","local_time":"20210207121051","is_ascension_mode":true,"campfire_choices":[{"data":"Cleave","floor":6,"key":"SMITH"}],"circlet_count":0,"master_deck":["AscendersBane","Strike_R","Strike_R","Strike_R","Strike_R","Defend_R","Defend_R","Defend_R","Defend_R","Bash","Thunderclap","Thunderclap","Cleave+1","Iron Wave","Hemokinesis"],"relics":["Burning Blood","Torii","Golden Idol","Regal Pillow","Bag of Marbles","Blue Candle"],"acts_visited":["Exordium"],"potions_floor_usage":[11,11],"damage_taken":[{"damage":14,"enemies":"Small Slimes","floor":1,"turns":4},{"damage":9,"enemies":"Jaw Worm","floor":4,"turns":6},{"damage":14,"enemies":"3 Sentries","floor":8,"turns":7},{"damage":2,"enemies":"Cultist","floor":10,"turns":2},{"damage":49,"enemies":"Lagavulin","floor":11,"turns":5}],"seed_played":"683870032603612624","potions_obtained":[{"floor":8,"key":"LiquidBronze"}],"is_trial":false,"path_per_floor":["M","?","?","M","?","R","$","E","T","M","E"],"character_chosen":"IRONCLAD","items_purchased":["Iron Wave","Swift Potion"],"campfire_rested":0,"item_purchase_floors":[7,7],"current_hp_per_floor":[42,42,42,39,34,34,34,26,26,30,0,0],"gold":156,"neow_bonus":"ONE_RARE_RELIC","is_daily":false,"chose_seed":false,"campfire_upgraded":1,"win_rate":0.0,"timestamp":1612717851,"path_taken":["M","?","?","M","?","R","$","E","T","M","E"],"items_purchased_type":["Card","Potion"],"build_version":"2020-12-22","purchased_purges":0,"victory":false,"max_hp_per_floor":[75,68,68,68,68,68,68,68,68,68,68,68],"relic_stats":{"Regal Pillow":0,"Torii":21,"counters":[5,24],"Golden Idol":18,"Blue Candle":[0],"obtain_stats":[{"Regal Pillow":5,"Torii":0,"Golden Idol":2,"Blue Candle":9,"Bag of Marbles":8,"Burning Blood":0},{"Regal Pillow":2,"Torii":0,"Golden Idol":1,"Blue Candle":3,"Bag of Marbles":3,"Burning Blood":0},{"Regal Pillow":10,"Torii":0,"Golden Idol":4,"Blue Candle":17,"Bag of Marbles":17,"Burning Blood":0}],"Burning Blood":24},"card_choices":[{"not_picked":["Havoc","Armaments"],"picked":"Thunderclap","floor":1},{"not_picked":["Evolve","Pummel"],"picked":"Cleave","floor":4},{"not_picked":["Second Wind","Double Tap"],"picked":"Hemokinesis","floor":8},{"not_picked":["Havoc","Flex","Pummel"],"picked":"SKIP","floor":10}],"player_experience":1957577,"relics_obtained":[{"floor":8,"key":"Bag of Marbles"},{"floor":9,"key":"Blue Candle"}],"event_choices":[{"damage_healed":0,"gold_gain":0,"player_choice":"Lose Max HP","damage_taken":0,"relics_obtained":["Golden Idol"],"max_hp_gain":0,"max_hp_loss":7,"event_name":"Golden Idol","floor":2,"gold_loss":0},{"damage_healed":0,"gold_gain":0,"cards_transformed":["Strike_R"],"player_choice":"Change","damage_taken":0,"max_hp_gain":0,"max_hp_loss":0,"event_name":"Living Wall","floor":3,"gold_loss":0,"cards_obtained":["Thunderclap"]},{"damage_healed":0,"gold_gain":0,"player_choice":"Success","damage_taken":5,"relics_obtained":["Regal Pillow"],"max_hp_gain":0,"max_hp_loss":0,"event_name":"Scrap Ooze","floor":5,"gold_loss":0}],"is_beta":false,"boss_relics":[],"items_purged_floors":[],"is_endless":false,"potions_floor_spawned":[8],"killed_by":"Lagavulin","ascension_level":20}}