{"host":"yx8wv8d7ru77s2k1","time":1612717278,"event":{"mods":["BaseMod","Colored Map","Downfall","Hermit","Infinite Spire","Jorbs\u0027s Wanderer Trilogy","Marisa????????","Minty Spire (QoL Compilation)","Relic Sorter","Reliquary","Spikes Relics","StSLib","The Bug Knight","The Disciple","The Hierophant","The Necromancer","The Servant 0.9.4"],"gold_per_floor":[114,114,67,67,103,159,159,194,249,249,249,62,133,173,173,368,368,454,525,525,386,114,181,245,245,268,354,440,440,537,616,616,835,835,908,355,688,699,799,898,898,965,965,965,1015,1121,1121,1121,1121,1266,1266,1281,740,740,762,762,1073,1023,1092,1115,1115,1150,1259,814,849,849,994,1044,1077,1080,555,555,602,655,655,745,745,825,951,1044,1157,1157,1157,1231,1231,1321,610,610],"floor_reached":87,"language":"ENG","playtime":2311,"items_purged":["Defend_MRS","Defend_MRS","Strike_MRS","Defend_MRS","Strike_MRS","Writhe","StarBarrage"],"score":1750,"play_id":"92794b3f-6ab3-4ca1-98c7-a0dcf5e5c6ac","local_time":"20210207180118","is_ascension_mode":false,"campfire_choices":[{"floor":7,"key":"REST"},{"data":"WitchOfGreed","floor":10,"key":"SMITH"},{"data":"OortCloud","floor":15,"key":"SMITH"},{"floor":25,"key":"REST"},{"floor":29,"key":"REST"},{"data":"EnergyRecoil","floor":32,"key":"SMITH"},{"data":"infinitespire:NeuralNetwork","floor":44,"key":"SMITH"},{"data":"6A","floor":47,"key":"SMITH"},{"data":"AbsoluteMagnitude","floor":49,"key":"SMITH"},{"data":"BlessedFruit","floor":61,"key":"SMITH"},{"data":"BlessedFruit","floor":66,"key":"SMITH"},{"data":"OortCloud","floor":75,"key":"SMITH"},{"data":"WitchOfGreed","floor":83,"key":"SMITH"}],"circlet_count":0,"master_deck":["UpSweep","EnergyFlow+1","WitchOfGreed+1","PowerUp","Robbery","OortCloud+1","GrandCross+1","AbsoluteMagnitude+1","MilkyWay+1","WitchOfGreed","DoubleSpark","6A","EnergyRecoil+1","EarthLightRay+1","EnergyRecoil+1","EnergyRecoil","EventHorizon","RefractionSpark+1","EnergyFlow+1","Acceleration","infinitespire:NeuralNetwork+1","DoubleSpark+1","6A+1","UltimateShortwave+1","OortCloud+1","WitchOfGreed+1","Panacea+1","BlessedFruit+1","BlessedFruit+1","ChargingUp","MagicAbsorber","SporeBomb+1","OortCloud"],"relics":["MiniHakkero","Lantern","reliquary:PorcupineQuills","Black Star","Whetstone","Philosopher\u0027s Stone","Pen Nib","Art of War","ExperimentalFamiliar","Ancient Tea Set","TheAbacus","reliquary:JackalopeAntler","Bag of Preparation","ClockworkSouvenir","SpikesRelics:ToyHorsey","Guardian:PocketSentry","Potion Belt","Empty Cage","Omamori","HeavenlyBonsai","RollingBoulder","HollowMod:PaleOreRelic","Happy Flower","infinitespire:Lucky Rock","reliquary:RoseTintedGlasses","Centennial Puzzle","PrismaticShard","Tiny House","infinitespire:Joker Card","Orichalcum","Toxic Egg 2","Nunchaku","reliquary:FerryPass","Anchor","Sandwich","BrokenLever","Unceasing Top"],"acts_visited":["Exordium","TheCity","TheBeyond","Exordium","TheCity","TheBeyond"],"potions_floor_usage":[6,6,13,13,14,18,19,23,24,27,27,28,28,30,30,31,31,31,33,33,35,38,38,38,40,42,42,46,46,46,50,57,57,59,59,59,59,62,63,65,65,67,67,69,70,73,73,74,74,74,74,76,79,79,79,81,84,84],"damage_taken":[{"damage":3,"enemies":"2 Louse","floor":1,"turns":3},{"damage":0,"enemies":"Small Slimes","floor":5,"turns":3},{"damage":14,"enemies":"Gremlin Nob","floor":6,"turns":3},{"damage":0,"enemies":"Cultist","floor":8,"turns":4},{"damage":0,"enemies":"Exordium Thugs","floor":13,"turns":5},{"damage":3,"enemies":"Lots of Slimes","floor":14,"turns":4},{"damage":48,"enemies":"Hexaghost","floor":16,"turns":10},{"damage":9,"enemies":"Chosen","floor":18,"turns":5},{"damage":14,"enemies":"Shell Parasite","floor":19,"turns":3},{"damage":9,"enemies":"Cultist and Chosen","floor":23,"turns":5},{"damage":18,"enemies":"Snake Plant","floor":24,"turns":3},{"damage":11,"enemies":"Snecko","floor":27,"turns":4},{"damage":5,"enemies":"3 Cultists","floor":28,"turns":6},{"damage":16,"enemies":"Chosen and Byrds","floor":30,"turns":6},{"damage":0,"enemies":"Sentry and Sphere","floor":31,"turns":4},{"damage":52,"enemies":"Automaton","floor":33,"turns":10},{"damage":2,"enemies":"Orb Walker","floor":35,"turns":3},{"damage":0,"enemies":"3 Darklings","floor":38,"turns":4},{"damage":42,"enemies":"Nightmare","floor":40,"turns":8},{"damage":0,"enemies":"Transient","floor":42,"turns":5},{"damage":3,"enemies":"Jaw Worm Horde","floor":45,"turns":4},{"damage":23,"enemies":"Nemesis","floor":46,"turns":7},{"damage":39,"enemies":"Donu and Deca","floor":50,"turns":9},{"damage":0,"enemies":"2 Louse","floor":52,"turns":1},{"damage":5,"enemies":"Cultist","floor":55,"turns":3},{"damage":0,"enemies":"Lagavulin","floor":57,"turns":4},{"damage":0,"enemies":"Gremlin Nob","floor":59,"turns":2},{"damage":0,"enemies":"Jaw Worm","floor":62,"turns":1},{"damage":0,"enemies":"2 Fungi Beasts","floor":63,"turns":3},{"damage":0,"enemies":"Gremlin Gang","floor":65,"turns":3},{"damage":0,"enemies":"Slime Boss","floor":67,"turns":4},{"damage":8,"enemies":"2 Thieves","floor":69,"turns":3},{"damage":0,"enemies":"Spheric Guardian","floor":70,"turns":1},{"damage":0,"enemies":"3 Cultists","floor":73,"turns":5},{"damage":3,"enemies":"Slavers","floor":74,"turns":3},{"damage":11,"enemies":"Nightmare","floor":76,"turns":5},{"damage":0,"enemies":"Snecko","floor":78,"turns":5},{"damage":6,"enemies":"Centurion and Healer","floor":79,"turns":4},{"damage":5,"enemies":"Chosen and Byrds","floor":80,"turns":5},{"damage":3,"enemies":"Snake Plant","floor":81,"turns":2},{"damage":0,"enemies":"Collector","floor":84,"turns":2},{"damage":0,"enemies":"Orb Walker","floor":86,"turns":2}],"seed_played":"3901526069717569991","potions_obtained":[{"floor":5,"key":"BlessingOfTheForge"},{"floor":5,"key":"Fire Potion"},{"floor":6,"key":"Dexterity Potion"},{"floor":13,"key":"BottledSpark"},{"floor":16,"key":"Energy Potion"},{"floor":18,"key":"DistilledChaos"},{"floor":23,"key":"infinitespire:BlackPotion"},{"floor":24,"key":"Energy Potion"},{"floor":24,"key":"DuplicationPotion"},{"floor":24,"key":"SteroidPotion"},{"floor":27,"key":"Block Potion"},{"floor":28,"key":"Energy Potion"},{"floor":28,"key":"hexamod:SoulburnPotion"},{"floor":28,"key":"GamblersBrew"},{"floor":30,"key":"LiquidMemories"},{"floor":30,"key":"Energy Potion"},{"floor":30,"key":"champ:CounterPotion"},{"floor":31,"key":"Dexterity Potion"},{"floor":31,"key":"Block Potion"},{"floor":33,"key":"DuplicationPotion"},{"floor":33,"key":"LiquidMemories"},{"floor":35,"key":"PowerPotion"},{"floor":35,"key":"BottledSpark"},{"floor":38,"key":"Energy Potion"},{"floor":40,"key":"hexamod:SoulburnPotion"},{"floor":40,"key":"Regen Potion"},{"floor":42,"key":"SteroidPotion"},{"floor":45,"key":"EntropicBrew"},{"floor":45,"key":"Block Potion"},{"floor":50,"key":"Energy Potion"},{"floor":50,"key":"FearPotion"},{"floor":55,"key":"BottledSpark"},{"floor":57,"key":"DistilledChaos"},{"floor":57,"key":"SkillPotion"},{"floor":59,"key":"Energy Potion"},{"floor":59,"key":"SpeedPotion"},{"floor":62,"key":"hexamod:SoulburnPotion"},{"floor":62,"key":"BlessingOfTheForge"},{"floor":63,"key":"Fire Potion"},{"floor":63,"key":"Swift Potion"},{"floor":65,"key":"PowerPotion"},{"floor":67,"key":"Weak Potion"},{"floor":67,"key":"ColorlessPotion"},{"floor":68,"key":"Fire Potion"},{"floor":69,"key":"Explosive Potion"},{"floor":72,"key":"Block Potion"},{"floor":73,"key":"StarNLove"},{"floor":73,"key":"SkillPotion"},{"floor":74,"key":"BlessingOfTheForge"},{"floor":74,"key":"FearPotion"},{"floor":76,"key":"Energy Potion"},{"floor":76,"key":"Swift Potion"},{"floor":78,"key":"DistilledChaos"},{"floor":78,"key":"BottledSpark"},{"floor":79,"key":"infinitespire:BlackPotion"},{"floor":79,"key":"Energy Potion"},{"floor":80,"key":"BottledSpark"},{"floor":81,"key":"BottledSpark"},{"floor":86,"key":"Ancient Potion"}],"is_trial":true,"path_per_floor":["M","?","$","?","M","E","R","M","T","R","?","$","M","M","R","B",null,"M","M","AVR","?","$","M","M","R","T","M","M","R","M","M","R","B",null,"M","$","?","M","?","NM","AVR","M","T","R","M","E","R","?","R","B",null,"M","$","?","M","?","E","?","E","T","R","M","M","$","M","R","B",null,"M","M","$","?","M","E","R","NM","T","M","M","M","M","?","R","B",null,"M","$"],"character_chosen":"MARISA","items_purchased":["WitchOfGreed","OortCloud","Regen Potion","Fruit Juice","WitchOfGreed","DoubleSpark","Ancient Tea Set","TheAbacus","EnergyFlow","Acceleration","WitchOfGreed","Omamori","DuplicationPotion","BottledSpark","Panacea","reliquary:RoseTintedGlasses","Centennial Puzzle","PrismaticShard","MagicAbsorber","infinitespire:Joker Card","BrokenLever","OortCloud","Unceasing Top","CultistPotion"],"campfire_rested":3,"item_purchase_floors":[3,12,12,22,22,22,36,36,36,36,53,53,53,53,53,64,64,64,71,71,87,87,87,87],"current_hp_per_floor":[72,65,65,47,47,33,55,55,55,55,55,55,69,66,66,18,75,66,52,52,52,52,48,30,54,54,43,44,68,58,64,64,18,80,78,78,78,80,80,38,38,59,59,59,62,45,45,65,65,32,80,80,80,80,75,75,80,80,81,81,81,81,84,84,87,87,91,96,92,98,98,98,106,112,112,111,111,120,118,123,122,122,122,134,136,138,138,138],"gold":610,"neow_bonus":"","is_daily":false,"chose_seed":false,"campfire_upgraded":10,"win_rate":0.0,"timestamp":1612717278,"path_taken":["M","?","$","?","M","E","R","M","T","R","?","$","M","?","R","BOSS","M","M","AVR","?","$","?","M","R","T","M","M","R","M","M","R","BOSS","M","$","?","M","?","NM","AVR","?","T","R","M","E","R","?","R","BOSS","M","$","?","?","?","E","?","E","T","R","M","M","$","M","R","BOSS","M","M","$","?","M","E","R","NM","T","M","M","M","?","?","R","BOSS","M","$"],"items_purchased_type":["Card","Card","Potion","Potion","Card","Card","Relic","Relic","Card","Card","Card","Relic","Potion","Potion","Card","Relic","Relic","Relic","Card","Relic","Relic","Card","Relic","Potion"],"build_version":"2020-12-22","purchased_purges":7,"victory":false,"max_hp_per_floor":[75,75,75,75,75,75,75,75,75,75,75,75,75,75,75,75,75,75,75,75,75,75,80,80,80,80,80,80,80,80,80,80,80,80,80,80,80,80,80,80,80,80,80,80,80,80,80,80,80,80,80,80,80,80,80,80,80,80,81,81,81,81,84,84,87,87,91,96,100,100,100,100,106,112,112,116,116,120,124,128,130,130,130,136,136,138,138,138],"card_choices":[{"not_picked":["NonDirectionalLaser","6A"],"picked":"EnergyFlow","floor":1},{"not_picked":["GravityBeat","DarkMatter","EnergyRecoil"],"picked":"SKIP","floor":5},{"not_picked":["GravityBeat","MeteoricShower"],"picked":"PowerUp","floor":6},{"not_picked":["EarthLightRay","DC"],"picked":"Robbery","floor":8},{"not_picked":["FinalSpark","IllusionStar","MilkyWay"],"picked":"SKIP","floor":13},{"not_picked":["WitchLeyline","Acceleration"],"picked":"GrandCross","floor":14},{"not_picked":["CollectingQuirk","BlazingStar"],"picked":"AbsoluteMagnitude","floor":16},{"not_picked":["MysteriousBeam","DC","GravityBeat"],"picked":"SKIP","floor":18},{"not_picked":["IllusionStar","Singularity"],"picked":"MilkyWay+1","floor":19},{"not_picked":["GravityBeat+1","MilkyWay"],"picked":"6A","floor":23},{"not_picked":["WitchLeyline+1","ShootingEcho"],"picked":"EnergyRecoil+1","floor":24},{"not_picked":["DoubleSpark","IllusionStar"],"picked":"EarthLightRay+1","floor":27},{"not_picked":["NonDirectionalLaser","Singularity"],"picked":"EnergyRecoil","floor":28},{"not_picked":["StarBarrage","DC"],"picked":"EnergyRecoil","floor":30},{"not_picked":["GalacticHalo","MysteriousBeam+1"],"picked":"EventHorizon","floor":31},{"not_picked":["MysteriousBeam","GravityBeat"],"picked":"RefractionSpark+1","floor":35},{"not_picked":["DarkMatter+1","MeteoricShower","DragonMeteor+1"],"picked":"SKIP","floor":38},{"not_picked":["SprinkleStarSeal+1","ShootingEcho"],"picked":"StarBarrage","floor":40},{"not_picked":["DC+1","UnstableBomb"],"picked":"DoubleSpark+1","floor":42},{"not_picked":["GravityBeat+1","BlazeAway+1","WitchLeyline+1"],"picked":"SKIP","floor":45},{"not_picked":["LuminesStrike+1","GrandCross+1"],"picked":"6A","floor":46},{"not_picked":["CasketOfStar","CollectingQuirk"],"picked":"UltimateShortwave","floor":50},{"not_picked":["DC","MysteriousBeam"],"picked":"OortCloud","floor":52},{"not_picked":["NonDirectionalLaser","SuperPerseids","DarkSpark"],"picked":"SKIP","floor":55},{"not_picked":["NonDirectionalLaser","IllusionStar","DragonMeteor"],"picked":"SKIP","floor":57},{"not_picked":["MagicChant","MilkyWay","Occultation"],"picked":"SKIP","floor":59},{"not_picked":["ShootingEcho","EnergyRecoil"],"picked":"ChargingUp","floor":62},{"not_picked":["GalacticHalo","Occultation","WitchLeyline"],"picked":"SKIP","floor":63},{"not_picked":["champ:ShieldWall","stsjorbsmod:Flame","bronze:BuggyMess"],"picked":"SKIP","floor":65},{"not_picked":["bronze:DelayedGuard","hierophant:RustyCrate","hermit:WideOpen"],"picked":"SKIP","floor":69},{"not_picked":["hermit:NoHoldsBarred","expansioncontent:InvincibleStrength","stsjorbsmod:Trouble"],"picked":"SKIP","floor":70},{"not_picked":["Sunder","JustLucky+1","Guardian:TemporalStrike"],"picked":"SKIP","floor":73},{"not_picked":["Perfected Strike","Slimebound:RollThrough","HollowMod:SharpenedNail+1"],"picked":"SKIP","floor":74},{"not_picked":["champ:RecklessLeap+1","hierophant:Blessing+1","stsjorbsmod:ParryingBlow+1"],"picked":"SKIP","floor":76},{"not_picked":["Guardian:Harden+1","6A+1","Flex+1"],"picked":"SKIP","floor":78},{"not_picked":["HollowMod:LifebloodCocoon+1","stsjorbsmod:Channel+1","hermit:Glare+1"],"picked":"SKIP","floor":79},{"not_picked":["stsjorbsmod:Brooding+1","stsjorbsmod:RefuseToForget+1","Clothesline"],"picked":"SKIP","floor":80},{"not_picked":["HandsUpB+1","Slay_Living"],"picked":"SporeBomb+1","floor":81},{"not_picked":["Streamline","hermit:Misfire","Dodge and Roll+1"],"picked":"SKIP","floor":86}],"player_experience":182836,"relics_obtained":[{"floor":6,"key":"Lantern"},{"floor":9,"key":"reliquary:PorcupineQuills"},{"floor":26,"key":"Art of War"},{"floor":40,"key":"reliquary:JackalopeAntler"},{"floor":40,"key":"Bag of Preparation"},{"floor":43,"key":"SpikesRelics:ToyHorsey"},{"floor":46,"key":"Guardian:PocketSentry"},{"floor":46,"key":"Potion Belt"},{"floor":57,"key":"HeavenlyBonsai"},{"floor":57,"key":"RollingBoulder"},{"floor":59,"key":"HollowMod:PaleOreRelic"},{"floor":59,"key":"Happy Flower"},{"floor":60,"key":"infinitespire:Lucky Rock"},{"floor":74,"key":"Orichalcum"},{"floor":74,"key":"Toxic Egg 2"},{"floor":76,"key":"Nunchaku"},{"floor":76,"key":"reliquary:FerryPass"},{"floor":77,"key":"Anchor"}],"event_choices":[{"cards_removed":["Strike_MRS"],"damage_healed":0,"gold_gain":0,"player_choice":"Card Removal","damage_taken":7,"max_hp_gain":0,"max_hp_loss":0,"event_name":"Golden Wing","floor":2,"gold_loss":0},{"damage_healed":0,"gold_gain":0,"player_choice":"Take Damage","damage_taken":18,"relics_obtained":["Golden Idol"],"max_hp_gain":0,"max_hp_loss":0,"event_name":"Golden Idol","floor":4,"gold_loss":0},{"damage_healed":0,"gold_gain":0,"player_choice":"Forge","damage_taken":0,"max_hp_gain":0,"max_hp_loss":0,"event_name":"Accursed Blacksmith","floor":11,"gold_loss":0,"cards_upgraded":["EnergyFlow"]},{"damage_healed":0,"gold_gain":0,"player_choice":"Paid Gold","damage_taken":0,"relics_obtained":["Pen Nib"],"max_hp_gain":0,"max_hp_loss":0,"event_name":"WeMeetAgain","floor":21,"gold_loss":139},{"damage_healed":0,"gold_gain":333,"player_choice":"Gave Idol","damage_taken":0,"max_hp_gain":0,"max_hp_loss":0,"event_name":"The Moai Head","floor":37,"relics_lost":["Golden Idol"],"gold_loss":0},{"damage_healed":0,"gold_gain":100,"player_choice":"Pray","damage_taken":0,"max_hp_gain":0,"max_hp_loss":0,"event_name":"Golden Shrine","floor":39,"gold_loss":0},{"damage_healed":20,"gold_gain":0,"player_choice":"Writhe","damage_taken":0,"max_hp_gain":0,"max_hp_loss":0,"event_name":"Winding Halls","floor":48,"gold_loss":0,"cards_obtained":["Writhe"]},{"damage_healed":0,"gold_gain":0,"player_choice":"Upgraded","damage_taken":0,"max_hp_gain":0,"max_hp_loss":0,"event_name":"Upgrade Shrine","floor":54,"gold_loss":0,"cards_upgraded":["Panacea"]},{"damage_healed":0,"gold_gain":0,"player_choice":"Grow","damage_taken":0,"max_hp_gain":0,"max_hp_loss":0,"event_name":"Living Wall","floor":56,"gold_loss":0,"cards_upgraded":["UltimateShortwave"]},{"cards_removed":["MasterSpark"],"damage_healed":0,"gold_gain":0,"player_choice":"Card Removal","damage_taken":0,"max_hp_gain":0,"max_hp_loss":0,"event_name":"The Cleric","floor":58,"gold_loss":50},{"damage_healed":0,"gold_gain":0,"player_choice":"Got Potions","damage_taken":0,"max_hp_gain":0,"max_hp_loss":0,"event_name":"Lab","floor":72,"gold_loss":0},{"damage_healed":0,"gold_gain":0,"player_choice":"Forge","damage_taken":0,"max_hp_gain":0,"max_hp_loss":0,"event_name":"Accursed Blacksmith","floor":82,"gold_loss":0,"cards_upgraded":["EnergyFlow"]}],"is_beta":false,"boss_relics":[{"not_picked":["Sandwich","reliquary:Ember"],"picked":"Black Star"},{"not_picked":["expansioncontent:StudyCardRelic","Sozu"],"picked":"ExperimentalFamiliar"},{"not_picked":["Velvet Choker","SlaversCollar"],"picked":"Empty Cage"},{"not_picked":["reliquary:WritOfMandamus","Cursed Key"],"picked":"Tiny House"},{"not_picked":["Busted Crown","SlaversCollar"],"picked":"Sandwich"}],"items_purged_floors":[12,20,22,36,41,53,71],"is_endless":true,"potions_floor_spawned":[5,6,13,16,24,28,30,31,38,40,45,55,65,69,76,79,80,81,86],"ascension_level":0}}