{"host":"neeznpvpgo0qgfkd","time":1612738902,"event":{"mods":["AchievementEnabler","BaseMod","BetterRewards","Colored Map","Colored Powertips","Exacting","Minty Spire (QoL Compilation)","Permanent Neow","Quick Restart","Shop Mod"],"gold_per_floor":[117,117,150,150,150,150,481,496,496,531,105,105,163,180,180,297,347,359,359,379,144,164,199,199,199],"floor_reached":24,"language":"ENG","playtime":1435,"items_purged":[],"score":326,"play_id":"3b5fd3ea-5ab1-408c-9ee0-57ed1d0f9449","local_time":"20210207180142","is_ascension_mode":true,"campfire_choices":[{"data":"Armaments","floor":6.0,"key":"SMITH"},{"floor":12.0,"key":"REST"},{"floor":15.0,"key":"REST"}],"circlet_count":0,"master_deck":["Strike_R","Strike_R","Strike_R","Strike_R","Strike_R","Defend_R","Defend_R+1","Defend_R+1","Defend_R","Bash","Cleave","Armaments+1","Heavy Blade","Pommel Strike+1","Regret","Pain","Metallicize","Sword Boomerang","Double Tap","Twin Strike","Feed","Armaments+1","Dropkick","Fire Breathing"],"relics":["Burning Blood","Matryoshka","Pantograph","Bird Faced Urn","Unceasing Top","WarpedTongs","Pen Nib","Paper Frog","Happy Flower","MerchantsRug","Tiny House","Regal Pillow","Anchor"],"acts_visited":["Exordium","TheCity"],"potions_floor_usage":[24,24],"damage_taken":[{"damage":2.0,"enemies":"2 Louse","floor":1.0,"turns":2.0},{"damage":6.0,"enemies":"Cultist","floor":3.0,"turns":4.0},{"damage":62.0,"enemies":"Lagavulin","floor":7.0,"turns":7.0},{"damage":6.0,"enemies":"Jaw Worm","floor":8.0,"turns":3.0},{"damage":15.0,"enemies":"Gremlin Nob","floor":10.0,"turns":4.0},{"damage":18.0,"enemies":"Lots of Slimes","floor":13.0,"turns":4.0},{"damage":4.0,"enemies":"Red Slaver","floor":14.0,"turns":2.0},{"damage":80.0,"enemies":"Slime Boss","floor":16.0,"turns":13.0},{"damage":11.0,"enemies":"Chosen","floor":18.0,"turns":3.0},{"damage":29.0,"enemies":"Spheric Guardian","floor":20.0,"turns":5.0},{"damage":36.0,"enemies":"3 Cultists","floor":22.0,"turns":4.0},{"damage":12,"enemies":"Gremlin Leader","floor":23,"turns":7},{"damage":43,"enemies":"Snecko","floor":24,"turns":5}],"seed_played":"-3862952098377473865","potions_obtained":[{"floor":1.0,"key":"SpeedPotion"},{"floor":3.0,"key":"LiquidBronze"},{"floor":16.0,"key":"Fire Potion"},{"floor":17.0,"key":"Swift Potion"},{"floor":18.0,"key":"BlessingOfTheForge"},{"floor":20.0,"key":"Block Potion"}],"is_trial":false,"path_per_floor":["M","?","M","?","?","R","E","M","T","E","$","R","M","M","R","B",null,"M","?","M","$","M","E","M"],"character_chosen":"IRONCLAD","items_purchased":["Matryoshka","Pantograph","Cleave","Armaments","EntropicBrew","Happy Flower","War Paint","MerchantsRug","Regal Pillow","Fire Breathing"],"campfire_rested":2,"item_purchase_floors":[0,0,0,0,0,11,11,11,21,21],"current_hp_per_floor":[76,76,76,76,76,76,20,20,20,13,13,37,37,39,63,19,70,65,65,44,44,19,17,0,0],"gold":199,"neow_bonus":"","is_daily":false,"chose_seed":false,"campfire_upgraded":1,"win_rate":0.0,"timestamp":1612738902,"path_taken":["M","?","?","?","?","R","E","M","T","E","$","R","M","?","R","BOSS","M","?","?","?","M","E","M"],"items_purchased_type":["Relic","Relic","Card","Card","Potion","Relic","Relic","Relic","Relic","Card"],"build_version":"2020-12-22","purchased_purges":0,"victory":false,"max_hp_per_floor":[80,80,80,80,80,80,80,80,80,80,80,80,80,80,80,80,85,85,85,85,85,88,88,88,88],"card_choices":[{"not_picked":["Body Slam","Hemokinesis"],"picked":"Heavy Blade","floor":1.0},{"not_picked":["Heavy Blade","Reckless Charge"],"picked":"Pommel Strike","floor":3.0},{"not_picked":["Evolve","True Grit"],"picked":"Metallicize","floor":7.0},{"not_picked":["Shrug It Off","Sentinel"],"picked":"Sword Boomerang","floor":8.0},{"not_picked":["Seeing Red","Cleave"],"picked":"Double Tap","floor":10.0},{"not_picked":["Seeing Red","Havoc","Combust"],"picked":"SKIP","floor":13.0},{"not_picked":["Perfected Strike","Shrug It Off"],"picked":"Twin Strike","floor":14.0},{"not_picked":["Impervious","Immolate"],"picked":"Feed","floor":16.0},{"not_picked":["Uppercut","Blood for Blood"],"picked":"Armaments","floor":17.0},{"not_picked":["Burning Pact","Ghostly Armor","Armaments"],"picked":"SKIP","floor":18.0},{"not_picked":["Wild Strike+1","Dual Wield"],"picked":"Dropkick","floor":20.0},{"not_picked":["True Grit+1","Headbutt","Anger"],"picked":"SKIP","floor":22.0},{"not_picked":["Body Slam","Heavy Blade","Reckless Charge"],"picked":"SKIP","floor":23}],"player_experience":1329598,"relics_obtained":[{"floor":7.0,"key":"Old Coin"},{"floor":9.0,"key":"Pen Nib"},{"floor":10.0,"key":"Paper Frog"},{"floor":23,"key":"Anchor"}],"event_choices":[{"damage_healed":0.0,"max_hp_gain":0.0,"max_hp_loss":0.0,"gold_gain":0.0,"event_name":"Purifier","player_choice":"Ignored","floor":2.0,"gold_loss":0.0,"damage_taken":0.0},{"damage_healed":0.0,"max_hp_gain":0.0,"max_hp_loss":0.0,"gold_gain":0.0,"event_name":"Big Fish","player_choice":"Box","floor":4.0,"gold_loss":0.0,"damage_taken":0.0,"relics_obtained":["Unceasing Top"],"cards_obtained":["Regret"]},{"damage_healed":0.0,"max_hp_gain":0.0,"max_hp_loss":0.0,"gold_gain":0.0,"event_name":"Accursed Blacksmith","player_choice":"Rummage","floor":5.0,"gold_loss":0.0,"damage_taken":0.0,"relics_obtained":["WarpedTongs"],"cards_obtained":["Pain"]},{"damage_healed":0.0,"max_hp_gain":0.0,"max_hp_loss":0.0,"gold_gain":0.0,"event_name":"Upgrade Shrine","player_choice":"Upgraded","floor":19.0,"gold_loss":0.0,"damage_taken":0.0,"cards_upgraded":["Armaments"]}],"is_beta":false,"boss_relics":[{"not_picked":["Empty Cage","Velvet Choker"],"picked":"Tiny House"}],"items_purged_floors":[],"is_endless":false,"potions_floor_spawned":[1,3,16,18,20],"killed_by":"Snecko","ascension_level":6}}