{"host":"i0m6ffz3lpe3z1ky","time":1612715733,"event":{"mods":["Aspiration","BaseMod","Bestiary","BetterRewards","Colored Map","Conspire","Energized Spire","Highlight Path","Hubris","Ironclad Rager","Minty Spire (QoL Compilation)","Quick Restart","Reliquary","Shop Mod","Spicy Shops","StSLib","Thieving Mod"],"gold_per_floor":[110,127,277,205,218,252,252,282,282,22,48,48,59,79,79,158,158,172,172,185,58,4,29,72,107,107,107,126,126,157,183,183,256,256,274,334,351,351,369,369,45,79,79,108,108,119,119,136,136,136,136,136,136,41,74,74],"floor_reached":57,"language":"KOR","playtime":3436,"items_purged":["Doubt","Strike_R","Strike_R","Writhe","Defend_R"],"score":3312,"play_id":"7258a7ce-84d0-40bf-acb0-95346f2655df","local_time":"20210208013533","is_ascension_mode":true,"campfire_choices":[{"data":"Heavy Blade","floor":7.0,"key":"SMITH"},{"data":"Inflame","floor":15.0,"key":"SMITH"},{"floor":29.0,"key":"RECALL"},{"data":"Spot Weakness","floor":32.0,"key":"SMITH"},{"data":"Heavy Blade","floor":45.0,"key":"SMITH"},{"data":"Heavy Blade","floor":47.0,"key":"SMITH"},{"data":"Battle Trance","floor":49.0,"key":"SMITH"},{"data":"ICR:Vanish","floor":53.0,"key":"SMITH"}],"circlet_count":0,"master_deck":["AscendersBane","Strike_R","Defend_R+1","Defend_R","Bash","Inflame+1","Heavy Blade+1","Shrug It Off","Headbutt","Sadistic Nature","Spot Weakness+1","Reaper","Predator","ICR:Vanish+1","Flying Knee","hubris:StunningStrike","Feed","CurseOfTheBell","Battle Trance+1","Spot Weakness+1","Flash of Steel","hubris:StunningStrike","Demon Form+1","Heavy Blade+1","Inflame+1","Heavy Blade+1","Evolve"],"relics":["Burning Blood","Mummified Hand","Membership Card","Singing Bowl","OrangePellets","hubris:Reverence","reliquary:WeakTea","MerchantsRug","Bag of Preparation","Cauldron","MealTicket","Regal Pillow","Strawberry","reliquary:BrokenClock","StoneCalendar","Ginger","hubris:IronBody","conspire:TopHat","Orrery","Happy Flower","Toy Ornithopter","Potion Belt","Calling Bell","aspiration:Lifesprig","Eternal Feather","WingedGreaves","reliquary:TuningFork","ClockworkSouvenir","aspiration:Stabinomicon","hubris:Potato","aspiration:Nostalgia","Cracked Core","conspire:TreasureMap","reliquary:TatteredRug","Paper Frog","White Beast Statue","conspire:DeflatedDodgeball","reliquary:JackalopeAntler","reliquary:RoseTintedGlasses","Pen Nib","energizedSpire:DecayingSkull","Shuriken","hubris:Metronome","Matryoshka","conspire:Dentures","Sling","DollysMirror","hubris:CuriousFeather","Medical Kit","War Paint","HandDrill","Mercury Hourglass","Juzu Bracelet","reliquary:Stiletto","FossilizedHelix","Bag of Marbles","reliquary:RosewoodLute"],"acts_visited":["Exordium","TheCity","TheBeyond","TheEnding"],"potions_floor_usage":[54],"damage_taken":[{"damage":0.0,"enemies":"2 Louse","floor":1.0,"turns":2.0},{"damage":2.0,"enemies":"Small Slimes","floor":2.0,"turns":3.0},{"damage":0.0,"enemies":"Cultist","floor":5.0,"turns":2.0},{"damage":30.0,"enemies":"Lagavulin","floor":6.0,"turns":7.0},{"damage":20.0,"enemies":"3 Sentries","floor":8.0,"turns":6.0},{"damage":1.0,"enemies":"Gremlin Nob","floor":11.0,"turns":3.0},{"damage":0.0,"enemies":"Blue Slaver","floor":13.0,"turns":2.0},{"damage":0.0,"enemies":"Exordium Thugs","floor":14.0,"turns":2.0},{"damage":25.0,"enemies":"The Guardian","floor":16.0,"turns":8.0},{"damage":0.0,"enemies":"Chosen","floor":18.0,"turns":2.0},{"damage":7.0,"enemies":"3 Byrds","floor":20.0,"turns":4.0},{"damage":16.0,"enemies":"Book of Stabbing","floor":23.0,"turns":3.0},{"damage":11.0,"enemies":"Slavers","floor":25.0,"turns":3.0},{"damage":3.0,"enemies":"Cultist and Chosen","floor":28.0,"turns":3.0},{"damage":0.0,"enemies":"Gremlin Leader","floor":30.0,"turns":3.0},{"damage":0.0,"enemies":"Slavers","floor":31.0,"turns":3.0},{"damage":19.0,"enemies":"Collector","floor":33.0,"turns":6.0},{"damage":0.0,"enemies":"Orb Walker","floor":35.0,"turns":2.0},{"damage":0.0,"enemies":"3 Shapes","floor":37.0,"turns":2.0},{"damage":0.0,"enemies":"3 Darklings","floor":39.0,"turns":4.0},{"damage":26.0,"enemies":"Reptomancer","floor":42.0,"turns":3.0},{"damage":0.0,"enemies":"Giant Head","floor":44.0,"turns":3.0},{"damage":0.0,"enemies":"Jaw Worm Horde","floor":46.0,"turns":1.0},{"damage":24.0,"enemies":"Transient","floor":48.0,"turns":5.0},{"damage":0.0,"enemies":"Awakened One","floor":50.0,"turns":5.0},{"damage":21.0,"enemies":"Donu and Deca","floor":51.0,"turns":4.0},{"damage":0,"enemies":"Shield and Spear","floor":55,"turns":2},{"damage":0,"enemies":"The Heart","floor":56,"turns":6}],"seed_played":"991618876074595214","potions_obtained":[{"floor":1.0,"key":"FearPotion"},{"floor":2.0,"key":"Ancient Potion"},{"floor":4.0,"key":"SneckoOil"},{"floor":4.0,"key":"ElixirPotion"},{"floor":4.0,"key":"FairyPotion"},{"floor":4.0,"key":"Regen Potion"},{"floor":14.0,"key":"SteroidPotion"},{"floor":16.0,"key":"BlessingOfTheForge"},{"floor":20.0,"key":"FearPotion"},{"floor":25.0,"key":"EssenceOfSteel"},{"floor":28.0,"key":"PowerPotion"},{"floor":33.0,"key":"AttackPotion"},{"floor":42.0,"key":"Fire Potion"},{"floor":44.0,"key":"Weak Potion"},{"floor":48.0,"key":"ElixirPotion"},{"floor":55,"key":"Fire Potion"}],"is_trial":false,"path_per_floor":["M","M","?","$","M","E","R","E","T","$","E","?","M","M","R","B",null,"M","?","M","$","$","E","$","E","T","?","M","R","E","E","R","B",null,"M","$","M","?","M","R","$","E","T","E","R","M","R","M","R","B","B",null,"R","$","E","B",null],"character_chosen":"IRONCLAD","items_purchased":["Mummified Hand","Membership Card","Singing Bowl","OrangePellets","hubris:Reverence","reliquary:WeakTea","Inflame","MerchantsRug","ThievingMod:ThievingPotion","Orrery","Happy Flower","Toy Ornithopter","reliquary:TuningFork","hubris:HerbalPaste","ClockworkSouvenir","Spot Weakness","hubris:Potato","Ancient Potion","SmokeBomb","hubris:CuriousFeather","Medical Kit","War Paint","HandDrill","Heavy Blade","Evolve","Bag of Marbles","Fruit Juice"],"campfire_rested":0,"item_purchase_floors":[0,0,0,0,0,0,0,4,4,10,10,10,21,21,22,22,24,24,24,41,41,41,41,41,41,54,54],"current_hp_per_floor":[39,45,45,52,60,53,53,41,41,62,78,78,86,100,100,81,95,102,102,107,107,107,102,112,112,112,112,120,122,124,124,124,111,121,124,124,129,129,131,131,131,116,116,124,138,140,140,145,145,148,133,144,148,153,155,155],"gold":74,"neow_bonus":"","is_daily":false,"chose_seed":false,"campfire_upgraded":7,"win_rate":0.0,"timestamp":1612715733,"path_taken":["M","M","?","$","M","E","R","E","T","$","E","?","?","M","R","BOSS","M","?","M","?","$","E","$","E","T","?","M","R","E","E","R","BOSS","M","$","M","?","M","R","$","E","T","E","R","M","R","M","R","BOSS","BOSS","R","$","E","BOSS"],"items_purchased_type":["Relic","Relic","Relic","Relic","Relic","Relic","Card","Relic","Potion","Relic","Relic","Relic","Relic","Relic","Relic","Card","Relic","Potion","Potion","Relic","Relic","Relic","Relic","Card","Card","Relic","Potion"],"build_version":"2020-12-22","purchased_purges":5,"victory":true,"max_hp_per_floor":[75,77,77,84,86,88,88,90,90,96,98,98,100,100,100,100,100,102,102,107,107,107,112,112,117,117,117,122,122,124,124,124,124,124,124,124,129,129,131,131,131,136,136,138,138,140,140,145,145,148,148,148,148,153,155,155],"card_choices":[{"not_picked":["Clothesline","Twin Strike"],"picked":"Heavy Blade","floor":1.0},{"not_picked":["Perfected Strike","Flex","hubris:SharpeningStone"],"picked":"Singing Bowl","floor":2.0},{"not_picked":["Sentinel","Body Slam","Iron Wave"],"picked":"Singing Bowl","floor":5.0},{"not_picked":["Burning Pact","Sever Soul","Combust"],"picked":"Singing Bowl","floor":6.0},{"not_picked":["Combust","Shrug It Off","Rage"],"picked":"Singing Bowl","floor":8.0},{"not_picked":["Pommel Strike","Body Slam","Sword Boomerang"],"picked":"Singing Bowl","floor":10.0},{"not_picked":["Bloodletting","Pommel Strike","Warcry"],"picked":"Singing Bowl","floor":10.0},{"not_picked":["Battle Trance","Armaments"],"picked":"Spot Weakness","floor":10.0},{"not_picked":["Clash","Flame Barrier"],"picked":"Reaper","floor":10.0},{"not_picked":["Iron Wave","Clothesline","Bloodletting"],"picked":"Singing Bowl","floor":10.0},{"not_picked":["Rampage","Warcry","Body Slam"],"picked":"Singing Bowl","floor":11.0},{"not_picked":["Clash","Thunderclap","Headbutt"],"picked":"Singing Bowl","floor":13.0},{"not_picked":["Pommel Strike","Warcry"],"picked":"hubris:StunningStrike","floor":14.0},{"not_picked":["Impervious","conspire:HitWhereItHurts"],"picked":"Feed","floor":16.0},{"not_picked":["Rupture","Body Slam+1","Shrug It Off"],"picked":"Singing Bowl","floor":18.0},{"not_picked":["Perfected Strike","Headbutt","Combust+1"],"picked":"Singing Bowl","floor":20.0},{"not_picked":["Evolve","Rampage","Iron Wave"],"picked":"Singing Bowl","floor":23.0},{"not_picked":["Iron Wave+1","hubris:ReadiedAction","Burning Pact"],"picked":"Singing Bowl","floor":25.0},{"not_picked":["Fire Breathing+1","Headbutt","Armaments"],"picked":"Singing Bowl","floor":28.0},{"not_picked":["Feed","conspire:Charge+1","conspire:HitWhereItHurts"],"picked":"Singing Bowl","floor":30.0},{"not_picked":["Heavy Blade","Flex"],"picked":"hubris:StunningStrike","floor":31.0},{"not_picked":["Reaper","Offering"],"picked":"Demon Form","floor":33.0},{"not_picked":["Body Slam","Iron Wave"],"picked":"Heavy Blade","floor":35.0},{"not_picked":["Reckless Charge+1","Feel No Pain","Anger+1"],"picked":"Singing Bowl","floor":37.0},{"not_picked":["Anger","True Grit","Havoc+1"],"picked":"Singing Bowl","floor":39.0},{"not_picked":["Pommel Strike","True Grit+1","Sword Boomerang"],"picked":"Singing Bowl","floor":42.0},{"not_picked":["Immolate","Thunderclap+1","Fire Breathing"],"picked":"Singing Bowl","floor":44.0},{"not_picked":["Clash","Dark Embrace","Rage"],"picked":"Singing Bowl","floor":46.0},{"not_picked":["Rampage+1","Headbutt","Thunderclap+1"],"picked":"Singing Bowl","floor":48.0},{"not_picked":["Infernal Blade+1","Perfected Strike","Iron Wave+1"],"picked":"Singing Bowl","floor":55}],"player_experience":530739,"relics_obtained":[{"floor":6.0,"key":"StoneCalendar"},{"floor":8.0,"key":"Ginger"},{"floor":9.0,"key":"hubris:IronBody"},{"floor":11.0,"key":"Potion Belt"},{"floor":17.0,"key":"aspiration:Lifesprig"},{"floor":17.0,"key":"Eternal Feather"},{"floor":17.0,"key":"WingedGreaves"},{"floor":23.0,"key":"aspiration:Stabinomicon"},{"floor":25.0,"key":"White Beast Statue"},{"floor":26.0,"key":"conspire:DeflatedDodgeball"},{"floor":30.0,"key":"reliquary:RoseTintedGlasses"},{"floor":31.0,"key":"Pen Nib"},{"floor":42.0,"key":"Mercury Hourglass"},{"floor":43.0,"key":"Juzu Bracelet"},{"floor":44.0,"key":"reliquary:Stiletto"},{"floor":55,"key":"reliquary:RosewoodLute"}],"event_choices":[{"damage_healed":0.0,"max_hp_gain":0.0,"max_hp_loss":0.0,"gold_gain":150.0,"event_name":"Liars Game","player_choice":"AGREE","floor":3.0,"gold_loss":0.0,"damage_taken":0.0,"cards_obtained":["Doubt"]},{"damage_healed":0.0,"max_hp_gain":0.0,"max_hp_loss":0.0,"gold_gain":0.0,"event_name":"The Library","player_choice":"Read","floor":19.0,"gold_loss":0.0,"damage_taken":0.0,"cards_obtained":["Battle Trance"]},{"damage_healed":0.0,"max_hp_gain":0.0,"max_hp_loss":0.0,"gold_gain":0.0,"event_name":"The Mausoleum","player_choice":"Opened","floor":27.0,"gold_loss":0.0,"damage_taken":0.0,"relics_obtained":["reliquary:JackalopeAntler"],"cards_obtained":["Writhe"]},{"damage_healed":0.0,"max_hp_gain":0.0,"max_hp_loss":0.0,"gold_gain":0.0,"event_name":"Upgrade Shrine","player_choice":"Upgraded","floor":38.0,"gold_loss":0.0,"damage_taken":0.0,"cards_upgraded":["Demon Form"]}],"is_beta":false,"boss_relics":[{"not_picked":["reliquary:WritOfMandamus","Philosopher\u0027s Stone"],"picked":"Calling Bell"},{"not_picked":["aspiration:FutureDiary","conspire:SlowCooker"],"picked":"energizedSpire:DecayingSkull"}],"items_purged_floors":[4,10,24,36,41],"is_endless":false,"potions_floor_spawned":[1,2,5,14,16,20,25,28,30,31,33,35,37,39,42,44,46,48,55],"ascension_level":20}}