{"host":"bplbr8uekuotory4","time":1612682339,"event":{"mods":["Act Like it!","BaseMod","GungeonMod","Hermit","KinomotoSakuraMod(ƒæ÷Æ±æ”£)","Marisa£®ÏF”Í°°ƒß¿Ì…≥£©","Minty Spire (QoL Compilation)","Prisma Mod","Quick Restart","Reimu£®≤©¿ˆ¡È√Œ£©","SOS£®Àπ∞Õ¥Ô÷Æ◊”£©","Spicy Shops","StSLib","TestMod","The Blackbeard","The Cursed","The Mystic","The Poker Player","The Saiyan","The Senshi","The Servant 0.9.4","Yuri Mod","[IsaacMod]“‘»ˆº‚À˛"],"gold_per_floor":[110,117,342,349,374,409,87,37,37,85,109,125,143,166,166,291,291,276,276,276],"floor_reached":18,"language":"ZHS","playtime":337,"items_purged":["blackbeard:BlackbeardStrike","blackbeard:BlackbeardDefend"],"score":383,"play_id":"284ec0c7-d239-4fc7-bc59-dcaa4fe9854e","local_time":"20210207151859","is_ascension_mode":true,"campfire_choices":[{"data":"blackbeard:PiratesWill","floor":15,"key":"SMITH"}],"circlet_count":0,"master_deck":["AscendersBane","blackbeard:BlackbeardStrike","blackbeard:BlackbeardStrike","blackbeard:BlackbeardStrike","blackbeard:IntimidatingStrike","blackbeard:BlackbeardDefend","blackbeard:BlackbeardDefend+1","blackbeard:Cutlass+1","blackbeard:TacticalRetreat","blackbeard:BeatUp","blackbeard:Toast","blackbeard:Parrot","blackbeard:PiratesWill+1","blackbeard:BoostMorale","blackbeard:GoldenCannonball","blackbeard:Intoxication"],"relics":["blackbeard:LoadTheCannons","testmod-TestBox","HushsDoor","SalivaCoin","testmod-TurbochargingSystem","NeowsBlessing","Golden Idol","DemoMod:MonsterBlood","Incense Burner","SatanicBible","blackbeard:PowderCan","DeathBook","Philosopher\u0027s Stone","GuppysHairball","GuppysPaw"],"acts_visited":["Exordium","TheCity"],"potions_floor_usage":[16],"damage_taken":[{"damage":0,"enemies":"2 Louse","floor":1,"turns":1},{"damage":0,"enemies":"Jaw Worm","floor":5,"turns":1},{"damage":0,"enemies":"Gremlin Nob","floor":6,"turns":1},{"damage":18,"enemies":"Lagavulin","floor":10,"turns":5},{"damage":0,"enemies":"Small Slimes","floor":11,"turns":1},{"damage":0,"enemies":"2 Fungi Beasts","floor":12,"turns":2},{"damage":0,"enemies":"Looter","floor":13,"turns":1},{"damage":9,"enemies":"Blue Slaver","floor":14,"turns":2},{"damage":0,"enemies":"The Guardian","floor":16,"turns":11},{"damage":0,"enemies":"2 Thieves","floor":18,"turns":1}],"seed_played":"-7478470276784386358","potions_obtained":[{"floor":5,"key":"DemoMod:LeadSkinPotion"},{"floor":10,"key":"DistilledChaos"},{"floor":16,"key":"DistilledChaos"}],"is_trial":false,"path_per_floor":["M","?","?","?","M","E","$","?","T","E","M","M","M","M","R","B",null,"M"],"character_chosen":"BLACKBEARD_CLASS","items_purchased":["SatanicBible","GuppysHairball","GuppysPaw","blackbeard:GoldenCannonball","blackbeard:Intoxication"],"campfire_rested":0,"item_purchase_floors":[7,17,17,17,17],"current_hp_per_floor":[68,50,50,42,42,42,42,42,42,24,24,24,24,15,15,15,41,41,41,41],"gold":276,"neow_bonus":"THREE_ENEMY_KILL","is_daily":false,"chose_seed":false,"campfire_upgraded":1,"win_rate":0.0,"timestamp":1612682339,"path_taken":["M","?","?","?","M","E","?","?","T","E","?","M","?","M","R","BOSS","M"],"items_purchased_type":["Relic","Relic","Relic","Card","Card"],"build_version":"2020-12-22","purchased_purges":2,"victory":false,"max_hp_per_floor":[75,75,75,82,82,82,82,82,82,82,82,82,82,82,82,82,50,50,50,50],"card_choices":[{"not_picked":["blackbeard:Sharpening","blackbeard:WiseDefense"],"picked":"blackbeard:TacticalRetreat","floor":1},{"not_picked":["blackbeard:GoldenStrike","blackbeard:UndeadForm","blackbeard:GoldenDefense"],"picked":"SKIP","floor":5},{"not_picked":["blackbeard:GoldenStrike","blackbeard:Fencing","blackbeard:WeaponProficiency"],"picked":"SKIP","floor":6},{"not_picked":["blackbeard:Bandana","blackbeard:InfiniteBarrage"],"picked":"blackbeard:BeatUp","floor":10},{"not_picked":["blackbeard:PirateEarring","blackbeard:Fencing"],"picked":"blackbeard:Toast","floor":11},{"not_picked":["blackbeard:Fencing","blackbeard:Provisioning"],"picked":"blackbeard:Parrot","floor":12},{"not_picked":["blackbeard:DoubleBottom","blackbeard:SwordDance"],"picked":"blackbeard:PiratesWill","floor":13},{"not_picked":["blackbeard:BeatUp","blackbeard:DeadlyArsenal","blackbeard:Shrapnel"],"picked":"SKIP","floor":14},{"not_picked":["blackbeard:BountyHunter","blackbeard:Halberd"],"picked":"blackbeard:BoostMorale","floor":16}],"player_experience":1120906,"relics_obtained":[{"floor":6,"key":"Incense Burner"},{"floor":9,"key":"blackbeard:PowderCan"},{"floor":10,"key":"DeathBook"}],"event_choices":[{"damage_healed":0,"gold_gain":0,"player_choice":"Take Damage","damage_taken":18,"relics_obtained":["Golden Idol"],"max_hp_gain":0,"max_hp_loss":0,"event_name":"Golden Idol","floor":2,"gold_loss":0},{"damage_healed":0,"gold_gain":225,"player_choice":"YARR","damage_taken":0,"relics_obtained":["DemoMod:WeirdEgg"],"max_hp_gain":0,"max_hp_loss":0,"event_name":"blackbeard:Ssssserpent","floor":3,"gold_loss":0},{"damage_healed":0,"gold_gain":0,"player_choice":"Entered Light","damage_taken":15,"max_hp_gain":0,"max_hp_loss":0,"event_name":"Shining Light","floor":4,"gold_loss":0,"cards_upgraded":["blackbeard:Cutlass","blackbeard:BlackbeardDefend"]},{"cards_removed":["blackbeard:BlackbeardDefend"],"damage_healed":0,"gold_gain":0,"player_choice":"Card Removal","damage_taken":0,"max_hp_gain":0,"max_hp_loss":0,"event_name":"The Cleric","floor":8,"gold_loss":50}],"is_beta":false,"boss_relics":[{"not_picked":["testmod-IncinerationGenerator","testmod-KeyOfTheVoid"],"picked":"Philosopher\u0027s Stone"},{"not_picked":[]}],"items_purged_floors":[7,17],"is_endless":false,"potions_floor_spawned":[5,10,11,16],"killed_by":"2 Thieves","ascension_level":11}}