{"host":"bgyhjzqafgkxdxsh","time":1612668359,"event":{"mods":["BaseMod","Colored Map","Minty Spire (QoL Compilation)","Relic Stats","StSLib","everything is the same but u backflip on backflip"],"gold_per_floor":[110,110,128,128,142,142,182,182,233,233,35,78,153,174,174,303,303,323,248,248,272,292,292,7,7,59,59,100,199,199,218,218,218,218],"floor_reached":33,"language":"ENG","playtime":926,"items_purged":[],"score":420,"play_id":"ae6d8230-5032-4557-be92-2f353efa0602","local_time":"20210207132559","is_ascension_mode":true,"campfire_choices":[{"data":"Noxious Fumes","floor":6.0,"key":"SMITH"},{"data":"Survivor","floor":8.0,"key":"SMITH"},{"data":"Bane","floor":10.0,"key":"SMITH"},{"data":"Deadly Poison","floor":15.0,"key":"SMITH"},{"data":"Wraith Form v2","floor":25.0,"key":"SMITH"},{"data":"Malaise","floor":27.0,"key":"SMITH"},{"data":"Leg Sweep","floor":30.0,"key":"SMITH"},{"floor":32.0,"key":"REST"}],"circlet_count":0,"master_deck":["AscendersBane","Strike_G","Strike_G","Strike_G","Defend_G","Defend_G","Defend_G","Defend_G","Survivor+1","Neutralize+1","Die Die Die","Noxious Fumes+1","Dagger Spray","Bane+1","Deadly Poison+1","Poisoned Stab","Wraith Form v2+1","Deadly Poison","Skewer","Leg Sweep+1","Malaise+1","Glass Knife","Heel Hook"],"relics":["Ring of the Snake","Golden Idol","Ancient Tea Set","Tiny Chest","Lee\u0027s Waffle","Omamori","Philosopher\u0027s Stone","MealTicket","OrangePellets","Toy Ornithopter","Oddly Smooth Stone"],"acts_visited":["Exordium","TheCity"],"potions_floor_usage":[33,33],"damage_taken":[{"damage":0.0,"enemies":"Jaw Worm","floor":1.0,"turns":6.0},{"damage":0.0,"enemies":"Small Slimes","floor":3.0,"turns":2.0},{"damage":0.0,"enemies":"2 Louse","floor":5.0,"turns":2.0},{"damage":19.0,"enemies":"Lagavulin","floor":7.0,"turns":6.0},{"damage":12.0,"enemies":"Gremlin Nob","floor":12.0,"turns":3.0},{"damage":0.0,"enemies":"2 Fungi Beasts","floor":14.0,"turns":2.0},{"damage":40.0,"enemies":"The Guardian","floor":16.0,"turns":10.0},{"damage":26.0,"enemies":"Spheric Guardian","floor":18.0,"turns":6.0},{"damage":15.0,"enemies":"Shell Parasite","floor":21.0,"turns":5.0},{"damage":5.0,"enemies":"Snake Plant","floor":22.0,"turns":4.0},{"damage":13.0,"enemies":"Book of Stabbing","floor":28.0,"turns":7.0},{"damage":0.0,"enemies":"Centurion and Healer","floor":31.0,"turns":5.0},{"damage":55,"enemies":"Automaton","floor":33,"turns":4}],"seed_played":"-578877340879679415","potions_obtained":[{"floor":5.0,"key":"DistilledChaos"},{"floor":7.0,"key":"SmokeBomb"},{"floor":12.0,"key":"Ancient Potion"},{"floor":16.0,"key":"ColorlessPotion"},{"floor":21.0,"key":"SkillPotion"},{"floor":28.0,"key":"ColorlessPotion"}],"is_trial":false,"path_per_floor":["M","?","M","?","M","R","E","R","T","R","$","E","?","M","R","B",null,"M","?","?","M","M","T","$","R","T","R","E","?","R","M","R","B"],"character_chosen":"THE_SILENT","items_purchased":["Lee\u0027s Waffle","Deadly Poison","OrangePellets","Malaise"],"campfire_rested":1,"item_purchase_floors":[11,11,24,24],"current_hp_per_floor":[63,46,46,46,46,46,27,27,27,27,77,65,54,54,54,14,61,35,35,35,20,15,15,30,30,30,30,17,17,17,17,40,0,0],"gold":218,"neow_bonus":"ONE_RANDOM_RARE_CARD","is_daily":false,"chose_seed":false,"campfire_upgraded":7,"win_rate":0.0,"timestamp":1612668359,"path_taken":["M","?","M","?","M","R","E","R","T","R","$","E","?","M","R","BOSS","M","?","?","M","M","?","$","R","T","R","E","?","R","M","R","BOSS"],"items_purchased_type":["Relic","Card","Relic","Card"],"build_version":"2020-12-22","purchased_purges":0,"victory":false,"max_hp_per_floor":[70,70,70,70,70,70,70,70,70,70,77,77,77,77,77,77,77,77,77,77,77,77,77,77,77,77,77,77,77,77,77,77,77,77],"relic_stats":{"OrangePellets":[1],"Lee\u0027s Waffle":50,"counters":[13,62],"Golden Idol":79,"Tiny Chest":1,"MealTicket":15,"obtain_stats":[{"OrangePellets":24,"Lee\u0027s Waffle":11,"Golden Idol":2,"Oddly Smooth Stone":28,"Tiny Chest":9,"Philosopher\u0027s Stone":17,"MealTicket":23,"Omamori":12,"Ancient Tea Set":7,"Toy Ornithopter":26,"Ring of the Snake":0},{"OrangePellets":10,"Lee\u0027s Waffle":4,"Golden Idol":1,"Oddly Smooth Stone":11,"Tiny Chest":4,"Philosopher\u0027s Stone":7,"MealTicket":10,"Omamori":5,"Ancient Tea Set":4,"Toy Ornithopter":10,"Ring of the Snake":0},{"OrangePellets":46,"Lee\u0027s Waffle":16,"Golden Idol":6,"Oddly Smooth Stone":53,"Tiny Chest":16,"Philosopher\u0027s Stone":31,"MealTicket":46,"Omamori":19,"Ancient Tea Set":16,"Toy Ornithopter":46,"Ring of the Snake":0}],"Toy Ornithopter":10,"Ring of the Snake":[26]},"card_choices":[{"not_picked":["Sucker Punch","Prepared"],"picked":"Noxious Fumes","floor":1.0},{"not_picked":["Dagger Throw","Outmaneuver"],"picked":"Dagger Spray","floor":3.0},{"not_picked":["Accuracy","Bullet Time"],"picked":"Bane","floor":5.0},{"not_picked":["Riddle With Holes","Blade Dance","Flying Knee"],"picked":"SKIP","floor":7.0},{"not_picked":["Riddle With Holes","Slice"],"picked":"Poisoned Stab","floor":12.0},{"not_picked":["Blade Dance","Poisoned Stab","Expertise"],"picked":"SKIP","floor":14.0},{"not_picked":["Grand Finale","Doppelganger"],"picked":"Wraith Form v2","floor":16.0},{"not_picked":["Heel Hook+1","Flechettes+1"],"picked":"Deadly Poison","floor":18.0},{"not_picked":["Predator","PiercingWail","Bane+1"],"picked":"SKIP","floor":21.0},{"not_picked":["Poisoned Stab","Well Laid Plans","Underhanded Strike"],"picked":"SKIP","floor":22.0},{"not_picked":["Footwork","PiercingWail"],"picked":"Glass Knife","floor":28.0},{"not_picked":["Deadly Poison","Slice"],"picked":"Heel Hook","floor":31.0}],"player_experience":467515,"relics_obtained":[{"floor":7.0,"key":"Ancient Tea Set"},{"floor":9.0,"key":"Tiny Chest"},{"floor":12.0,"key":"Omamori"},{"floor":23.0,"key":"MealTicket"},{"floor":26.0,"key":"Toy Ornithopter"},{"floor":28.0,"key":"Oddly Smooth Stone"}],"event_choices":[{"damage_healed":0.0,"max_hp_gain":0.0,"max_hp_loss":0.0,"gold_gain":0.0,"event_name":"Golden Idol","player_choice":"Take Damage","floor":2.0,"gold_loss":0.0,"damage_taken":17.0,"relics_obtained":["Golden Idol"]},{"damage_healed":0.0,"max_hp_gain":0.0,"max_hp_loss":0.0,"gold_gain":0.0,"event_name":"Living Wall","player_choice":"Grow","floor":4.0,"gold_loss":0.0,"damage_taken":0.0,"cards_upgraded":["Neutralize"]},{"damage_healed":0.0,"max_hp_gain":0.0,"max_hp_loss":0.0,"gold_gain":75.0,"event_name":"World of Goop","player_choice":"Gather Gold","floor":13.0,"gold_loss":0.0,"damage_taken":11.0},{"cards_removed":["Strike_G"],"damage_healed":0.0,"max_hp_gain":0.0,"max_hp_loss":0.0,"gold_gain":0.0,"event_name":"Beggar","player_choice":"Gave Gold","floor":19.0,"gold_loss":75.0,"damage_taken":0.0},{"damage_healed":0.0,"max_hp_gain":0.0,"max_hp_loss":0.0,"gold_gain":0.0,"cards_transformed":["Strike_G","Defend_G"],"event_name":"Drug Dealer","player_choice":"Became Test Subject","floor":20.0,"gold_loss":0.0,"damage_taken":0.0,"cards_obtained":["Skewer","Leg Sweep"]},{"damage_healed":0.0,"max_hp_gain":0.0,"max_hp_loss":0.0,"gold_gain":99.0,"event_name":"Nest","player_choice":"Stole From Cult","floor":29.0,"gold_loss":0.0,"damage_taken":0.0}],"is_beta":false,"boss_relics":[{"not_picked":["Coffee Dripper","Ring of the Serpent"],"picked":"Philosopher\u0027s Stone"}],"items_purged_floors":[],"is_endless":false,"potions_floor_spawned":[5,7,12,16,21,28],"killed_by":"Automaton","ascension_level":11}}