{"host":"m1r1dnnd0bbi4qb9","time":1612719908,"event":{"mods":["BaseMod","Minty Spire (QoL Compilation)","SuperFastMode"],"gold_per_floor":[118,193,468,478,80,114,114,131,205,205,155,32,32,43,43,139,139,155,165,178,189,206,206,220,220,220,220,220,220,220],"floor_reached":29,"language":"ENG","playtime":1010,"items_purged":["Regret","Defend_R"],"score":378,"play_id":"0e30f455-2b35-444d-9b95-7e804999bdcf","local_time":"20210207154508","is_ascension_mode":true,"campfire_choices":[{"data":"Armaments","floor":7.0,"key":"SMITH"},{"data":"Flex","floor":15.0,"key":"SMITH"},{"floor":23,"key":"REST"}],"circlet_count":0,"master_deck":["AscendersBane","Strike_R","Strike_R","Strike_R","Strike_R","Defend_R","Defend_R","Defend_R","Bash","Flex+1","Armaments+1","Cleave","Heavy Blade","Iron Wave","Shrug It Off","Heavy Blade","Juggernaut","CurseOfTheBell","Fire Breathing","Pummel+1","Entrench","Shockwave","Armaments","Decay","Pummel+1"],"relics":["Burning Blood","NeowsBlessing","CaptainsWheel","Centennial Puzzle","Self Forming Clay","Pantograph","Dead Branch","Calling Bell","Orichalcum","Kunai","Mango","Bottled Flame"],"acts_visited":["Exordium","TheCity"],"potions_floor_usage":[20,27],"damage_taken":[{"damage":0.0,"enemies":"2 Louse","floor":1.0,"turns":1.0},{"damage":0.0,"enemies":"Small Slimes","floor":4.0,"turns":2.0},{"damage":0.0,"enemies":"3 Sentries","floor":6.0,"turns":2.0},{"damage":1.0,"enemies":"Cultist","floor":8.0,"turns":4.0},{"damage":12.0,"enemies":"Exordium Thugs","floor":14.0,"turns":6.0},{"damage":9.0,"enemies":"The Guardian","floor":16.0,"turns":8.0},{"damage":0,"enemies":"Spheric Guardian","floor":18,"turns":4},{"damage":42,"enemies":"Shell Parasite","floor":19,"turns":7},{"damage":15,"enemies":"Snecko","floor":20,"turns":6},{"damage":12,"enemies":"Cultist and Chosen","floor":21,"turns":6},{"damage":22,"enemies":"3 Cultists","floor":22,"turns":5},{"damage":50,"enemies":"Shelled Parasite and Fungi","floor":24,"turns":12},{"damage":0,"enemies":"Snecko","floor":27,"turns":3},{"damage":17,"enemies":"Centurion and Healer","floor":29,"turns":5}],"seed_played":"6259884061311039356","potions_obtained":[{"floor":4.0,"key":"Fire Potion"},{"floor":8.0,"key":"PowerPotion"},{"floor":18,"key":"EssenceOfSteel"},{"floor":22,"key":"SmokeBomb"}],"is_trial":false,"path_per_floor":["M","?","?","M","$","E","R","M","T","T","?","$","T","M","R","B",null,"M","M","M","M","M","R","M","?","T","M","?","M"],"character_chosen":"IRONCLAD","items_purchased":["Cleave","CaptainsWheel","Shrug It Off"],"campfire_rested":1,"item_purchase_floors":[5,5,12],"current_hp_per_floor":[78,67,67,73,73,79,79,80,80,80,80,80,80,74,74,77,93,94,58,49,43,27,55,11,11,11,17,17,0,0],"gold":220,"neow_bonus":"THREE_ENEMY_KILL","is_daily":false,"chose_seed":false,"campfire_upgraded":2,"win_rate":0.0,"timestamp":1612719908,"path_taken":["M","?","?","?","$","E","R","M","T","?","?","?","?","M","R","BOSS","M","?","M","M","M","R","M","?","T","M","?","M"],"items_purchased_type":["Card","Relic","Card"],"build_version":"2020-12-22","purchased_purges":2,"victory":false,"max_hp_per_floor":[80,80,80,80,80,80,80,80,80,80,80,80,80,80,80,80,94,94,94,94,94,94,94,94,94,94,94,94,94,94],"card_choices":[{"not_picked":["Shockwave","True Grit"],"picked":"Flex","floor":1.0},{"not_picked":["Clothesline","Shrug It Off"],"picked":"Armaments","floor":4.0},{"not_picked":["Feel No Pain","Double Tap"],"picked":"Heavy Blade","floor":6.0},{"not_picked":["Searing Blow","Reckless Charge"],"picked":"Iron Wave","floor":8.0},{"not_picked":["Clash","Cleave"],"picked":"Heavy Blade","floor":14.0},{"not_picked":["Impervious","Limit Break"],"picked":"Juggernaut","floor":16.0},{"not_picked":["Evolve+1","Iron Wave+1"],"picked":"Fire Breathing","floor":18},{"not_picked":["Heavy Blade+1","Sword Boomerang+1","Wild Strike"],"picked":"SKIP","floor":19},{"not_picked":["Shrug It Off","Havoc"],"picked":"Pummel+1","floor":20},{"not_picked":["Wild Strike","Clash"],"picked":"Entrench","floor":21},{"not_picked":["Shrug It Off","Cleave"],"picked":"Shockwave","floor":22},{"not_picked":["Cleave+1","Thunderclap"],"picked":"Armaments","floor":24}],"player_experience":600240,"relics_obtained":[{"floor":6.0,"key":"Centennial Puzzle"},{"floor":9.0,"key":"Self Forming Clay"},{"floor":10.0,"key":"Pantograph"},{"floor":13.0,"key":"Dead Branch"},{"floor":17.0,"key":"Orichalcum"},{"floor":17.0,"key":"Kunai"},{"floor":17.0,"key":"Mango"},{"floor":26,"key":"Bottled Flame"}],"event_choices":[{"damage_healed":0.0,"max_hp_gain":0.0,"max_hp_loss":0.0,"gold_gain":75.0,"event_name":"World of Goop","player_choice":"Gather Gold","floor":2.0,"gold_loss":0.0,"damage_taken":11.0},{"damage_healed":0.0,"max_hp_gain":0.0,"max_hp_loss":0.0,"gold_gain":275.0,"event_name":"Golden Shrine","player_choice":"Desecrate","floor":3.0,"gold_loss":0.0,"damage_taken":0.0,"cards_obtained":["Regret"]},{"cards_removed":["Strike_R"],"damage_healed":0.0,"max_hp_gain":0.0,"max_hp_loss":0.0,"gold_gain":0.0,"event_name":"The Cleric","player_choice":"Card Removal","floor":11.0,"gold_loss":50.0,"damage_taken":0.0},{"damage_healed":0,"gold_gain":0,"player_choice":"Smashed Altar","damage_taken":0,"max_hp_gain":0,"max_hp_loss":0,"event_name":"Forgotten Altar","floor":25,"gold_loss":0,"cards_obtained":["Decay"]},{"damage_healed":0,"gold_gain":0,"player_choice":"Copied","damage_taken":0,"max_hp_gain":0,"max_hp_loss":0,"event_name":"Duplicator","floor":28,"gold_loss":0,"cards_obtained":["Pummel"]}],"is_beta":false,"boss_relics":[{"not_picked":["Runic Cube","Tiny House"],"picked":"Calling Bell"}],"items_purged_floors":[5,12],"is_endless":false,"potions_floor_spawned":[4,8,18,22,27],"killed_by":"Centurion and Healer","ascension_level":10}}