{"host":"u0qetpmu4y58k1tf","time":1612707829,"event":{"mods":["AchievementEnabler","BaseMod","Colored Map","Colored Powertips","Hermit","Marisa£¨Ùöéë¡¡Øª×âÞÞ£©","Minty Spire (QoL Compilation)","Reliquary","Replay The Spire","StSLib","SuperFastMode","The Bug Knight","The Cursed","The Hierophant","The Runesmith"],"gold_per_floor":[116,130,130,142,63,63,88,99,171,171,198,16,49,62,62,161,161,180,180,190,190,200,234,234,245,245,280,304,322,322,182,182,289,289,301,310,310,325,345,374,395,437,437,465,483,483,496,327,327,327,327,327,23,57,57],"floor_reached":56,"language":"KOR","playtime":2830,"items_purged":["Strike_B","Melter"],"score":1822,"play_id":"87454d34-540d-476b-a543-7651f5999260","local_time":"20210207232349","is_ascension_mode":true,"campfire_choices":[{"data":"White Noise","floor":6.0,"key":"SMITH"},{"data":"Defragment","floor":10.0,"key":"SMITH"},{"floor":15.0,"key":"REST"},{"floor":24,"key":"RECALL"},{"floor":32,"key":"DIG"},{"data":"White Noise","floor":46,"key":"SMITH"},{"data":"Defend_B","floor":49,"key":"PURGE"},{"data":"Storm","floor":52,"key":"SMITH"}],"circlet_count":0,"master_deck":["Defend_B","Defend_B","Defend_B","Zap","Dualcast","Conserve Battery","White Noise+1","Defragment+1","White Noise+1","BootSequence","Chaos","ReplayTheSpireMod:Brewmster","ReplayTheSpireMod:Calculation Training","Machine Learning","CurseOfTheBell","Static Discharge","Force Field","BasicCrystalCard+1","Storm+1","Seek","Consume","Rebound","White Noise+1","Crystallizer+1","Electrodynamics+1","Magnetism+1","Chaos+1","Machine Learning+1","Biased Cognition+1","Zap","Storm+1"],"relics":["Cracked Core","NeowsBlessing","FossilizedHelix","Mummified Hand","Ancient Tea Set","ReplayTheSpireMod:Ninjato","Calling Bell","Centennial Puzzle","Pear","Ginger","Divine Protection","CeramicFish","Frozen Egg 2","Garlic","reliquary:IridiumChain","ChewingGum","Ornamental Fan","Vajra","reliquary:Conveyor","reliquary:Knoch","Replay:Frozen Program","reliquary:SilkGlove","Akabeko"],"acts_visited":["Exordium","TheCity","TheBeyond","TheEnding"],"potions_floor_usage":[16,16,16,16,18,18,18,20,20,22,22,22,22,22,22,22,23,25,27,27,27,27,27,27,27,27,27,27,28,28,28,28,33,33,33,35,39,41,42,42,50,55,55],"damage_taken":[{"damage":0.0,"enemies":"Small Slimes","floor":1.0,"turns":1.0},{"damage":0.0,"enemies":"Cultist","floor":2.0,"turns":1.0},{"damage":0.0,"enemies":"2 Louse","floor":4.0,"turns":1.0},{"damage":16.0,"enemies":"Lagavulin","floor":7.0,"turns":5.0},{"damage":0.0,"enemies":"2 Fungi Beasts","floor":8.0,"turns":3.0},{"damage":20.0,"enemies":"3 Sentries","floor":11.0,"turns":8.0},{"damage":0.0,"enemies":"Gremlin Nob","floor":13.0,"turns":3.0},{"damage":10.0,"enemies":"Lots of Slimes","floor":14.0,"turns":3.0},{"damage":10,"enemies":"Hexaghost","floor":16,"turns":7},{"damage":0,"enemies":"Spheric Guardian","floor":18,"turns":3},{"damage":0,"enemies":"Chosen","floor":20,"turns":5},{"damage":0,"enemies":"Centurion and Healer","floor":22,"turns":7},{"damage":11,"enemies":"Slavers","floor":23,"turns":2},{"damage":4,"enemies":"Shelled Parasite and Fungi","floor":25,"turns":5},{"damage":24,"enemies":"Gremlin Leader","floor":27,"turns":7},{"damage":19,"enemies":"Cultist and Chosen","floor":28,"turns":6},{"damage":0,"enemies":"Collector","floor":33,"turns":6},{"damage":0,"enemies":"Orb Walker","floor":35,"turns":2},{"damage":19,"enemies":"3 Shapes","floor":38,"turns":4},{"damage":13,"enemies":"Jaw Worm Horde","floor":39,"turns":2},{"damage":0,"enemies":"Nemesis","floor":40,"turns":5},{"damage":0,"enemies":"Maw","floor":41,"turns":3},{"damage":0,"enemies":"Giant Head","floor":42,"turns":6},{"damage":0,"enemies":"Nemesis","floor":44,"turns":3},{"damage":0,"enemies":"Transient","floor":47,"turns":3},{"damage":0,"enemies":"Time Eater","floor":50,"turns":2},{"damage":0,"enemies":"Shield and Spear","floor":54,"turns":1},{"damage":0,"enemies":"The Heart","floor":55,"turns":3}],"seed_played":"-4626345900839985343","potions_obtained":[{"floor":8.0,"key":"SmokeBomb"},{"floor":11.0,"key":"FearPotion"},{"floor":16,"key":"FocusPotion"},{"floor":18,"key":"AttackPotion"},{"floor":23,"key":"Explosive Potion"},{"floor":27,"key":"Explosive Potion"},{"floor":38,"key":"Explosive Potion"},{"floor":44,"key":"Cursed Concoction"},{"floor":54,"key":"Block Potion"}],"is_trial":false,"path_per_floor":["M","M","?","M","$","R","E","M","T","R","E","$","E","M","R","B",null,"M","?","M","?","M","E","R","M","T","E","M","?","T","$","R_BF","B",null,"M","?","?","M","M","E","M","E","T","E","?","R","M","$","R_BF","B",null,"R","$","E","B",null],"character_chosen":"DEFECT","items_purchased":["White Noise","ReplayTheSpireMod:Brewmster","Crystallizer+1","Storm+1","Replay:Frozen Program","reliquary:SilkGlove"],"campfire_rested":1,"item_purchase_floors":[5,12,31,48,53,53],"current_hp_per_floor":[75,75,75,75,75,75,59,59,59,59,39,39,39,29,51,41,85,85,85,85,85,85,74,74,70,70,46,27,27,27,27,27,27,85,85,85,85,66,53,53,53,53,53,53,53,53,53,53,53,53,85,85,85,85,85],"gold":57,"neow_bonus":"THREE_ENEMY_KILL","is_daily":false,"chose_seed":false,"campfire_upgraded":4,"win_rate":0.0,"timestamp":1612707829,"path_taken":["M","M","?","?","$","R","E","M","T","R","E","$","E","?","R","BOSS","M","?","?","?","M","E","R","M","T","E","?","?","?","?","R_BF","BOSS","M","?","?","?","M","E","M","E","T","E","?","R","M","$","R_BF","BOSS","R","$","E","BOSS"],"items_purchased_type":["Card","Card","Card","Card","Relic","Relic"],"build_version":"2020-12-22","purchased_purges":2,"victory":true,"max_hp_per_floor":[75,75,75,75,75,75,75,75,75,75,75,75,75,75,75,75,85,85,85,85,85,85,85,85,85,85,85,85,85,85,85,85,85,85,85,85,85,85,85,85,85,85,85,85,85,85,85,85,85,85,85,85,85,85,85],"card_choices":[{"not_picked":["Stack","Leap"],"picked":"Conserve Battery","floor":1.0},{"not_picked":["Sweeping Beam","Redo"],"picked":"White Noise","floor":2.0},{"not_picked":["Coolheaded","Go for the Eyes"],"picked":"Defragment","floor":4.0},{"not_picked":["Rip and Tear","ReplaySort","Gash"],"picked":"SKIP","floor":7.0},{"not_picked":["Go for the Eyes","Leap"],"picked":"BootSequence","floor":8.0},{"not_picked":["Fission","Sweeping Beam"],"picked":"Chaos","floor":11.0},{"not_picked":["Coolheaded","Melter","Undo"],"picked":"SKIP","floor":13.0},{"not_picked":["Coolheaded","Sweeping Beam"],"picked":"ReplayTheSpireMod:Calculation Training","floor":14.0},{"not_picked":["Thunder Strike","ReplayTheSpireMod:Omega Cannon"],"picked":"Machine Learning","floor":16},{"not_picked":["Beam Cell","Barrage"],"picked":"Static Discharge","floor":18},{"not_picked":["Skim","Conserve Battery"],"picked":"Force Field","floor":20},{"not_picked":["Coolheaded","Chaos"],"picked":"BasicCrystalCard+1","floor":22},{"not_picked":["Leap","Steam Power"],"picked":"Storm","floor":23},{"not_picked":["Hologram+1","Conserve Battery","Stack+1"],"picked":"SKIP","floor":25},{"not_picked":["Conserve Battery","Streamline"],"picked":"Seek","floor":27},{"not_picked":["Streamline","BasicCrystalCard"],"picked":"Consume","floor":28},{"not_picked":["Biased Cognition+1","Buffer+1"],"picked":"Electrodynamics+1","floor":33},{"not_picked":["Go for the Eyes","Gash+1","Steam+1"],"picked":"SKIP","floor":35},{"not_picked":["ReplayTheSpireMod:Uncanny Aura","ReplayTheSpireMod:Private Reserves"],"picked":"Magnetism+1","floor":36},{"not_picked":["Gash","Compile Driver+1","Barrage+1"],"picked":"SKIP","floor":38},{"not_picked":["Steam+1","Panic Button+1"],"picked":"Chaos+1","floor":39},{"not_picked":["Conserve Battery","Sweeping Beam","Aggregate"],"picked":"SKIP","floor":40},{"not_picked":["Beam Cell+1","Recycle"],"picked":"Machine Learning+1","floor":41},{"not_picked":["Coolheaded","Leap+1"],"picked":"Biased Cognition+1","floor":42},{"not_picked":["Lockon+1","Cold Snap+1","Sweeping Beam"],"picked":"SKIP","floor":44},{"not_picked":["Blizzard","BasicCrystalCard","Lockon"],"picked":"SKIP","floor":47},{"not_picked":["Sweeping Beam","Streamline+1","Barrage+1"],"picked":"SKIP","floor":54}],"player_experience":85831,"relics_obtained":[{"floor":7.0,"key":"FossilizedHelix"},{"floor":9.0,"key":"Mummified Hand"},{"floor":11.0,"key":"Ancient Tea Set"},{"floor":13.0,"key":"ReplayTheSpireMod:Ninjato"},{"floor":17,"key":"Centennial Puzzle"},{"floor":17,"key":"Pear"},{"floor":17,"key":"Ginger"},{"floor":23,"key":"CeramicFish"},{"floor":26,"key":"Frozen Egg 2"},{"floor":27,"key":"Garlic"},{"floor":32,"key":"reliquary:IridiumChain"},{"floor":40,"key":"Ornamental Fan"},{"floor":42,"key":"Vajra"},{"floor":43,"key":"reliquary:Conveyor"},{"floor":44,"key":"reliquary:Knoch"},{"floor":54,"key":"Akabeko"}],"event_choices":[{"damage_healed":0.0,"max_hp_gain":0.0,"max_hp_loss":0.0,"gold_gain":0.0,"event_name":"Upgrade Shrine","player_choice":"Upgraded","floor":3.0,"gold_loss":0.0,"damage_taken":0.0,"cards_upgraded":["White Noise"]},{"cards_removed":["Strike_B"],"damage_healed":0,"gold_gain":0,"player_choice":"Offered Basic","damage_taken":0,"max_hp_gain":0,"max_hp_loss":0,"event_name":"Bonfire Elementals","floor":21,"gold_loss":0},{"damage_healed":0,"gold_gain":0,"cards_transformed":["Strike_B","Strike_B"],"player_choice":"Became Test Subject","damage_taken":0,"max_hp_gain":0,"max_hp_loss":0,"event_name":"Drug Dealer","floor":29,"gold_loss":0,"cards_obtained":["Rebound","White Noise"]},{"damage_healed":0,"gold_gain":0,"player_choice":"Memory 1","damage_taken":0,"max_hp_gain":0,"max_hp_loss":0,"event_name":"SensoryStone","floor":36,"gold_loss":0},{"damage_healed":0,"gold_gain":0,"player_choice":"Full Heal","damage_taken":0,"max_hp_gain":0,"max_hp_loss":0,"event_name":"Wheel of Change","floor":37,"gold_loss":0},{"damage_healed":0,"gold_gain":0,"player_choice":"2 cards matched","damage_taken":0,"max_hp_gain":0,"max_hp_loss":0,"event_name":"Match and Keep!","floor":45,"gold_loss":0,"cards_obtained":["Melter","Zap"]}],"is_beta":false,"boss_relics":[{"not_picked":["reliquary:WritOfMandamus","Runesmith:UraniumAnvil"],"picked":"Calling Bell"},{"not_picked":["Ring of Chaos","reliquary:KinkedSpring"],"picked":"ChewingGum"}],"items_purged_floors":[31,48],"is_endless":false,"potions_floor_spawned":[8,11,16,18,23,25,27,38,44,47,54],"ascension_level":3}}