{"host":"dggqshehf2ar9kzd","time":1612674280,"event":{"mods":["BaseMod","Hermit","Highlight Path","Minty Spire (QoL Compilation)","Reliquary","StSLib"],"gold_per_floor":[369,369,386,403,418,448,463,473,473,488,488,488,506,523,523,523,523],"floor_reached":16,"language":"ENG","playtime":1023,"items_purged":[],"score":108,"play_id":"e7dcf39f-a639-4e38-8ebb-fc6db1f4ad2e","local_time":"20210207000440","is_ascension_mode":false,"campfire_choices":[{"floor":12,"key":"REST"},{"data":"hermit:CalledShot","floor":15,"key":"SMITH"}],"circlet_count":0,"master_deck":["hermit:Strike_Hermit","hermit:Strike_Hermit","hermit:Strike_Hermit","hermit:Strike_Hermit","hermit:Defend_Hermit","hermit:Defend_Hermit","hermit:Defend_Hermit","hermit:Snapshot","hermit:Covet","Writhe","hermit:CalledShot+1","hermit:ItchyTrigger+1","hermit:Vantage+1","hermit:ItchyTrigger","hermit:ItchyTrigger","hermit:Coalescence","hermit:Cheat","hermit:HoleUp","hermit:Scavenge"],"relics":["hermit:Momento","StoneCalendar","Lizard Tail"],"acts_visited":["Exordium"],"potions_floor_usage":[8,8,10,16,16,16],"damage_taken":[{"damage":1,"enemies":"Jaw Worm","floor":1,"turns":4},{"damage":0,"enemies":"Small Slimes","floor":3,"turns":2},{"damage":0,"enemies":"Cultist","floor":4,"turns":3},{"damage":16,"enemies":"Red Slaver","floor":5,"turns":3},{"damage":14,"enemies":"Lagavulin","floor":6,"turns":8},{"damage":0,"enemies":"3 Louse","floor":7,"turns":2},{"damage":7,"enemies":"Blue Slaver","floor":8,"turns":2},{"damage":1,"enemies":"Exordium Wildlife","floor":10,"turns":4},{"damage":24,"enemies":"Large Slime","floor":13,"turns":6},{"damage":13,"enemies":"2 Fungi Beasts","floor":14,"turns":3},{"damage":37,"enemies":"The Guardian","floor":16,"turns":11}],"seed_played":"7793455131998215978","potions_obtained":[{"floor":3,"key":"Swift Potion"},{"floor":6,"key":"Swift Potion"},{"floor":7,"key":"Energy Potion"},{"floor":8,"key":"PowerPotion"},{"floor":13,"key":"Energy Potion"},{"floor":14,"key":"SpeedPotion"}],"is_trial":false,"path_per_floor":["M","?","M","M","M","E","M","M","T","M","?","R","M","M","R","B"],"character_chosen":"HERMIT","items_purchased":[],"campfire_rested":1,"item_purchase_floors":[],"current_hp_per_floor":[74,67,67,67,51,37,37,30,30,29,14,36,12,37,37,0,0],"gold":523,"neow_bonus":"TWO_FIFTY_GOLD","is_daily":false,"chose_seed":false,"campfire_upgraded":1,"win_rate":0.0,"timestamp":1612674280,"path_taken":["M","?","M","M","M","E","M","M","T","M","?","R","M","M","R","BOSS"],"items_purchased_type":[],"build_version":"2020-12-22","purchased_purges":0,"victory":false,"max_hp_per_floor":[75,75,75,75,75,75,75,75,75,75,75,75,75,75,75,75,75],"card_choices":[{"not_picked":["hermit:NoHoldsBarred","hermit:Feint"],"picked":"hermit:CalledShot","floor":1},{"not_picked":["hermit:CalledShot","hermit:Misfire"],"picked":"hermit:ItchyTrigger","floor":3},{"not_picked":["hermit:Feint","hermit:Headshot","hermit:Roulette"],"picked":"SKIP","floor":4},{"not_picked":["hermit:Headshot","hermit:CalledShot"],"picked":"hermit:Vantage","floor":5},{"not_picked":["hermit:CalledShot","hermit:FatalDesire"],"picked":"hermit:ItchyTrigger","floor":6},{"not_picked":["hermit:Vantage","hermit:Glare"],"picked":"hermit:ItchyTrigger","floor":7},{"not_picked":["hermit:Vantage","hermit:Enervate"],"picked":"hermit:Coalescence","floor":8},{"not_picked":["hermit:Desperado","hermit:Manifest"],"picked":"hermit:Cheat","floor":10},{"not_picked":["hermit:Quickdraw","hermit:Glare"],"picked":"hermit:HoleUp","floor":13},{"not_picked":["hermit:HoleUp","hermit:Manifest"],"picked":"hermit:Scavenge","floor":14}],"player_experience":345663,"relics_obtained":[{"floor":6,"key":"StoneCalendar"},{"floor":9,"key":"Lizard Tail"}],"event_choices":[{"cards_removed":["hermit:Defend_Hermit"],"damage_healed":0,"gold_gain":0,"player_choice":"Card Removal","damage_taken":7,"max_hp_gain":0,"max_hp_loss":0,"event_name":"Golden Wing","floor":2,"gold_loss":0},{"damage_healed":0,"gold_gain":0,"player_choice":"Entered Light","damage_taken":15,"max_hp_gain":0,"max_hp_loss":0,"event_name":"Shining Light","floor":11,"gold_loss":0,"cards_upgraded":["hermit:ItchyTrigger","hermit:Vantage"]}],"is_beta":false,"boss_relics":[],"items_purged_floors":[],"is_endless":false,"potions_floor_spawned":[3,6,7,8,13,14],"killed_by":"The Guardian","ascension_level":0}}