{"host":"3y2rtlgteqp2nuo3","time":1612701520,"event":{"mods":["2.2 Compatiblity","AchievementEnabler","BaseMod","Colored Map","DeckTracker","Highlight Path","Keyboard Shortcuts","Minty Spire (QoL Compilation)","Permanent Neow","Quick Restart","StSLib","SuperFastMode","everything is the same but u backflip on backflip"],"gold_per_floor":[113,38,52,72,92,92,122,122,169,188,188,204,236,256,256,335,335,349,363,263,263,263],"floor_reached":21,"language":"KOR","playtime":481,"items_purged":["Strike_P","Defend_P"],"score":386,"play_id":"c4e3b709-1f4b-4b87-bdcc-ab59f846a121","local_time":"20210207213840","is_ascension_mode":true,"campfire_choices":[{"data":"Eruption","floor":6.0,"key":"SMITH"},{"floor":8.0,"key":"REST"},{"data":"CutThroughFate","floor":15.0,"key":"SMITH"}],"circlet_count":0,"master_deck":["AscendersBane","Defend_P","Defend_P","Defend_P","Eruption+1","Vigilance","ReachHeaven","CutThroughFate+1","Wireheading","InnerPeace","Scrawl"],"relics":["PureWater","Darkstone Periapt","Blood Vial","Damaru","Empty Cage"],"acts_visited":["Exordium","TheCity"],"potions_floor_usage":[21],"damage_taken":[{"damage":9.0,"enemies":"2 Louse","floor":1.0,"turns":3.0},{"damage":4.0,"enemies":"Jaw Worm","floor":3.0,"turns":2.0},{"damage":2.0,"enemies":"Small Slimes","floor":4.0,"turns":2.0},{"damage":2.0,"enemies":"3 Louse","floor":5.0,"turns":3.0},{"damage":16.0,"enemies":"Gremlin Nob","floor":7.0,"turns":3.0},{"damage":0.0,"enemies":"Blue Slaver","floor":10.0,"turns":3.0},{"damage":10.0,"enemies":"Exordium Thugs","floor":12.0,"turns":3.0},{"damage":13.0,"enemies":"3 Sentries","floor":13.0,"turns":3.0},{"damage":0.0,"enemies":"Large Slime","floor":14.0,"turns":3.0},{"damage":29.0,"enemies":"Hexaghost","floor":16.0,"turns":8.0},{"damage":0.0,"enemies":"Chosen","floor":18.0,"turns":3.0},{"damage":45.0,"enemies":"3 Byrds","floor":19.0,"turns":5.0},{"damage":20,"enemies":"Snecko","floor":21,"turns":2}],"seed_played":"4730899704071856606","potions_obtained":[{"floor":3.0,"key":"Dexterity Potion"},{"floor":5.0,"key":"SteroidPotion"},{"floor":13.0,"key":"DuplicationPotion"},{"floor":19.0,"key":"AttackPotion"}],"is_trial":false,"path_per_floor":["M","$","M","M","M","R","E","R","T","M","?","M","E","M","R","B",null,"M","M","$","M"],"character_chosen":"WATCHER","items_purchased":[],"campfire_rested":1,"item_purchase_floors":[],"current_hp_per_floor":[52,52,48,46,44,44,28,48,48,50,50,42,31,33,33,6,53,55,12,12,0,0],"gold":263,"neow_bonus":"TRANSFORM_CARD","is_daily":false,"chose_seed":false,"campfire_upgraded":2,"win_rate":0.0,"timestamp":1612701520,"path_taken":["M","$","M","M","M","R","E","R","T","M","?","M","E","M","R","BOSS","M","M","$","M"],"items_purchased_type":[],"build_version":"2020-12-22","purchased_purges":2,"victory":false,"max_hp_per_floor":[68,68,68,68,68,68,68,68,68,68,68,68,68,68,68,68,68,68,68,68,68,68],"card_choices":[{"not_picked":["Crescendo","JustLucky"],"picked":"CutThroughFate","floor":1.0},{"not_picked":["FlyingSleeves","Evaluate","Prostrate"],"picked":"SKIP","floor":3.0},{"not_picked":["Nirvana","ClearTheMind","PathToVictory"],"picked":"SKIP","floor":4.0},{"not_picked":["FollowUp","SandsOfTime","WindmillStrike"],"picked":"SKIP","floor":5.0},{"not_picked":["JustLucky","Prostrate","ForeignInfluence"],"picked":"SKIP","floor":7.0},{"not_picked":["CrushJoints","WheelKick","Weave"],"picked":"SKIP","floor":10.0},{"not_picked":["PathToVictory","FlyingSleeves","EmptyBody"],"picked":"SKIP","floor":12.0},{"not_picked":["Pray","ConjureBlade"],"picked":"Wireheading","floor":13.0},{"not_picked":["EmptyBody","Vengeance"],"picked":"InnerPeace","floor":14.0},{"not_picked":["Brilliance","Omniscience"],"picked":"Scrawl","floor":16.0},{"not_picked":["Fasting2","FlyingSleeves","DeceiveReality"],"picked":"SKIP","floor":18.0},{"not_picked":["Crescendo+1","ClearTheMind","Fasting2"],"picked":"SKIP","floor":19.0}],"player_experience":769833,"relics_obtained":[{"floor":7.0,"key":"Darkstone Periapt"},{"floor":9.0,"key":"Blood Vial"},{"floor":13.0,"key":"Damaru"}],"event_choices":[{"damage_healed":0.0,"max_hp_gain":0.0,"max_hp_loss":0.0,"gold_gain":0.0,"event_name":"Shining Light","player_choice":"Ignored","floor":11.0,"gold_loss":0.0,"damage_taken":0.0}],"is_beta":false,"boss_relics":[{"not_picked":["HolyWater","Tiny House"],"picked":"Empty Cage"}],"items_purged_floors":[2,20],"is_endless":false,"potions_floor_spawned":[3,5,10,13,14,19],"killed_by":"Snecko","ascension_level":20}}