{"host":"x4i48uok34n1rpsm","time":1612695373,"event":{"mods":["Aspiration","BaseMod","Better Third Choice","Colored Map","Highlight Path","Minty Spire (QoL Compilation)","Permanent Neow","Replay The Spire","StSLib"],"gold_per_floor":[118,118,129,79,79,79,104,118,118,210,245,98,111,124,124,219,219,236,236,254,265,265,299,299,330,330,340,360,300,300,200,200,301,301,312,187,205,219,239,239,265,265,315,350,400,410,187,199,199,199,199,199,80,107,107,107],"floor_reached":55,"language":"ENG","playtime":3191,"items_purged":["Doubt","Regret","Overencumbered","Doubt"],"score":895,"play_id":"ac9e45a4-8aba-44a5-81da-95157ebf9e21","local_time":"20210207125613","is_ascension_mode":true,"campfire_choices":[{"data":"Eruption","floor":6.0,"key":"SMITH"},{"floor":15.0,"key":"REST"},{"data":"Ragnarok","floor":24.0,"key":"SMITH"},{"floor":30.0,"key":"RECALL"},{"data":"SashWhip","floor":32.0,"key":"SMITH"},{"data":"Vengeance","floor":40,"key":"SMITH"},{"floor":42,"key":"REST"},{"floor":49,"key":"REST"},{"data":"Study","floor":52,"key":"SMITH"}],"circlet_count":0,"master_deck":["Strike_P","Defend_P+1","Defend_P","Eruption+1","Vigilance","Replay:BluntJabs+1","EmptyMind","Vengeance+1","Sanctity","Establishment+1","SashWhip+1","FollowUp+1","CutThroughFate","Evaluate","SandsOfTime","Ragnarok+1","JustLucky","Consecrate+1","Tantrum+1","LessonLearned+1","CutThroughFate+1","Indignation","Shame","Study+1","InnerPeace+1","Adaptation"],"relics":["PureWater","aspiration:DSix","Calipers","Ring of Fury","Ring of Searing","Replay:Baseball","Damaru","Ornamental Fan","Cursed Key","Vajra","Bottled Lightning","Replay:Grab Bag","ReplayTheSpireMod:DimensionalGlitch","aspiration:RandomNobGenerator","Kintsugi","Whetstone","aspiration:HummingbirdHeart","Singing Bowl","Ice Cream","Iron Hammer"],"acts_visited":["Exordium","TheCity","TheBeyond","TheEnding"],"potions_floor_usage":[35,39,44,50,50,55,55,55],"damage_taken":[{"damage":2.0,"enemies":"Small Slimes","floor":1.0,"turns":7.0},{"damage":0.0,"enemies":"Cultist","floor":3.0,"turns":2.0},{"damage":36.0,"enemies":"3 Sentries","floor":7.0,"turns":7.0},{"damage":0.0,"enemies":"2 Louse","floor":8.0,"turns":1.0},{"damage":6.0,"enemies":"Replay:BlueRogue","floor":11.0,"turns":8.0},{"damage":0.0,"enemies":"Large Slime","floor":13.0,"turns":4.0},{"damage":1.0,"enemies":"Looter","floor":14.0,"turns":2.0},{"damage":0.0,"enemies":"Slime Boss","floor":16.0,"turns":6.0},{"damage":0.0,"enemies":"Spheric Guardian","floor":18.0,"turns":1.0},{"damage":0.0,"enemies":"Shell Parasite","floor":20.0,"turns":1.0},{"damage":10.0,"enemies":"Centurion and Healer","floor":21.0,"turns":3.0},{"damage":13.0,"enemies":"Book of Stabbing","floor":23.0,"turns":2.0},{"damage":0.0,"enemies":"Slavers","floor":25.0,"turns":3.0},{"damage":1.0,"enemies":"Cultist and Chosen","floor":27.0,"turns":3.0},{"damage":0.0,"enemies":"Snake Plant","floor":28.0,"turns":2.0},{"damage":19.0,"enemies":"Collector","floor":33.0,"turns":5.0},{"damage":8,"enemies":"Orb Walker","floor":35,"turns":2},{"damage":15,"enemies":"3 Darklings","floor":37,"turns":2},{"damage":2,"enemies":"Jaw Worm Horde","floor":38,"turns":3},{"damage":10,"enemies":"4 Shapes","floor":39,"turns":3},{"damage":0,"enemies":"Reptomancer","floor":41,"turns":2},{"damage":23,"enemies":"Giant Head","floor":44,"turns":4},{"damage":0,"enemies":"Mind Bloom Boss Battle","floor":45,"turns":1},{"damage":14,"enemies":"Spire Growth","floor":46,"turns":3},{"damage":0,"enemies":"Sphere and 2 Shapes","floor":48,"turns":2},{"damage":24,"enemies":"Awakened One","floor":50,"turns":5},{"damage":16,"enemies":"Shield and Spear","floor":54,"turns":3},{"damage":77,"enemies":"The Heart","floor":55,"turns":3}],"seed_played":"-5780074602827087628","potions_obtained":[{"floor":1.0,"key":"Weak Potion"},{"floor":8.0,"key":"Block Potion"},{"floor":13.0,"key":"Explosive Potion"},{"floor":14.0,"key":"Reflective Coating"},{"floor":20.0,"key":"Fire Potion"},{"floor":21.0,"key":"Ambrosia"},{"floor":25.0,"key":"Weak Potion"},{"floor":27.0,"key":"Fire Potion"},{"floor":33.0,"key":"Elixir"},{"floor":38,"key":"SteroidPotion"},{"floor":39,"key":"AttackPotion"},{"floor":45,"key":"Milkshake"},{"floor":48,"key":"AttackPotion"},{"floor":54,"key":"BlessingOfTheForge"}],"is_trial":false,"path_per_floor":["M","?","M","?","?","R","E","M","T","?","E","$","M","M","R_BF","B",null,"M","?","M","M","?","E","R","E","T","M","M","?","R","$","R","B",null,"M","$","M","M","M","R","E","R","T","E","?","M","$","M","R","B",null,"R","$","E","B"],"character_chosen":"WATCHER","items_purchased":["FollowUp","CutThroughFate","Study","Elixir","InnerPeace","PowerPotion"],"campfire_rested":3,"item_purchase_floors":[12,12,47,53,53,53],"current_hp_per_floor":[70,70,70,70,70,70,34,34,34,16,10,10,10,9,30,30,72,72,72,72,62,62,49,49,49,49,48,48,48,48,48,48,29,72,64,64,49,47,37,37,37,58,58,37,39,27,27,29,53,29,80,80,80,64,0,0],"gold":107,"neow_bonus":"DSIX","is_daily":false,"chose_seed":false,"campfire_upgraded":5,"win_rate":0.0,"timestamp":1612695373,"path_taken":["M","?","?","?","?","R","E","M","T","?","E","$","M","M","R_BF","BOSS","M","?","M","M","?","E","R","E","T","M","M","?","R","$","R","BOSS","M","$","M","M","M","R","E","R","T","E","?","M","$","M","R","BOSS","R","$","E","BOSS"],"items_purchased_type":["Card","Card","Card","Potion","Card","Potion"],"build_version":"2020-12-22","purchased_purges":4,"victory":false,"max_hp_per_floor":[72,72,72,72,72,72,72,72,72,72,72,72,72,72,72,72,72,72,72,72,72,72,72,72,72,72,72,72,72,72,72,72,72,72,72,72,72,72,72,72,72,72,72,74,76,78,78,80,80,80,80,80,80,80,80,80],"card_choices":[{"not_picked":["WheelKick","ClearTheMind"],"picked":"Replay:BluntJabs","floor":1.0},{"not_picked":["WheelKick","ForeignInfluence"],"picked":"EmptyMind","floor":3.0},{"not_picked":["BattleHymn","Halt"],"picked":"LikeWater","floor":7.0},{"not_picked":["EmptyFist","Prostrate"],"picked":"Vengeance","floor":8.0},{"not_picked":["JustLucky","Replay:AtTheReady"],"picked":"Sanctity","floor":10.0},{"not_picked":["Replay:AtTheReady","Adaptation"],"picked":"Establishment","floor":10.0},{"not_picked":["Pray","Establishment"],"picked":"SashWhip","floor":11.0},{"not_picked":["JustLucky","Crescendo"],"picked":"Evaluate","floor":13.0},{"not_picked":["ClearTheMind","Replay:AtTheReady"],"picked":"SandsOfTime","floor":14.0},{"not_picked":["DeusExMachina","MasterReality"],"picked":"Ragnarok","floor":16.0},{"not_picked":["Replay:DivineShield+1","WaveOfTheHand+1"],"picked":"JustLucky","floor":18.0},{"not_picked":["Consecrate","JustLucky","Crescendo"],"picked":"SKIP","floor":20.0},{"not_picked":["Evaluate","Blasphemy"],"picked":"Consecrate+1","floor":21.0},{"not_picked":["FlurryOfBlows","CarveReality","Alpha"],"picked":"SKIP","floor":23.0},{"not_picked":["Replay:Anticipation+1","MasterReality"],"picked":"Tantrum+1","floor":25.0},{"not_picked":["Crescendo+1","Replay:DivineShield","Evaluate+1"],"picked":"SKIP","floor":27.0},{"not_picked":["Replay:Cycle","BattleHymn","SignatureMove"],"picked":"SKIP","floor":28.0},{"not_picked":["Wish","Establishment"],"picked":"LessonLearned","floor":33.0},{"not_picked":["PathToVictory","Replay:Hum+1"],"picked":"CutThroughFate+1","floor":35},{"not_picked":["Replay:AtTheReady","Meditate+1","ReachHeaven"],"picked":"SKIP","floor":37},{"not_picked":["Conclude+1","FearNoEvil","FlurryOfBlows"],"picked":"SKIP","floor":38},{"not_picked":["CarveReality+1","JustLucky+1","Replay:ManipulateFuture+1"],"picked":"SKIP","floor":39},{"not_picked":["Prostrate","CutThroughFate"],"picked":"Indignation","floor":41},{"not_picked":["ThirdEye+1","DevaForm","CutThroughFate"],"picked":"Singing Bowl","floor":44},{"not_picked":["FlurryOfBlows+1","Replay:Anticipation","Replay:Cycle+1"],"picked":"Singing Bowl","floor":45},{"not_picked":["JustLucky","Replay:Anticipation+1","Indignation"],"picked":"Singing Bowl","floor":46},{"not_picked":["Evaluate+1","WaveOfTheHand","Replay:Vibes"],"picked":"Singing Bowl","floor":48},{"not_picked":["EmptyMind","Consecrate+1"],"picked":"Adaptation","floor":54}],"player_experience":243808,"relics_obtained":[{"floor":5.0,"key":"Ring of Fury"},{"floor":5.0,"key":"Ring of Searing"},{"floor":7.0,"key":"Replay:Baseball"},{"floor":10.0,"key":"Damaru"},{"floor":11.0,"key":"Ornamental Fan"},{"floor":23.0,"key":"Vajra"},{"floor":25.0,"key":"Bottled Lightning"},{"floor":41,"key":"Whetstone"},{"floor":43,"key":"aspiration:HummingbirdHeart"},{"floor":44,"key":"Singing Bowl"},{"floor":45,"key":"Ice Cream"},{"floor":54,"key":"Iron Hammer"}],"event_choices":[{"damage_healed":0.0,"max_hp_gain":0.0,"max_hp_loss":0.0,"gold_gain":0.0,"event_name":"WeMeetAgain","player_choice":"Gave Potion","floor":2.0,"gold_loss":0.0,"damage_taken":0.0,"relics_obtained":["Calipers"]},{"cards_removed":["Strike_P"],"damage_healed":0.0,"max_hp_gain":0.0,"max_hp_loss":0.0,"gold_gain":0.0,"event_name":"The Cleric","player_choice":"Card Removal","floor":4.0,"gold_loss":50.0,"damage_taken":0.0},{"damage_healed":0.0,"max_hp_gain":0.0,"max_hp_loss":0.0,"gold_gain":0.0,"event_name":"Ghosts","player_choice":"Ignored","floor":19.0,"gold_loss":0.0,"damage_taken":0.0},{"damage_healed":0.0,"max_hp_gain":0.0,"max_hp_loss":0.0,"gold_gain":0.0,"event_name":"Vampires","player_choice":"Ignored","floor":22.0,"gold_loss":0.0,"damage_taken":0.0},{"damage_healed":0,"gold_gain":0,"player_choice":"Fight","damage_taken":0,"max_hp_gain":0,"max_hp_loss":0,"event_name":"MindBloom","floor":45,"gold_loss":0}],"is_beta":false,"boss_relics":[{"not_picked":["Calling Bell","VioletLotus"],"picked":"Cursed Key"},{"not_picked":["aspiration:SecretTechniqueScroll","aspiration:FutureDiary"],"picked":"Replay:Grab Bag"},{"not_picked":["Philosopher\u0027s Stone","Sozu"],"picked":"ReplayTheSpireMod:DimensionalGlitch"},{"not_picked":["Painkiller Herb","Coffee Dripper"],"picked":"aspiration:RandomNobGenerator"},{"not_picked":["Runic Pyramid","Snecko Eye"],"picked":"Kintsugi"}],"items_purged_floors":[12,31,36,47],"is_endless":false,"potions_floor_spawned":[1,8,13,14,20,21,25,27,33,38,39,45,48,54],"killed_by":"The Heart","ascension_level":1}}