{"host":"5dk97cf2ubw2v967","time":1612695384,"event":{"mods":["AlwaysNeverKeys","BaseMod","Better Altar","Better Vampires","Block Reminder","Card Filter","Colored Powertips","Downfall","Googly Eyes","Highlight Path","Minty Spire (QoL Compilation)","Permanent Neow","Potion Indicator Mod","Quick Restart","Relic Filter","Relic Stats","Say the Spire","Spicy Shops","StSLib","Waifu the Spire","everything is the same but u backflip on backflip"],"gold_per_floor":[0,15,27,12,25,25,25,25,25,55,67,67,87,99,117,194,194,194,209,221,221,221,221,221,221,221,221],"floor_reached":25,"language":"ENG","playtime":770,"items_purged":[],"score":365,"play_id":"5a8fbd2a-395d-4ba6-b7c5-be37d4b86424","local_time":"20210207105624","is_ascension_mode":true,"campfire_choices":[{"data":"Mayhem","floor":1,"key":"SMITH"},{"data":"Guardian:RefractedBeam","floor":9,"key":"SMITH"},{"data":"Guardian:RefractedBeam+1","floor":12,"key":"SMITH"},{"data":"Guardian:RefractedBeam+2","floor":18,"key":"SMITH"},{"floor":23,"key":"REST"}],"circlet_count":0,"master_deck":["AscendersBane","Guardian:Strike_Guardian","Guardian:Strike_Guardian","Guardian:Strike_Guardian","Guardian:Strike_Guardian","Guardian:Defend_Guardian","Guardian:Defend_Guardian","Guardian:Defend_Guardian","Guardian:Defend_Guardian","Guardian:TwinSlam","Mayhem+1","Guardian:RefractedBeam+3","Guardian:ExploitGems","Guardian:Gem_White","Guardian:FloatingOrbs","Guardian:GemFire","Guardian:Gem_Purple","Guardian:Gem_Cyan","Mayhem+1","Parasite"],"relics":["Guardian:ModeShifter","Calipers","Mercury Hourglass","Cursed Key","Bloody Idol"],"acts_visited":["Exordium","TheCity"],"potions_floor_usage":[10,10,15,16],"damage_taken":[{"damage":10,"enemies":"Small Slimes","floor":2,"turns":5},{"damage":2,"enemies":"2 Louse","floor":3,"turns":5},{"damage":5,"enemies":"downfall:FleeingMerchant","floor":4,"turns":4},{"damage":1,"enemies":"Cultist","floor":5,"turns":3},{"damage":7,"enemies":"Lagavulin","floor":10,"turns":8},{"damage":8,"enemies":"Exordium Wildlife","floor":11,"turns":5},{"damage":0,"enemies":"3 Louse","floor":13,"turns":3},{"damage":8,"enemies":"Lots of Slimes","floor":14,"turns":4},{"damage":4,"enemies":"Gremlin Gang","floor":15,"turns":3},{"damage":5,"enemies":"SI_SHIV_ARCHETYPE","floor":16,"turns":8},{"damage":0,"enemies":"Spheric Guardian","floor":19,"turns":2},{"damage":10,"enemies":"Snecko","floor":20,"turns":4},{"damage":33,"enemies":"Slavers","floor":25,"turns":1}],"seed_played":"-4932594066794213255","potions_obtained":[{"floor":3,"key":"Block Potion"},{"floor":5,"key":"Block Potion"},{"floor":11,"key":"bronze:BurnAndBuffPotion"},{"floor":14,"key":"Energy Potion"}],"is_trial":false,"path_per_floor":["R","M","M","$","M","?","T","?","R","E","M","R","M","M","M","B",null,"R","M","M","?","?","R","T","E"],"character_chosen":"GUARDIAN","items_purchased":[],"campfire_rested":1,"item_purchase_floors":[],"current_hp_per_floor":[65,55,53,48,47,47,47,47,47,40,32,32,32,24,20,15,58,58,58,48,8,8,29,29,0,0,0],"gold":221,"neow_bonus":"RANDOM_COLORLESS_2","is_daily":false,"chose_seed":false,"campfire_upgraded":4,"win_rate":0.0,"timestamp":1612695384,"path_taken":["R","M","M","$","M","?","T","?","R","E","?","R","M","M","M","BOSS","R","M","M","?","?","R","T","E"],"items_purchased_type":[],"build_version":"2020-12-22","purchased_purges":0,"victory":false,"max_hp_per_floor":[72,72,72,72,72,72,72,72,72,72,72,72,72,72,72,72,72,72,72,72,72,72,72,72,72,72,72],"relic_stats":{"counters":[13,53],"Bloody Idol":0,"Cursed Key":1,"obtain_stats":[{"Calipers":7,"Bloody Idol":21,"Guardian:ModeShifter":0,"Cursed Key":17,"Mercury Hourglass":10},{"Calipers":4,"Bloody Idol":12,"Guardian:ModeShifter":0,"Cursed Key":10,"Mercury Hourglass":5},{"Calipers":17,"Bloody Idol":52,"Guardian:ModeShifter":0,"Cursed Key":46,"Mercury Hourglass":25}],"Mercury Hourglass":[121]},"card_choices":[{"not_picked":["The Bomb","Chrysalis"],"picked":"Mayhem","floor":0},{"not_picked":["Guardian:TemporalShield","Guardian:Incinerate"],"picked":"Guardian:Gem_Cyan","floor":2},{"not_picked":["Guardian:WalkerClaw","Guardian:SentryBeam"],"picked":"Guardian:RefractedBeam","floor":3},{"not_picked":["Guardian:Gem_Red","Guardian:BronzeArmor"],"picked":"Guardian:Gem_Cyan","floor":4},{"not_picked":["Guardian:TemporalShield","Guardian:Gem_Lightblue","Guardian:Harden"],"picked":"SKIP","floor":5},{"not_picked":["Guardian:ChargeCore","Guardian:Gem_Cyan"],"picked":"Guardian:ExploitGems","floor":10},{"not_picked":["Guardian:Reroute","Guardian:Gem_White"],"picked":"Guardian:Gem_Cyan","floor":11},{"not_picked":["Guardian:TemporalShield","Guardian:Harden"],"picked":"Guardian:Gem_White","floor":13},{"not_picked":["Guardian:TemporalStrike","Guardian:Suspension"],"picked":"Guardian:FloatingOrbs","floor":14},{"not_picked":["Guardian:TimeCapacitor","Guardian:Suspension"],"picked":"Guardian:Gem_Purple","floor":15},{"not_picked":["Guardian:AncientConstruct","Guardian:FastForward"],"picked":"Guardian:GemFire","floor":16},{"not_picked":["Guardian:VentSteam","Guardian:Gem_Cyan"],"picked":"Guardian:Gem_Purple","floor":19},{"not_picked":["Guardian:VentSteam","Guardian:ChargeCore"],"picked":"Guardian:Gem_Cyan","floor":20}],"player_experience":1295275,"relics_obtained":[{"floor":7,"key":"Calipers"},{"floor":10,"key":"Mercury Hourglass"}],"event_choices":[{"cards_removed":["Guardian:CurlUp"],"damage_healed":0,"gold_gain":0,"player_choice":"Card Removal","damage_taken":0,"max_hp_gain":0,"max_hp_loss":0,"event_name":"The Cleric","floor":6,"gold_loss":0},{"damage_healed":0,"gold_gain":0,"player_choice":" Idol ","damage_taken":40,"relics_obtained":["Bloody Idol"],"max_hp_gain":48,"max_hp_loss":8,"event_name":"betterAltar:BetterAltar","floor":21,"potions_obtained":[],"relics_lost":[],"gold_loss":0}],"is_beta":false,"boss_relics":[{"not_picked":["Philosopher\u0027s Stone","Runic Pyramid"],"picked":"Cursed Key"}],"items_purged_floors":[],"is_endless":false,"potions_floor_spawned":[3,5,11,14],"killed_by":"Slavers","ascension_level":16}}