{"host":"wttmrzzrx8nzm6lv","time":1612682979,"event":{"mods":["Arknights","BaseMod","Marisa£®ÏF”Í°°ƒß¿Ì…≥£©","Minty Spire (QoL Compilation)","Remilia£®¿Ÿ√◊¿Ú—«£©","StSLib","Youmu£®ªÍ∆«—˝√Œ£©"],"gold_per_floor":[19,35,210,285,285,304,229,246,246,258,0,15,32,47,47,149,149,159,171,188,88,88,121,38,38,38,38,137,151,183,195,195,299,299,316,191,191,204,217,243,292,292,292,322,322,322,74,90,90,90],"floor_reached":51,"language":"ZHS","playtime":1790,"items_purged":["Doubt","Bash","Cleave"],"score":739,"play_id":"d413416a-3a63-4821-8bb1-84d1b4b3ba5a","local_time":"20210207152939","is_ascension_mode":false,"campfire_choices":[{"data":"Armaments","floor":15.0,"key":"SMITH"},{"data":"Trip","floor":25,"key":"SMITH"},{"data":"Mayhem","floor":27,"key":"SMITH"},{"data":"Body Slam","floor":32,"key":"SMITH"},{"floor":45,"key":"REST"},{"data":"Madness","floor":49,"key":"SMITH"}],"circlet_count":0,"master_deck":["Mayhem+1","Body Slam+1","Flame Barrier","Armaments+1","Demon Form+1","Exhume+1","Immolate+1","Clash","Clash","Dual Wield","Trip+1","Body Slam","Metallicize+1","Shrug It Off","Pummel","Flex","Madness+1","Body Slam+1","Purity"],"relics":["Burning Blood","TungstenRod","Thread and Needle","Frozen Egg 2","Astrolabe","MealTicket","Mango","Nunchaku","Pandora\u0027s Box","Ice Cream","CaptainsWheel","Boot","Magic Flower","HandDrill"],"acts_visited":["Exordium","TheCity","TheBeyond"],"potions_floor_usage":[23,23,30,33,40,41,44,48,50,50],"damage_taken":[{"damage":3.0,"enemies":"Small Slimes","floor":1.0,"turns":3.0},{"damage":8.0,"enemies":"2 Louse","floor":2.0,"turns":2.0},{"damage":17.0,"enemies":"Jaw Worm","floor":6.0,"turns":5.0},{"damage":20.0,"enemies":"Gremlin Gang","floor":8.0,"turns":6.0},{"damage":21.0,"enemies":"Exordium Thugs","floor":10.0,"turns":6.0},{"damage":0.0,"enemies":"Large Slime","floor":12.0,"turns":7.0},{"damage":10.0,"enemies":"Exordium Wildlife","floor":13.0,"turns":6.0},{"damage":0.0,"enemies":"Gremlin Gang","floor":14.0,"turns":7.0},{"damage":14.0,"enemies":"Hexaghost","floor":16.0,"turns":11.0},{"damage":14.0,"enemies":"3 Byrds","floor":18.0,"turns":3.0},{"damage":19.0,"enemies":"Shell Parasite","floor":19.0,"turns":5.0},{"damage":14.0,"enemies":"Cultist and Chosen","floor":20.0,"turns":8.0},{"damage":3,"enemies":"Gremlin Leader","floor":23,"turns":6},{"damage":11,"enemies":"Chosen and Byrds","floor":29,"turns":5},{"damage":14,"enemies":"Slavers","floor":30,"turns":4},{"damage":9,"enemies":"Shelled Parasite and Fungi","floor":31,"turns":4},{"damage":46,"enemies":"Automaton","floor":33,"turns":7},{"damage":6,"enemies":"3 Shapes","floor":35,"turns":5},{"damage":11,"enemies":"Orb Walker","floor":38,"turns":4},{"damage":21,"enemies":"Spire Growth","floor":39,"turns":4},{"damage":12,"enemies":"Giant Head","floor":40,"turns":7},{"damage":42,"enemies":"2 Orb Walkers","floor":41,"turns":5},{"damage":34,"enemies":"Nemesis","floor":44,"turns":5},{"damage":12,"enemies":"Writhing Mass","floor":48,"turns":6},{"damage":36,"enemies":"Time Eater","floor":50,"turns":7}],"seed_played":"6951518728039307619","potions_obtained":[{"floor":1.0,"key":"Ancient Potion"},{"floor":8.0,"key":"DuplicationPotion"},{"floor":13.0,"key":"HeartOfIron"},{"floor":14.0,"key":"DuplicationPotion"},{"floor":16.0,"key":"PowerPotion"},{"floor":20.0,"key":"Block Potion"},{"floor":23,"key":"AttackPotion"},{"floor":29,"key":"GamblersBrew"},{"floor":39,"key":"ColorlessPotion"},{"floor":40,"key":"Energy Potion"},{"floor":41,"key":"Regen Potion"},{"floor":44,"key":"Block Potion"}],"is_trial":false,"path_per_floor":["M","M","?","?","?","M","$","M","T","M","$","M","M","M","R","B",null,"M","M","M","$","?","E","$","R","T","R","?","M","E","M","R","B",null,"M","$","?","M","M","E","?","?","T","E","R","?","$","M","R","B",null],"character_chosen":"IRONCLAD","items_purchased":["Frozen Egg 2","Trip","PowerPotion","HandDrill","AttackPotion"],"campfire_rested":1,"item_purchase_floors":[11,24,47,47,47],"current_hp_per_floor":[80,78,78,67,64,53,53,39,39,24,24,30,26,32,32,24,80,72,59,51,51,51,54,69,69,83,83,83,78,70,67,67,27,94,94,94,94,89,74,68,32,32,32,18,46,46,61,58,58,31],"gold":90,"neow_bonus":"RANDOM_COLORLESS_2","is_daily":false,"chose_seed":false,"campfire_upgraded":5,"win_rate":0.0,"timestamp":1612682979,"path_taken":["M","M","?","?","?","M","?","M","T","M","$","M","?","M","R","BOSS","M","?","?","$","?","E","$","R","T","R","?","M","E","M","R","BOSS","M","$","?","M","?","E","?","?","T","E","R","?","$","M","R","BOSS"],"items_purchased_type":["Relic","Card","Potion","Relic","Potion"],"build_version":"2020-12-22","purchased_purges":3,"victory":true,"max_hp_per_floor":[80,80,80,80,80,80,80,80,80,80,80,80,80,80,80,80,80,80,80,80,80,80,80,80,80,94,94,94,94,94,94,94,94,94,94,94,94,94,94,94,94,94,94,94,94,94,94,94,94,94],"card_choices":[{"not_picked":["Metamorphosis","Panache"],"picked":"Mayhem","floor":0.0},{"not_picked":["Heavy Blade","Shrug It Off","True Grit"],"picked":"SKIP","floor":1.0},{"not_picked":["Hemokinesis","Sword Boomerang","Evolve"],"picked":"SKIP","floor":2.0},{"not_picked":["Dropkick","Second Wind","Thunderclap"],"picked":"SKIP","floor":6.0},{"not_picked":["Wild Strike","Anger","Uppercut"],"picked":"SKIP","floor":8.0},{"not_picked":["Pommel Strike","Flex"],"picked":"Body Slam","floor":10.0},{"not_picked":["Havoc","Reckless Charge"],"picked":"Flame Barrier","floor":12.0},{"not_picked":["Disarm","Twin Strike"],"picked":"Armaments","floor":13.0},{"not_picked":["Perfected Strike","Havoc","Heavy Blade"],"picked":"SKIP","floor":14.0},{"not_picked":["Brutality+1","Immolate"],"picked":"Demon Form+1","floor":16.0},{"not_picked":["Armaments+1","Anger","Pummel"],"picked":"SKIP","floor":18.0},{"not_picked":["Armaments","Carnage"],"picked":"Clash","floor":19.0},{"not_picked":["Battle Trance","Cleave","Twin Strike"],"picked":"SKIP","floor":20.0},{"not_picked":["Ghostly Armor","Clothesline","Headbutt"],"picked":"SKIP","floor":23},{"not_picked":["Wild Strike","Cleave+1","Warcry+1"],"picked":"SKIP","floor":29},{"not_picked":["Rampage","Heavy Blade","Hemokinesis"],"picked":"SKIP","floor":30},{"not_picked":["Twin Strike","Feed"],"picked":"Body Slam","floor":31},{"not_picked":["Ghostly Armor+1","Hemokinesis+1","Twin Strike+1"],"picked":"SKIP","floor":35},{"not_picked":["Thunderclap+1","Battle Trance+1","Headbutt+1"],"picked":"SKIP","floor":38},{"not_picked":["Thunderclap","Twin Strike+1","Intimidate+1"],"picked":"SKIP","floor":39},{"not_picked":["Combust+1","Perfected Strike+1","Clash+1"],"picked":"SKIP","floor":40},{"not_picked":["Flex+1","Armaments"],"picked":"Body Slam+1","floor":41},{"not_picked":["Clash","Metallicize+1","Havoc+1"],"picked":"SKIP","floor":44},{"not_picked":["Finesse","Magnetism+1"],"picked":"Purity","floor":46},{"not_picked":["Clash","Bloodletting+1","True Grit+1"],"picked":"SKIP","floor":48}],"player_experience":749319,"relics_obtained":[{"floor":9.0,"key":"Thread and Needle"},{"floor":23,"key":"MealTicket"},{"floor":26,"key":"Mango"},{"floor":30,"key":"Nunchaku"},{"floor":40,"key":"Ice Cream"},{"floor":41,"key":"CaptainsWheel"},{"floor":43,"key":"Boot"},{"floor":44,"key":"Magic Flower"}],"event_choices":[{"damage_healed":0.0,"max_hp_gain":0.0,"max_hp_loss":0.0,"gold_gain":175.0,"event_name":"Liars Game","player_choice":"AGREE","floor":3.0,"gold_loss":0.0,"damage_taken":0.0,"cards_obtained":["Doubt"]},{"damage_healed":0.0,"max_hp_gain":0.0,"max_hp_loss":0.0,"gold_gain":75.0,"event_name":"World of Goop","player_choice":"Gather Gold","floor":4.0,"gold_loss":0.0,"damage_taken":11.0},{"damage_healed":0.0,"max_hp_gain":0.0,"max_hp_loss":0.0,"gold_gain":0.0,"event_name":"Scrap Ooze","player_choice":"Success","floor":5.0,"gold_loss":0.0,"damage_taken":3.0,"relics_obtained":["TungstenRod"]},{"damage_healed":0.0,"max_hp_gain":0.0,"max_hp_loss":0.0,"gold_gain":0.0,"cards_transformed":["Feel No Pain","Strike_R"],"event_name":"Drug Dealer","player_choice":"Became Test Subject","floor":22.0,"gold_loss":0.0,"damage_taken":0.0,"cards_obtained":["Clash","Dual Wield"]},{"damage_healed":0,"gold_gain":99,"player_choice":"Stole From Cult","damage_taken":0,"max_hp_gain":0,"max_hp_loss":0,"event_name":"Nest","floor":28,"gold_loss":0},{"damage_healed":0,"gold_gain":0,"player_choice":"1 cards matched","damage_taken":0,"max_hp_gain":0,"max_hp_loss":0,"event_name":"Match and Keep!","floor":37,"gold_loss":0,"cards_obtained":["Madness"]},{"damage_healed":0,"gold_gain":0,"player_choice":"Fight","damage_taken":0,"max_hp_gain":0,"max_hp_loss":0,"event_name":"Mysterious Sphere","floor":41,"gold_loss":0},{"damage_healed":0,"gold_gain":0,"player_choice":"Ignored","damage_taken":0,"max_hp_gain":0,"max_hp_loss":0,"event_name":"Tomb of Lord Red Mask","floor":42,"gold_loss":0},{"damage_healed":0,"gold_gain":0,"player_choice":"Memory 1","damage_taken":0,"max_hp_gain":0,"max_hp_loss":0,"event_name":"SensoryStone","floor":46,"gold_loss":0}],"is_beta":false,"boss_relics":[{"not_picked":["SlaversCollar","Busted Crown"],"picked":"Astrolabe"},{"not_picked":["Fusion Hammer","Coffee Dripper"],"picked":"Pandora\u0027s Box"}],"items_purged_floors":[7,21,36],"is_endless":false,"potions_floor_spawned":[1,8,13,14,16,20,23,29,39,40,41,44],"ascension_level":0}}