{"host":"oehe2dxjvdgux73m","time":1612708042,"event":{"mods":["AchievementEnabler","BaseMod","Colored Map","Colored Powertips","DeckTracker","Keyboard Shortcuts","Minty Spire (QoL Compilation)","Permanent Neow","Quick Restart","StSLib","SuperFastMode"],"gold_per_floor":[20,20,39,55,55,55,55,75,75,96,21,44,44,67,67,188,188,212,137,161,186,4,4,4,4],"floor_reached":24,"language":"KOR","playtime":696,"items_purged":["Strike_B"],"score":219,"play_id":"e94f8279-bf72-4f0a-adbc-fb9b96f48929","local_time":"20210207232722","is_ascension_mode":true,"campfire_choices":[{"data":"Defragment","floor":6.0,"key":"SMITH"},{"data":"Double Energy","floor":13.0,"key":"SMITH"},{"data":"Zap","floor":15.0,"key":"SMITH"},{"floor":23,"key":"REST"}],"circlet_count":0,"master_deck":["Defend_B","Defend_B","Defend_B","Defend_B","Zap+1","Dualcast","Defragment+1","Double Energy+1","Turbo","Compile Driver","Coolheaded","Sweeping Beam","Rebound","Cold Snap","Reboot","Buffer","White Noise","Chill+1","Ball Lightning","FTL"],"relics":["Cracked Core","Golden Idol","Lantern","Cursed Key","Membership Card"],"acts_visited":["Exordium","TheCity"],"potions_floor_usage":[],"damage_taken":[{"damage":6.0,"enemies":"2 Louse","floor":1.0,"turns":3.0},{"damage":17.0,"enemies":"Small Slimes","floor":3.0,"turns":3.0},{"damage":4.0,"enemies":"Jaw Worm","floor":4.0,"turns":3.0},{"damage":11.0,"enemies":"3 Louse","floor":8.0,"turns":4.0},{"damage":0.0,"enemies":"Looter","floor":10.0,"turns":3.0},{"damage":11.0,"enemies":"Large Slime","floor":12.0,"turns":4.0},{"damage":0.0,"enemies":"2 Fungi Beasts","floor":14.0,"turns":2.0},{"damage":18.0,"enemies":"Hexaghost","floor":16.0,"turns":10.0},{"damage":9,"enemies":"Shell Parasite","floor":18,"turns":7},{"damage":17,"enemies":"2 Thieves","floor":20,"turns":4},{"damage":26,"enemies":"Snake Plant","floor":21,"turns":4},{"damage":47,"enemies":"Gremlin Leader","floor":24,"turns":8}],"seed_played":"-5255888495918146624","potions_obtained":[{"floor":4.0,"key":"SneckoOil"},{"floor":10.0,"key":"DuplicationPotion"}],"is_trial":false,"path_per_floor":["M","?","M","M","?","R","?","M","T","M","$","M","R","M","R","B",null,"M","?","M","M","$","R","E"],"character_chosen":"DEFECT","items_purchased":["Membership Card","FTL"],"campfire_rested":1,"item_purchase_floors":[22,22],"current_hp_per_floor":[69,69,52,48,53,53,53,42,42,42,42,31,31,31,31,13,74,65,65,48,22,22,44,0,0],"gold":4,"neow_bonus":"TRANSFORM_TWO_CARDS","is_daily":false,"chose_seed":false,"campfire_upgraded":3,"win_rate":0.0,"timestamp":1612708042,"path_taken":["M","?","M","M","?","R","?","M","T","M","?","M","R","M","R","BOSS","M","?","M","M","$","R","E"],"items_purchased_type":["Relic","Card"],"build_version":"2020-12-22","purchased_purges":1,"victory":false,"max_hp_per_floor":[75,69,69,69,74,74,74,74,74,74,74,74,74,74,74,74,74,74,74,74,74,74,74,74,74],"card_choices":[{"not_picked":["Stack","BootSequence"],"picked":"Turbo","floor":1.0},{"not_picked":["Redo","Turbo"],"picked":"Compile Driver","floor":3.0},{"not_picked":["Rebound","Fusion"],"picked":"Coolheaded","floor":4.0},{"not_picked":["Streamline","Stack"],"picked":"Sweeping Beam","floor":8.0},{"not_picked":["Lockon","BootSequence"],"picked":"Rebound","floor":10.0},{"not_picked":["Stack","Steam"],"picked":"Cold Snap","floor":12.0},{"not_picked":["Glacier","Undo"],"picked":"Reboot","floor":14.0},{"not_picked":["Meteor Strike","Rainbow"],"picked":"Buffer","floor":16.0},{"not_picked":["Cold Snap","Stack"],"picked":"White Noise","floor":18},{"not_picked":["Loop","BootSequence"],"picked":"Chill+1","floor":20},{"not_picked":["Rebound+1","Hologram"],"picked":"Ball Lightning","floor":21}],"player_experience":413606,"relics_obtained":[{"floor":9.0,"key":"Lantern"}],"event_choices":[{"damage_healed":0.0,"max_hp_gain":0.0,"max_hp_loss":6.0,"gold_gain":0.0,"event_name":"Golden Idol","player_choice":"Lose Max HP","floor":2.0,"gold_loss":0.0,"damage_taken":0.0,"relics_obtained":["Golden Idol"]},{"damage_healed":0.0,"max_hp_gain":5.0,"max_hp_loss":0.0,"gold_gain":0.0,"event_name":"Big Fish","player_choice":"Donut","floor":5.0,"gold_loss":0.0,"damage_taken":0.0},{"damage_healed":0.0,"max_hp_gain":0.0,"max_hp_loss":0.0,"gold_gain":0.0,"event_name":"Liars Game","player_choice":"Ignored","floor":7.0,"gold_loss":0.0,"damage_taken":0.0},{"cards_removed":["Strike_B"],"damage_healed":0,"gold_gain":0,"player_choice":"Gave Gold","damage_taken":0,"max_hp_gain":0,"max_hp_loss":0,"event_name":"Beggar","floor":19,"gold_loss":75}],"is_beta":false,"boss_relics":[{"not_picked":["Snecko Eye","SlaversCollar"],"picked":"Cursed Key"}],"items_purged_floors":[11],"is_endless":false,"potions_floor_spawned":[4,10],"killed_by":"Gremlin Leader","ascension_level":3}}