{"host":"0hb9w7uizu7y13wj","time":1612726472,"event":{"mods":["Act Like it!","Aspiration","BaseMod","BetterRewards","Colored Map","Conspire","Downfall","Energized Spire","FTL Soundtrack","Friendly Minions","Halation","Hubris","Infinite Spire","Minty Spire (QoL Compilation)","Quick Restart","Replay The Spire","StSLib","Synergy Search","The Hierophant","The Jungle","The Poker Player","Trackpad","everything is the same but u backflip on backflip"],"gold_per_floor":[114,114,130,130,130,163,183,183,183,210,154,52,79,97,97,169,169,145,145,145,163,163,195,195,195,195,222,297,297,310,310,310,389,489,505,519,599,614,626,657,657,369,369,403,416,416,445,458,458,458,458,458,458,458,458],"floor_reached":54,"language":"ENG","playtime":2674,"items_purged":["downfall:Icky"],"score":2187,"play_id":"2dffa889-fdb6-4706-8b9c-f48dc1d63e02","local_time":"20210207193432","is_ascension_mode":true,"campfire_choices":[{"data":"Carnage","floor":8.0,"key":"SMITH"},{"floor":15.0,"key":"DIG"},{"floor":25.0,"key":"REST"},{"data":"Bash","floor":29.0,"key":"SMITH"},{"data":"conspire:Banana","floor":32.0,"key":"SMITH"},{"floor":41.0,"key":"RECALL"},{"data":"conspire:Banana","floor":46.0,"key":"SMITH"},{"data":"Feel No Pain","floor":49.0,"key":"SMITH"},{"data":"Armaments","floor":53.0,"key":"SMITH"}],"circlet_count":0,"master_deck":["AscendersBane","Strike_R","Strike_R","Strike_R","Strike_R","Strike_R","Defend_R","Defend_R","Defend_R","Bash+1","Carnage+1","Dual Wield","Fiend Fire","Metallicize","Metallicize","conspire:Banana+1","Metallicize","Pummel","Bludgeon","Injury","Metallicize","infinitespire:FutureSight","Armaments+1","Decay","conspire:Banana+1","Reaper","Parasite","Feel No Pain+1","Feel No Pain+1"],"relics":["Burning Blood","NeowsBlessing","Replay:Accelerometer","ReplayTheSpireMod:TigerMarble","conspire:Dentures","halation:OrihimeAndHikoboshiSamaAndTears","Replay:Mystery Machine","aspiration:FrozenJewel","Replay:Ancient Bell","Replay:Baseball","Replay:Bottled Snecko","aspiration:DSix","trackpad:DemonHeart","Toolbox","hubris:Towel","trackpad:AdjectivePendant","ReplayTheSpireMod:Shallot","Bird Faced Urn","Iron Hammer","Replay:Wanted Poster","trackpad:IceCube","hubris:GlazedTorus","trackpad:ByrdCharm","Bag of Preparation","trackpad:DisasterInABottle"],"acts_visited":["Exordium","TheCity","TheBeyond","TheEnding"],"potions_floor_usage":[],"damage_taken":[{"damage":0.0,"enemies":"Cultist","floor":1.0,"turns":1.0},{"damage":0.0,"enemies":"Small Slimes","floor":3.0,"turns":1.0},{"damage":0.0,"enemies":"Lagavulin","floor":6.0,"turns":1.0},{"damage":2.0,"enemies":"Jaw Worm","floor":7.0,"turns":3.0},{"damage":11.0,"enemies":"Gremlin Nob","floor":10.0,"turns":3.0},{"damage":14.0,"enemies":"3 Sentries","floor":13.0,"turns":9.0},{"damage":6.0,"enemies":"Blue Slaver","floor":14.0,"turns":4.0},{"damage":44.0,"enemies":"Hexaghost","floor":16.0,"turns":11.0},{"damage":21.0,"enemies":"2 Thieves","floor":18.0,"turns":4.0},{"damage":0.0,"enemies":"Chosen","floor":21.0,"turns":2.0},{"damage":27.0,"enemies":"Gremlin Leader","floor":23.0,"turns":4.0},{"damage":21.0,"enemies":"Slavers","floor":27.0,"turns":5.0},{"damage":8.0,"enemies":"Centurion and Healer","floor":30.0,"turns":4.0},{"damage":55.0,"enemies":"hubris:MusketHawk","floor":33.0,"turns":9.0},{"damage":22.0,"enemies":"3 Darklings","floor":35.0,"turns":4.0},{"damage":0.0,"enemies":"Orb Walker","floor":36.0,"turns":2.0},{"damage":51.0,"enemies":"Writhing Mass","floor":38.0,"turns":7.0},{"damage":0.0,"enemies":"3 Darklings","floor":39.0,"turns":2.0},{"damage":25.0,"enemies":"Nemesis","floor":40.0,"turns":15.0},{"damage":16.0,"enemies":"R_Hoarder","floor":44.0,"turns":8.0},{"damage":0.0,"enemies":"Jaw Worm Horde","floor":45.0,"turns":5.0},{"damage":0.0,"enemies":"Nightmare","floor":47.0,"turns":2.0},{"damage":44.0,"enemies":"Transient","floor":48.0,"turns":6.0},{"damage":25.0,"enemies":"conspire:OrnateMirror","floor":50.0,"turns":17.0},{"damage":54.0,"enemies":"Donu and Deca","floor":51.0,"turns":14.0}],"seed_played":"1606447911071336280","potions_obtained":[{"floor":10.0,"key":"bronze:BurnAndBuffPotion"},{"floor":14.0,"key":"LifebloodPotion"},{"floor":16.0,"key":"infinitespire:BlackPotion"},{"floor":48.0,"key":"PowerPotion"}],"is_trial":false,"path_per_floor":["M","?","M","T","?","E","M","R","T","E","$","$","E","M","R_BF","B",null,"M","AVR","?","M","?","E","?","R","T","E","T","R","M","?","R","B",null,"M","M","?","M","M","E","R","$","T","E","M","R","NM","M","R","B","B",null,"R","$"],"character_chosen":"IRONCLAD","items_purchased":["Metallicize","conspire:Banana","trackpad:ByrdCharm"],"campfire_rested":1,"item_purchase_floors":[11,12,42],"current_hp_per_floor":[74,74,75,75,75,75,75,75,75,70,70,70,63,64,64,28,66,51,51,51,57,57,37,37,61,61,47,47,47,56,56,56,24,70,87,91,91,57,63,75,75,75,75,92,103,103,103,73,73,110,97,111,111,111,111],"gold":458,"neow_bonus":"THREE_ENEMY_KILL","is_daily":false,"chose_seed":false,"campfire_upgraded":6,"win_rate":0.0,"timestamp":1612726472,"path_taken":["M","?","?","?","?","E","M","R","T","E","?","$","E","M","R_BF","BOSS","M","AVR","?","M","?","E","?","R","T","E","?","R","?","?","R","BOSS","M","M","?","M","?","E","R","$","T","E","M","R","NM","M","R","BOSS","BOSS","R","$"],"items_purchased_type":["Card","Card","Relic"],"build_version":"2020-12-22","purchased_purges":1,"victory":false,"max_hp_per_floor":[75,75,75,75,75,75,75,75,75,75,75,75,76,77,77,79,79,79,79,79,79,79,80,80,80,80,81,81,81,82,82,82,85,85,89,91,91,94,94,97,97,97,97,100,103,103,103,107,107,111,115,115,115,115,115],"card_choices":[{"not_picked":["Thunderclap","Headbutt","Dual Wield"],"picked":"SKIP","floor":1.0},{"not_picked":["Thunderclap","Perfected Strike","Clash"],"picked":"SKIP","floor":3.0},{"not_picked":["Blood for Blood","Thunderclap"],"picked":"Dual Wield","floor":6.0},{"not_picked":["Headbutt","Flex","Sever Soul"],"picked":"SKIP","floor":7.0},{"not_picked":["Dual Wield","hubris:ReadiedAction"],"picked":"Fiend Fire","floor":10.0},{"not_picked":["Dropkick","Heavy Blade"],"picked":"Metallicize","floor":13.0},{"not_picked":["Body Slam","Entrench"],"picked":"Pummel","floor":14.0},{"not_picked":["Hemogenesis","Juggernaut"],"picked":"Bludgeon","floor":16.0},{"not_picked":["conspire:Blindness","Voices"],"picked":"downfall:Icky","floor":17.0},{"not_picked":["hubris:Disease","Shame"],"picked":"Injury","floor":17.0},{"not_picked":["Spreading Infection","Parasite"],"picked":"Writhe","floor":17.0},{"not_picked":["Searing Blow","Carnage"],"picked":"Metallicize","floor":18.0},{"not_picked":["Juggernaut","Rage","Thunderclap"],"picked":"SKIP","floor":21.0},{"not_picked":["Havoc","Sentinel","Cleave"],"picked":"SKIP","floor":23.0},{"not_picked":["Shrug It Off","Havoc","Sentinel"],"picked":"SKIP","floor":27.0},{"not_picked":["True Grit","Shrug It Off","Warcry"],"picked":"SKIP","floor":30.0},{"not_picked":["Offering","Berserk"],"picked":"Reaper","floor":33.0},{"not_picked":["Havoc","Second Wind","Pommel Strike"],"picked":"SKIP","floor":35.0},{"not_picked":["Life Link","Second Wind","True Grit+1"],"picked":"SKIP","floor":36.0},{"not_picked":["True Grit","Massacre","Heavy Blade+1"],"picked":"SKIP","floor":38.0},{"not_picked":["Anger","ReplayTheSpireMod:Stacked"],"picked":"Feel No Pain+1","floor":39.0},{"not_picked":["Warcry","Rupture","ReplayTheSpireMod:Strike From Hell"],"picked":"SKIP","floor":40.0},{"not_picked":["Clothesline","Abandon","Bloodletting+1"],"picked":"SKIP","floor":44.0},{"not_picked":["Pommel Strike","Entrench","Perfected Strike"],"picked":"SKIP","floor":45.0},{"not_picked":["Defy Death","hubris:CleavingFinish+1","Armaments+1"],"picked":"SKIP","floor":47.0},{"not_picked":["ReplayTheSpireMod:LeadingStrike","Thunderclap"],"picked":"Feel No Pain","floor":48.0}],"player_experience":965269,"relics_obtained":[{"floor":4.0,"key":"Replay:Accelerometer"},{"floor":6.0,"key":"ReplayTheSpireMod:TigerMarble"},{"floor":9.0,"key":"conspire:Dentures"},{"floor":10.0,"key":"halation:OrihimeAndHikoboshiSamaAndTears"},{"floor":13.0,"key":"Replay:Mystery Machine"},{"floor":15.0,"key":"aspiration:FrozenJewel"},{"floor":23.0,"key":"trackpad:AdjectivePendant"},{"floor":26.0,"key":"ReplayTheSpireMod:Shallot"},{"floor":27.0,"key":"Bird Faced Urn"},{"floor":28.0,"key":"Iron Hammer"},{"floor":37.0,"key":"trackpad:IceCube"},{"floor":40.0,"key":"hubris:GlazedTorus"},{"floor":44.0,"key":"Bag of Preparation"},{"floor":47.0,"key":"trackpad:DisasterInABottle"}],"event_choices":[{"damage_healed":0.0,"max_hp_gain":0.0,"max_hp_loss":0.0,"gold_gain":0.0,"cards_transformed":["Defend_R"],"event_name":"Transmorgrifier","player_choice":"Transformed","floor":2.0,"gold_loss":0.0,"damage_taken":0.0,"cards_obtained":["Carnage"]},{"damage_healed":0.0,"max_hp_gain":0.0,"max_hp_loss":0.0,"gold_gain":0.0,"event_name":"The Library","player_choice":"Read","floor":22.0,"gold_loss":0.0,"damage_taken":0.0,"cards_obtained":["Armaments"]},{"damage_healed":0.0,"max_hp_gain":0.0,"max_hp_loss":0.0,"gold_gain":0.0,"event_name":"Forgotten Altar","player_choice":"Smashed Altar","floor":24.0,"gold_loss":0.0,"damage_taken":0.0,"cards_obtained":["Decay"]},{"damage_healed":0.0,"max_hp_gain":0.0,"max_hp_loss":0.0,"gold_gain":0.0,"event_name":"Duplicator","player_choice":"Copied","floor":31.0,"gold_loss":0.0,"damage_taken":0.0,"cards_obtained":["conspire:Banana"]}],"is_beta":false,"boss_relics":[{"not_picked":["Replay:Drink Me","energizedSpire:StickyHand"],"picked":"Replay:Ancient Bell"},{"not_picked":["halation:AfternoonTea","hubris:OldNail"],"picked":"Replay:Baseball"},{"not_picked":["StrikeDummy","infinitespire:WardingShard"],"picked":"Replay:Bottled Snecko"},{"not_picked":["Calipers","hubris:Teleporter"],"picked":"aspiration:DSix"},{"not_picked":["energizedSpire:DeadBattery","Mark of Pain"],"picked":"Replay:Wanted Poster"}],"items_purged_floors":[19],"is_endless":false,"potions_floor_spawned":[10,14,16,21,23,30,38,40,44,48],"ascension_level":20}}