{"host":"6dypmz777xraikqf","time":1612715373,"event":{"mods":["AchievementEnabler","BaseMod","BetterRewards","Colored Map","Colored Powertips","Downfall","Highlight Path","Hubris","Infinite Spire","Minty Spire (QoL Compilation)","Replay The Spire","StSLib"],"gold_per_floor":[116,134,154,154,104,131,131,161,186,186,156,11,11,11,11,83,83,103,117,17,32,32,67,80,80,80,114,134,159,220,239,239,313,313,329,329,346,346,346,379,395,213,213,238,238,273,287,321,321,321],"floor_reached":51,"language":"ENG","playtime":2930,"items_purged":["Strike_R","Strike_R","Strike_R"],"score":1520,"play_id":"b36750c7-15b0-437c-ad45-012681419790","local_time":"20210207162933","is_ascension_mode":true,"campfire_choices":[{"data":"Crow Ritual","floor":7,"key":"SMITH"},{"floor":15,"key":"REST"},{"floor":25,"key":"REST"},{"data":"hubris:Fate","floor":32,"key":"SMITH"},{"data":"hubris:Fate","floor":49,"key":"SMITH"}],"circlet_count":0,"master_deck":["AscendersBane","Strike_R","Defend_R","Defend_R","Defend_R","Defend_R","hubris:DuctTapeCard","ReplayTheSpireMod:Stacked","Crow Ritual+1","Deep Breath","hubris:ReadiedAction","ReplayReversal","Whirlwind","Impervious","Body Slam","Warcry+1","Dual Wield","infinitespire:Collect","hubris:Fate+1","ReplayTheSpireMod:Echoes of Time","Feel No Pain","Defy Death","Evolve+1","Shrug It Off+1","Seeing Red","Sentinel","hubris:Fate+1","Run Through","hubris:Fate+1","Body Slam","ReplayUltimateDefense","Warcry+1"],"relics":["Burning Blood","hubris:DuctTape","Gambling Chip","Bird Faced Urn","StoneCalendar","Nunchaku","hubris:TinFlute","infinitespire:Beetle Shell","hubris:Towel","Akabeko","Letter Opener","Ring of Chaos","infinitespire:Bottled Soul","hubris:Reverence","Anchor","hubris:DeckOfHolding","Singing Bowl","hubris:BlackHole","hubris:IronBody","Replay:Ringing Soul","hubris:SphereOfDissonance","Blood Vial","Lantern"],"acts_visited":["Exordium","TheCity","TheBeyond"],"potions_floor_usage":[6,21,28],"damage_taken":[{"damage":6,"enemies":"Cultist","floor":1,"turns":6},{"damage":1,"enemies":"2 Louse","floor":2,"turns":3},{"damage":8,"enemies":"Small Slimes","floor":3,"turns":5},{"damage":32,"enemies":"Replay:BlueRogue","floor":6,"turns":7},{"damage":34,"enemies":"3 Sentries","floor":8,"turns":7},{"damage":1,"enemies":"Looter","floor":11,"turns":4},{"damage":54,"enemies":"Hexaghost","floor":16,"turns":11},{"damage":3,"enemies":"Spheric Guardian","floor":18,"turns":5},{"damage":30,"enemies":"Shell Parasite","floor":19,"turns":7},{"damage":14,"enemies":"Sentry and Sphere","floor":21,"turns":6},{"damage":29,"enemies":"Slavers","floor":23,"turns":5},{"damage":0,"enemies":"Shelled Parasite and Fungi","floor":24,"turns":1},{"damage":7,"enemies":"Replay:Snechameleon","floor":27,"turns":2},{"damage":24,"enemies":"Cultist and Chosen","floor":28,"turns":7},{"damage":3,"enemies":"Slavers","floor":29,"turns":3},{"damage":8,"enemies":"Centurion and Healer","floor":31,"turns":5},{"damage":5,"enemies":"Collector","floor":33,"turns":6},{"damage":0,"enemies":"3 Darklings","floor":35,"turns":1},{"damage":0,"enemies":"3 Shapes","floor":37,"turns":1},{"damage":0,"enemies":"Giant Head","floor":40,"turns":1},{"damage":0,"enemies":"Writhing Mass","floor":41,"turns":1},{"damage":0,"enemies":"Nemesis","floor":44,"turns":1},{"damage":0,"enemies":"Nightmare","floor":46,"turns":1},{"damage":0,"enemies":"Sphere and 2 Shapes","floor":47,"turns":1},{"damage":0,"enemies":"Nemesis","floor":48,"turns":1},{"damage":0,"enemies":"Donu and Deca","floor":50,"turns":1}],"seed_played":"-6401777534968763659","potions_obtained":[{"floor":1,"key":"Adrenaline Potion"},{"floor":16,"key":"DistilledChaos"},{"floor":18,"key":"Dexterity Potion"},{"floor":27,"key":"AttackPotion"},{"floor":29,"key":"champ:CounterPotion"},{"floor":31,"key":"LifebloodPotion"},{"floor":33,"key":"Adrenaline Potion"}],"is_trial":false,"path_per_floor":["M","M","M","T","?","E","R","E","T","?","M","$","?","?","R","B",null,"M","M","$","M","AVR","E","M","R","T","E","M","E","?","M","R","B",null,"M","?","M","?","?","E","M","$","T","E","?","NM","M","E","R","B",null],"character_chosen":"IRONCLAD","items_purchased":["Inflame","hubris:DuctTape","ReplayTheSpireMod:Stacked","Bird Faced Urn","Crow Ritual","Deep Breath","Akabeko","ReplayUltimateDefense"],"campfire_rested":2,"item_purchase_floors":[0,0,0,0,0,0,12,42],"current_hp_per_floor":[66,75,77,77,77,54,54,30,30,30,37,37,37,29,53,9,62,69,47,47,43,43,22,28,52,52,53,69,78,78,80,80,82,82,82,62,70,70,70,78,84,84,84,86,86,88,91,93,93,93],"gold":321,"neow_bonus":"","is_daily":false,"chose_seed":false,"campfire_upgraded":3,"win_rate":0.0,"timestamp":1612715373,"path_taken":["M","M","M","?","?","E","R","E","T","?","M","$","?","?","R","BOSS","M","M","?","M","AVR","E","M","R","T","E","?","E","?","M","R","BOSS","M","?","M","?","?","E","?","$","T","E","?","NM","M","E","R","BOSS"],"items_purchased_type":["Card","Relic","Card","Relic","Card","Card","Relic","Card"],"build_version":"2020-12-22","purchased_purges":3,"victory":true,"max_hp_per_floor":[80,80,80,80,80,80,80,80,80,80,80,80,80,80,80,80,80,80,80,80,80,80,80,80,80,80,80,80,80,80,80,80,82,82,82,82,82,82,82,82,84,84,84,86,86,88,91,93,93,93],"card_choices":[{"not_picked":["Wild Strike","Life Link"],"picked":"hubris:ReadiedAction","floor":1},{"not_picked":["Sever Soul","Hemokinesis"],"picked":"ReplayReversal","floor":2},{"not_picked":["Perfected Strike","Wild Strike"],"picked":"Warcry","floor":3},{"not_picked":["Sword Boomerang","Wild Strike","Clash"],"picked":"SKIP","floor":6},{"not_picked":["Flex","Sword Boomerang"],"picked":"Whirlwind","floor":8},{"not_picked":["Disarm","Wild Strike","Armaments"],"picked":"SKIP","floor":11},{"not_picked":["Limit Break","Double Tap"],"picked":"Impervious","floor":16},{"not_picked":["Headbutt","Iron Wave"],"picked":"Body Slam","floor":18},{"not_picked":["Anger","Life Link+1"],"picked":"Warcry+1","floor":19},{"not_picked":["Entrench","True Grit"],"picked":"Dual Wield","floor":21},{"not_picked":["Bludgeon","Iron Wave","Dual Wield"],"picked":"SKIP","floor":23},{"not_picked":["Uppercut","Replay:Undeath\u0027s Touch","Heavy Blade"],"picked":"SKIP","floor":24},{"not_picked":["ReplayReversal","Clothesline"],"picked":"Feel No Pain","floor":27},{"not_picked":["Armaments","Anger","Wild Strike"],"picked":"SKIP","floor":28},{"not_picked":["Brutality","Pommel Strike"],"picked":"Defy Death","floor":29},{"not_picked":["Run Through+1","Replay:Undeath\u0027s Touch"],"picked":"Evolve+1","floor":30},{"not_picked":["Replay:Undeath\u0027s Touch","Twin Strike+1"],"picked":"Shrug It Off+1","floor":30},{"not_picked":["Double Tap","Armaments"],"picked":"Seeing Red","floor":31},{"not_picked":["Eclipse","hubris:StunningStrike","Double Tap"],"picked":"Singing Bowl","floor":33},{"not_picked":["Rage+1","Shrug It Off+1"],"picked":"Sentinel","floor":35},{"not_picked":["infinitespire:SevenWalls","infinitespire:Gouge"],"picked":"hubris:Fate","floor":36},{"not_picked":["Warcry","Armaments"],"picked":"Run Through","floor":37},{"not_picked":["hubris:CleavingFinish","Twin Strike"],"picked":"Body Slam","floor":40},{"not_picked":["Rage","Clash+1","Flex"],"picked":"Singing Bowl","floor":41},{"not_picked":["Wild Strike","Thunderclap","Life Link+1"],"picked":"Singing Bowl","floor":44},{"not_picked":["Cleave","Inflame+1","Infernal Blade"],"picked":"Singing Bowl","floor":46},{"not_picked":["Twin Strike","Sword Boomerang"],"picked":"Warcry+1","floor":47},{"not_picked":["Replay:Undeath\u0027s Touch","Thunderclap+1","Wild Strike"],"picked":"Singing Bowl","floor":48}],"player_experience":202746,"relics_obtained":[{"floor":4,"key":"StoneCalendar"},{"floor":6,"key":"Nunchaku"},{"floor":8,"key":"hubris:TinFlute"},{"floor":9,"key":"infinitespire:Beetle Shell"},{"floor":23,"key":"infinitespire:Bottled Soul"},{"floor":26,"key":"hubris:Reverence"},{"floor":27,"key":"Anchor"},{"floor":29,"key":"hubris:DeckOfHolding"},{"floor":30,"key":"Singing Bowl"},{"floor":40,"key":"hubris:IronBody"},{"floor":43,"key":"Replay:Ringing Soul"},{"floor":44,"key":"hubris:SphereOfDissonance"},{"floor":46,"key":"Blood Vial"},{"floor":48,"key":"Lantern"}],"event_choices":[{"cards_removed":["Strike_R"],"damage_healed":0,"gold_gain":0,"player_choice":"Card Removal","damage_taken":0,"max_hp_gain":0,"max_hp_loss":0,"event_name":"The Cleric","floor":5,"gold_loss":50},{"damage_healed":0,"gold_gain":0,"player_choice":"Searched \u00272\u0027 times","damage_taken":0,"relics_obtained":["Letter Opener"],"max_hp_gain":0,"max_hp_loss":0,"event_name":"Dead Adventurer","floor":13,"gold_loss":0},{"damage_healed":0,"gold_gain":0,"player_choice":"Damaged","damage_taken":8,"max_hp_gain":0,"max_hp_loss":0,"event_name":"Wheel of Change","floor":14,"gold_loss":0},{"cards_removed":["Warcry"],"damage_healed":0,"gold_gain":0,"player_choice":"Removed Skill","damage_taken":0,"max_hp_gain":0,"max_hp_loss":0,"event_name":"Falling","floor":38,"gold_loss":0},{"damage_healed":0,"gold_gain":0,"player_choice":"Copied","damage_taken":0,"max_hp_gain":0,"max_hp_loss":0,"event_name":"Duplicator","floor":39,"gold_loss":0,"cards_obtained":["hubris:Fate"]},{"damage_healed":0,"gold_gain":0,"player_choice":"Ignored","damage_taken":0,"max_hp_gain":0,"max_hp_loss":0,"event_name":"Tomb of Lord Red Mask","floor":45,"gold_loss":0}],"is_beta":false,"boss_relics":[{"not_picked":["Calling Bell","Kintsugi"],"picked":"Ring of Chaos"},{"not_picked":["Runic Dome","hubris:CrackedHourglass"],"picked":"hubris:BlackHole"}],"items_purged_floors":[0,20,22],"is_endless":false,"potions_floor_spawned":[1,16,18,19,27,29,31,33,41,44,46],"ascension_level":13}}