{"host":"630px4nyj50z5id8","time":1612691164,"event":{"mods":["BaseMod","Better Note","Colored Powertips","Good Game Mod","Minty Spire (QoL Compilation)","Quick Restart","Rare Cards Sparkle","Relic Filter Mod","Replay The Spire","StSLib","Waifu the Spire"],"gold_per_floor":[119,129,129,146,146,146,180,199,226,226,256,270,270,39,39,143,143,155,155,175,175,201,226,126,126,126,146,179,191,191,191],"floor_reached":30,"language":"ZHS","playtime":1188,"items_purged":["Strike_R","Strike_R"],"score":494,"play_id":"74673c4d-75aa-4f33-b6d9-020b3bd9c889","local_time":"20210207174604","is_ascension_mode":true,"campfire_choices":[{"data":"Eruption","floor":6.0,"key":"SMITH"},{"data":"Armaments","floor":10.0,"key":"SMITH"},{"data":"Tantrum","floor":13.0,"key":"SMITH"},{"data":"Massacre","floor":15.0,"key":"SMITH"},{"data":"Immolate","floor":25,"key":"SMITH"}],"circlet_count":0,"master_deck":["Strike_R","Strike_R","Defend_R","Defend_R","Defend_R","Defend_R","Brutality","Armaments+1","Eruption+1","Eclipse","Replay:Undeath\u0027s Touch","Immolate","Second Wind","Tantrum+1","Massacre+1","ReplayTheSpireMod:Muscle Training","Impervious","Battle Trance","ReplayTheSpireMod:Limb From Limb","Reaper","Immolate+1","BowlingBash+1","True Grit"],"relics":["REME:ComplimentaryCards","NeowsBlessing","Replay:M_SmolderingBlood","Regal Pillow","Boot","ReplayTheSpireMod:TigerMarble","Ring of Chaos","Lizard Tail","ReplayTheSpireMod:Shallot","Replay:PocketPolymizer","Replay:Rubber Ducky"],"acts_visited":["Exordium","TheCity"],"potions_floor_usage":[28,29,29,30],"damage_taken":[{"damage":0.0,"enemies":"Cultist","floor":1.0,"turns":1.0},{"damage":0.0,"enemies":"Small Slimes","floor":2.0,"turns":1.0},{"damage":0.0,"enemies":"Jaw Worm","floor":4.0,"turns":1.0},{"damage":9.0,"enemies":"Lagavulin","floor":7.0,"turns":5.0},{"damage":11.0,"enemies":"Looter","floor":8.0,"turns":4.0},{"damage":16.0,"enemies":"Gremlin Nob","floor":11.0,"turns":3.0},{"damage":0.0,"enemies":"Exordium Wildlife","floor":12.0,"turns":1.0},{"damage":3.0,"enemies":"Slime Boss","floor":16.0,"turns":3.0},{"damage":17.0,"enemies":"Shell Parasite","floor":18.0,"turns":4.0},{"damage":3.0,"enemies":"Chosen","floor":20.0,"turns":4.0},{"damage":0,"enemies":"Gremlin Leader","floor":23,"turns":3},{"damage":1,"enemies":"Snecko","floor":27,"turns":2},{"damage":12,"enemies":"Slavers","floor":28,"turns":4},{"damage":58,"enemies":"Cultist and Chosen","floor":29,"turns":9},{"damage":48,"enemies":"Book of Stabbing","floor":30,"turns":5}],"seed_played":"4077942041930077731","potions_obtained":[{"floor":4.0,"key":"LifebloodPotion"},{"floor":7.0,"key":"Block Potion"},{"floor":11.0,"key":"Energy Potion"},{"floor":23,"key":"AttackPotion"},{"floor":29,"key":"Weak Potion"}],"is_trial":false,"path_per_floor":["M","M","?","M","?","R","E","M","T","R","E","M","R","$","R","B",null,"M","?","M","?","?","E","$","R","T","M","E","M","E"],"character_chosen":"IRONCLAD","items_purchased":["Massacre","ReplayTheSpireMod:Muscle Training"],"campfire_rested":0,"item_purchase_floors":[14,14],"current_hp_per_floor":[78,80,80,80,80,80,71,60,60,60,44,44,44,44,44,41,70,53,53,50,50,30,49,49,49,49,48,40,40,0,0],"gold":191,"neow_bonus":"THREE_ENEMY_KILL","is_daily":false,"chose_seed":false,"campfire_upgraded":5,"win_rate":0.0,"timestamp":1612691164,"path_taken":["M","M","?","M","?","R","E","M","T","R","E","M","R","$","R","BOSS","M","?","M","?","?","E","$","R","T","M","E","M","E"],"items_purchased_type":["Card","Card"],"build_version":"2020-12-22","purchased_purges":2,"victory":false,"max_hp_per_floor":[80,80,80,80,80,80,80,80,80,80,80,80,80,80,80,80,80,80,80,80,80,80,80,80,80,80,80,80,80,80,80],"card_choices":[{"not_picked":["Body Slam","Twin Strike"],"picked":"Armaments","floor":1.0},{"not_picked":["Clash","Iron Wave","ReplayTheSpireMod:Strike From Hell"],"picked":"SKIP","floor":2.0},{"not_picked":["Replay:Undeath\u0027s Touch","Thunderclap"],"picked":"Eclipse","floor":4.0},{"not_picked":["FlyingSleeves","Flex"],"picked":"Immolate","floor":7.0},{"not_picked":["Clash","Headbutt","Rage"],"picked":"SKIP","floor":8.0},{"not_picked":["Thunderclap","ReplayTheSpireMod:Strike From Hell"],"picked":"Second Wind","floor":11.0},{"not_picked":["Armaments","ReplayTheSpireMod:Corrosion Curse"],"picked":"Tantrum","floor":12.0},{"not_picked":["Brutality","Barricade"],"picked":"Impervious","floor":16.0},{"not_picked":["ReplayTheSpireMod:Limb From Limb","Warcry+1"],"picked":"Battle Trance","floor":18.0},{"not_picked":["Heavy Blade+1","Pommel Strike","Cleave"],"picked":"SKIP","floor":20.0},{"not_picked":["Anger","Pummel"],"picked":"Reaper","floor":22},{"not_picked":["FollowUp","Seeing Red"],"picked":"Immolate","floor":23},{"not_picked":["Carnage","Searing Blow+1"],"picked":"BowlingBash+1","floor":27},{"not_picked":["Body Slam+1","EmptyFist"],"picked":"True Grit","floor":28},{"not_picked":["Defy Death","ReplayTheSpireMod:Limb From Limb","Iron Wave"],"picked":"SKIP","floor":29}],"player_experience":415543,"relics_obtained":[{"floor":7.0,"key":"Regal Pillow"},{"floor":9.0,"key":"Boot"},{"floor":11.0,"key":"ReplayTheSpireMod:TigerMarble"},{"floor":22,"key":"Lizard Tail"},{"floor":23,"key":"ReplayTheSpireMod:Shallot"},{"floor":26,"key":"Replay:PocketPolymizer"},{"floor":28,"key":"Replay:Rubber Ducky"}],"event_choices":[{"damage_healed":0.0,"max_hp_gain":0.0,"max_hp_loss":0.0,"gold_gain":0.0,"cards_transformed":["Strike_R"],"event_name":"Living Wall","player_choice":"Change","floor":5.0,"gold_loss":0.0,"damage_taken":0.0,"cards_obtained":["Replay:Undeath\u0027s Touch"]},{"damage_healed":0.0,"max_hp_gain":0.0,"max_hp_loss":0.0,"gold_gain":0.0,"event_name":"Ghosts","player_choice":"Ignored","floor":19.0,"gold_loss":0.0,"damage_taken":0.0},{"damage_healed":0.0,"max_hp_gain":0.0,"max_hp_loss":0.0,"gold_gain":0.0,"event_name":"The Library","player_choice":"Read","floor":21.0,"gold_loss":0.0,"damage_taken":0.0,"cards_obtained":["ReplayTheSpireMod:Limb From Limb"]}],"is_beta":false,"boss_relics":[{"not_picked":["Snecko Eye","Runic Dome"],"picked":"Ring of Chaos"}],"items_purged_floors":[14,24],"is_endless":false,"potions_floor_spawned":[4,7,11,12,23,29],"killed_by":"Book of Stabbing","ascension_level":8}}