{"host":"fuszjwm6fqgjjp4d","time":1612681499,"event":{"mods":["BaseMod","Bestiary","Colored Map","Minty Spire (QoL Compilation)","Permanent Neow","Relic Sorter","Relic Stats","StSLib"],"gold_per_floor":[111,126,126,126,138,173,173,190,190,24,24,24],"floor_reached":11,"language":"ENG","playtime":277,"items_purged":[],"score":146,"play_id":"acfa2143-00db-4101-ab0b-068efffb0a7b","local_time":"20210207010459","is_ascension_mode":true,"campfire_choices":[{"data":"Zap","floor":7,"key":"SMITH"}],"circlet_count":0,"master_deck":["AscendersBane","Strike_B","Strike_B","Strike_B","Strike_B","Defend_B","Defend_B","Defend_B","Defend_B","Zap+1","Dualcast","Static Discharge+1","Sweeping Beam","Cold Snap","Conserve Battery"],"relics":["Cracked Core","Happy Flower","InkBottle","Gambling Chip","Emotion Chip","Pen Nib"],"acts_visited":["Exordium"],"potions_floor_usage":[11],"damage_taken":[{"damage":0,"enemies":"Small Slimes","floor":1,"turns":3},{"damage":1,"enemies":"Cultist","floor":2,"turns":3},{"damage":4,"enemies":"Jaw Worm","floor":5,"turns":3},{"damage":23,"enemies":"3 Sentries","floor":6,"turns":5},{"damage":0,"enemies":"Exordium Wildlife","floor":8,"turns":3},{"damage":20,"enemies":"Gremlin Nob","floor":11,"turns":3}],"seed_played":"3269292384460371627","potions_obtained":[{"floor":2,"key":"Weak Potion"}],"is_trial":false,"path_per_floor":["M","M","?","?","M","E","R","M","T","$","E"],"character_chosen":"DEFECT","items_purchased":["Pen Nib"],"campfire_rested":0,"item_purchase_floors":[10],"current_hp_per_floor":[64,63,45,45,41,18,18,18,18,18,0,0],"gold":24,"neow_bonus":"RANDOM_COMMON_RELIC","is_daily":false,"chose_seed":false,"campfire_upgraded":1,"win_rate":0.0,"timestamp":1612681499,"path_taken":["M","M","?","?","M","E","R","?","T","?","E"],"items_purchased_type":["Relic"],"build_version":"2020-12-22","purchased_purges":0,"victory":false,"max_hp_per_floor":[71,71,71,71,71,71,71,71,71,71,71,71],"relic_stats":{"Emotion Chip":[3,3,0,0,0],"Happy Flower":[6],"counters":[6,20],"Gambling Chip":[6],"Pen Nib":[0],"obtain_stats":[{"Emotion Chip":9,"Happy Flower":0,"Gambling Chip":6,"Pen Nib":10,"Cracked Core":0,"InkBottle":3},{"Emotion Chip":5,"Happy Flower":0,"Gambling Chip":4,"Pen Nib":5,"Cracked Core":0,"InkBottle":2},{"Emotion Chip":17,"Happy Flower":0,"Gambling Chip":14,"Pen Nib":17,"Cracked Core":0,"InkBottle":6}],"InkBottle":[4]},"card_choices":[{"not_picked":["Redo","Streamline"],"picked":"Static Discharge","floor":1},{"not_picked":["Leap","Scrape"],"picked":"Sweeping Beam","floor":2},{"not_picked":["Streamline","Sweeping Beam"],"picked":"Cold Snap","floor":5},{"not_picked":["Compile Driver","Rebound"],"picked":"Conserve Battery","floor":6},{"not_picked":["Consume","Multi-Cast","Blizzard"],"picked":"SKIP","floor":8}],"player_experience":1479196,"relics_obtained":[{"floor":6,"key":"Gambling Chip"},{"floor":9,"key":"Emotion Chip"}],"event_choices":[{"damage_healed":0,"gold_gain":0,"player_choice":"Success","damage_taken":18,"relics_obtained":["InkBottle"],"max_hp_gain":0,"max_hp_loss":0,"event_name":"Scrap Ooze","floor":3,"gold_loss":0},{"damage_healed":0,"gold_gain":0,"player_choice":"Upgraded","damage_taken":0,"max_hp_gain":0,"max_hp_loss":0,"event_name":"Upgrade Shrine","floor":4,"gold_loss":0,"cards_upgraded":["Static Discharge"]}],"is_beta":false,"boss_relics":[],"items_purged_floors":[],"is_endless":false,"potions_floor_spawned":[2],"killed_by":"Gremlin Nob","ascension_level":20}}