{"host":"fnndj664xgd3vavt","time":1612671767,"event":{"mods":["AchievementEnabler","BaseMod","Better Note","Colored Powertips","DeckTracker","Downfall","Highlight Path","Infinite Spire","Minty Spire (QoL Compilation)","Quick Restart","Random Character Button","Replay The Spire","StSLib"],"gold_per_floor":[99,113,113,126,138,148,148,165,182,194,93,93,108,133,146,146,146,146],"floor_reached":16,"language":"ENG","playtime":1065,"items_purged":[],"score":108,"play_id":"0688e873-6e93-44ef-9511-6d95f549317f","local_time":"20210206232247","is_ascension_mode":false,"campfire_choices":[{"floor":1.0,"key":"RECALL"},{"floor":12,"key":"REST"}],"circlet_count":0,"master_deck":["bronze:Strike","bronze:Strike","bronze:Strike","bronze:Defend","bronze:Defend","bronze:Defend","bronze:Defend","bronze:Replicate","bronze:Goto","bronze:Iterate","bronze:Repulsor","bronze:ChosenStrike","bronze:OilSpill","bronze:Repair","bronze:GetLatest","bronze:Optimize","bronze:Deprecate","bronze:FineTuning","Replay:SS_forest_2","bronze:Repair","bronze:HardenedForm","bronze:WhirlingStrike"],"relics":["bronze:BronzeCore","Replay:Bottled Steam"],"acts_visited":["Exordium"],"potions_floor_usage":[16,16,16],"damage_taken":[{"damage":1.0,"enemies":"Jaw Worm","floor":2.0,"turns":5.0},{"damage":1.0,"enemies":"Cultist","floor":4.0,"turns":3.0},{"damage":9.0,"enemies":"2 Louse","floor":5.0,"turns":3.0},{"damage":14.0,"enemies":"Exordium Wildlife","floor":6.0,"turns":4.0},{"damage":14.0,"enemies":"Exordium Thugs","floor":8.0,"turns":4.0},{"damage":20.0,"enemies":"Lots of Slimes","floor":9.0,"turns":6.0},{"damage":27.0,"enemies":"Gremlin Gang","floor":10.0,"turns":4.0},{"damage":1.0,"enemies":"downfall:FleeingMerchant","floor":11.0,"turns":4.0},{"damage":4,"enemies":"2 Fungi Beasts","floor":13,"turns":3},{"damage":22,"enemies":"3 Sentries","floor":14,"turns":8},{"damage":22,"enemies":"Red Slaver","floor":15,"turns":4},{"damage":47,"enemies":"WA_ARCHETYPE_RETAIN","floor":16,"turns":7}],"seed_played":"4562759133920684953","potions_obtained":[{"floor":5.0,"key":"hexamod:SoulburnPotion"},{"floor":6.0,"key":"BlessingOfTheForge"},{"floor":8.0,"key":"Elixir"},{"floor":13,"key":"ColorlessPotion"}],"is_trial":false,"path_per_floor":["R","M","?","M","M","M","T","M","M","M","$","R","M","E","M","B"],"character_chosen":"THE_AUTOMATON","items_purchased":["Replay:SS_forest_2"],"campfire_rested":1,"item_purchase_floors":[11],"current_hp_per_floor":[77,76,76,75,66,52,52,45,32,12,18,41,47,42,30,0,0,0],"gold":146,"neow_bonus":"TEN_PERCENT_HP_BONUS","is_daily":false,"chose_seed":false,"campfire_upgraded":0,"win_rate":0.0,"timestamp":1612671767,"path_taken":["R","M","?","M","M","M","T","M","M","M","?","R","M","E","M","BOSS"],"items_purchased_type":["Card"],"build_version":"2020-12-22","purchased_purges":0,"victory":false,"max_hp_per_floor":[77,77,77,77,77,77,77,77,77,77,77,77,77,77,77,77,77,77],"card_choices":[{"not_picked":["bronze:ForceShield","bronze:DelayedGuard"],"picked":"bronze:Iterate","floor":2.0},{"not_picked":["bronze:Invalidate","bronze:Flail"],"picked":"bronze:ChosenStrike","floor":4.0},{"not_picked":["bronze:Iterate","bronze:Overheat"],"picked":"bronze:OilSpill","floor":5.0},{"not_picked":["bronze:Frontload","bronze:Flail"],"picked":"bronze:Repair","floor":6.0},{"not_picked":["bronze:Repulsor","bronze:WildBeam"],"picked":"bronze:GetLatest","floor":8.0},{"not_picked":["bronze:ChildClass","bronze:Turbo"],"picked":"bronze:Optimize","floor":9.0},{"not_picked":["bronze:Iterate","bronze:BitShift"],"picked":"bronze:Deprecate","floor":10.0},{"not_picked":["bronze:WhirlingStrike","bronze:Deprecate"],"picked":"bronze:FineTuning","floor":11.0},{"not_picked":["bronze:WhirlingStrike","bronze:CutThrough"],"picked":"bronze:Repair","floor":13},{"not_picked":["bronze:Overload","bronze:Repair"],"picked":"bronze:HardenedForm","floor":14},{"not_picked":["bronze:ForLoop","bronze:Repulsor"],"picked":"bronze:WhirlingStrike","floor":15}],"player_experience":258941,"relics_obtained":[{"floor":14,"key":"Replay:Bottled Steam"}],"event_choices":[],"is_beta":false,"boss_relics":[],"items_purged_floors":[],"is_endless":false,"potions_floor_spawned":[5,6,8,13,15],"killed_by":"WA_ARCHETYPE_RETAIN","ascension_level":0}}