{"host":"6hzrz31j95f2y1pa","time":1612722357,"event":{"mods":["BaseMod","Colored Map","Downfall","Minty Spire (QoL Compilation)","StSLib"],"gold_per_floor":[99,111,111,21,21,33,33,63,14,27,55,67,67,82,100,198,198,198,214,227,241,254,254,254,283,283,283,283,283,283,311,328,429,429,329,344,364,375,109,109,109,127,141,151,51,71,90,115,126,126],"floor_reached":51,"language":"ENG","playtime":3038,"items_purged":["downfall:Malfunctioning"],"score":744,"play_id":"7584bb6f-6f6c-4131-9261-7955a7de8b1d","local_time":"20210207132557","is_ascension_mode":true,"campfire_choices":[{"data":"Slimebound:Split","floor":1.0,"key":"SMITH"},{"data":"Slimebound:Prepare","floor":18.0,"key":"SMITH"},{"data":"Slimebound:SelfFormingGoo","floor":23.0,"key":"SMITH"},{"floor":27.0,"key":"REST"},{"data":"Slimebound:MinionMaster","floor":29.0,"key":"SMITH"},{"floor":35.0,"key":"RECALL"},{"data":"Slimebound:Darklings","floor":45.0,"key":"SMITH"}],"circlet_count":0,"master_deck":["Slimebound:Strike_Slimebound+1","Slimebound:Defend_Slimebound","Slimebound:Defend_Slimebound+1","Slimebound:Split+1","Slimebound:CorrosiveSpit","Slimebound:HungryTackle+1","Slimebound:SplitMire+1","Slimebound:SplitAcid","Slimebound:Split","Slimebound:DivideAndConquer","Slimebound:PressTheAttack","Slimebound:Prepare+1","Slimebound:LevelUp","Slimebound:GrowthPunch","Slimebound:Nibble","Slimebound:MegaLick","Slimebound:MinionMaster+1","Slimebound:SlimeSpikes+1","Slimebound:SplitLeeching+1","Slimebound:ItLooksTasty","Slimebound:LivingWall","Slimebound:SpikyOuterGoop","Slimebound:HauntingLick+1","Slimebound:LeechEnergy","Slimebound:Overexert","Slimebound:LeechEnergy+1","Slimebound:ServeAndProtect","Slimebound:SplitBruiser+1","Slimebound:Teamwork","Slimebound:Darklings+1","Slimebound:SlimeTap","Slimebound:Gluttony+1","Slimebound:LeadByExample","Slimebound:OneTwoCombo"],"relics":["Slimebound:AbsorbEndCombat","bronze:DecasWashers","Whetstone","Omamori","Slimebound:TarBlob","Mercury Hourglass","StoneCalendar","Bag of Preparation","Empty Cage","downfall:HeartBlessingGreen","Mummified Hand","downfall:HeartBlessingRed","Blood Vial"],"acts_visited":["Exordium","TheCity","TheBeyond"],"potions_floor_usage":[],"damage_taken":[{"damage":1.0,"enemies":"Jaw Worm","floor":2.0,"turns":3.0},{"damage":3.0,"enemies":"downfall:FleeingMerchant","floor":4.0,"turns":4.0},{"damage":0.0,"enemies":"2 Louse","floor":6.0,"turns":2.0},{"damage":16.0,"enemies":"3 Sentries","floor":8.0,"turns":5.0},{"damage":18.0,"enemies":"downfall:FleeingMerchant","floor":9.0,"turns":4.0},{"damage":0.0,"enemies":"Cultist","floor":10.0,"turns":3.0},{"damage":6.0,"enemies":"Lagavulin","floor":11.0,"turns":5.0},{"damage":4.0,"enemies":"Exordium Thugs","floor":12.0,"turns":3.0},{"damage":3.0,"enemies":"Red Slaver","floor":14.0,"turns":3.0},{"damage":4.0,"enemies":"Blue Slaver","floor":15.0,"turns":3.0},{"damage":22.0,"enemies":"DF_ARCHETYPE_STREAMLINE","floor":16.0,"turns":6.0},{"damage":6.0,"enemies":"Shell Parasite","floor":19.0,"turns":4.0},{"damage":24.0,"enemies":"Spheric Guardian","floor":20.0,"turns":5.0},{"damage":6.0,"enemies":"Centurion and Healer","floor":21.0,"turns":6.0},{"damage":12.0,"enemies":"3 Cultists","floor":22.0,"turns":5.0},{"damage":15.0,"enemies":"Gremlin Leader","floor":25.0,"turns":6.0},{"damage":42.0,"enemies":"Slavers","floor":31.0,"turns":5.0},{"damage":9.0,"enemies":"Snake Plant","floor":32.0,"turns":4.0},{"damage":12.0,"enemies":"IC_MUSHROOM_ARCHETYPE","floor":33.0,"turns":8.0},{"damage":9.0,"enemies":"Orb Walker","floor":36.0,"turns":4.0},{"damage":1.0,"enemies":"3 Shapes","floor":37.0,"turns":5.0},{"damage":6.0,"enemies":"Writhing Mass","floor":38.0,"turns":5.0},{"damage":9.0,"enemies":"downfall:FleeingMerchant","floor":39.0,"turns":4.0},{"damage":13.0,"enemies":"Spire Growth","floor":42.0,"turns":4.0},{"damage":12.0,"enemies":"Sphere and 2 Shapes","floor":43.0,"turns":4.0},{"damage":2.0,"enemies":"Jaw Worm Horde","floor":44.0,"turns":3.0},{"damage":6.0,"enemies":"Writhing Mass","floor":46.0,"turns":4.0},{"damage":0.0,"enemies":"Sphere and 2 Shapes","floor":47.0,"turns":4.0},{"damage":17.0,"enemies":"Giant Head","floor":48.0,"turns":6.0},{"damage":3.0,"enemies":"Maw","floor":49.0,"turns":5.0},{"damage":14,"enemies":"WA_ARCHETYPE_DIVINITY","floor":50,"turns":11}],"seed_played":"-7063905237506092266","potions_obtained":[{"floor":6.0,"key":"ColorlessPotion"},{"floor":10.0,"key":"Energy Potion"},{"floor":11.0,"key":"FearPotion"},{"floor":14.0,"key":"Slimebound:SlimyTonguePotion"},{"floor":37.0,"key":"FearPotion"},{"floor":38.0,"key":"Weak Potion"},{"floor":42.0,"key":"Fruit Juice"},{"floor":43.0,"key":"EssenceOfSteel"},{"floor":44.0,"key":"champ:CounterPotion"},{"floor":48.0,"key":"Slimebound:SpawnSlimePotion"}],"is_trial":false,"path_per_floor":["R","M","?","$","?","M","T","E","$","M","E","M","?","M","M","B",null,"R","M","M","M","M","R","T","E","?","R","?","R","?","E","M","B",null,"R","M","M","M","?","?","T","M","M","M","R","M","M","E","M","B",null],"character_chosen":"SLIMEBOUND","items_purchased":["Slimebound:LevelUp","Mummified Hand"],"campfire_rested":1,"item_purchase_floors":[9,39],"current_hp_per_floor":[65,65,65,65,65,65,65,50,40,40,40,42,42,43,43,29,65,65,63,41,43,39,39,39,32,32,51,51,51,51,17,14,10,65,65,56,57,59,56,56,56,52,46,52,52,54,62,53,60,56],"gold":126,"neow_bonus":"TRANSFORM_CARD","is_daily":false,"chose_seed":false,"campfire_upgraded":5,"win_rate":0.0,"timestamp":1612722357,"path_taken":["R","M","?","$","?","?","T","E","?","M","E","M","?","M","M","BOSS","R","M","M","M","M","R","T","E","?","R","?","R","?","E","M","BOSS","R","M","M","M","?","?","T","M","M","?","R","M","M","E","M","BOSS"],"items_purchased_type":["Card","Relic"],"build_version":"2020-12-22","purchased_purges":1,"victory":true,"max_hp_per_floor":[65,65,65,65,65,65,65,65,65,65,65,65,65,65,65,65,65,65,65,65,65,65,65,65,65,65,65,65,65,65,65,65,65,65,65,65,65,65,65,65,65,70,70,70,70,70,70,70,70,70],"card_choices":[{"not_picked":["Slimebound:LivingWall","Slimebound:Prepare"],"picked":"Slimebound:SplitMire","floor":2.0},{"not_picked":["Slimebound:Grow","Slimebound:FinishingTackle"],"picked":"Slimebound:SplitAcid","floor":4.0},{"not_picked":["Slimebound:LeechingTouch","Slimebound:DuplicatedForm"],"picked":"Slimebound:DivideAndConquer","floor":6.0},{"not_picked":["Slimebound:MegaLick","Slimebound:GoopSpray"],"picked":"Slimebound:PressTheAttack","floor":8.0},{"not_picked":["Slimebound:SplitBruiser","Slimebound:SplitMire"],"picked":"Slimebound:Prepare","floor":9.0},{"not_picked":["Slimebound:Prepare","Slimebound:RainOfGoop"],"picked":"Slimebound:GrowthPunch","floor":10.0},{"not_picked":["Slimebound:LevelUp","Slimebound:SplitMire"],"picked":"Slimebound:Nibble","floor":11.0},{"not_picked":["Slimebound:RollThrough","Slimebound:SplitLeeching"],"picked":"Slimebound:MegaLick","floor":12.0},{"not_picked":["Slimebound:ComboTackle","Slimebound:TongueLash"],"picked":"Slimebound:SelfFormingGoo","floor":14.0},{"not_picked":["Slimebound:ForwardTackle","Slimebound:ProtectTheBoss","Slimebound:MegaLick"],"picked":"SKIP","floor":15.0},{"not_picked":["Slimebound:RallyTheTroops","Slimebound:CheckThePlaybook"],"picked":"Slimebound:MinionMaster","floor":16.0},{"not_picked":["Slimebound:FlameTackle","Slimebound:ComboTackle+1"],"picked":"Slimebound:SlimeSpikes+1","floor":19.0},{"not_picked":["Slimebound:FormOfPuddle","Slimebound:SlimeSpikes"],"picked":"Slimebound:SplitLeeching+1","floor":20.0},{"not_picked":["Slimebound:FinishingTackle","Slimebound:SplitLeeching+1","Slimebound:TongueLash+1"],"picked":"SKIP","floor":21.0},{"not_picked":["Slimebound:Dissolve","Slimebound:SplitAcid"],"picked":"Slimebound:ItLooksTasty","floor":22.0},{"not_picked":["Slimebound:ProtectTheBoss+1","Slimebound:DuplicatedForm"],"picked":"Slimebound:LivingWall","floor":25.0},{"not_picked":["Slimebound:LivingWall","Slimebound:SplitSpecialist"],"picked":"Slimebound:HauntingLick+1","floor":31.0},{"not_picked":["Slimebound:RollThrough+1","Slimebound:ComboTackle"],"picked":"Slimebound:LeechEnergy","floor":32.0},{"not_picked":["Slimebound:MinionMaster","Slimebound:MassFeed"],"picked":"Slimebound:Overexert","floor":33.0},{"not_picked":["Slimebound:Prepare+1","Slimebound:SplitMire+1"],"picked":"Slimebound:LeechEnergy+1","floor":36.0},{"not_picked":["Slimebound:GoopSpray","Slimebound:SplitBruiser+1"],"picked":"Slimebound:ServeAndProtect","floor":37.0},{"not_picked":["Slimebound:ComboTackle","Slimebound:FinishingTackle+1"],"picked":"Slimebound:SplitBruiser+1","floor":38.0},{"not_picked":["Slimebound:SplitBruiser+1","Slimebound:HauntingLick+1"],"picked":"Slimebound:Teamwork","floor":39.0},{"not_picked":["Slimebound:SplitMire+1","Slimebound:Schlurp","Slimebound:PressTheAttack+1"],"picked":"SKIP","floor":42.0},{"not_picked":["Slimebound:SlimeBrawl","Slimebound:SlimeSpikes"],"picked":"Slimebound:SlimeTap","floor":43.0},{"not_picked":["Slimebound:SlimeBrawl+1","Slimebound:Nibble+1"],"picked":"Slimebound:Gluttony+1","floor":44.0},{"not_picked":["Slimebound:ProtectTheBoss+1","Slimebound:SamplingLick","Slimebound:SplitAcid+1"],"picked":"SKIP","floor":46.0},{"not_picked":["Slimebound:ViciousTackle","Slimebound:ComboTackle","Slimebound:LeechEnergy"],"picked":"SKIP","floor":47.0},{"not_picked":["Slimebound:SplitMire","Slimebound:SlimeBrawl"],"picked":"Slimebound:LeadByExample","floor":48.0},{"not_picked":["Slimebound:LeechingTouch","Slimebound:SplitMire"],"picked":"Slimebound:OneTwoCombo","floor":49.0}],"player_experience":1405644,"relics_obtained":[{"floor":7.0,"key":"bronze:DecasWashers"},{"floor":8.0,"key":"Whetstone"},{"floor":11.0,"key":"Omamori"},{"floor":24.0,"key":"Mercury Hourglass"},{"floor":25.0,"key":"StoneCalendar"},{"floor":31.0,"key":"Bag of Preparation"},{"floor":48.0,"key":"Blood Vial"}],"event_choices":[{"cards_removed":["Slimebound:Strike_Slimebound"],"damage_healed":0.0,"max_hp_gain":0.0,"max_hp_loss":0.0,"gold_gain":0.0,"event_name":"Wheel of Change","player_choice":"Card Removal","floor":13.0,"gold_loss":0.0,"damage_taken":0.0},{"damage_healed":0.0,"max_hp_gain":0.0,"max_hp_loss":0.0,"gold_gain":0.0,"event_name":"The Library","player_choice":"Read","floor":28.0,"gold_loss":0.0,"damage_taken":0.0,"cards_obtained":["Slimebound:SpikyOuterGoop"]},{"damage_healed":0.0,"max_hp_gain":0.0,"max_hp_loss":0.0,"gold_gain":0.0,"event_name":"Ghosts","player_choice":"Ignored","floor":30.0,"gold_loss":0.0,"damage_taken":0.0}],"is_beta":false,"boss_relics":[{"not_picked":["Runic Dome","SlaversCollar"],"picked":"Slimebound:TarBlob"},{"not_picked":["Velvet Choker","Runic Pyramid"],"picked":"Empty Cage"}],"items_purged_floors":[4],"is_endless":false,"potions_floor_spawned":[6,10,11,14,15,16,19,21,37,38,42,43,44,48],"ascension_level":1}}