{"host":"8cqz7u612ax6p4mk","time":1612661574,"event":{"mods":["AchievementEnabler","BaseMod","Bestiary","DeckTracker","Minty Spire (QoL Compilation)","Relic Stats"],"gold_per_floor":[110,123,173,183,183,183,216,216,240,274,27,41,61,92,92,193,193,209,223,234,251,251,251,286,299,299,299,315,334,347,374,374,374,374],"floor_reached":33,"language":"ENG","playtime":4080,"items_purged":["Strike_R"],"score":352,"play_id":"3b0e29fb-3a73-4bd2-ab16-262ed3362254","local_time":"20210206203254","is_ascension_mode":true,"campfire_choices":[{"data":"Metallicize","floor":6,"key":"SMITH"},{"floor":8,"key":"REST"},{"data":"Blood for Blood","floor":15,"key":"SMITH"},{"data":"Flex","floor":32,"key":"SMITH"}],"circlet_count":0,"master_deck":["Defend_R","Defend_R","Defend_R","Defend_R","Bash+1","Body Slam+1","Metallicize+1","Dropkick","Secret Technique","Armaments","Spot Weakness","Blood for Blood+1","Reaper","Shrug It Off","Heavy Blade+1","Necronomicurse","Bite","Bite","Bite","Bite","Bite","Ghostly Armor+1","Fire Breathing","Hemokinesis","Flex+1"],"relics":["Burning Blood","Boot","Oddly Smooth Stone","Ancient Tea Set","Bag of Preparation","Philosopher\u0027s Stone","Necronomicon","Happy Flower","Champion Belt","Sundial"],"acts_visited":["Exordium","TheCity"],"potions_floor_usage":[7,16,16,24,33,33],"damage_taken":[{"damage":1,"enemies":"Jaw Worm","floor":1,"turns":4},{"damage":5,"enemies":"Cultist","floor":2,"turns":4},{"damage":0,"enemies":"2 Louse","floor":4,"turns":3},{"damage":32,"enemies":"Gremlin Nob","floor":7,"turns":5},{"damage":13,"enemies":"3 Sentries","floor":10,"turns":10},{"damage":12,"enemies":"Looter","floor":12,"turns":4},{"damage":10,"enemies":"3 Louse","floor":13,"turns":4},{"damage":24,"enemies":"Gremlin Nob","floor":14,"turns":4},{"damage":30,"enemies":"Hexaghost","floor":16,"turns":9},{"damage":19,"enemies":"Shell Parasite","floor":18,"turns":5},{"damage":15,"enemies":"2 Thieves","floor":19,"turns":5},{"damage":22,"enemies":"Snake Plant","floor":20,"turns":4},{"damage":15,"enemies":"Shelled Parasite and Fungi","floor":21,"turns":4},{"damage":45,"enemies":"Gremlin Leader","floor":24,"turns":8},{"damage":7,"enemies":"Centurion and Healer","floor":25,"turns":6},{"damage":12,"enemies":"3 Cultists","floor":28,"turns":5},{"damage":17,"enemies":"Chosen and Byrds","floor":29,"turns":5},{"damage":4,"enemies":"Shelled Parasite and Fungi","floor":30,"turns":5},{"damage":38,"enemies":"Slavers","floor":31,"turns":5},{"damage":60,"enemies":"Collector","floor":33,"turns":5}],"seed_played":"-4831274259852557597","potions_obtained":[{"floor":2,"key":"DuplicationPotion"},{"floor":4,"key":"ColorlessPotion"},{"floor":12,"key":"Ancient Potion"},{"floor":13,"key":"SneckoOil"},{"floor":19,"key":"EssenceOfSteel"},{"floor":20,"key":"FearPotion"},{"floor":28,"key":"Explosive Potion"},{"floor":29,"key":"Energy Potion"},{"floor":30,"key":"BlessingOfTheForge"}],"is_trial":false,"path_per_floor":["M","M","?","M","?","R","E","R","T","E","$","M","M","E","R","B",null,"M","M","M","M","?","?","E","M","T","?","M","M","M","E","R","B"],"character_chosen":"IRONCLAD","items_purchased":["Secret Technique"],"campfire_rested":1,"item_purchase_floors":[11],"current_hp_per_floor":[80,80,80,80,80,80,54,78,78,71,71,65,61,43,43,19,80,77,68,59,59,43,43,36,56,56,56,50,52,56,46,46,0,0],"gold":374,"neow_bonus":"UPGRADE_CARD","is_daily":false,"chose_seed":false,"campfire_upgraded":3,"win_rate":0.0,"timestamp":1612661574,"path_taken":["M","M","?","M","?","R","E","R","T","E","$","M","?","E","R","BOSS","M","M","M","M","?","?","E","M","T","?","M","?","M","E","R","BOSS"],"items_purchased_type":["Card"],"build_version":"2020-12-22","purchased_purges":1,"victory":false,"max_hp_per_floor":[80,80,80,80,80,80,80,80,80,80,80,80,80,80,80,80,80,80,80,80,80,80,56,56,56,56,56,56,56,56,56,56,56,56],"relic_stats":{"Happy Flower":[10],"counters":[20,104],"Sundial":[0],"Bag of Preparation":[24],"Necronomicon":[22],"Champion Belt":[11],"Boot":[44],"obtain_stats":[{"Happy Flower":24,"Sundial":31,"Oddly Smooth Stone":9,"Philosopher\u0027s Stone":17,"Bag of Preparation":14,"Necronomicon":22,"Champion Belt":26,"Boot":7,"Ancient Tea Set":10,"Burning Blood":0},{"Happy Flower":14,"Sundial":19,"Oddly Smooth Stone":4,"Philosopher\u0027s Stone":9,"Bag of Preparation":8,"Necronomicon":13,"Champion Belt":15,"Boot":4,"Ancient Tea Set":5,"Burning Blood":0},{"Happy Flower":73,"Sundial":99,"Oddly Smooth Stone":16,"Philosopher\u0027s Stone":47,"Bag of Preparation":38,"Necronomicon":65,"Champion Belt":79,"Boot":16,"Ancient Tea Set":26,"Burning Blood":0}],"Burning Blood":95},"card_choices":[{"not_picked":["Havoc","Warcry","Sever Soul"],"picked":"SKIP","floor":1},{"not_picked":["Heavy Blade","Havoc"],"picked":"Body Slam","floor":2},{"not_picked":["Havoc","Power Through"],"picked":"Metallicize","floor":4},{"not_picked":["Juggernaut","Whirlwind"],"picked":"Dropkick","floor":7},{"not_picked":["Perfected Strike","Burning Pact","Clothesline"],"picked":"SKIP","floor":10},{"not_picked":["Pommel Strike","Cleave"],"picked":"Armaments","floor":12},{"not_picked":["Rage","Infernal Blade"],"picked":"Spot Weakness","floor":13},{"not_picked":["Anger","Shockwave"],"picked":"Blood for Blood","floor":14},{"not_picked":["Berserk","Fiend Fire"],"picked":"Reaper","floor":16},{"not_picked":["Havoc+1","Iron Wave"],"picked":"Shrug It Off","floor":18},{"not_picked":["Blood for Blood","Twin Strike","Clash"],"picked":"SKIP","floor":19},{"not_picked":["True Grit+1","Immolate"],"picked":"Heavy Blade+1","floor":20},{"not_picked":["Armaments","Heavy Blade","Body Slam"],"picked":"SKIP","floor":21},{"not_picked":["Armaments","Heavy Blade","Body Slam"],"picked":"SKIP","floor":21},{"not_picked":["Feel No Pain","Burning Pact+1"],"picked":"Ghostly Armor+1","floor":24},{"not_picked":["Pommel Strike","Anger+1"],"picked":"Fire Breathing","floor":25},{"not_picked":["Armaments+1","Fiend Fire","Anger+1"],"picked":"SKIP","floor":28},{"not_picked":["Shrug It Off","Iron Wave","True Grit"],"picked":"SKIP","floor":29},{"not_picked":["Burning Pact","Pommel Strike","Cleave"],"picked":"SKIP","floor":30},{"not_picked":["Hemokinesis","Sword Boomerang"],"picked":"Flex","floor":31}],"player_experience":157237,"relics_obtained":[{"floor":7,"key":"Boot"},{"floor":9,"key":"Oddly Smooth Stone"},{"floor":10,"key":"Ancient Tea Set"},{"floor":14,"key":"Bag of Preparation"},{"floor":22,"key":"Necronomicon"},{"floor":24,"key":"Happy Flower"},{"floor":26,"key":"Champion Belt"},{"floor":31,"key":"Sundial"}],"event_choices":[{"damage_healed":0,"gold_gain":50,"player_choice":"Gained Gold","damage_taken":0,"max_hp_gain":0,"max_hp_loss":0,"event_name":"Golden Wing","floor":3,"gold_loss":0},{"damage_healed":0,"gold_gain":0,"player_choice":"Forge","damage_taken":0,"max_hp_gain":0,"max_hp_loss":0,"event_name":"Accursed Blacksmith","floor":5,"gold_loss":0,"cards_upgraded":["Body Slam"]},{"damage_healed":0,"gold_gain":0,"player_choice":"Obtained Book","damage_taken":16,"max_hp_gain":0,"max_hp_loss":0,"event_name":"Cursed Tome","floor":22,"gold_loss":0},{"damage_healed":0,"gold_gain":0,"player_choice":"Became a vampire","damage_taken":0,"max_hp_gain":0,"max_hp_loss":24,"event_name":"Vampires","floor":23,"gold_loss":0,"cards_obtained":["Bite","Bite","Bite","Bite","Bite"]},{"damage_healed":0,"gold_gain":0,"player_choice":"Read","damage_taken":0,"max_hp_gain":0,"max_hp_loss":0,"event_name":"The Library","floor":27,"gold_loss":0,"cards_obtained":["Hemokinesis"]}],"is_beta":false,"boss_relics":[{"not_picked":["SlaversCollar","Mark of Pain"],"picked":"Philosopher\u0027s Stone"}],"items_purged_floors":[11],"is_endless":false,"potions_floor_spawned":[2,4,12,13,19,20,28,29,30],"killed_by":"Collector","ascension_level":1}}