{"host":"pe7ycb8t2t906so2","time":1612741934,"event":{"mods":["BaseMod","Colored Map","Highlight Path","Minty Spire (QoL Compilation)"],"gold_per_floor":[17,17,30,30,42,71,71,84,84,98,98,117,117,117,117,188,188,201,221,221,221,27,27,37,54,101,101,4,37,37,57,57,128,128,146,46,65,77,77,77,94,94,94,94,109,109,119,169,169,169],"floor_reached":51,"language":"FRA","playtime":2524,"items_purged":["Writhe","Defend_B"],"score":1164,"play_id":"7c33a066-a919-4ac1-b8ba-63a6b795890b","local_time":"20210207185214","is_ascension_mode":true,"campfire_choices":[{"data":"Zap","floor":7,"key":"SMITH"},{"floor":11,"key":"REST"},{"data":"Dualcast","floor":13,"key":"SMITH"},{"data":"Streamline","floor":15,"key":"SMITH"},{"data":"Sunder","floor":23,"key":"SMITH"},{"floor":30,"key":"REST"},{"floor":32,"key":"DIG"},{"floor":40,"key":"DIG"},{"floor":42,"key":"REST"},{"floor":44,"key":"DIG"},{"floor":49,"key":"REST"}],"circlet_count":0,"master_deck":["AscendersBane","Defend_B","Defend_B+1","Defend_B","Zap+1","Dualcast+1","Sweeping Beam","Buffer+1","Gash","Go for the Eyes","FTL","Conserve Battery","Leap","Streamline+1","Electrodynamics","Cold Snap","White Noise","Necronomicurse","Sunder+1","Capacitor","Conserve Battery","Redo+1","Glacier","Ball Lightning","FTL","Echo Form","Static Discharge+1","Gash","BootSequence+1","Redo+1","Conserve Battery+1"],"relics":["Cracked Core","Gremlin Horn","Bird Faced Urn","SlaversCollar","Necronomicon","Shovel","DataDisk","HornCleat","Calipers","Philosopher\u0027s Stone","Toxic Egg 2","Bottled Tornado","Toy Ornithopter","Letter Opener"],"acts_visited":["Exordium","TheCity","TheBeyond"],"potions_floor_usage":[6,16,16,16,16,29,33,47,50],"damage_taken":[{"damage":1,"enemies":"2 Louse","floor":1,"turns":3},{"damage":1,"enemies":"Cultist","floor":3,"turns":3},{"damage":7,"enemies":"Jaw Worm","floor":5,"turns":5},{"damage":10,"enemies":"Gremlin Nob","floor":6,"turns":5},{"damage":5,"enemies":"Gremlin Gang","floor":8,"turns":4},{"damage":13,"enemies":"Large Slime","floor":10,"turns":5},{"damage":0,"enemies":"3 Louse","floor":12,"turns":3},{"damage":10,"enemies":"The Guardian","floor":16,"turns":10},{"damage":5,"enemies":"Chosen","floor":18,"turns":5},{"damage":1,"enemies":"Shell Parasite","floor":19,"turns":6},{"damage":2,"enemies":"Centurion and Healer","floor":24,"turns":3},{"damage":12,"enemies":"Snake Plant","floor":25,"turns":3},{"damage":9,"enemies":"Gremlin Leader","floor":29,"turns":5},{"damage":0,"enemies":"Sentry and Sphere","floor":31,"turns":3},{"damage":28,"enemies":"Champ","floor":33,"turns":9},{"damage":0,"enemies":"3 Shapes","floor":35,"turns":4},{"damage":4,"enemies":"Orb Walker","floor":37,"turns":2},{"damage":0,"enemies":"Sphere and 2 Shapes","floor":38,"turns":3},{"damage":42,"enemies":"Spire Growth","floor":41,"turns":5},{"damage":0,"enemies":"Maw","floor":45,"turns":7},{"damage":30,"enemies":"Jaw Worm Horde","floor":47,"turns":3},{"damage":30,"enemies":"Donu and Deca","floor":50,"turns":6}],"seed_played":"-3555917263652821531","potions_obtained":[{"floor":1,"key":"Ancient Potion"},{"floor":6,"key":"Ancient Potion"},{"floor":8,"key":"Strength Potion"},{"floor":12,"key":"EntropicBrew"},{"floor":18,"key":"FocusPotion"},{"floor":29,"key":"LiquidMemories"},{"floor":35,"key":"PowerPotion"},{"floor":38,"key":"SkillPotion"}],"is_trial":false,"path_per_floor":["M","?","M","?","M","E","R","M","T","M","R","M","R","?","R","B",null,"M","M","?","?","$","R","M","M","T","?","$","E","R","M","R","B",null,"M","$","M","M","?","R","M","R","T","R","M","T","M","?","R","B",null],"character_chosen":"DEFECT","items_purchased":["Sunder","Capacitor","Glacier","Ball Lightning"],"campfire_rested":4,"item_purchase_floors":[22,22,28,28],"current_hp_per_floor":[63,63,62,41,34,24,24,19,19,8,29,31,31,31,31,23,59,58,61,40,40,40,40,40,28,28,28,28,27,48,50,50,36,62,68,68,66,68,68,68,31,52,52,52,66,66,43,43,64,61],"gold":169,"neow_bonus":"REMOVE_TWO","is_daily":false,"chose_seed":false,"campfire_upgraded":4,"win_rate":0.0,"timestamp":1612741934,"path_taken":["M","?","?","?","M","E","R","M","T","M","R","M","R","?","R","BOSS","M","?","?","?","$","R","M","?","T","?","?","E","R","M","R","BOSS","M","$","M","M","?","R","?","R","T","R","M","?","M","?","R","BOSS"],"items_purchased_type":["Card","Card","Card","Card"],"build_version":"2020-12-22","purchased_purges":2,"victory":true,"max_hp_per_floor":[71,71,71,71,71,71,71,71,71,71,71,71,71,71,71,71,71,71,71,71,71,71,71,71,71,71,71,71,71,71,71,71,71,71,71,71,71,71,71,71,71,71,71,71,71,71,71,71,71,71],"card_choices":[{"not_picked":["Rebound","Fusion"],"picked":"Sweeping Beam","floor":1},{"not_picked":["Conserve Battery","Undo"],"picked":"Gash","floor":3},{"not_picked":["Melter","Genetic Algorithm"],"picked":"Go for the Eyes","floor":5},{"not_picked":["Barrage","Reinforced Body"],"picked":"FTL","floor":6},{"not_picked":["Leap","Rebound"],"picked":"Conserve Battery","floor":8},{"not_picked":["Compile Driver","Go for the Eyes"],"picked":"Leap","floor":10},{"not_picked":["Steam Power","Compile Driver"],"picked":"Streamline","floor":12},{"not_picked":["Biased Cognition","Amplify"],"picked":"Electrodynamics","floor":16},{"not_picked":["Beam Cell","Darkness"],"picked":"Cold Snap","floor":18},{"not_picked":["Heatsinks","Beam Cell"],"picked":"White Noise","floor":19},{"not_picked":["Hologram","Beam Cell"],"picked":"Conserve Battery","floor":24},{"not_picked":["Sweeping Beam","Cold Snap"],"picked":"Redo+1","floor":25},{"not_picked":["Turbo","Beam Cell","Leap"],"picked":"SKIP","floor":29},{"not_picked":["Go for the Eyes","Rainbow"],"picked":"FTL","floor":31},{"not_picked":["Rainbow","Seek"],"picked":"Echo Form","floor":33},{"not_picked":["Compile Driver","Conserve Battery"],"picked":"Static Discharge+1","floor":35},{"not_picked":["Ball Lightning","Redo"],"picked":"Gash","floor":37},{"not_picked":["Go for the Eyes","Heatsinks+1","Meteor Strike"],"picked":"SKIP","floor":38},{"not_picked":["Gash","Beam Cell"],"picked":"BootSequence+1","floor":41},{"not_picked":["Streamline","Hologram+1"],"picked":"Redo+1","floor":45},{"not_picked":["Steam+1","Reinforced Body+1"],"picked":"Conserve Battery+1","floor":47}],"player_experience":1005116,"relics_obtained":[{"floor":6,"key":"Gremlin Horn"},{"floor":9,"key":"Bird Faced Urn"},{"floor":20,"key":"Necronomicon"},{"floor":26,"key":"DataDisk"},{"floor":29,"key":"HornCleat"},{"floor":32,"key":"Calipers"},{"floor":40,"key":"Toxic Egg 2"},{"floor":43,"key":"Bottled Tornado"},{"floor":44,"key":"Toy Ornithopter"},{"floor":46,"key":"Letter Opener"}],"event_choices":[{"damage_healed":0,"gold_gain":0,"cards_transformed":["Strike_B"],"player_choice":"Transformed","damage_taken":0,"max_hp_gain":0,"max_hp_loss":0,"event_name":"Transmorgrifier","floor":2,"gold_loss":0,"cards_obtained":["Buffer"]},{"damage_healed":0,"gold_gain":0,"player_choice":"Entered Light","damage_taken":21,"max_hp_gain":0,"max_hp_loss":0,"event_name":"Shining Light","floor":4,"gold_loss":0,"cards_upgraded":["Defend_B","Buffer"]},{"cards_removed":["Strike_B"],"damage_healed":0,"gold_gain":0,"player_choice":"Offered Basic","damage_taken":0,"max_hp_gain":0,"max_hp_loss":0,"event_name":"Bonfire Elementals","floor":14,"gold_loss":0},{"damage_healed":0,"gold_gain":0,"player_choice":"Obtained Book","damage_taken":21,"max_hp_gain":0,"max_hp_loss":0,"event_name":"Cursed Tome","floor":20,"gold_loss":0},{"damage_healed":0,"gold_gain":0,"player_choice":"Opened","damage_taken":0,"relics_obtained":["Shovel"],"max_hp_gain":0,"max_hp_loss":0,"event_name":"The Mausoleum","floor":21,"gold_loss":0,"cards_obtained":["Writhe"]},{"damage_healed":0,"gold_gain":0,"player_choice":"Ignored","damage_taken":0,"max_hp_gain":0,"max_hp_loss":0,"event_name":"Vampires","floor":27,"gold_loss":0},{"damage_healed":0,"gold_gain":0,"player_choice":"Got Potions","damage_taken":0,"max_hp_gain":0,"max_hp_loss":0,"event_name":"Lab","floor":39,"gold_loss":0},{"damage_healed":0,"gold_gain":50,"player_choice":"Pray","damage_taken":0,"max_hp_gain":0,"max_hp_loss":0,"event_name":"Golden Shrine","floor":48,"gold_loss":0}],"is_beta":false,"boss_relics":[{"not_picked":["Fusion Hammer","Runic Dome"],"picked":"SlaversCollar"},{"not_picked":["Snecko Eye","Cursed Key"],"picked":"Philosopher\u0027s Stone"}],"items_purged_floors":[22,36],"is_endless":false,"potions_floor_spawned":[1,6,8,12,18,29,35,38,41],"ascension_level":16}}