{"host":"dmtlrev5pkc1867p","time":1612698803,"event":{"mods":["BaseMod","Colored Map","Downfall","Hermit","Marisa¡]Ãú«B¡@Å]²z¨F¡^","Minty Spire (QoL Compilation)","Replay The Spire","StSLib","SuperFastMode","The Cursed","The Disciple","The Necromancer","The Runesmith","The Servant 0.9.4"],"gold_per_floor":[118,129,146,166,466,493,539,539,539,539,539,559,559,283,183,288,288,305,305,305],"floor_reached":19,"language":"ZHS","playtime":2130,"items_purged":["downfall:Icky"],"score":167,"play_id":"4ae33c0a-1e62-4965-849e-2a93c0f38569","local_time":"20210207195323","is_ascension_mode":false,"campfire_choices":[{"floor":10,"key":"REST"},{"floor":15,"key":"RECALL"}],"circlet_count":0,"master_deck":["Runesmith:Strike_RS","Runesmith:Strike_RS+1","Runesmith:Strike_RS","Runesmith:Defend_RS","Runesmith:Defend_RS","Runesmith:Defend_RS","Runesmith:Defend_RS","Runesmith:CraftFirestone","Runesmith:Fortify","Runesmith:CraftMagma","Runesmith:BackupBattery","Runesmith:Attraction","Runesmith:Retool","downfall:Icky","Runesmith:Refine","Runesmith:PerfectChisel","Runesmith:Firestorm","Runesmith:ReplicatingBarrier","Runesmith:ElementalConversion"],"relics":["Runesmith:BrokenRuby","Snack Pack","Blue Doll","Replay:Wax Seal","Membership Card","Nunchaku","downfall:HeartBlessingGreen","SacredBark"],"acts_visited":["Exordium","TheCity"],"potions_floor_usage":[19,19,19],"damage_taken":[{"damage":0,"enemies":"Jaw Worm","floor":1,"turns":3},{"damage":0,"enemies":"2 Louse","floor":2,"turns":4},{"damage":10,"enemies":"Small Slimes","floor":3,"turns":4},{"damage":4,"enemies":"Blue Slaver","floor":4,"turns":4},{"damage":22,"enemies":"3 Sentries","floor":6,"turns":9},{"damage":8,"enemies":"3 Louse","floor":12,"turns":3},{"damage":0,"enemies":"downfall:FleeingMerchant","floor":14,"turns":4},{"damage":24,"enemies":"IC_STATUS_ARCHETYPE","floor":16,"turns":9},{"damage":20,"enemies":"Shell Parasite","floor":18,"turns":7},{"damage":65,"enemies":"Shell Parasite","floor":19,"turns":5}],"seed_played":"-3693736787725689497","potions_obtained":[{"floor":4,"key":"Reflective Coating"},{"floor":6,"key":"Adrenaline Potion"},{"floor":18,"key":"Dexterity Potion"}],"is_trial":false,"path_per_floor":["M","M","M","M","?","E","T","?","?","R","?","M","?","$","R","B",null,"M","?"],"character_chosen":"RUNESMITH_CLASS","items_purchased":["Membership Card","Nunchaku"],"campfire_rested":1,"item_purchase_floors":[14,14],"current_hp_per_floor":[77,77,67,63,63,41,41,34,34,57,77,69,69,69,69,45,77,57,0,0],"gold":305,"neow_bonus":"TEN_PERCENT_HP_BONUS","is_daily":false,"chose_seed":false,"campfire_upgraded":0,"win_rate":0.0,"timestamp":1612698803,"path_taken":["M","M","M","M","?","E","T","?","?","R","?","?","?","$","R","BOSS","M","?"],"items_purchased_type":["Relic","Relic"],"build_version":"2020-12-22","purchased_purges":1,"victory":false,"max_hp_per_floor":[77,77,77,77,77,77,77,77,77,77,77,77,77,77,77,77,77,77,77,77],"card_choices":[{"not_picked":["Runesmith:EnergizedChisel","Runesmith:UnstableHammer"],"picked":"Runesmith:CraftMagma","floor":1},{"not_picked":["Runesmith:UnstableHammer","Runesmith:MakeshiftArmor"],"picked":"Runesmith:BackupBattery","floor":2},{"not_picked":["Runesmith:HeatedChisel","Runesmith:RuneHurl"],"picked":"Runesmith:Attraction","floor":3},{"not_picked":["Runesmith:Terraform","Runesmith:FieryHammer"],"picked":"Runesmith:Retool","floor":4},{"not_picked":["Runesmith:Firewall","Runesmith:Prism"],"picked":"Runesmith:Refine","floor":6},{"not_picked":["Runesmith:EnergizedChisel","Runesmith:EarthShield"],"picked":"Runesmith:PerfectChisel","floor":12},{"not_picked":["Runesmith:Electrocute","Runesmith:HeatedChisel"],"picked":"Runesmith:Firestorm","floor":14},{"not_picked":["Runesmith:CraftMedicinae","Runesmith:FissionHammer"],"picked":"Runesmith:ReplicatingBarrier","floor":16},{"not_picked":["Runesmith:EarthShield+1","Runesmith:Permafrost"],"picked":"Runesmith:ElementalConversion","floor":18}],"player_experience":631402,"relics_obtained":[{"floor":6,"key":"Snack Pack"},{"floor":7,"key":"Blue Doll"}],"event_choices":[{"damage_healed":0,"gold_gain":0,"player_choice":"Success","damage_taken":7,"relics_obtained":["Replay:Wax Seal"],"max_hp_gain":0,"max_hp_loss":0,"event_name":"Scrap Ooze","floor":8,"gold_loss":0},{"damage_healed":25,"gold_gain":0,"player_choice":"Banana","damage_taken":0,"max_hp_gain":0,"max_hp_loss":0,"event_name":"Big Fish","floor":11,"gold_loss":0}],"is_beta":false,"boss_relics":[{"not_picked":["ReplayTheSpireMod:DimensionalGlitch","Snecko Eye"],"picked":"SacredBark"}],"items_purged_floors":[14],"is_endless":false,"potions_floor_spawned":[4,6,18],"killed_by":"Shell Parasite","ascension_level":0}}