{"host":"bplbr8uekuotory4","time":1612684977,"event":{"mods":["Act Like it!","BaseMod","GungeonMod","Hermit","KinomotoSakuraMod(ƒæ÷Æ±æ”£)","Marisa£®ÏF”Í°°ƒß¿Ì…≥£©","Minty Spire (QoL Compilation)","Prisma Mod","Quick Restart","Reimu£®≤©¿ˆ¡È√Œ£©","SOS£®Àπ∞Õ¥Ô÷Æ◊”£©","Spicy Shops","StSLib","TestMod","The Blackbeard","The Cursed","The Mystic","The Poker Player","The Saiyan","The Senshi","The Servant 0.9.4","Yuri Mod","[IsaacMod]“‘»ˆº‚À˛"],"gold_per_floor":[115,340,150,150,184,184,230,230,257,282,282,282,331,331,331,445,445,480,480,579,611,611,662,695,742,817,817,841,866,891,1018,1018,1133,1133,1187,1214,1214,1488,1488,1488,1527,1538,1594,1605,1653,1678,1678,1716,1716,1730,1730,1730,1730,1771,1785],"floor_reached":56,"language":"ZHS","playtime":1178,"items_purged":["blackbeard:BlackbeardStrike","blackbeard:BlackbeardDefend","blackbeard:BlackbeardStrike","blackbeard:BlackbeardDefend","Dramatic Entrance","blackbeard:BlackbeardStrike","Pride","blackbeard:BlackbeardDefend","blackbeard:BlackbeardStrike","blackbeard:BlackbeardDefend","Regret","Shame","blackbeard:Cutlass+1","blackbeard:PiratesWill+1"],"score":2624,"play_id":"f90f538a-34a7-47ef-b7c2-5468296770cb","local_time":"20210207160257","is_ascension_mode":true,"campfire_choices":[{"data":"blackbeard:PiratesWill","floor":6,"key":"SMITH"},{"data":"blackbeard:Cutlass","floor":8,"key":"SMITH"},{"data":"blackbeard:BlindAttacks","floor":12,"key":"SMITH"},{"data":"blackbeard:IntimidatingStrike","floor":15,"key":"SMITH"},{"data":"blackbeard:BoostMorale","floor":32,"key":"SMITH"},{"data":"blackbeard:WoodenLeg","floor":40,"key":"SMITH"},{"data":"blackbeard:PirateHook","floor":42,"key":"SMITH"},{"floor":49,"key":"RECALL"},{"data":"blackbeard:Rum","floor":52,"key":"SMITH"}],"circlet_count":0,"master_deck":["AscendersBane","blackbeard:IntimidatingStrike+1","blackbeard:PirateHook+1","blackbeard:DoubleBottom","blackbeard:BlindAttacks+1","blackbeard:BoostMorale+1","blackbeard:TacticalRetreat+1","blackbeard:BeatUp+1","blackbeard:Toast+1","blackbeard:WoodenLeg+1","blackbeard:Rum+1","Panacea+1"],"relics":["blackbeard:LoadTheGoldenCannons","testmod-TestBox","HushsDoor","SteamSale","testmod-CardMagician","NeowsBlessing","DemoMod:GlassGuonStoneRelic","testmod-BlackFramedGlasses","Membership Card","blackbeard:TreasureChest","DemoMod:DecoyRelic","Lantern","Chemical X","Thread and Needle","DemoMod:GnawedKey","BelialBook","SalivaCoin","blackbeard:CannonballsOfSteel","testmod-Acrobat","NineVolt","DemoMod:PoisonVial","TheBible","Cauldron","Akabeko","OrangePellets","Strange Spoon","Potion Belt","DemoMod:NanoMachines","Singing Bowl","testmod-TimeTraveler","DeathBook","Toolbox","DemoMod:MeltedRock","blackbeard:HipFlask","Bronze Scales","Vajra","DemoMod:MeatBun","Toxic Egg 2","BookofShadows","blackbeard:CrossedSwords","TuHaoJin","testmod-Charity","WingedGreaves","theSenshi:SailorFukuRelic","blackbeard:Penknife","Ancient Tea Set","Mango","Darkstone Periapt","GuppysCollar","testmod-Register","DemoMod:MonsterBlood","Centennial Puzzle","Art of War","DemoMod:RingOfEthereal","HandDrill","blackbeard:GoldenRing","Question Card","Nunchaku","DemoMod:Metronome","Lee\u0027s Waffle","Orrery","MawBank","Strawberry","TheBattery","BFFS","testmod-Justice","testmod-Hope","Blood Vial","Happy Flower","BookOfRevelations","blackbeard:BloodOrange","Medical Kit","Toy Ornithopter","theSenshi:FeatherClipsRelic","DemoMod:MemoryAlloy","Habit","PokeGo","Eternal Feather","TentaclePot:ReiMu","DemoMod:ClearGuonStone","Orichalcum"],"acts_visited":["Exordium","TheCity","TheBeyond","TheEnding"],"potions_floor_usage":[14,25,50,55,55,55,55],"damage_taken":[{"damage":0,"enemies":"Jaw Worm","floor":1,"turns":1},{"damage":0,"enemies":"Cultist","floor":5,"turns":1},{"damage":0,"enemies":"Gremlin Nob","floor":7,"turns":1},{"damage":0,"enemies":"3 Sentries","floor":13,"turns":4},{"damage":0,"enemies":"Slime Boss","floor":16,"turns":1},{"damage":0,"enemies":"2 Thieves","floor":18,"turns":2},{"damage":0,"enemies":"Spheric Guardian","floor":21,"turns":2},{"damage":0,"enemies":"Book of Stabbing","floor":23,"turns":2},{"damage":0,"enemies":"Snecko","floor":24,"turns":1},{"damage":0,"enemies":"Gremlin Leader","floor":25,"turns":1},{"damage":0,"enemies":"Snake Plant","floor":28,"turns":1},{"damage":0,"enemies":"Shelled Parasite and Fungi","floor":30,"turns":1},{"damage":0,"enemies":"Colosseum Slavers","floor":31,"turns":2},{"damage":0,"enemies":"Colosseum Nobs","floor":31,"turns":2},{"damage":0,"enemies":"Champ","floor":33,"turns":3},{"damage":16,"enemies":"3 Shapes","floor":35,"turns":1},{"damage":0,"enemies":"Orb Walker","floor":36,"turns":1},{"damage":0,"enemies":"Reptomancer","floor":41,"turns":1},{"damage":0,"enemies":"Giant Head","floor":45,"turns":1},{"damage":0,"enemies":"Spire Growth","floor":46,"turns":1},{"damage":1,"enemies":"Sphere and 2 Shapes","floor":48,"turns":2},{"damage":0,"enemies":"Awakened One","floor":50,"turns":4},{"damage":0,"enemies":"Shield and Spear","floor":54,"turns":1},{"damage":0,"enemies":"The Heart","floor":55,"turns":3}],"seed_played":"-1145715590362274116","potions_obtained":[{"floor":1,"key":"DistilledChaos"},{"floor":21,"key":"Explosive Potion"},{"floor":25,"key":"EssenceOfSteel"},{"floor":33,"key":"testmod-TestPotion"}],"is_trial":false,"path_per_floor":["M","?","$","?","M","R","E","R","T","T","$","R","E","$","R","B",null,"M","?","?","M","$","E","M","E","T","$","M","T","M","?","R","B",null,"M","M","$","?","$","R","E","R","T","$","E","M","$","M","R","B",null,"R","$","E","B",null],"character_chosen":"BLACKBEARD_CLASS","items_purchased":["Membership Card","blackbeard:TreasureChest","DemoMod:DecoyRelic","Lantern","Chemical X","blackbeard:PirateHook","Dramatic Entrance","Thread and Needle","DemoMod:GnawedKey","testmod-Acrobat","NineVolt","DemoMod:PoisonVial","TheBible","blackbeard:DoubleBottom","blackbeard:BlindAttacks","Cauldron","ColorlessPotion","OrangePellets","Strange Spoon","Potion Belt","testmod-SpacePotion","DemoMod:NanoMachines","Singing Bowl","DistilledChaos","DistilledChaos","DeathBook","Toolbox","DemoMod:MeltedRock","blackbeard:HipFlask","Bronze Scales","DemoMod:WeirdEgg","DemoMod:MeatBun","blackbeard:CrossedSwords","TuHaoJin","testmod-Charity","WingedGreaves","theSenshi:SailorFukuRelic","blackbeard:Penknife","GuppysCollar","testmod-Register","DemoMod:MonsterBlood","Centennial Puzzle","Art of War","DemoMod:RingOfEthereal","HandDrill","blackbeard:WoodenLeg","blackbeard:GoldenRing","Question Card","Nunchaku","DemoMod:Metronome","Lee\u0027s Waffle","Orrery","TheBattery","BFFS","testmod-Justice","testmod-Hope","Blood Vial","Happy Flower","blackbeard:BloodOrange","Medical Kit","Toy Ornithopter","theSenshi:FeatherClipsRelic","DemoMod:MemoryAlloy","blackbeard:Rum","Panacea+1","Habit","PokeGo","Eternal Feather","TentaclePot:ReiMu","DemoMod:ClearGuonStone","PowerPotion"],"campfire_rested":0,"item_purchase_floors":[3,3,3,3,3,3,3,3,3,11,11,11,11,11,11,11,11,14,14,14,14,14,14,14,14,17,22,22,22,22,22,22,27,27,27,27,27,27,34,37,37,37,37,37,37,37,39,39,39,39,39,39,44,44,44,44,44,44,47,47,47,47,47,47,47,53,53,53,53,53,53],"current_hp_per_floor":[68,68,68,53,54,54,55,55,55,55,55,55,59,59,59,60,60,62,62,62,64,64,66,66,68,68,68,74,75,80,109,109,127,107,99,106,113,120,152,152,160,161,170,177,186,193,193,205,205,219,219,219,219,230,243],"gold":1785,"neow_bonus":"THREE_ENEMY_KILL","is_daily":false,"chose_seed":false,"campfire_upgraded":8,"win_rate":0.0,"timestamp":1612684977,"path_taken":["M","?","?","?","M","R","E","R","T","?","$","R","E","$","R","BOSS","M","?","?","?","?","E","M","E","T","$","M","?","?","?","R","BOSS","M","M","?","?","$","R","E","R","T","$","E","M","?","?","R","BOSS","R","$","E","BOSS"],"items_purchased_type":["Relic","Relic","Relic","Relic","Relic","Card","Card","Relic","Relic","Relic","Relic","Relic","Relic","Card","Card","Relic","Potion","Relic","Relic","Relic","Potion","Relic","Relic","Potion","Potion","Relic","Relic","Relic","Relic","Relic","Relic","Relic","Relic","Relic","Relic","Relic","Relic","Relic","Relic","Relic","Relic","Relic","Relic","Relic","Relic","Card","Relic","Relic","Relic","Relic","Relic","Relic","Relic","Relic","Relic","Relic","Relic","Relic","Relic","Relic","Relic","Relic","Relic","Card","Card","Relic","Relic","Relic","Relic","Relic","Potion"],"build_version":"2020-12-22","purchased_purges":14,"victory":true,"max_hp_per_floor":[75,75,75,75,75,75,75,75,75,75,75,75,75,75,75,75,60,62,62,62,64,64,66,66,68,68,68,74,75,80,109,109,127,107,115,121,128,135,152,152,160,161,170,177,186,193,193,205,205,219,219,219,219,230,243],"card_choices":[{"not_picked":["blackbeard:Sword","blackbeard:FishingNets","blackbeard:TerrorOfTheSeas"],"picked":"SKIP","floor":1},{"not_picked":["blackbeard:TerrorOfTheSeas","blackbeard:Sword"],"picked":"blackbeard:PiratesWill","floor":5},{"not_picked":["blackbeard:DoubleBottom","blackbeard:Revenge","blackbeard:CatONineTails"],"picked":"SKIP","floor":7},{"not_picked":["blackbeard:Upgrade","blackbeard:DoubleBottom","blackbeard:Spear"],"picked":"SKIP","floor":13},{"not_picked":["blackbeard:PowerHungry","blackbeard:UndeadForm"],"picked":"blackbeard:BoostMorale","floor":16},{"not_picked":["blackbeard:Shrapnel+1","blackbeard:WoodenLeg","blackbeard:Fencing+1"],"picked":"Singing Bowl","floor":18},{"not_picked":["blackbeard:GoldenStrike","blackbeard:RearmingStrike","blackbeard:Fencing"],"picked":"Singing Bowl","floor":21},{"not_picked":["blackbeard:Halberd+1","blackbeard:Spear+1","blackbeard:FieryDefense+1"],"picked":"Singing Bowl","floor":23},{"not_picked":["blackbeard:SwordDance+1","blackbeard:AgileStrike"],"picked":"blackbeard:TacticalRetreat+1","floor":24},{"not_picked":["blackbeard:ArmorUp+1","blackbeard:BlindAttacks","blackbeard:PirateStrength"],"picked":"Singing Bowl","floor":25},{"not_picked":["blackbeard:Sharpening+1","blackbeard:TerrorOfTheSeas+1"],"picked":"blackbeard:BeatUp+1","floor":28},{"not_picked":["blackbeard:Sharpening+1","blackbeard:FieryDefense+1","blackbeard:Revenge"],"picked":"Singing Bowl","floor":30},{"not_picked":["blackbeard:Recklessness+1","blackbeard:Dagger+1","blackbeard:Spear+1"],"picked":"Singing Bowl","floor":31},{"not_picked":["blackbeard:MegaUpgrade+1","blackbeard:UndeadForm","blackbeard:Murder"],"picked":"Singing Bowl","floor":33},{"not_picked":["blackbeard:CloakAndCannonball+1","blackbeard:BeatUp"],"picked":"blackbeard:Toast+1","floor":35},{"not_picked":["blackbeard:CloakAndCannonball+1","blackbeard:Shrapnel+1","blackbeard:SwordDance+1"],"picked":"Singing Bowl","floor":36},{"not_picked":["blackbeard:FishingNets+1","blackbeard:WeaponMastery","blackbeard:Shrapnel","blackbeard:InfiniteBarrage+1"],"picked":"Singing Bowl","floor":39},{"not_picked":["blackbeard:FieryDefense+1","blackbeard:SmithingHammer+1","blackbeard:Toast+1","blackbeard:GoldenDefense+1"],"picked":"Singing Bowl","floor":39},{"not_picked":["blackbeard:WiseDefense+1","blackbeard:DoubleBottom+1","blackbeard:WeaponMastery","blackbeard:DeadlyArsenal+1"],"picked":"Singing Bowl","floor":39},{"not_picked":["blackbeard:Toast+1","blackbeard:CaptainsCabin+1","blackbeard:FieryDefense+1","blackbeard:BeatUp"],"picked":"Singing Bowl","floor":39},{"not_picked":["blackbeard:CloakAndCannonball+1","blackbeard:GoldenStrike","blackbeard:WiseDefense+1","blackbeard:BrownPants"],"picked":"Singing Bowl","floor":39},{"not_picked":["blackbeard:WeaponMastery","blackbeard:Dagger+1","blackbeard:ArmorUp+1","blackbeard:PiratesWill+1"],"picked":"Singing Bowl","floor":41},{"not_picked":["blackbeard:Sharpening+1","blackbeard:BlindAttacks+1","blackbeard:PirateEarring+1","blackbeard:FieryDefense+1"],"picked":"Singing Bowl","floor":45},{"not_picked":["blackbeard:Shrapnel+1","blackbeard:SmithingHammer+1","blackbeard:Spear+1","blackbeard:Sword+1"],"picked":"Singing Bowl","floor":46},{"not_picked":["blackbeard:CloakAndCannonball+1","blackbeard:GoldenDefense+1","blackbeard:PirateEarring+1","blackbeard:Recklessness+1"],"picked":"Singing Bowl","floor":48},{"not_picked":["blackbeard:Spear+1","blackbeard:GoldenStrike","blackbeard:DeadlyArsenal+1","blackbeard:PirateHook+1"],"picked":"Singing Bowl","floor":54}],"player_experience":1120906,"relics_obtained":[{"floor":7,"key":"BelialBook"},{"floor":9,"key":"SalivaCoin"},{"floor":10,"key":"blackbeard:CannonballsOfSteel"},{"floor":13,"key":"Akabeko"},{"floor":23,"key":"Toxic Egg 2"},{"floor":25,"key":"BookofShadows"},{"floor":29,"key":"Ancient Tea Set"},{"floor":31,"key":"Mango"},{"floor":31,"key":"Darkstone Periapt"},{"floor":41,"key":"MawBank"},{"floor":43,"key":"Strawberry"},{"floor":45,"key":"BookOfRevelations"},{"floor":54,"key":"Orichalcum"}],"event_choices":[{"damage_healed":0,"gold_gain":225,"player_choice":"YARR","damage_taken":0,"relics_obtained":["testmod-BlackFramedGlasses"],"max_hp_gain":0,"max_hp_loss":0,"event_name":"blackbeard:Ssssserpent","floor":2,"gold_loss":0},{"damage_healed":0,"gold_gain":0,"player_choice":"Ignored","damage_taken":0,"max_hp_gain":0,"max_hp_loss":0,"event_name":"Ghosts","floor":19,"gold_loss":0},{"damage_healed":0,"gold_gain":99,"player_choice":"Stole From Cult","damage_taken":0,"max_hp_gain":0,"max_hp_loss":0,"event_name":"Nest","floor":20,"gold_loss":0},{"damage_healed":0,"gold_gain":0,"player_choice":"Fight","damage_taken":0,"max_hp_gain":0,"max_hp_loss":0,"event_name":"Colosseum","floor":31,"gold_loss":0},{"damage_healed":0,"gold_gain":0,"player_choice":"Fought Nobs","damage_taken":0,"max_hp_gain":0,"max_hp_loss":0,"event_name":"Colosseum","floor":31,"gold_loss":0},{"damage_healed":0,"gold_gain":275,"player_choice":"Desecrate","damage_taken":0,"max_hp_gain":0,"max_hp_loss":0,"event_name":"Golden Shrine","floor":38,"gold_loss":0,"cards_obtained":["Regret"]}],"is_beta":false,"boss_relics":[{"not_picked":["Fusion Hammer","Runic Pyramid"],"picked":"testmod-TimeTraveler"},{"not_picked":[]},{"not_picked":["testmod-BatchProcessingSystem","testmod-StringDisintegrator"],"picked":"blackbeard:LoadTheGoldenCannons"},{"not_picked":[]}],"items_purged_floors":[3,11,14,17,22,22,27,34,37,37,39,44,44,47],"is_endless":false,"potions_floor_spawned":[1,13,21,25,28,31,33,36,41,45],"ascension_level":11}}