{"host":"dlskvfecb6rtl9z1","time":1612732644,"event":{"mods":["2.2 Compatiblity","AchievementEnabler","Aspiration","BaseMod","Better Third Choice","Colored Map","Colored Powertips","Duelist Mod","Hermit","Hubris","Infinite Spire","KinomotoSakuraMod(????)","Koishi","Marisa????????","Minty Spire (QoL Compilation)","Remilia??????","Replay The Spire","Shop Mod","StSLib","Td1madao Mod","The Administrix","The Bug Knight","The Construct","The Cursed","The Disciple","The Hierophant","The Jungle","The Mystic","The Necromancer","The Runesmith","The Senshi","The Servant 0.9.4"],"gold_per_floor":[115,115,115,127,127,127,153,172,172,203,203,203,203,223,148,148,148,253,253,269,269,280,143,157,157,182,182,205,223,223,148,148,161,161,265,265,284,284,294,314,365,365,365],"floor_reached":42,"language":"ENG","playtime":2131,"items_purged":["Defend_B","Strike_B"],"score":494,"play_id":"de3ff687-1d72-4842-b416-d8e39e6321ac","local_time":"20210207231724","is_ascension_mode":true,"campfire_choices":[{"data":"Sweeping Beam","floor":6,"key":"SMITH"},{"data":"Fusion","floor":13,"key":"SMITH"},{"data":"Zap","floor":17,"key":"SMITH"},{"data":"Electrodynamics","floor":25,"key":"SMITH"},{"data":"Coolheaded","floor":27,"key":"SMITH"},{"data":"Lockon","floor":30,"key":"SMITH"},{"floor":32,"key":"REST"},{"data":"Ball Lightning","floor":34,"key":"SMITH"}],"circlet_count":0,"master_deck":["Defend_B","Defend_B","Defend_B","Zap+1","Dualcast","Sweeping Beam+1","Time Bomb","Fusion+1","Electrodynamics+1","Ball Lightning","Lockon+1","Storm","Darkness","Coolheaded+1","Ball Lightning+1","Steam Power+1","Mirror Shield","Cold Snap+1","Ball Lightning+1"],"relics":["Cracked Core","aspiration:Nostalgia","theDuelist:MillenniumPuzzle","Pen Nib","Geode","Chameleon Ring","Akabeko","Runic Dome","Replay:Rubber Ducky","Orichalcum","Potion Belt","Replay:Bronze Core","hubris:MedicalManual"],"acts_visited":["Exordium","TheCity","TheBeyond"],"potions_floor_usage":[7,7,10,26,35,35,41,42,42],"damage_taken":[{"damage":10,"enemies":"2 Louse","floor":1,"turns":2},{"damage":0,"enemies":"Small Slimes","floor":4,"turns":4},{"damage":24,"enemies":"Lagavulin","floor":7,"turns":5},{"damage":6,"enemies":"Cultist","floor":8,"turns":3},{"damage":0,"enemies":"Gremlin Nob","floor":10,"turns":3},{"damage":0,"enemies":"Exordium Thugs","floor":14,"turns":2},{"damage":23,"enemies":"Hexaghost","floor":18,"turns":8},{"damage":12,"enemies":"Chosen","floor":20,"turns":2},{"damage":6,"enemies":"3 Byrds","floor":22,"turns":2},{"damage":21,"enemies":"Shelled Parasite and Fungi","floor":24,"turns":3},{"damage":7,"enemies":"theDuelist:KaibaA2","floor":26,"turns":3},{"damage":6,"enemies":"Centurion and Healer","floor":29,"turns":2},{"damage":0,"enemies":"Snake Plant","floor":33,"turns":2},{"damage":44,"enemies":"Champ","floor":35,"turns":7},{"damage":6,"enemies":"3 Shapes","floor":37,"turns":2},{"damage":6,"enemies":"Orb Walker","floor":39,"turns":2},{"damage":16,"enemies":"Writhing Mass","floor":40,"turns":2},{"damage":42,"enemies":"2 Orb Walkers","floor":41,"turns":5},{"damage":22,"enemies":"Nemesis","floor":42,"turns":3}],"seed_played":"3101224835238634880","potions_obtained":[{"floor":1,"key":"Regen Potion"},{"floor":4,"key":"Block Potion"},{"floor":7,"key":"LifebloodPotion"},{"floor":20,"key":"FocusPotion"},{"floor":24,"key":"Milkshake"},{"floor":26,"key":"SteroidPotion"},{"floor":33,"key":"SpeedPotion"},{"floor":38,"key":"PowerPotion"},{"floor":38,"key":"infinitespire:BlackPotion"},{"floor":38,"key":"SpeedPotion"},{"floor":40,"key":"Explosive Potion"}],"is_trial":false,"path_per_floor":["M","?","?","M","?","R","E","M","T","E","PTL","PTL","R","M","$","?","R","B",null,"M","T","M","$","M","R","E","R","T","M","R","?","R","M","R","B",null,"M","?","M","M","?","E"],"character_chosen":"DEFECT","items_purchased":["Storm"],"campfire_rested":1,"item_purchase_floors":[23],"current_hp_per_floor":[65,53,53,53,58,58,48,42,42,42,42,42,42,42,42,42,42,19,80,68,68,62,62,41,41,34,34,34,28,28,28,52,52,52,8,80,74,74,68,52,10,0,0],"gold":365,"neow_bonus":"NOSTALGIA","is_daily":false,"chose_seed":false,"campfire_upgraded":7,"win_rate":0.0,"timestamp":1612732644,"path_taken":["M","?","?","?","?","R","E","M","T","E","PTL","PTL","R","M","$","?","R","BOSS","M","?","M","$","M","R","E","R","T","M","R","?","R","M","R","BOSS","M","?","M","?","?","E"],"items_purchased_type":["Card"],"build_version":"2020-12-22","purchased_purges":2,"victory":false,"max_hp_per_floor":[75,75,75,75,80,80,80,80,80,80,80,80,80,80,80,80,80,80,80,80,80,80,80,80,80,80,80,80,80,80,80,80,80,80,80,80,80,80,80,80,80,80,80],"card_choices":[{"not_picked":["Steam","Rebound"],"picked":"Sweeping Beam","floor":1},{"not_picked":["Aggregate","Steam"],"picked":"Time Bomb","floor":4},{"not_picked":["Fission","Conserve Battery","Gash"],"picked":"SKIP","floor":7},{"not_picked":["Reprogram","Redo","Steam Power"],"picked":"SKIP","floor":8},{"not_picked":["Compile Driver","FTL"],"picked":"Fusion","floor":10},{"not_picked":["Fusion","ReplayTheSpireMod:GoodbyeWorld","Leap"],"picked":"SKIP","floor":14},{"not_picked":["ReplayRNGCard","All For One"],"picked":"Electrodynamics","floor":18},{"not_picked":["Hello World","Leap"],"picked":"Ball Lightning","floor":20},{"not_picked":["ReplayTheSpireMod:GoodbyeWorld","Time Bomb"],"picked":"Lockon","floor":22},{"not_picked":["Steam Power","Hello World"],"picked":"Darkness","floor":24},{"not_picked":["ReplayGash","Go for the Eyes"],"picked":"Coolheaded","floor":26},{"not_picked":["ReplayTheSpireMod:System Scan+1","BasicCrystalCard"],"picked":"Ball Lightning","floor":29},{"not_picked":["Go for the Eyes","Rebound+1"],"picked":"Steam Power+1","floor":33},{"not_picked":["ReplayTheSpireMod:Fabricate Wheel","ReplayRNGCard"],"picked":"Mirror Shield","floor":35},{"not_picked":["Go for the Eyes+1","Sweeping Beam+1"],"picked":"Cold Snap+1","floor":37},{"not_picked":["Conserve Battery+1","Skim+1","Undo"],"picked":"SKIP","floor":39},{"not_picked":["ReplayTheSpireMod:Calculation Training","Hologram+1"],"picked":"Ball Lightning+1","floor":40}],"player_experience":148920,"relics_obtained":[{"floor":7,"key":"Geode"},{"floor":9,"key":"Chameleon Ring"},{"floor":10,"key":"Akabeko"},{"floor":21,"key":"Replay:Rubber Ducky"},{"floor":26,"key":"Orichalcum"},{"floor":28,"key":"Potion Belt"},{"floor":41,"key":"hubris:MedicalManual"}],"event_choices":[{"damage_healed":0,"gold_gain":0,"player_choice":"Relic ","damage_taken":12,"max_hp_gain":0,"max_hp_loss":0,"event_name":"betterThird:BetterScrap","floor":2,"gold_loss":0,"cards_obtained":["ConjureBlade"]},{"cards_removed":["Strike_B"],"damage_healed":0,"gold_gain":0,"player_choice":"Offered Basic","damage_taken":0,"max_hp_gain":0,"max_hp_loss":0,"event_name":"Bonfire Elementals","floor":3,"gold_loss":0},{"damage_healed":0,"gold_gain":0,"player_choice":"Donut","damage_taken":0,"max_hp_gain":5,"max_hp_loss":0,"event_name":"Big Fish","floor":5,"gold_loss":0},{"cards_removed":["Strike_B"],"damage_healed":0,"gold_gain":0,"player_choice":"Purged","damage_taken":0,"max_hp_gain":0,"max_hp_loss":0,"event_name":"Purifier","floor":16,"gold_loss":0},{"cards_removed":["Strike_B"],"damage_healed":0,"gold_gain":0,"player_choice":"Gave Gold","damage_taken":0,"max_hp_gain":0,"max_hp_loss":0,"event_name":"Beggar","floor":31,"gold_loss":75},{"damage_healed":0,"gold_gain":0,"player_choice":"Got Potions","damage_taken":0,"max_hp_gain":0,"max_hp_loss":0,"event_name":"Lab","floor":38,"gold_loss":0},{"damage_healed":0,"gold_gain":0,"player_choice":"Fight","damage_taken":0,"max_hp_gain":0,"max_hp_loss":0,"event_name":"Mysterious Sphere","floor":41,"gold_loss":0}],"is_beta":false,"boss_relics":[{"not_picked":["Replay:Wanted Poster","Astrolabe"],"picked":"Runic Dome"},{"not_picked":["Abe\u0027s Treasure","aspiration:SecretTechniqueScroll"],"picked":"Replay:Bronze Core"}],"items_purged_floors":[15,23],"is_endless":false,"potions_floor_spawned":[1,4,7,20,24,26,33,40],"killed_by":"Nemesis","ascension_level":2}}