{"host":"usrgk25etjl0nf5i","time":1612662210,"event":{"mods":["2.2 Compatiblity","BaseMod","Downfall","Hubris","Minty Spire (QoL Compilation)","Permanent Neow","StSLib","SuperFastMode"],"gold_per_floor":[115,115,131,144,144,144,172,186,186,6,6,6,44,64,64,64,64],"floor_reached":16,"language":"ENG","playtime":338,"items_purged":[],"score":182,"play_id":"8f3c5fdd-e738-411b-a1b5-de1f744b0789","local_time":"20210206174330","is_ascension_mode":true,"campfire_choices":[{"data":"Perfected Strike","floor":6,"key":"SMITH"},{"data":"Perfected Strike","floor":15,"key":"SMITH"}],"circlet_count":0,"master_deck":["AscendersBane","Strike_R","Strike_R","Strike_R","Strike_R","Strike_R","Defend_R","Defend_R","Bash","Secret Technique","Perfected Strike+1","Shrug It Off","Perfected Strike+1","Wild Strike","Reaper","Barricade","Injury","Pommel Strike"],"relics":["Burning Blood","Mummified Hand","Membership Card","Golden Idol","Bottled Flame"],"acts_visited":["Exordium"],"potions_floor_usage":[13],"damage_taken":[{"damage":6,"enemies":"2 Louse","floor":1,"turns":4},{"damage":1,"enemies":"Cultist","floor":3,"turns":3},{"damage":3,"enemies":"Small Slimes","floor":4,"turns":5},{"damage":22,"enemies":"Lagavulin","floor":7,"turns":6},{"damage":3,"enemies":"Looter","floor":8,"turns":2},{"damage":8,"enemies":"Gremlin Nob","floor":13,"turns":3},{"damage":24,"enemies":"Exordium Wildlife","floor":14,"turns":4},{"damage":47,"enemies":"The Guardian","floor":16,"turns":5}],"seed_played":"3533280611141964025","potions_obtained":[{"floor":7,"key":"BloodPotion"},{"floor":8,"key":"SpeedPotion"}],"is_trial":false,"path_per_floor":["M","?","M","M","?","R","E","M","T","$","?","$","E","M","R","B"],"character_chosen":"IRONCLAD","items_purchased":["Membership Card","Barricade"],"campfire_rested":0,"item_purchase_floors":[10,10],"current_hp_per_floor":[51,51,56,59,52,52,36,39,39,39,39,39,53,43,43,0,0],"gold":64,"neow_bonus":"RANDOM_COLORLESS_2","is_daily":false,"chose_seed":false,"campfire_upgraded":2,"win_rate":0.0,"timestamp":1612662210,"path_taken":["M","?","M","?","?","R","E","M","T","$","?","$","E","M","R","BOSS"],"items_purchased_type":["Relic","Card"],"build_version":"2020-12-22","purchased_purges":0,"victory":false,"max_hp_per_floor":[80,80,80,80,80,80,80,80,80,80,80,80,80,80,80,80,80],"card_choices":[{"not_picked":["Secret Weapon","Panache"],"picked":"Secret Technique","floor":0},{"not_picked":["Havoc","Iron Wave"],"picked":"Perfected Strike","floor":1},{"not_picked":["Cleave","Combust"],"picked":"Shrug It Off","floor":3},{"not_picked":["Headbutt","Twin Strike"],"picked":"Perfected Strike","floor":4},{"not_picked":["Clothesline","Havoc"],"picked":"Wild Strike","floor":7},{"not_picked":["Perfected Strike","Wild Strike"],"picked":"Reaper","floor":8},{"not_picked":["Clash","Warcry"],"picked":"Pommel Strike","floor":13},{"not_picked":["Body Slam","Cleave","Clothesline"],"picked":"SKIP","floor":14}],"player_experience":684692,"relics_obtained":[{"floor":7,"key":"Mummified Hand"},{"floor":13,"key":"Bottled Flame"}],"event_choices":[{"cards_removed":["Defend_R"],"damage_healed":0,"gold_gain":0,"player_choice":"Purged","damage_taken":0,"max_hp_gain":0,"max_hp_loss":0,"event_name":"Purifier","floor":2,"gold_loss":0},{"cards_removed":["Defend_R"],"damage_healed":0,"gold_gain":0,"player_choice":"Card Removal","damage_taken":7,"max_hp_gain":0,"max_hp_loss":0,"event_name":"Golden Wing","floor":5,"gold_loss":0},{"damage_healed":0,"gold_gain":0,"player_choice":"Take Wound","damage_taken":0,"relics_obtained":["Golden Idol"],"max_hp_gain":0,"max_hp_loss":0,"event_name":"Golden Idol","floor":11,"gold_loss":0,"cards_obtained":["Injury"]}],"is_beta":false,"boss_relics":[],"items_purged_floors":[],"is_endless":false,"potions_floor_spawned":[7,8],"killed_by":"The Guardian","ascension_level":13}}