{"host":"3n5xmnb54n2y5mb4","time":1612677022,"event":{"mods":["BaseMod","Colored Map","Colored Powertips","Downfall","Minty Spire (QoL Compilation)","Permanent Neow","StSLib","Unceasing Turn Reminder","everything is the same but u backflip on backflip"],"gold_per_floor":[19,19,0,0,14,14,54,54,54,54,98,117,140,164,164,164,164],"floor_reached":16,"language":"ENG","playtime":499,"items_purged":[],"score":165,"play_id":"096c3a12-6365-430d-8f9f-3ccb20748ec8","local_time":"20210207005022","is_ascension_mode":true,"campfire_choices":[{"data":"Iron Wave","floor":6,"key":"SMITH"},{"floor":8,"key":"REST"},{"data":"Corruption","floor":10,"key":"SMITH"},{"data":"Havoc","floor":15,"key":"SMITH"}],"circlet_count":0,"master_deck":["AscendersBane","Strike_R","Strike_R","Strike_R+1","Strike_R+1","Defend_R","Defend_R","Defend_R","Bash+1","Shrug It Off","Corruption+1","Metallicize","Iron Wave+1","Dropkick","Havoc+1","Thunderclap","Warcry","Power Through"],"relics":["Burning Blood","Golden Idol","Pen Nib","Blue Candle","Whetstone"],"acts_visited":["Exordium"],"potions_floor_usage":[7],"damage_taken":[{"damage":9,"enemies":"Jaw Worm","floor":1,"turns":5},{"damage":0,"enemies":"2 Louse","floor":5,"turns":4},{"damage":21,"enemies":"Gremlin Nob","floor":7,"turns":5},{"damage":14,"enemies":"Lagavulin","floor":11,"turns":6},{"damage":1,"enemies":"Cultist","floor":12,"turns":3},{"damage":7,"enemies":"Red Slaver","floor":13,"turns":5},{"damage":4,"enemies":"Exordium Thugs","floor":14,"turns":5},{"damage":65,"enemies":"The Guardian","floor":16,"turns":12}],"seed_played":"7150638438496581695","potions_obtained":[{"floor":5,"key":"DistilledChaos"},{"floor":11,"key":"BlessingOfTheForge"}],"is_trial":false,"path_per_floor":["M","?","?","?","M","R","E","R","T","R","E","M","M","M","R","B"],"character_chosen":"IRONCLAD","items_purchased":[],"campfire_rested":1,"item_purchase_floors":[],"current_hp_per_floor":[69,49,49,49,55,55,40,64,64,64,56,61,60,62,62,0,0],"gold":164,"neow_bonus":"TRANSFORM_TWO_CARDS","is_daily":false,"chose_seed":false,"campfire_upgraded":3,"win_rate":0.0,"timestamp":1612677022,"path_taken":["M","?","?","?","?","R","E","R","T","R","E","?","M","M","R","BOSS"],"items_purchased_type":[],"build_version":"2020-12-22","purchased_purges":0,"victory":false,"max_hp_per_floor":[80,80,80,80,80,80,80,80,80,80,80,80,80,80,80,80,80],"card_choices":[{"not_picked":["Clash","Perfected Strike"],"picked":"Metallicize","floor":1},{"not_picked":["Clothesline","Uppercut"],"picked":"Iron Wave","floor":5},{"not_picked":["Warcry","Clash"],"picked":"Dropkick","floor":7},{"not_picked":["Heavy Blade","Headbutt"],"picked":"Havoc","floor":11},{"not_picked":["Body Slam","Cleave"],"picked":"Thunderclap","floor":12},{"not_picked":["Rage","Clash"],"picked":"Warcry","floor":13},{"not_picked":["Offering","Heavy Blade"],"picked":"Power Through","floor":14}],"player_experience":991849,"relics_obtained":[{"floor":7,"key":"Pen Nib"},{"floor":9,"key":"Blue Candle"},{"floor":11,"key":"Whetstone"}],"event_choices":[{"damage_healed":0,"gold_gain":0,"player_choice":"Take Damage","damage_taken":20,"relics_obtained":["Golden Idol"],"max_hp_gain":0,"max_hp_loss":0,"event_name":"Golden Idol","floor":2,"gold_loss":0},{"damage_healed":0,"gold_gain":0,"player_choice":"Left Gold","damage_taken":0,"max_hp_gain":0,"max_hp_loss":0,"event_name":"World of Goop","floor":3,"gold_loss":19},{"damage_healed":0,"gold_gain":0,"player_choice":"Grow","damage_taken":0,"max_hp_gain":0,"max_hp_loss":0,"event_name":"Living Wall","floor":4,"gold_loss":0,"cards_upgraded":["Bash"]}],"is_beta":false,"boss_relics":[],"items_purged_floors":[],"is_endless":false,"potions_floor_spawned":[5,11],"killed_by":"The Guardian","ascension_level":10}}