{"host":"syozzdlzcqop4jia","time":1612673447,"event":{"mods":["BaseMod","Colored Map","Colored Powertips","Minty Spire (QoL Compilation)","Quick Restart"],"gold_per_floor":[111,111,124,124,124,124,153,153,153,153,183,183,203,220,220,322,322,338,338,352,352,122,122,122,122],"floor_reached":24,"language":"ENG","playtime":988,"items_purged":["Defend_B"],"score":237,"play_id":"162f5b5a-aca6-46fa-b5e9-32fd813e04b4","local_time":"20210207055047","is_ascension_mode":true,"campfire_choices":[{"data":"Dualcast","floor":6,"key":"SMITH"},{"floor":8,"key":"REST"},{"data":"Chaos","floor":10,"key":"SMITH"},{"floor":12,"key":"REST"},{"data":"Ball Lightning","floor":15,"key":"SMITH"},{"floor":23,"key":"REST"}],"circlet_count":0,"master_deck":["Defend_B","Defend_B","Zap+1","Dualcast+1","Stack","Go for the Eyes","Chaos+1","Rebound","Rebound","Defragment","Ball Lightning+1","Echo Form","Melter","Bite","Bite","Bite","Bite","Bite"],"relics":["Cracked Core","Letter Opener","Cables","White Beast Statue","Philosopher\u0027s Stone","Nunchaku"],"acts_visited":["Exordium","TheCity"],"potions_floor_usage":[20,20,24],"damage_taken":[{"damage":0,"enemies":"Jaw Worm","floor":1,"turns":3},{"damage":13,"enemies":"Small Slimes","floor":3,"turns":3},{"damage":24,"enemies":"Lagavulin","floor":7,"turns":8},{"damage":10,"enemies":"Gremlin Nob","floor":11,"turns":4},{"damage":0,"enemies":"2 Louse","floor":13,"turns":2},{"damage":5,"enemies":"2 Fungi Beasts","floor":14,"turns":2},{"damage":49,"enemies":"Hexaghost","floor":16,"turns":6},{"damage":10,"enemies":"Chosen","floor":18,"turns":3},{"damage":51,"enemies":"3 Byrds","floor":20,"turns":4},{"damage":43,"enemies":"Slavers","floor":24,"turns":2}],"seed_played":"-4054902982413513126","potions_obtained":[{"floor":1,"key":"ColorlessPotion"},{"floor":13,"key":"Explosive Potion"},{"floor":14,"key":"Strength Potion"},{"floor":20,"key":"Fruit Juice"}],"is_trial":false,"path_per_floor":["M","?","M","?","?","R","E","R","T","R","E","R","M","M","R","B",null,"M","?","M","?","$","R","E"],"character_chosen":"DEFECT","items_purchased":["Nunchaku"],"campfire_rested":3,"item_purchase_floors":[22],"current_hp_per_floor":[75,75,62,62,62,62,38,60,60,60,50,72,72,67,67,18,75,65,65,19,19,19,35,0,0],"gold":122,"neow_bonus":"TRANSFORM_CARD","is_daily":false,"chose_seed":false,"campfire_upgraded":3,"win_rate":0.0,"timestamp":1612673447,"path_taken":["M","?","M","?","?","R","E","R","T","R","E","R","M","M","R","BOSS","M","?","M","?","$","R","E"],"items_purchased_type":["Relic"],"build_version":"2020-12-22","purchased_purges":1,"victory":false,"max_hp_per_floor":[75,75,75,75,75,75,75,75,75,75,75,75,75,75,75,75,75,75,75,80,56,56,56,56,56],"card_choices":[{"not_picked":["Skim","Stack"],"picked":"Go for the Eyes","floor":1},{"not_picked":["Conserve Battery","Steam"],"picked":"Chaos","floor":3},{"not_picked":["Leap","Hologram"],"picked":"Rebound","floor":7},{"not_picked":["Gash","Turbo"],"picked":"Rebound","floor":11},{"not_picked":["Steam","Hologram"],"picked":"Defragment","floor":13},{"not_picked":["Capacitor","Loop"],"picked":"Ball Lightning","floor":14},{"not_picked":["Multi-Cast","Amplify"],"picked":"Echo Form","floor":16},{"not_picked":["Turbo+1","Cold Snap+1","Stack"],"picked":"SKIP","floor":18},{"not_picked":["Leap","Auto Shields+1"],"picked":"Melter","floor":20}],"player_experience":580665,"relics_obtained":[{"floor":7,"key":"Letter Opener"},{"floor":9,"key":"Cables"},{"floor":11,"key":"White Beast Statue"}],"event_choices":[{"damage_healed":0,"gold_gain":0,"player_choice":"Ignored","damage_taken":0,"max_hp_gain":0,"max_hp_loss":0,"event_name":"Liars Game","floor":2,"gold_loss":0},{"damage_healed":0,"gold_gain":0,"player_choice":"Ignored","damage_taken":0,"max_hp_gain":0,"max_hp_loss":0,"event_name":"Golden Idol","floor":4,"gold_loss":0},{"damage_healed":0,"gold_gain":0,"player_choice":"Grow","damage_taken":0,"max_hp_gain":0,"max_hp_loss":0,"event_name":"Living Wall","floor":5,"gold_loss":0,"cards_upgraded":["Zap"]},{"damage_healed":0,"gold_gain":0,"player_choice":"Ignored","damage_taken":0,"max_hp_gain":0,"max_hp_loss":0,"event_name":"Ghosts","floor":19,"gold_loss":0},{"damage_healed":0,"gold_gain":0,"player_choice":"Became a vampire","damage_taken":0,"max_hp_gain":0,"max_hp_loss":24,"event_name":"Vampires","floor":21,"gold_loss":0,"cards_obtained":["Bite","Bite","Bite","Bite","Bite"]}],"is_beta":false,"boss_relics":[{"not_picked":["Runic Dome","Busted Crown"],"picked":"Philosopher\u0027s Stone"}],"items_purged_floors":[22],"is_endless":false,"potions_floor_spawned":[1,13,14,16,18,20],"killed_by":"Slavers","ascension_level":1}}