{"host":"flk9eme3n59cnu2c","time":1612662165,"event":{"mods":["A Penny For Your Troubles","AchievementEnabler","BaseMod","Better-Laid Plans","Block Reminder","Colored Map","Googly Eyes","Minty Spire (QoL Compilation)","RNG Fix","Rare Cards Sparkle","Relic Stats","Reorder Act Four","Slay-I","StSLib","Weighted Paths"],"gold_per_floor":[11,21,71,71,19,19,19,19,42,42,59,59,59,93,93,192,192,206,230,230,230,230,230,249,249,249,249,249,281,13,25,25,102,102,112,112,112,132,132,164,164,197,221,254,273,15,15,15,15,15,16],"floor_reached":52,"language":"ENG","playtime":2610,"items_purged":["Strike_B","Barrage+1"],"score":2090,"play_id":"3d969291-a618-4844-a8b8-2b413900b1e5","local_time":"20210206194245","is_ascension_mode":true,"campfire_choices":[{"data":"Metamorphosis","floor":6,"key":"SMITH"},{"data":"Zap","floor":8,"key":"SMITH"},{"data":"Dualcast","floor":10,"key":"SMITH"},{"data":"Scrape","floor":15,"key":"SMITH"},{"data":"Defragment","floor":23,"key":"SMITH"},{"data":"Fission","floor":25,"key":"SMITH"},{"data":"Glacier","floor":32,"key":"SMITH"},{"floor":41,"key":"REST"},{"floor":47,"key":"REST"},{"floor":49,"key":"REST"}],"circlet_count":0,"master_deck":["AscendersBane","Defend_B","Defend_B","Defend_B","Defend_B","Zap+1","Dualcast+1","Metamorphosis+1","Gash","Steam","Steam","Scrape+1","Reboot","Machine Learning+1","Defragment+1","Fission+1","Gash","Steam","Glacier+1","Core Surge","Good Instincts","Master of Strategy+1","Hologram","Gash","Hologram+1","Panache","Gash+1"],"relics":["Cracked Core","InkBottle","DataDisk","Bloody Idol","Lantern","Astrolabe","Dead Branch","Sundial","Letter Opener","Lee\u0027s Waffle","Fusion Hammer","Ornamental Fan","White Beast Statue","Smiling Mask","Anchor","Dream Catcher"],"acts_visited":["Exordium","TheCity","TheBeyond"],"potions_floor_usage":[27,50,51],"damage_taken":[{"damage":0,"enemies":"Cultist","floor":1,"turns":4},{"damage":12,"enemies":"Jaw Worm","floor":2,"turns":3},{"damage":4,"enemies":"Small Slimes","floor":11,"turns":3},{"damage":9,"enemies":"Lagavulin","floor":14,"turns":5},{"damage":3,"enemies":"Slime Boss","floor":16,"turns":8},{"damage":17,"enemies":"Shell Parasite","floor":18,"turns":3},{"damage":0,"enemies":"3 Byrds","floor":19,"turns":5},{"damage":13,"enemies":"3 Cultists","floor":24,"turns":5},{"damage":0,"enemies":"Slavers","floor":27,"turns":1},{"damage":22,"enemies":"Gremlin Leader","floor":29,"turns":4},{"damage":19,"enemies":"Snake Plant","floor":31,"turns":4},{"damage":38,"enemies":"Collector","floor":33,"turns":7},{"damage":5,"enemies":"3 Shapes","floor":35,"turns":4},{"damage":0,"enemies":"Orb Walker","floor":38,"turns":2},{"damage":0,"enemies":"Reptomancer","floor":40,"turns":5},{"damage":0,"enemies":"Giant Head","floor":42,"turns":4},{"damage":11,"enemies":"Nemesis","floor":44,"turns":5},{"damage":0,"enemies":"4 Shapes","floor":45,"turns":3},{"damage":4,"enemies":"Donu and Deca","floor":50,"turns":8},{"damage":64,"enemies":"Awakened One","floor":51,"turns":9}],"seed_played":"-2714496075170175040","potions_obtained":[{"floor":1,"key":"FocusPotion"},{"floor":16,"key":"SmokeBomb"},{"floor":31,"key":"Block Potion"}],"is_trial":false,"path_per_floor":["M","M","?","?","$","R","$","R","T","R","M","?","?","E","R","B",null,"M","M","?","?","?","R","M","R","T","E","?","E","$","M","R","B",null,"M","?","?","M","?","E","R","E","T","E","M","$","R","T","R","B","B",null],"character_chosen":"DEFECT","items_purchased":["Steam","Steam","Lee\u0027s Waffle","Panache"],"campfire_rested":3,"item_purchase_floors":[5,30,30,46],"current_hp_per_floor":[64,52,45,40,40,40,40,40,40,40,36,36,41,32,32,29,59,42,42,42,42,42,42,34,34,34,34,34,17,76,62,62,29,64,64,54,54,59,59,64,76,76,76,70,75,75,76,76,76,72,13],"gold":16,"neow_bonus":"RANDOM_COLORLESS_2","is_daily":false,"chose_seed":false,"campfire_upgraded":7,"win_rate":0.0,"timestamp":1612662165,"path_taken":["M","?","?","?","?","R","$","R","T","R","M","?","?","E","R","BOSS","M","M","?","?","?","R","M","R","T","E","?","E","$","?","R","BOSS","M","?","?","M","?","E","R","E","T","E","M","?","R","?","R","BOSS","BOSS"],"items_purchased_type":["Card","Card","Relic","Card"],"build_version":"2020-12-22","purchased_purges":2,"victory":true,"max_hp_per_floor":[71,71,71,71,71,71,71,71,71,71,71,64,69,69,69,69,69,69,69,69,69,69,69,69,69,69,69,69,69,76,76,76,76,76,76,76,76,76,76,76,76,76,76,76,76,76,76,76,76,76,76],"relic_stats":{"Lee\u0027s Waffle":59,"Dream Catcher":1,"counters":[20,92],"Sundial":[14],"Ornamental Fan":[124],"Bloody Idol":50,"Astrolabe":["Machine Learning","Rip and Tear","Barrage"],"Dead Branch":[68],"Letter Opener":[349],"Smiling Mask":50,"obtain_stats":[{"Lantern":14,"Lee\u0027s Waffle":30,"Golden Idol":12,"Astrolabe":17,"Dead Branch":26,"Letter Opener":29,"Smiling Mask":43,"White Beast Statue":42,"DataDisk":9,"Anchor":44,"Dream Catcher":48,"Sundial":28,"Ornamental Fan":40,"Bloody Idol":22,"Fusion Hammer":34,"Cracked Core":0,"InkBottle":4},{"Lantern":4,"Lee\u0027s Waffle":10,"Golden Idol":3,"Astrolabe":5,"Dead Branch":8,"Letter Opener":10,"Smiling Mask":16,"White Beast Statue":16,"DataDisk":2,"Anchor":17,"Dream Catcher":18,"Sundial":9,"Ornamental Fan":15,"Bloody Idol":7,"Fusion Hammer":12,"Cracked Core":0,"InkBottle":2},{"Lantern":15,"Lee\u0027s Waffle":41,"Golden Idol":10,"Astrolabe":23,"Dead Branch":36,"Letter Opener":41,"Smiling Mask":67,"White Beast Statue":67,"DataDisk":7,"Anchor":72,"Dream Catcher":75,"Sundial":37,"Ornamental Fan":63,"Bloody Idol":31,"Fusion Hammer":52,"Cracked Core":0,"InkBottle":7}],"InkBottle":[55]},"card_choices":[{"not_picked":["Transmutation","Secret Weapon"],"picked":"Metamorphosis","floor":0},{"not_picked":["Cold Snap","Reprogram"],"picked":"Gash","floor":1},{"not_picked":["Beam Cell","Sweeping Beam"],"picked":"Steam","floor":2},{"not_picked":["Go for the Eyes","Streamline","Barrage"],"picked":"SKIP","floor":11},{"not_picked":["Beam Cell","Coolheaded"],"picked":"Scrape","floor":14},{"not_picked":["Machine Learning","Rainbow"],"picked":"Reboot","floor":16},{"not_picked":["Redo","White Noise","Reprogram"],"picked":"SKIP","floor":18},{"not_picked":["Barrage+1","BootSequence"],"picked":"Defragment","floor":19},{"not_picked":["Sweeping Beam+1","Cold Snap+1"],"picked":"Fission","floor":24},{"not_picked":["Coolheaded","Ball Lightning"],"picked":"Gash","floor":29},{"not_picked":["Gash","Steam"],"picked":"Glacier","floor":31},{"not_picked":["Meteor Strike","Thunder Strike"],"picked":"Core Surge","floor":33},{"not_picked":["Fusion","Coolheaded","Reprogram"],"picked":"SKIP","floor":35},{"not_picked":["Mind Blast","Panacea"],"picked":"Good Instincts","floor":36},{"not_picked":["The Bomb","Mind Blast"],"picked":"Master of Strategy","floor":36},{"not_picked":["Steam Power","Leap","Blizzard+1"],"picked":"SKIP","floor":38},{"not_picked":["Sweeping Beam","Turbo+1","Barrage+1"],"picked":"SKIP","floor":40},{"not_picked":["Machine Learning","Glacier"],"picked":"Hologram","floor":42},{"not_picked":["Steam Power","Fusion"],"picked":"Gash","floor":44},{"not_picked":["Ball Lightning","Aggregate"],"picked":"Hologram+1","floor":45},{"not_picked":["Barrage","Leap"],"picked":"Gash+1","floor":49}],"player_experience":925521,"relics_obtained":[{"floor":9,"key":"DataDisk"},{"floor":14,"key":"Lantern"},{"floor":26,"key":"Dead Branch"},{"floor":29,"key":"Letter Opener"},{"floor":40,"key":"Ornamental Fan"},{"floor":42,"key":"White Beast Statue"},{"floor":43,"key":"Smiling Mask"},{"floor":44,"key":"Anchor"},{"floor":48,"key":"Dream Catcher"}],"event_choices":[{"damage_healed":0,"gold_gain":50,"player_choice":"Touch","damage_taken":7,"max_hp_gain":0,"max_hp_loss":0,"event_name":"FaceTrader","floor":3,"gold_loss":0},{"damage_healed":0,"gold_gain":0,"player_choice":"Success","damage_taken":5,"relics_obtained":["InkBottle"],"max_hp_gain":0,"max_hp_loss":0,"event_name":"Scrap Ooze","floor":4,"gold_loss":0},{"damage_healed":0,"gold_gain":0,"player_choice":"Lose Max HP","damage_taken":0,"relics_obtained":["Golden Idol"],"max_hp_gain":0,"max_hp_loss":7,"event_name":"Golden Idol","floor":12,"gold_loss":0},{"damage_healed":0,"gold_gain":0,"player_choice":"Donut","damage_taken":0,"max_hp_gain":5,"max_hp_loss":0,"event_name":"Big Fish","floor":13,"gold_loss":0},{"damage_healed":0,"gold_gain":0,"player_choice":"Ignored","damage_taken":0,"max_hp_gain":0,"max_hp_loss":0,"event_name":"Ghosts","floor":20,"gold_loss":0},{"damage_healed":0,"gold_gain":0,"player_choice":"Ignored","damage_taken":0,"max_hp_gain":0,"max_hp_loss":0,"event_name":"Vampires","floor":21,"gold_loss":0},{"damage_healed":0,"gold_gain":0,"player_choice":"Gave Idol","damage_taken":0,"relics_obtained":["Bloody Idol"],"max_hp_gain":0,"max_hp_loss":0,"event_name":"Forgotten Altar","floor":22,"relics_lost":["Golden Idol"],"gold_loss":0},{"cards_removed":["Rip and Tear"],"damage_healed":0,"gold_gain":0,"player_choice":"Gave Card","damage_taken":0,"relics_obtained":["Sundial"],"max_hp_gain":0,"max_hp_loss":0,"event_name":"WeMeetAgain","floor":28,"gold_loss":0},{"damage_healed":0,"gold_gain":0,"player_choice":"Memory 3","damage_taken":10,"max_hp_gain":0,"max_hp_loss":0,"event_name":"SensoryStone","floor":36,"gold_loss":0},{"damage_healed":0,"gold_gain":0,"player_choice":"Upgraded","damage_taken":0,"max_hp_gain":0,"max_hp_loss":0,"event_name":"Upgrade Shrine","floor":37,"gold_loss":0,"cards_upgraded":["Master of Strategy"]},{"damage_healed":0,"gold_gain":0,"player_choice":"Ignored","damage_taken":0,"max_hp_gain":0,"max_hp_loss":0,"event_name":"Tomb of Lord Red Mask","floor":39,"gold_loss":0}],"is_beta":false,"boss_relics":[{"not_picked":["SacredBark","Velvet Choker"],"picked":"Astrolabe"},{"not_picked":["Empty Cage","Calling Bell"],"picked":"Fusion Hammer"}],"items_purged_floors":[30,46],"is_endless":false,"potions_floor_spawned":[1,16,19,31,35,42,44,45],"ascension_level":20}}