{"host":"c02dmb09vpgjjjz3","time":1612720446,"event":{"mods":["Act Like it!","BaseMod","CapriCore","Colored Map","Downfall","GifTheSpireLib","Minty Spire (QoL Compilation)","Permanent Neow","Random Character Button","StSLib"],"gold_per_floor":[99,113,23,23,8,39,64,64,79,79,79,97,116,150,164,259,259,159,159,169,269,283,22,92,120,120,139,139,239,259,285,302,401,401,301,313,327,377,65,76,128,143,43,55,101,9,9,28,44,44,44,70,70,70,70,70,70,70],"floor_reached":56,"language":"ENG","playtime":5734,"items_purged":["bronze:Strike","bronze:Strike"],"score":799,"play_id":"eb013839-e507-4f34-901b-91cb0c6c85e7","local_time":"20210207115406","is_ascension_mode":false,"campfire_choices":[{"data":"bronze:Format","floor":1,"key":"SMITH"},{"floor":10,"key":"REST"},{"data":"bronze:ClassDefault","floor":18,"key":"SMITH"},{"floor":26,"key":"RECALL"},{"data":"bronze:HardenedForm","floor":35,"key":"SMITH"},{"data":"bronze:Format","floor":43,"key":"SMITH"},{"data":"bronze:Shell","floor":54,"key":"SMITH"}],"circlet_count":0,"master_deck":["bronze:Strike","bronze:Strike","bronze:Defend","bronze:Defend+1","bronze:Defend","bronze:Defend+1","bronze:Replicate","bronze:Goto","bronze:Format+1","bronze:Flail","bronze:Boost","bronze:ForceShield","bronze:ClassDefault+1","bronze:Spike","bronze:DazingPulse","bronze:Optimize","bronze:Verify","bronze:BitShift+1","bronze:BronzeArmor+1","bronze:Format+1","bronze:Repair","bronze:FineTuning+1","bronze:HardenedForm+1","Parasite","bronze:ClassDefault+1","bronze:Shell+1","bronze:Virus","bronze:Overload+1"],"relics":["bronze:PlatinumCore","War Paint","Art of War","Dream Catcher","Sozu","downfall:HeartBlessingGreen","Ginger","Meat on the Bone","Lee\u0027s Waffle","Mercury Hourglass","HornCleat","downfall:RedIOU","Dead Branch","downfall:HeartBlessingRed","Prayer Wheel","Incense Burner","downfall:HeartBlessingBlue","Calipers","Pear"],"acts_visited":["Exordium","TheCity","TheBeyond","TheEnding"],"potions_floor_usage":[16,55,56],"damage_taken":[{"damage":0,"enemies":"Cultist","floor":2,"turns":3},{"damage":0,"enemies":"downfall:FleeingMerchant","floor":3,"turns":4},{"damage":2,"enemies":"downfall:FleeingMerchant","floor":5,"turns":4},{"damage":5,"enemies":"3 Sentries","floor":6,"turns":6},{"damage":19,"enemies":"3 Sentries","floor":8,"turns":4},{"damage":0,"enemies":"Jaw Worm","floor":9,"turns":3},{"damage":2,"enemies":"2 Louse","floor":12,"turns":3},{"damage":5,"enemies":"2 Fungi Beasts","floor":13,"turns":4},{"damage":0,"enemies":"Lagavulin","floor":14,"turns":5},{"damage":0,"enemies":"Large Slime","floor":15,"turns":5},{"damage":18,"enemies":"SI_SHIV_ARCHETYPE","floor":16,"turns":7},{"damage":0,"enemies":"Chosen","floor":19,"turns":1},{"damage":0,"enemies":"Snecko","floor":20,"turns":5},{"damage":34,"enemies":"IC_STATUS_ARCHETYPE","floor":21,"turns":8},{"damage":23,"enemies":"Snake Plant","floor":22,"turns":4},{"damage":14,"enemies":"downfall:FleeingMerchant","floor":23,"turns":4},{"damage":17,"enemies":"Slavers","floor":25,"turns":3},{"damage":18,"enemies":"3 Cultists","floor":27,"turns":4},{"damage":6,"enemies":"Snecko","floor":30,"turns":5},{"damage":3,"enemies":"Book of Stabbing","floor":31,"turns":4},{"damage":0,"enemies":"Centurion and Healer","floor":32,"turns":2},{"damage":42,"enemies":"DF_ARCHETYPE_CLAW","floor":33,"turns":6},{"damage":0,"enemies":"Orb Walker","floor":36,"turns":3},{"damage":0,"enemies":"3 Shapes","floor":37,"turns":2},{"damage":0,"enemies":"3 Shapes","floor":38,"turns":5},{"damage":0,"enemies":"downfall:FleeingMerchant","floor":39,"turns":4},{"damage":17,"enemies":"Writhing Mass","floor":40,"turns":5},{"damage":0,"enemies":"Transient","floor":42,"turns":5},{"damage":0,"enemies":"Maw","floor":44,"turns":6},{"damage":31,"enemies":"2 Orb Walkers","floor":45,"turns":6},{"damage":0,"enemies":"downfall:FleeingMerchant","floor":46,"turns":4},{"damage":13,"enemies":"Writhing Mass","floor":48,"turns":5},{"damage":0,"enemies":"Spire Growth","floor":49,"turns":4},{"damage":0,"enemies":"IC_BLOCK_ARCHETYPE","floor":50,"turns":12},{"damage":22,"enemies":"downfall:CharBossMerchant","floor":52,"turns":9},{"damage":23,"enemies":"downfall:NeowBoss","floor":55,"turns":19},{"damage":95,"enemies":"downfall:NeowBossFinal","floor":56,"turns":17}],"seed_played":"1652845416112079121","potions_obtained":[{"floor":2,"key":"FairyPotion"},{"floor":6,"key":"Dexterity Potion"},{"floor":12,"key":"champ:CounterPotion"},{"floor":16,"key":"LiquidMemories"}],"is_trial":false,"path_per_floor":["R","M","$","?","$","E","T","?","M","R","T","M","M","E","M","B",null,"R","M","M","?","M","$","T","E","R","M","?","?","M","E","M","B",null,"R","M","M","?","$","M","T","M","R","M","?","$","?","M","M","B",null,"E","$","R","B","B"],"character_chosen":"THE_AUTOMATON","items_purchased":["Lee\u0027s Waffle","Incense Burner","bronze:Shell"],"campfire_rested":1,"item_purchase_floors":[23,39,46],"current_hp_per_floor":[70,70,70,70,68,63,63,46,48,69,69,68,65,67,69,52,70,70,70,70,36,27,77,77,60,60,54,54,54,55,59,59,36,77,77,77,77,77,77,60,60,67,77,77,53,63,63,57,64,71,87,75,75,75,59,0,0,0],"gold":70,"neow_bonus":"ONE_RANDOM_RARE_CARD","is_daily":false,"chose_seed":false,"campfire_upgraded":5,"win_rate":0.0,"timestamp":1612720446,"path_taken":["R","?","?","?","$","E","T","?","M","R","?","M","M","E","M","BOSS","R","M","M","?","M","$","T","E","R","M","?","?","M","E","M","BOSS","R","M","M","?","$","M","T","M","R","M","?","?","?","M","M","BOSS","E","$","R","BOSS","BOSS"],"items_purchased_type":["Relic","Relic","Card"],"build_version":"2020-12-22","purchased_purges":2,"victory":false,"max_hp_per_floor":[70,70,70,70,70,70,70,70,70,70,70,70,70,70,70,70,70,70,70,70,70,70,77,77,77,77,77,77,77,77,77,77,77,77,77,77,77,77,77,77,77,77,87,87,87,87,87,87,87,87,87,97,97,97,97,97,97,97],"card_choices":[{"not_picked":["bronze:Deprecate","bronze:GetLatest"],"picked":"bronze:Flail","floor":2},{"not_picked":["bronze:BugBarrage","bronze:OilSpill"],"picked":"bronze:Boost","floor":3},{"not_picked":["bronze:CleanCode","bronze:ItsAFeature"],"picked":"bronze:ForceShield","floor":5},{"not_picked":["bronze:FineTuning","bronze:WhirlingStrike"],"picked":"bronze:ClassDefault","floor":6},{"not_picked":[],"picked":"bronze:Spike","floor":8},{"not_picked":[],"picked":"bronze:DazingPulse","floor":8},{"not_picked":["bronze:WildBeam","bronze:BugBarrage","bronze:BuggyMess"],"picked":"SKIP","floor":9},{"not_picked":["bronze:BugBarrage","bronze:BuggyMess","bronze:DelayedSlice"],"picked":"SKIP","floor":12},{"not_picked":["bronze:Iterate","bronze:Turbo"],"picked":"bronze:Optimize","floor":13},{"not_picked":["bronze:Safeguard","bronze:BuggyMess","bronze:Deprecate"],"picked":"SKIP","floor":14},{"not_picked":["bronze:Invalidate","bronze:Frontload"],"picked":"bronze:Verify","floor":15},{"not_picked":["bronze:Invalidate","bronze:CloningBeam","bronze:Frontload"],"picked":"SKIP","floor":19},{"not_picked":["bronze:BitShift+1","bronze:Philosophize+1","bronze:DelayedSlice"],"picked":"SKIP","floor":20},{"not_picked":["bronze:Philosophize+1","bronze:DelayedSlice"],"picked":"bronze:BitShift+1","floor":20},{"not_picked":["bronze:BugBarrage","bronze:Overheat+1"],"picked":"bronze:BronzeArmor+1","floor":21},{"not_picked":["bronze:OilSpill","bronze:BronzeArmor"],"picked":"bronze:Format","floor":22},{"not_picked":["bronze:CutThrough","bronze:DigitalCarnage"],"picked":"bronze:Repair","floor":23},{"not_picked":["bronze:Overheat","bronze:Philosophize","bronze:Branch"],"picked":"SKIP","floor":25},{"not_picked":["bronze:OilSpill","bronze:BitShift"],"picked":"bronze:FineTuning+1","floor":27},{"not_picked":["bronze:Allocate","bronze:BugBarrage","bronze:Iterate"],"picked":"SKIP","floor":30},{"not_picked":["bronze:BronzeOrb+1","bronze:ChildClass","bronze:FollowUp"],"picked":"SKIP","floor":31},{"not_picked":["bronze:BronzeOrb+1","bronze:ChildClass","bronze:FollowUp"],"picked":"SKIP","floor":31},{"not_picked":["bronze:Branch","bronze:ItsAFeature","bronze:WildBeam"],"picked":"SKIP","floor":32},{"not_picked":["bronze:FindAndReplace","bronze:BurnOut"],"picked":"bronze:HardenedForm","floor":33},{"not_picked":["bronze:Overheat+1","bronze:Optimize","bronze:WildBeam"],"picked":"SKIP","floor":36},{"not_picked":["bronze:CloningBeam+1","bronze:Deprecate","bronze:DelayedGuard+1"],"picked":"SKIP","floor":37},{"not_picked":["bronze:Iterate+1","bronze:CutThrough","bronze:MaxOutput+1"],"picked":"SKIP","floor":39},{"not_picked":["bronze:BugBarrage+1","bronze:Optimize+1","bronze:BronzeArmor"],"picked":"SKIP","floor":40},{"not_picked":["bronze:FineTuning","bronze:BugBarrage+1","bronze:Overheat"],"picked":"SKIP","floor":40},{"not_picked":["bronze:FollowUp+1","bronze:BurnOut","bronze:Branch"],"picked":"SKIP","floor":42},{"not_picked":["bronze:CutThrough+1","bronze:Iterate","bronze:BronzeOrb+1"],"picked":"SKIP","floor":42},{"not_picked":["bronze:Allocate","bronze:BitShift+1","bronze:Overheat+1"],"picked":"SKIP","floor":44},{"not_picked":["bronze:OilSpill","bronze:Safeguard","bronze:Optimize"],"picked":"SKIP","floor":44},{"not_picked":["bronze:BuggyMess","bronze:Optimize+1"],"picked":"bronze:ClassDefault+1","floor":45},{"not_picked":["bronze:BronzeArmor","bronze:Invalidate+1","bronze:OilSpill"],"picked":"SKIP","floor":46},{"not_picked":["bronze:WhirlingStrike","bronze:FineTuning+1"],"picked":"bronze:Overload+1","floor":48},{"not_picked":["bronze:BronzeOrb+1","bronze:WhirlingStrike","bronze:Deprecate"],"picked":"SKIP","floor":48},{"not_picked":["bronze:BitShift","bronze:Break","bronze:DigitalCarnage+1"],"picked":"SKIP","floor":49},{"not_picked":["bronze:Safeguard+1","bronze:Overheat","bronze:BitShift"],"picked":"SKIP","floor":49},{"not_picked":["bronze:Iterate","bronze:BronzeArmor","bronze:Philosophize+1"],"picked":"SKIP","floor":52}],"player_experience":108045,"relics_obtained":[{"floor":6,"key":"War Paint"},{"floor":7,"key":"Blood Vial"},{"floor":11,"key":"Art of War"},{"floor":14,"key":"Dream Catcher"},{"floor":21,"key":"Ginger"},{"floor":21,"key":"Meat on the Bone"},{"floor":24,"key":"Mercury Hourglass"},{"floor":25,"key":"HornCleat"},{"floor":31,"key":"Dead Branch"},{"floor":38,"key":"Prayer Wheel"},{"floor":45,"key":"Calipers"},{"floor":52,"key":"Pear"}],"event_choices":[{"damage_healed":0,"gold_gain":0,"player_choice":"Fight","damage_taken":0,"max_hp_gain":0,"max_hp_loss":0,"event_name":"Mysterious Sphere","floor":45,"gold_loss":0}],"is_beta":false,"boss_relics":[{"not_picked":["Astrolabe","Runic Dome"],"picked":"Sozu"},{"not_picked":["Coffee Dripper","bronze:MakeshiftBattery"],"picked":"bronze:PlatinumCore"}],"items_purged_floors":[3,23],"is_endless":false,"potions_floor_spawned":[2,6,12,14,15,16,20,22,25,30,31,40,44,45,48,49],"killed_by":"downfall:NeowBossFinal","ascension_level":0}}