{"host":"1te4apcktyw9778t","time":1612717339,"event":{"mods":["BaseMod","Colored Powertips","Minty Spire (QoL Compilation)","Relic Stats"],"gold_per_floor":[118,129,141,141,141,167,182,182,182,182,182],"floor_reached":10,"language":"ENG","playtime":570,"items_purged":[],"score":119,"play_id":"d591e17a-9828-400e-8173-7aa0ce607635","local_time":"20210207120219","is_ascension_mode":true,"campfire_choices":[{"data":"Sunder","floor":8,"key":"SMITH"}],"circlet_count":0,"master_deck":["AscendersBane","Strike_B","Strike_B","Strike_B+1","Strike_B","Defend_B","Defend_B+1","Defend_B","Defend_B","Zap+1","Dualcast","Melter","Sunder+1","Leap","Genetic Algorithm","Hologram"],"relics":["Cracked Core","NlothsMask","Bottled Flame"],"acts_visited":["Exordium"],"potions_floor_usage":[6],"damage_taken":[{"damage":1,"enemies":"Cultist","floor":1,"turns":4},{"damage":0,"enemies":"Small Slimes","floor":2,"turns":2},{"damage":2,"enemies":"Jaw Worm","floor":3,"turns":2},{"damage":25,"enemies":"Lagavulin","floor":6,"turns":7},{"damage":3,"enemies":"Large Slime","floor":7,"turns":5},{"damage":41,"enemies":"Gremlin Nob","floor":10,"turns":4}],"seed_played":"-5090536397029332154","potions_obtained":[{"floor":3,"key":"Energy Potion"}],"is_trial":false,"path_per_floor":["M","M","M","?","?","E","M","R","T","E"],"character_chosen":"DEFECT","items_purchased":[],"campfire_rested":0,"item_purchase_floors":[],"current_hp_per_floor":[63,63,61,40,40,15,12,12,12,0,0],"gold":182,"neow_bonus":"UPGRADE_CARD","is_daily":false,"chose_seed":false,"campfire_upgraded":1,"win_rate":0.0,"timestamp":1612717339,"path_taken":["M","M","M","?","?","E","M","R","T","E"],"items_purchased_type":[],"build_version":"2020-12-22","purchased_purges":0,"victory":false,"max_hp_per_floor":[71,71,71,71,71,71,71,71,71,71,71],"relic_stats":{"counters":[6,24],"obtain_stats":[{"Bottled Flame":6,"Cracked Core":0,"NlothsMask":5},{"Bottled Flame":4,"Cracked Core":0,"NlothsMask":3},{"Bottled Flame":15,"Cracked Core":0,"NlothsMask":8}]},"card_choices":[{"not_picked":["Hologram","Aggregate"],"picked":"Melter","floor":1},{"not_picked":["Steam","Stack"],"picked":"Sunder","floor":2},{"not_picked":["Rebound","Force Field"],"picked":"Leap","floor":3},{"not_picked":["Biased Cognition","Gash"],"picked":"Genetic Algorithm","floor":6},{"not_picked":["Turbo","Gash"],"picked":"Hologram","floor":7}],"player_experience":1106385,"relics_obtained":[{"floor":6,"key":"Bottled Flame"}],"event_choices":[{"damage_healed":0,"gold_gain":0,"player_choice":"Entered Light","damage_taken":21,"max_hp_gain":0,"max_hp_loss":0,"event_name":"Shining Light","floor":4,"gold_loss":0,"cards_upgraded":["Defend_B","Strike_B"]},{"damage_healed":0,"gold_gain":0,"player_choice":"Trade","damage_taken":0,"relics_obtained":["NlothsMask"],"max_hp_gain":0,"max_hp_loss":0,"event_name":"FaceTrader","floor":5,"gold_loss":0}],"is_beta":false,"boss_relics":[],"items_purged_floors":[],"is_endless":false,"potions_floor_spawned":[3],"killed_by":"Gremlin Nob","ascension_level":15}}