{"host":"9l1knhxfturzliqa","time":1612687490,"event":{"mods":["BaseMod","Colored Map","Colored Powertips","DeckTracker","Highlight Path","Keyboard Shortcuts","Minty Spire (QoL Compilation)","Random Character Button"],"gold_per_floor":[114,130,130,147,161,161,174,174,200,86,98,98,98,124,124,197,197,212,240,259,279,279,304,304,329,329,329,344,356,381,397,397,471,471,487,511,527,749,769,795,814,318,344,372,384,396,427,457,469,481,493,505,39,71,71,71],"floor_reached":55,"language":"KOR","playtime":8162,"items_purged":["Strike_P","Defend_P+1","Strike_P+1"],"score":1495,"play_id":"73a0e8b1-c767-4085-bfec-e3d825f41946","local_time":"20210207174450","is_ascension_mode":true,"campfire_choices":[{"data":"Eruption","floor":6.0,"key":"SMITH"},{"data":"LessonLearned","floor":8.0,"key":"SMITH"},{"data":"MentalFortress","floor":13.0,"key":"SMITH"},{"data":"Vault","floor":15.0,"key":"SMITH"},{"data":"CrushJoints","floor":24.0,"key":"SMITH"},{"data":"Meditate","floor":32.0,"key":"SMITH"},{"floor":49,"key":"RECALL"},{"data":"TalkToTheHand","floor":52,"key":"SMITH"}],"circlet_count":0,"master_deck":["AscendersBane","Strike_P+1","Strike_P+1","Defend_P+1","Defend_P+1","Defend_P+1","Eruption+1","Vigilance+1","EmptyFist+1","LessonLearned+1","FearNoEvil+1","MentalFortress+1","Vault+1","Scrawl+1","CrushJoints+1","Adaptation+1","Meditate+1","Violence","Panache+1","Purity","TalkToTheHand+1"],"relics":["PureWater","NeowsBlessing","Centennial Puzzle","Regal Pillow","Bottled Tornado","Happy Flower","Coffee Dripper","Red Mask","Bronze Scales","Dream Catcher","Pantograph","Incense Burner","Black Star","Pen Nib","Kunai","Unceasing Top","InkBottle","Blood Vial","MawBank","Dead Branch","Sling","Oddly Smooth Stone","Nunchaku","Whetstone"],"acts_visited":["Exordium","TheCity","TheBeyond","TheEnding"],"potions_floor_usage":[50,55,55],"damage_taken":[{"damage":0.0,"enemies":"2 Louse","floor":1.0,"turns":1.0},{"damage":0.0,"enemies":"Jaw Worm","floor":2.0,"turns":1.0},{"damage":0.0,"enemies":"Small Slimes","floor":4.0,"turns":1.0},{"damage":10.0,"enemies":"3 Louse","floor":5.0,"turns":5.0},{"damage":4.0,"enemies":"Red Slaver","floor":7.0,"turns":3.0},{"damage":0.0,"enemies":"Looter","floor":11.0,"turns":4.0},{"damage":0.0,"enemies":"Gremlin Nob","floor":14.0,"turns":3.0},{"damage":15.0,"enemies":"Hexaghost","floor":16.0,"turns":12.0},{"damage":0.0,"enemies":"Chosen","floor":18.0,"turns":3.0},{"damage":0.0,"enemies":"Masked Bandits","floor":19.0,"turns":4.0},{"damage":0.0,"enemies":"3 Byrds","floor":20.0,"turns":4.0},{"damage":0.0,"enemies":"Cultist and Chosen","floor":21.0,"turns":3.0},{"damage":0.0,"enemies":"Book of Stabbing","floor":23.0,"turns":3.0},{"damage":0.0,"enemies":"Gremlin Leader","floor":25.0,"turns":3.0},{"damage":0.0,"enemies":"Snake Plant","floor":28.0,"turns":2.0},{"damage":0.0,"enemies":"Snecko","floor":29.0,"turns":4.0},{"damage":0.0,"enemies":"Book of Stabbing","floor":30.0,"turns":4.0},{"damage":0.0,"enemies":"Shelled Parasite and Fungi","floor":31.0,"turns":2.0},{"damage":48.0,"enemies":"Collector","floor":33.0,"turns":8.0},{"damage":0,"enemies":"3 Darklings","floor":35,"turns":5},{"damage":2,"enemies":"3 Shapes","floor":37,"turns":4},{"damage":0,"enemies":"Transient","floor":39,"turns":6},{"damage":0,"enemies":"Nemesis","floor":40,"turns":4},{"damage":0,"enemies":"Jaw Worm Horde","floor":41,"turns":3},{"damage":0,"enemies":"Giant Head","floor":44,"turns":5},{"damage":0,"enemies":"Maw","floor":47,"turns":5},{"damage":8,"enemies":"4 Shapes","floor":48,"turns":3},{"damage":30,"enemies":"Time Eater","floor":50,"turns":8},{"damage":20,"enemies":"Shield and Spear","floor":54,"turns":5},{"damage":108,"enemies":"The Heart","floor":55,"turns":10}],"seed_played":"8397870890525637773","potions_obtained":[{"floor":5.0,"key":"Energy Potion"},{"floor":7.0,"key":"SkillPotion"},{"floor":20.0,"key":"Swift Potion"},{"floor":23.0,"key":"DistilledChaos"},{"floor":25.0,"key":"Block Potion"},{"floor":27.0,"key":"CultistPotion"},{"floor":30.0,"key":"ColorlessPotion"},{"floor":33.0,"key":"PowerPotion"},{"floor":48,"key":"DistilledChaos"}],"is_trial":false,"path_per_floor":["M","M","?","M","M","R","M","R","T","$","M","T","R","E","R","B",null,"M","?","M","M","?","E","R","E","T","?","M","M","E","M","R","B",null,"M","T","M","?","M","E","M","$","T","E","?","?","M","M","R","B",null,"R","$","E","B"],"character_chosen":"WATCHER","items_purchased":["MentalFortress","InkBottle","Blood Vial","Sling","Oddly Smooth Stone","AttackPotion"],"campfire_rested":0,"item_purchase_floors":[10,42,42,53,53,53],"current_hp_per_floor":[65,65,47,47,37,37,33,33,33,33,33,33,33,33,33,18,59,59,59,59,59,46,46,46,46,46,46,46,46,46,46,46,23,64,64,64,62,62,62,62,62,62,62,64,64,54,56,50,50,43,66,66,66,48,0,0],"gold":71,"neow_bonus":"THREE_ENEMY_KILL","is_daily":false,"chose_seed":false,"campfire_upgraded":7,"win_rate":0.0,"timestamp":1612687490,"path_taken":["M","M","?","M","M","R","M","R","T","$","M","?","R","E","R","BOSS","M","?","M","M","?","E","R","E","T","?","M","M","E","M","R","BOSS","M","?","M","?","M","E","M","$","T","E","?","?","M","M","R","BOSS","R","$","E","BOSS"],"items_purchased_type":["Card","Relic","Relic","Relic","Relic","Potion"],"build_version":"2020-12-22","purchased_purges":3,"victory":false,"max_hp_per_floor":[72,72,72,72,72,72,72,72,72,72,72,72,72,72,72,72,72,72,72,72,72,77,77,77,77,77,77,77,77,77,77,77,77,77,77,77,77,77,77,77,77,77,77,77,73,73,73,73,73,73,73,73,73,73,73,73],"card_choices":[{"not_picked":["EmptyBody","FlurryOfBlows"],"picked":"EmptyFist","floor":1.0},{"not_picked":["Evaluate","WindmillStrike","Weave"],"picked":"SKIP","floor":2.0},{"not_picked":["Halt","FlurryOfBlows"],"picked":"LessonLearned","floor":4.0},{"not_picked":["SashWhip","ReachHeaven"],"picked":"FearNoEvil","floor":5.0},{"not_picked":["DeceiveReality","EmptyFist","WindmillStrike"],"picked":"SKIP","floor":7.0},{"not_picked":["WaveOfTheHand","JustLucky","ThirdEye"],"picked":"SKIP","floor":11.0},{"not_picked":["WheelKick","CrushJoints"],"picked":"Vault","floor":14.0},{"not_picked":["Blasphemy","Omniscience"],"picked":"Scrawl","floor":16.0},{"not_picked":["ThirdEye","CutThroughFate"],"picked":"CrushJoints","floor":18.0},{"not_picked":["Prostrate","ThirdEye"],"picked":"Adaptation","floor":19.0},{"not_picked":["Halt+1","ThirdEye","Indignation"],"picked":"SKIP","floor":20.0},{"not_picked":["FlyingSleeves+1","Judgement","Evaluate"],"picked":"SKIP","floor":21.0},{"not_picked":["FlurryOfBlows","Wireheading","MasterReality"],"picked":"SKIP","floor":23.0},{"not_picked":["FlurryOfBlows","Wireheading","MasterReality"],"picked":"SKIP","floor":23.0},{"not_picked":["CrushJoints","Evaluate+1","FollowUp"],"picked":"SKIP","floor":25.0},{"not_picked":["ForeignInfluence","Consecrate","Worship"],"picked":"SKIP","floor":28.0},{"not_picked":["WreathOfFlame","ThirdEye"],"picked":"Meditate","floor":29.0},{"not_picked":["CrushJoints","EmptyBody","WindmillStrike"],"picked":"SKIP","floor":30.0},{"not_picked":["SpiritShield","Evaluate","SignatureMove"],"picked":"SKIP","floor":31.0},{"not_picked":["SashWhip","FlyingSleeves","MentalFortress+1"],"picked":"SKIP","floor":35},{"not_picked":["SashWhip","Evaluate+1","FlyingSleeves"],"picked":"SKIP","floor":37},{"not_picked":["EmptyFist+1","FlyingSleeves","EmptyBody+1"],"picked":"SKIP","floor":39},{"not_picked":["Judgement","BowlingBash","FlyingSleeves"],"picked":"SKIP","floor":40},{"not_picked":["Crescendo","FlurryOfBlows","BowlingBash"],"picked":"SKIP","floor":41},{"not_picked":["Crescendo","EmptyFist","FlyingSleeves+1"],"picked":"SKIP","floor":44},{"not_picked":["Dark Shackles","Deep Breath"],"picked":"Violence","floor":46},{"not_picked":["The Bomb","Dramatic Entrance"],"picked":"Panache","floor":46},{"not_picked":["Panacea","Impatience"],"picked":"Purity","floor":46},{"not_picked":["Consecrate+1","WreathOfFlame+1","Wireheading"],"picked":"SKIP","floor":47},{"not_picked":["FlurryOfBlows","ThirdEye"],"picked":"TalkToTheHand","floor":48},{"not_picked":["FollowUp","WindmillStrike","EmptyFist"],"picked":"SKIP","floor":54}],"player_experience":633899,"relics_obtained":[{"floor":9.0,"key":"Regal Pillow"},{"floor":12.0,"key":"Bottled Tornado"},{"floor":14.0,"key":"Happy Flower"},{"floor":19.0,"key":"Red Mask"},{"floor":23.0,"key":"Bronze Scales"},{"floor":25.0,"key":"Dream Catcher"},{"floor":26.0,"key":"Pantograph"},{"floor":30.0,"key":"Incense Burner"},{"floor":36,"key":"Pen Nib"},{"floor":40,"key":"Kunai"},{"floor":40,"key":"Unceasing Top"},{"floor":44,"key":"MawBank"},{"floor":44,"key":"Dead Branch"},{"floor":54,"key":"Nunchaku"},{"floor":54,"key":"Whetstone"}],"event_choices":[{"damage_healed":0.0,"max_hp_gain":0.0,"max_hp_loss":0.0,"gold_gain":0.0,"event_name":"Scrap Ooze","player_choice":"Success","floor":3.0,"gold_loss":0.0,"damage_taken":18.0,"relics_obtained":["Centennial Puzzle"]},{"damage_healed":0.0,"max_hp_gain":0.0,"max_hp_loss":0.0,"gold_gain":0.0,"event_name":"Masked Bandits","player_choice":"Fought Bandits","floor":19.0,"gold_loss":0.0,"damage_taken":0.0},{"damage_healed":0.0,"max_hp_gain":5.0,"max_hp_loss":0.0,"gold_gain":0.0,"event_name":"Forgotten Altar","player_choice":"Shed Blood","floor":22.0,"gold_loss":0.0,"damage_taken":18.0},{"damage_healed":0.0,"max_hp_gain":0.0,"max_hp_loss":0.0,"gold_gain":0.0,"event_name":"Lab","player_choice":"Got Potions","floor":27.0,"gold_loss":0.0,"damage_taken":0.0},{"damage_healed":0,"gold_gain":222,"player_choice":"Wore Mask","damage_taken":0,"max_hp_gain":0,"max_hp_loss":0,"event_name":"Tomb of Lord Red Mask","floor":38,"gold_loss":0},{"damage_healed":0,"gold_gain":0,"player_choice":"Max HP","damage_taken":0,"max_hp_gain":0,"max_hp_loss":4,"event_name":"Winding Halls","floor":45,"gold_loss":0},{"damage_healed":0,"gold_gain":0,"player_choice":"Memory 3","damage_taken":10,"max_hp_gain":0,"max_hp_loss":0,"event_name":"SensoryStone","floor":46,"gold_loss":0}],"is_beta":false,"boss_relics":[{"not_picked":["Runic Dome","Sozu"],"picked":"Coffee Dripper"},{"not_picked":["Cursed Key","Runic Pyramid"],"picked":"Black Star"}],"items_purged_floors":[10,42,53],"is_endless":false,"potions_floor_spawned":[5,7,14,20,23,25,30,33,35,41,48,54],"killed_by":"The Heart","ascension_level":13}}