{"host":"liwj66r6jjqhm4vi","time":1612742047,"event":{"mods":["BaseMod","Colored Map","Downfall","Minty Spire (QoL Compilation)","Replay The Spire","StSLib"],"gold_per_floor":[99,109,127,277,294,194,194,194,194,194,194,213,232,260,270,375,375,275,288,388,399,129,129,129,159,159,185,201,201,216,236,253,349,349,349,367,367,242,254,266,266,266,282,182,195,228,228,128,146,146,146,177,0,0,0,0,0,0],"floor_reached":56,"language":"ENG","playtime":3676,"items_purged":["downfall:Icky","bronze:Strike+1","Parasite"],"score":771,"play_id":"c9731911-f644-498d-b00e-ef84ef0c49ca","local_time":"20210207185407","is_ascension_mode":false,"campfire_choices":[{"floor":1,"key":"RECALL"},{"data":"bronze:Replicate","floor":6,"key":"SMITH"},{"data":"bronze:Boost","floor":8,"key":"SMITH"},{"data":"bronze:WildBeam","floor":11,"key":"SMITH"},{"data":"bronze:Iterate","floor":23,"key":"SMITH"},{"data":"Writhe","floor":29,"key":"PURGE"},{"data":"bronze:HardenedForm","floor":35,"key":"PURGE"},{"data":"bronze:Verify","floor":44,"key":"SMITH"},{"data":"bronze:SpaghettiCode","floor":47,"key":"SMITH"},{"data":"bronze:Virus","floor":54,"key":"SMITH"}],"circlet_count":0,"master_deck":["bronze:Strike+1","bronze:Strike+1","bronze:Defend","bronze:Defend","bronze:Replicate+1","bronze:Goto+1","bronze:WildBeam+1","bronze:Boost+1","bronze:Shield+1","bronze:Overload","bronze:Branch","bronze:FollowUp","bronze:CloningBeam","bronze:Branch","bronze:ChosenStrike","bronze:Shield","bronze:BugBarrage","bronze:Virus+1","bronze:Iterate+1","bronze:RecursiveStrike","bronze:SpaghettiCode+1","bronze:Optimize","bronze:Frontload+1","bronze:Verify+1","AbeCurse","bronze:Iterate","bronze:ChildClass+1","bronze:BronzeOrb"],"relics":["bronze:BronzeCore","downfall:HeartBlessingRed","Replay:Bottled Eggs","downfall:ShatteredFragment","Shuriken","Ring of Chaos","downfall:HeartBlessingGreen","MutagenicStrength","HandDrill","The Courier","ReplayFunnel","Peace Pipe","BranchBurnRelic","Abe\u0027s Treasure","Bag of Preparation","Ginger","Replay:Mystery Machine","downfall:HeartBlessingBlue","ReplayTheSpireMod:TigerMarble","Kunai","War Paint"],"acts_visited":["Exordium","TheCity","TheBeyond","TheEnding"],"potions_floor_usage":[45,56,56,56],"damage_taken":[{"damage":0,"enemies":"Cultist","floor":2,"turns":4},{"damage":3,"enemies":"Jaw Worm","floor":3,"turns":3},{"damage":2,"enemies":"Small Slimes","floor":5,"turns":4},{"damage":0,"enemies":"Red Slaver","floor":12,"turns":4},{"damage":5,"enemies":"Exordium Thugs","floor":13,"turns":3},{"damage":4,"enemies":"Gremlin Nob","floor":14,"turns":3},{"damage":0,"enemies":"Large Slime","floor":15,"turns":3},{"damage":0,"enemies":"SI_SHIV_ARCHETYPE","floor":16,"turns":5},{"damage":10,"enemies":"Chosen","floor":19,"turns":3},{"damage":3,"enemies":"downfall:Augmenter","floor":20,"turns":4},{"damage":11,"enemies":"Centurion and Healer","floor":21,"turns":3},{"damage":0,"enemies":"downfall:FleeingMerchant","floor":22,"turns":4},{"damage":15,"enemies":"Replay:Snechameleon","floor":25,"turns":4},{"damage":12,"enemies":"Book of Stabbing","floor":27,"turns":3},{"damage":0,"enemies":"3 Cultists","floor":28,"turns":4},{"damage":1,"enemies":"Cultist and Chosen","floor":30,"turns":3},{"damage":0,"enemies":"Snake Plant","floor":31,"turns":2},{"damage":2,"enemies":"Centurion and Healer","floor":32,"turns":4},{"damage":27,"enemies":"IC_MUSHROOM_ARCHETYPE","floor":33,"turns":5},{"damage":0,"enemies":"Orb Walker","floor":36,"turns":1},{"damage":6,"enemies":"downfall:FleeingMerchant","floor":38,"turns":3},{"damage":0,"enemies":"3 Shapes","floor":39,"turns":2},{"damage":0,"enemies":"Writhing Mass","floor":40,"turns":2},{"damage":0,"enemies":"Transient","floor":43,"turns":5},{"damage":0,"enemies":"Sphere and 2 Shapes","floor":45,"turns":3},{"damage":3,"enemies":"R_Hoarder","floor":46,"turns":3},{"damage":0,"enemies":"Spire Growth","floor":49,"turns":2},{"damage":50,"enemies":"DF_ARCHETYPE_ORBS","floor":50,"turns":5},{"damage":20,"enemies":"downfall:CharBossMerchant","floor":52,"turns":4},{"damage":30,"enemies":"downfall:NeowBoss","floor":55,"turns":10},{"damage":54,"enemies":"downfall:NeowBossFinal","floor":56,"turns":6}],"seed_played":"1106459352036867351","potions_obtained":[{"floor":3,"key":"champ:CounterPotion"},{"floor":5,"key":"BlessingOfTheForge"},{"floor":10,"key":"downfall:CursedFountainPotion"},{"floor":13,"key":"Flashbang"},{"floor":31,"key":"LifebloodPotion"},{"floor":45,"key":"champ:CounterPotion"}],"is_trial":false,"path_per_floor":["R","M","M","?","M","R","T","R","?","?","R","M","M","E","M","B",null,"R_BF","M","?","M","$","R","T","E","?","E","M","R","M","M","M","B",null,"R","M","?","$","M","M","T","?","M","R","M","E","R","$","M","B",null,"E","$","R","B","B"],"character_chosen":"THE_AUTOMATON","items_purchased":["HandDrill","bronze:Iterate","Bag of Preparation","Ginger","War Paint","bronze:BronzeOrb"],"campfire_rested":0,"item_purchase_floors":[22,22,38,38,53,53],"current_hp_per_floor":[77,77,74,74,72,72,72,72,51,51,51,51,46,42,42,42,77,77,67,64,53,53,53,53,38,38,26,26,26,34,34,32,5,77,77,77,77,71,71,71,71,71,71,81,87,84,84,84,84,34,84,64,64,64,49,0,0,0],"gold":0,"neow_bonus":"TEN_PERCENT_HP_BONUS","is_daily":false,"chose_seed":false,"campfire_upgraded":7,"win_rate":0.0,"timestamp":1612742047,"path_taken":["R","M","M","?","M","R","T","R","?","?","R","?","M","E","M","BOSS","R_BF","M","?","M","$","R","T","E","?","E","M","R","M","?","M","BOSS","R","M","?","$","M","M","T","?","M","R","?","E","R","$","M","BOSS","E","$","R","BOSS","BOSS"],"items_purchased_type":["Relic","Card","Relic","Relic","Relic","Card"],"build_version":"2020-12-22","purchased_purges":3,"victory":false,"max_hp_per_floor":[77,77,77,77,77,77,77,77,77,77,77,77,77,77,77,77,77,77,77,77,77,77,77,77,77,77,77,77,77,77,77,77,77,77,77,77,77,77,77,77,77,77,77,87,87,87,87,84,84,84,84,84,84,84,84,84,84,84],"card_choices":[{"not_picked":["bronze:ChildClass","bronze:Turbo"],"picked":"bronze:WildBeam","floor":2},{"not_picked":["bronze:Frontload","bronze:OilSpill"],"picked":"bronze:Boost","floor":3},{"not_picked":["bronze:Deprecate","bronze:Iterate"],"picked":"bronze:Shield","floor":5},{"not_picked":["bronze:Boost","bronze:Deprecate"],"picked":"bronze:Overload","floor":12},{"not_picked":["bronze:GetLatest","bronze:OilSpill"],"picked":"bronze:Branch","floor":13},{"not_picked":["bronze:FindAndReplace","bronze:Branch"],"picked":"bronze:FollowUp","floor":14},{"not_picked":["bronze:DelayedGuard","bronze:Frontload","bronze:BitShift"],"picked":"SKIP","floor":15},{"not_picked":["bronze:ThunderWave","bronze:CleanCode"],"picked":"bronze:HardenedForm","floor":16},{"not_picked":["bronze:ForceShield","bronze:Backtrace+1"],"picked":"bronze:Branch","floor":19},{"not_picked":["bronze:ForLoop","bronze:Shell+1"],"picked":"bronze:BugBarrage","floor":20},{"not_picked":["bronze:BugBarrage","bronze:FollowUp","bronze:Allocate"],"picked":"SKIP","floor":21},{"not_picked":["bronze:Boost","bronze:Branch"],"picked":"bronze:Virus","floor":22},{"not_picked":["bronze:Backtrace","bronze:CloningBeam+1"],"picked":"bronze:RecursiveStrike","floor":25},{"not_picked":["bronze:GetLatest","bronze:ForLoop"],"picked":"bronze:SpaghettiCode","floor":27},{"not_picked":["bronze:Invalidate","bronze:MaxOutput"],"picked":"bronze:Optimize","floor":28},{"not_picked":["bronze:DelayedGuard","bronze:Overheat","bronze:DelayedSlice"],"picked":"SKIP","floor":30},{"not_picked":["bronze:Allocate","bronze:NullPointer","bronze:Invalidate"],"picked":"SKIP","floor":31},{"not_picked":["bronze:CutThrough","bronze:Return"],"picked":"bronze:Frontload+1","floor":32},{"not_picked":["bronze:RecursiveStrike","bronze:AlphaBuild"],"picked":"bronze:Verify","floor":33},{"not_picked":["bronze:Invalidate","bronze:ItsAFeature","bronze:Overheat"],"picked":"SKIP","floor":36},{"not_picked":["bronze:Overheat","bronze:ChildClass","bronze:WhirlingStrike+1"],"picked":"SKIP","floor":38},{"not_picked":["bronze:Flail+1","bronze:FineTuning+1","bronze:Branch"],"picked":"SKIP","floor":39},{"not_picked":["bronze:BitShift+1","bronze:Deprecate","bronze:ForceShield"],"picked":"SKIP","floor":40},{"not_picked":["bronze:DelayedSlice","bronze:ForceShield","bronze:BronzeArmor+1"],"picked":"SKIP","floor":43},{"not_picked":["bronze:BurnOut","bronze:Overheat+1"],"picked":"bronze:Iterate","floor":45},{"not_picked":["bronze:DelayedGuard","bronze:BuggyMess","bronze:Shield+1"],"picked":"SKIP","floor":46},{"not_picked":["bronze:FineTuning+1","bronze:WildBeam","bronze:BuggyMess"],"picked":"SKIP","floor":49},{"not_picked":["bronze:Shell+1","bronze:Overheat+1"],"picked":"bronze:ChildClass+1","floor":52}],"player_experience":188106,"relics_obtained":[{"floor":7,"key":"Replay:Bottled Eggs"},{"floor":14,"key":"Shuriken"},{"floor":20,"key":"MutagenicStrength"},{"floor":24,"key":"The Courier"},{"floor":25,"key":"ReplayFunnel"},{"floor":27,"key":"Dead Branch"},{"floor":42,"key":"Replay:Mystery Machine"},{"floor":46,"key":"ReplayTheSpireMod:TigerMarble"},{"floor":52,"key":"Kunai"}],"event_choices":[{"damage_healed":0,"gold_gain":0,"player_choice":"Relic","damage_taken":0,"max_hp_gain":0,"max_hp_loss":0,"event_name":"Wheel of Change","floor":42,"gold_loss":0}],"is_beta":false,"boss_relics":[{"not_picked":["Honey Jar","Empty Cage"],"picked":"Ring of Chaos"},{"not_picked":["bronze:MakeshiftBattery","Replay:Ancient Bell"],"picked":"Abe\u0027s Treasure"}],"items_purged_floors":[22,38,48],"is_endless":false,"potions_floor_spawned":[3,5,13,15,19,21,28,31,33,39,40,43,45,49],"killed_by":"downfall:NeowBossFinal","ascension_level":0}}