{"host":"kkheweh6jrpo3b02","time":1612666052,"event":{"mods":["AchievementEnabler","BaseMod","Colored Map","Googly Eyes","Jorbs\u0027s Wanderer Trilogy","Minty Spire (QoL Compilation)","Quick Restart","Replay The Spire","StSLib","SuperFastMode","The Construct","The Runesmith"],"gold_per_floor":[111,111,65,65,82,115,115,115,115,147,147,147,147,165,165,178,178,279,279,294,312,327,109,109,135,147,3,3,3,13,13,13,13,13],"floor_reached":33,"language":"ENG","playtime":3129,"items_purged":["Runesmith:Strike_RS"],"score":346,"play_id":"1271189d-e59d-4da3-8584-2b3a5ce5b1fa","local_time":"20210206214732","is_ascension_mode":false,"campfire_choices":[{"data":"Runesmith:GrandSlam","floor":7,"key":"SMITH"},{"data":"Runesmith:CraftMagma","floor":12,"key":"SMITH"},{"data":"Runesmith:CraftProtectio","floor":15,"key":"SMITH"},{"data":"Runesmith:GoWithTheFlow","floor":17,"key":"SMITH"},{"data":"Runesmith:MetallurgicalResearch","floor":26,"key":"SMITH"},{"data":"Runesmith:BackupBattery+1","floor":29,"key":"SMITH"}],"circlet_count":0,"master_deck":["Runesmith:Strike_RS","Runesmith:Strike_RS","Runesmith:Defend_RS","Runesmith:Defend_RS","Runesmith:Defend_RS","Runesmith:Defend_RS","Runesmith:CraftFirestone+1","Runesmith:Fortify","Runesmith:CraftMagma+1","Runesmith:BackupBattery+2","Runesmith:CraftProtectio+1","Runesmith:GrandSlam+1","Runesmith:GoWithTheFlow+1","Runesmith:GrandSlam+1","Runesmith:CraftReservo+1","Runesmith:GoWithTheFlow+1","Runesmith:MetallurgicalResearch+1","Ghostly","Ghostly","Ghostly","Ghostly","Ghostly","Doubt","Runesmith:Attraction"],"relics":["Runesmith:BrokenRuby","White Beast Statue","Strawberry","Meat on the Bone","Cursed Key","MawBank","Guide Book","Bottled Lightning","MutagenicStrength"],"acts_visited":["Exordium","TheCity"],"potions_floor_usage":[25],"damage_taken":[{"damage":0,"enemies":"2 Louse","floor":1,"turns":2},{"damage":0,"enemies":"Small Slimes","floor":5,"turns":3},{"damage":53,"enemies":"Gremlin Nob","floor":6,"turns":5},{"damage":9,"enemies":"3 Sentries","floor":10,"turns":8},{"damage":2,"enemies":"Cultist","floor":14,"turns":3},{"damage":9,"enemies":"2 Fungi Beasts","floor":16,"turns":3},{"damage":0,"enemies":"Slime Boss","floor":18,"turns":5},{"damage":0,"enemies":"Chosen","floor":20,"turns":5},{"damage":5,"enemies":"3 Byrds","floor":21,"turns":5},{"damage":8,"enemies":"Sentry and Sphere","floor":22,"turns":4},{"damage":2,"enemies":"Gremlin Leader","floor":25,"turns":7},{"damage":15,"enemies":"Centurion and Healer","floor":30,"turns":8},{"damage":32,"enemies":"Slavers","floor":33,"turns":1}],"seed_played":"-9159666800790129097","potions_obtained":[{"floor":1,"key":"BlessingOfTheForge"},{"floor":10,"key":"Strength Potion"},{"floor":14,"key":"Ancient Potion"},{"floor":20,"key":"Energy Potion"},{"floor":25,"key":"SteroidPotion"}],"is_trial":false,"path_per_floor":["M","?","$","?","M","E","R","PTL","PTL","E","T","R","?","M","R","M","R","B",null,"M","M","M","$","?","E","R","$","T","R","M","?","$","E"],"character_chosen":"RUNESMITH_CLASS","items_purchased":["Runesmith:BackupBattery","Runesmith:MetallurgicalResearch","Guide Book"],"campfire_rested":0,"item_purchase_floors":[3,23,27],"current_hp_per_floor":[70,70,70,70,70,17,17,17,17,15,15,15,87,85,85,76,76,76,87,87,82,74,74,43,41,41,41,41,41,26,26,26,0,0],"gold":13,"neow_bonus":"UPGRADE_CARD","is_daily":false,"chose_seed":false,"campfire_upgraded":6,"win_rate":0.0,"timestamp":1612666052,"path_taken":["M","?","$","?","?","E","R","PTL","PTL","E","T","R","?","M","R","M","R","BOSS","M","M","?","$","?","E","R","?","T","R","?","?","$","E"],"items_purchased_type":["Card","Card","Relic"],"build_version":"2020-12-22","purchased_purges":1,"victory":false,"max_hp_per_floor":[70,70,70,70,70,70,70,70,70,77,77,77,87,87,87,87,87,87,87,87,87,87,87,43,43,43,43,43,43,43,43,43,43,43],"card_choices":[{"not_picked":["Runesmith:Attraction","Runesmith:UnstableHammer"],"picked":"Runesmith:CraftMagma","floor":1},{"not_picked":["Runesmith:HeatedChisel","Runesmith:StaticCage"],"picked":"Runesmith:CraftProtectio","floor":5},{"not_picked":["Runesmith:Grindstone","Runesmith:Prism"],"picked":"Runesmith:GrandSlam","floor":6},{"not_picked":["Runesmith:UnstableHammer","Runesmith:HeatedChisel"],"picked":"Runesmith:GoWithTheFlow","floor":10},{"not_picked":["Runesmith:EnergizedChisel","Runesmith:StaticCage","Runesmith:EarthShield"],"picked":"SKIP","floor":14},{"not_picked":["Runesmith:Overpower","Runesmith:HeatExchange","Runesmith:ShiftingStrike"],"picked":"SKIP","floor":16},{"not_picked":["Runesmith:GenerateForcefield","Runesmith:UnlimitedPower"],"picked":"Runesmith:GrandSlam","floor":18},{"not_picked":["Runesmith:CraftVitae","Runesmith:FrozenChisel"],"picked":"Runesmith:CraftReservo+1","floor":20},{"not_picked":["Runesmith:HeatExchange","Runesmith:HammerTime"],"picked":"Runesmith:GoWithTheFlow","floor":21},{"not_picked":["Runesmith:ChaoticBlast","Runesmith:ChiselStab+1","Runesmith:StaticCage"],"picked":"SKIP","floor":22},{"not_picked":["Runesmith:CraftProtectio","Runesmith:NegativeSpace","Runesmith:ShiftingStrike"],"picked":"SKIP","floor":25},{"not_picked":["Runesmith:RuneHurl","Runesmith:StaticCage+1"],"picked":"Runesmith:Attraction","floor":30}],"player_experience":500178,"relics_obtained":[{"floor":6,"key":"White Beast Statue"},{"floor":10,"key":"Strawberry"},{"floor":11,"key":"Meat on the Bone"},{"floor":25,"key":"MawBank"},{"floor":28,"key":"Bottled Lightning"}],"event_choices":[{"damage_healed":0,"gold_gain":0,"cards_transformed":["Runesmith:Strike_RS"],"player_choice":"Change","damage_taken":0,"max_hp_gain":0,"max_hp_loss":0,"event_name":"Living Wall","floor":2,"gold_loss":0,"cards_obtained":["Runesmith:LastStand"]},{"damage_healed":0,"gold_gain":0,"player_choice":"Forge","damage_taken":0,"max_hp_gain":0,"max_hp_loss":0,"event_name":"Accursed Blacksmith","floor":4,"gold_loss":0,"cards_upgraded":["Runesmith:BackupBattery"]},{"cards_removed":["Runesmith:LastStand"],"damage_healed":62,"gold_gain":0,"player_choice":"Offered Rare","damage_taken":0,"max_hp_gain":10,"max_hp_loss":0,"event_name":"Bonfire Elementals","floor":13,"gold_loss":0},{"damage_healed":0,"gold_gain":0,"player_choice":"Became a Ghost","damage_taken":0,"max_hp_gain":0,"max_hp_loss":44,"event_name":"Ghosts","floor":24,"gold_loss":0,"cards_obtained":["Ghostly","Ghostly","Ghostly","Ghostly","Ghostly"]},{"damage_healed":0,"gold_gain":0,"player_choice":"Inject Mutagens","damage_taken":0,"relics_obtained":["MutagenicStrength"],"max_hp_gain":0,"max_hp_loss":0,"event_name":"Drug Dealer","floor":31,"gold_loss":0}],"is_beta":false,"boss_relics":[{"not_picked":["Snecko Eye","Runic Pyramid"],"picked":"Cursed Key"}],"items_purged_floors":[23],"is_endless":false,"potions_floor_spawned":[1,10,14,16,18,20,21,22,25,30],"killed_by":"Slavers","ascension_level":0}}