{"host":"dztixnx9b0gu6w9i","time":1612712168,"event":{"mods":["BaseMod","Bestiary","Minty Spire (QoL Compilation)","Relic Stats","Slay the Relics Exporter","SpireBot","ojb\u0027s Better Paths Mod","ojb\u0027s Info Mod"],"gold_per_floor":[115,115,25,39,52,52,81,81,81,109,144,144,173,190,190,266,266,277,86,86,96,21,46,46,75,75,18,34,62,62,76,76,155,155,165,137,153,169,180,180,180,212,212,43,74,87,116,16,16,16,16,16,16,16,16,16],"floor_reached":55,"language":"ENG","playtime":5162,"items_purged":["Strike_B","Writhe"],"score":2212,"play_id":"04a44cf3-29c6-4445-bdec-809b041e7d7b","local_time":"20210207103608","is_ascension_mode":true,"campfire_choices":[{"data":"Zap","floor":6.0,"key":"SMITH"},{"floor":8.0,"key":"REST"},{"data":"Biased Cognition","floor":15.0,"key":"SMITH"},{"data":"Barrage","floor":24.0,"key":"SMITH"},{"data":"Panacea","floor":30.0,"key":"SMITH"},{"data":"Lockon","floor":32.0,"key":"SMITH"},{"data":"Capacitor","floor":40.0,"key":"SMITH"},{"floor":49.0,"key":"RECALL"},{"data":"Coolheaded","floor":53.0,"key":"SMITH"}],"circlet_count":0,"master_deck":["AscendersBane","Defend_B","Defend_B","Defend_B","Zap+1","Dualcast","Biased Cognition+1","Tempest","Panacea+1","Barrage+1","Lockon+1","Ball Lightning","BootSequence","Ball Lightning","Cold Snap","Echo Form","Stack+1","Coolheaded+1","Self Repair","Capacitor+1","FTL","BootSequence+1","Barrage+1","Electrodynamics","Steam Power","Coolheaded","Aggregate+1","Undo","Steam Power","Skim","Biased Cognition+1","Hologram+1","Defragment+1","Go for the Eyes+1"],"relics":["Cracked Core","Bottled Lightning","Strawberry","Odd Mushroom","Dead Branch","Torii","Inserter","Orichalcum","Pantograph","DataDisk","Question Card","Cursed Key","Boot","DollysMirror","Molten Egg 2","Centennial Puzzle"],"acts_visited":["Exordium","TheCity","TheBeyond","TheEnding"],"potions_floor_usage":[],"damage_taken":[{"damage":7.0,"enemies":"Small Slimes","floor":1.0,"turns":3.0},{"damage":4.0,"enemies":"2 Louse","floor":4.0,"turns":2.0},{"damage":7.0,"enemies":"Jaw Worm","floor":5.0,"turns":2.0},{"damage":15.0,"enemies":"3 Sentries","floor":7.0,"turns":4.0},{"damage":14.0,"enemies":"The Mushroom Lair","floor":10.0,"turns":4.0},{"damage":15.0,"enemies":"Lagavulin","floor":11.0,"turns":4.0},{"damage":10.0,"enemies":"3 Sentries","floor":13.0,"turns":4.0},{"damage":1.0,"enemies":"Exordium Thugs","floor":14.0,"turns":3.0},{"damage":0.0,"enemies":"Hexaghost","floor":16.0,"turns":6.0},{"damage":2.0,"enemies":"Chosen","floor":18.0,"turns":4.0},{"damage":1.0,"enemies":"Spheric Guardian","floor":21.0,"turns":5.0},{"damage":2.0,"enemies":"Slavers","floor":23.0,"turns":6.0},{"damage":38.0,"enemies":"Gremlin Leader","floor":25.0,"turns":5.0},{"damage":2.0,"enemies":"Shelled Parasite and Fungi","floor":28.0,"turns":3.0},{"damage":15.0,"enemies":"Slavers","floor":29.0,"turns":8.0},{"damage":1.0,"enemies":"Centurion and Healer","floor":31.0,"turns":6.0},{"damage":67.0,"enemies":"Automaton","floor":33.0,"turns":7.0},{"damage":0.0,"enemies":"3 Shapes","floor":35.0,"turns":7.0},{"damage":1.0,"enemies":"Orb Walker","floor":37.0,"turns":4.0},{"damage":6.0,"enemies":"Jaw Worm Horde","floor":38.0,"turns":2.0},{"damage":0.0,"enemies":"Maw","floor":39.0,"turns":6.0},{"damage":24.0,"enemies":"Reptomancer","floor":42.0,"turns":8.0},{"damage":14.0,"enemies":"Nemesis","floor":45.0,"turns":5.0},{"damage":19.0,"enemies":"3 Darklings","floor":46.0,"turns":9.0},{"damage":12.0,"enemies":"Reptomancer","floor":47.0,"turns":6.0},{"damage":0.0,"enemies":"Time Eater","floor":50.0,"turns":12.0},{"damage":2.0,"enemies":"Donu and Deca","floor":51.0,"turns":8.0},{"damage":71,"enemies":"Shield and Spear","floor":55,"turns":5}],"seed_played":"8096087203657447892","potions_obtained":[{"floor":7.0,"key":"FocusPotion"},{"floor":11.0,"key":"Fire Potion"},{"floor":13.0,"key":"Block Potion"},{"floor":23.0,"key":"Explosive Potion"},{"floor":28.0,"key":"AttackPotion"},{"floor":31.0,"key":"Ancient Potion"},{"floor":33.0,"key":"LiquidBronze"},{"floor":37.0,"key":"Fire Potion"},{"floor":38.0,"key":"GamblersBrew"},{"floor":42.0,"key":"LiquidBronze"},{"floor":45.0,"key":"Explosive Potion"}],"is_trial":false,"path_per_floor":["M","?","$","M","M","R","E","R","T","?","E","?","E","M","R","B",null,"M","$","?","M","?","E","R","E","T","$","M","E","R","M","R","B",null,"M","$","M","M","M","R","?","E","T","$","E","M","E","$","R","B","B",null,"R","$","E"],"character_chosen":"DEFECT","items_purchased":["Panacea","Coolheaded","Self Repair","Block Potion","Coolheaded","DollysMirror"],"campfire_rested":1,"item_purchase_floors":[3,19,19,27,36,44],"current_hp_per_floor":[57,50,50,46,39,39,24,43,50,36,21,21,11,10,10,10,56,54,54,54,60,60,58,58,27,27,27,32,31,31,44,44,9,56,70,70,71,65,71,71,71,54,54,54,47,42,37,37,37,71,71,71,71,71,0,0],"gold":16,"neow_bonus":"THREE_RARE_CARDS","is_daily":false,"chose_seed":false,"campfire_upgraded":7,"win_rate":0.0,"timestamp":1612712168,"path_taken":["M","?","$","M","M","R","E","R","T","?","E","?","E","?","R","BOSS","M","$","?","?","?","E","R","E","T","$","M","E","R","M","R","BOSS","M","$","M","M","M","R","?","E","T","?","E","M","E","$","R","BOSS","BOSS","R","$","E"],"items_purchased_type":["Card","Card","Card","Potion","Card","Relic"],"build_version":"2020-12-22","purchased_purges":2,"victory":false,"max_hp_per_floor":[64,64,64,64,64,64,64,64,71,71,71,71,71,71,71,71,71,71,71,71,71,71,71,71,71,71,71,71,71,71,71,71,71,71,71,71,71,71,71,71,71,71,71,71,71,71,71,71,71,71,71,71,71,71,71,71],"relic_stats":{"Centennial Puzzle":[6],"Inserter":[56],"Torii":35,"counters":[28,148],"Dead Branch":[104],"Pantograph":50,"Orichalcum":[300],"Question Card":10,"Cursed Key":1,"Boot":[49],"obtain_stats":[{"Inserter":17,"Torii":13,"Dead Branch":11,"Odd Mushroom":10,"Orichalcum":23,"Question Card":29,"Cursed Key":34,"Boot":42,"DataDisk":26,"Centennial Puzzle":47,"DollysMirror":44,"Strawberry":9,"Pantograph":25,"Molten Egg 2":45,"Bottled Lightning":7,"Cracked Core":0},{"Inserter":9,"Torii":7,"Dead Branch":6,"Odd Mushroom":5,"Orichalcum":12,"Question Card":15,"Cursed Key":17,"Boot":22,"DataDisk":13,"Centennial Puzzle":25,"DollysMirror":22,"Strawberry":4,"Pantograph":13,"Molten Egg 2":23,"Bottled Lightning":4,"Cracked Core":0},{"Inserter":32,"Torii":23,"Dead Branch":19,"Odd Mushroom":15,"Orichalcum":47,"Question Card":63,"Cursed Key":76,"Boot":103,"DataDisk":52,"Centennial Puzzle":123,"DollysMirror":103,"Strawberry":11,"Pantograph":52,"Molten Egg 2":108,"Bottled Lightning":11,"Cracked Core":0}]},"card_choices":[{"not_picked":["Reboot","Multi-Cast"],"picked":"Biased Cognition","floor":0.0},{"not_picked":["Hologram","Leap"],"picked":"Tempest","floor":1.0},{"not_picked":["Darkness","Loop"],"picked":"Barrage","floor":4.0},{"not_picked":["Conserve Battery","Hologram"],"picked":"FTL","floor":5.0},{"not_picked":["Fusion","Steam"],"picked":"Lockon","floor":7.0},{"not_picked":["Redo","Hologram"],"picked":"Ball Lightning","floor":10.0},{"not_picked":["Ball Lightning","Hologram"],"picked":"BootSequence","floor":11.0},{"not_picked":["Barrage","Sweeping Beam"],"picked":"Ball Lightning","floor":13.0},{"not_picked":["Amplify","Ball Lightning"],"picked":"Cold Snap","floor":14.0},{"not_picked":["Seek","Multi-Cast"],"picked":"Echo Form","floor":16.0},{"not_picked":["Barrage+1","Sweeping Beam"],"picked":"Stack+1","floor":18.0},{"not_picked":["Gash","Rebound"],"picked":"Capacitor","floor":21.0},{"not_picked":["Stack","Sweeping Beam","Steam"],"picked":"SKIP","floor":23.0},{"not_picked":["Machine Learning","Gash"],"picked":"FTL","floor":25.0},{"not_picked":["Steam","Turbo"],"picked":"BootSequence+1","floor":28.0},{"not_picked":["Sweeping Beam","BootSequence+1"],"picked":"Barrage+1","floor":29.0},{"not_picked":["Barrage+1","Steam","BootSequence","Stack"],"picked":"SKIP","floor":31.0},{"not_picked":["Fission","Machine Learning","Multi-Cast"],"picked":"Electrodynamics","floor":33.0},{"not_picked":["Sweeping Beam","Gash+1","Storm+1"],"picked":"Steam Power","floor":35.0},{"not_picked":["Sweeping Beam","Blizzard","Redo"],"picked":"Aggregate+1","floor":37.0},{"not_picked":["Steam","Chaos","Static Discharge"],"picked":"Undo","floor":38.0},{"not_picked":["Barrage","Conserve Battery","Stack"],"picked":"Steam Power","floor":39.0},{"not_picked":["Ball Lightning","Streamline","Melter+1"],"picked":"Skim","floor":42.0},{"not_picked":["Doom and Gloom+1","Fission","Thunder Strike+1"],"picked":"Hologram+1","floor":45.0},{"not_picked":["Aggregate+1","Gash+1","Beam Cell+1"],"picked":"Defragment+1","floor":46.0},{"not_picked":["Steam Power+1","Chill+1","Undo"],"picked":"Go for the Eyes+1","floor":47.0}],"player_experience":8503422,"relics_obtained":[{"floor":7.0,"key":"Bottled Lightning"},{"floor":9.0,"key":"Strawberry"},{"floor":10.0,"key":"Odd Mushroom"},{"floor":11.0,"key":"Dead Branch"},{"floor":13.0,"key":"Torii"},{"floor":23.0,"key":"Orichalcum"},{"floor":25.0,"key":"Pantograph"},{"floor":26.0,"key":"DataDisk"},{"floor":29.0,"key":"Question Card"},{"floor":42.0,"key":"Boot"},{"floor":45.0,"key":"Molten Egg 2"},{"floor":47.0,"key":"Centennial Puzzle"}],"event_choices":[{"cards_removed":["Strike_B"],"damage_healed":0.0,"max_hp_gain":0.0,"max_hp_loss":0.0,"gold_gain":0.0,"event_name":"Golden Wing","player_choice":"Card Removal","floor":2.0,"gold_loss":0.0,"damage_taken":7.0},{"damage_healed":0.0,"max_hp_gain":0.0,"max_hp_loss":0.0,"gold_gain":0.0,"event_name":"Mushrooms","player_choice":"Fought Mushrooms","floor":10.0,"gold_loss":0.0,"damage_taken":0.0},{"cards_removed":["Strike_B"],"damage_healed":0.0,"max_hp_gain":0.0,"max_hp_loss":0.0,"gold_gain":0.0,"event_name":"Purifier","player_choice":"Purged","floor":12.0,"gold_loss":0.0,"damage_taken":0.0},{"cards_removed":["Strike_B"],"damage_healed":0.0,"max_hp_gain":0.0,"max_hp_loss":0.0,"gold_gain":0.0,"event_name":"Purifier","player_choice":"Purged","floor":20.0,"gold_loss":0.0,"damage_taken":0.0},{"cards_removed":["Defend_B"],"damage_healed":0.0,"max_hp_gain":0.0,"max_hp_loss":0.0,"gold_gain":0.0,"event_name":"Designer","player_choice":"Single Remove","floor":22.0,"gold_loss":75.0,"damage_taken":0.0},{"cards_removed":["FTL"],"damage_healed":0.0,"max_hp_gain":0.0,"max_hp_loss":0.0,"gold_gain":0.0,"event_name":"Falling","player_choice":"Removed Attack","floor":41.0,"gold_loss":0.0,"damage_taken":0.0}],"is_beta":false,"boss_relics":[{"not_picked":["Fusion Hammer","Black Star"],"picked":"Inserter"},{"not_picked":["Runic Pyramid","SacredBark"],"picked":"Cursed Key"}],"items_purged_floors":[19,48],"is_endless":false,"potions_floor_spawned":[7,11,13,14,23,28,31,33,37,38,42,45],"killed_by":"Shield and Spear","ascension_level":20}}