{"host":"z2o61o1qvcmvhuul","time":1612663693,"event":{"mods":["Alarm Clock","BaseMod","Minty Spire (QoL Compilation)","MostiFishMod","Quick Restart","StSLib","Starting Relic: Pandora\u0027s Box","SuperFastMode"],"gold_per_floor":[112,-1288,-1288,-1268,-1244,18,18,43,43,67,67,106,125,168,168,294,294,319,229,245,266,266,266,307,347,370,205,205,105,129,145,145,271,271,271],"floor_reached":34,"language":"ZHS","playtime":719,"items_purged":["Bane","Outmaneuver"],"score":459,"play_id":"1204f3f8-b826-4bb4-b6ac-203179958c60","local_time":"20210207100813","is_ascension_mode":false,"campfire_choices":[{"data":"MostiFishMod:WinterMarkForm","floor":11,"key":"SMITH"},{"data":"Acrobatics","floor":15,"key":"SMITH"},{"data":"Blade Dance","floor":23,"key":"SMITH"},{"data":"MostiFishMod:Dislodge","floor":28,"key":"SMITH"},{"data":"MostiFishMod:ShivMaster","floor":32,"key":"SMITH"}],"circlet_count":0,"master_deck":["Survivor","Neutralize","Prepared","Dagger Throw","Flechettes","Slice","Choke","Underhanded Strike","Tactician","MostiFishMod:PerfectParry+1","Backflip","Acrobatics+1","Blade Dance+1","Dramatic Entrance","MostiFishMod:WinterMarkForm+1","MostiFishMod:LethalBlade","Acrobatics","MostiFishMod:Dislodge+1","Acrobatics+1","PanicButton","MostiFishMod:ShivMaster+1","MostiFishMod:SpreadingSpore","MostiFishMod:EE1D","MostiFishMod:EE1D","MostiFishMod:EE1D"],"relics":["Pandora\u0027s Box","DaveBox","GuanYuAspect","SynthV:TestCard","SynthV:MejaisSoulstealer","Golden Idol","Question Card","Du-Vu Doll","StrikeDummy","HoveringKite","Nilry\u0027s Codex","Orichalcum","Red Mask","Anchor","EE1DDrone"],"acts_visited":["Exordium","TheCity","TheBeyond"],"potions_floor_usage":[],"damage_taken":[{"damage":0.0,"enemies":"Small Slimes","floor":1.0,"turns":2.0},{"damage":0,"enemies":"Cultist","floor":4,"turns":3},{"damage":0,"enemies":"2 Louse","floor":5,"turns":1},{"damage":0,"enemies":"Looter","floor":6,"turns":2},{"damage":0,"enemies":"Exordium Wildlife","floor":8,"turns":2},{"damage":0,"enemies":"Red Slaver","floor":10,"turns":1},{"damage":1,"enemies":"Gremlin Nob","floor":12,"turns":3},{"damage":0,"enemies":"Blue Slaver","floor":13,"turns":2},{"damage":0,"enemies":"Lagavulin","floor":14,"turns":2},{"damage":0,"enemies":"Slime Boss","floor":16,"turns":3},{"damage":0,"enemies":"Spheric Guardian","floor":18,"turns":2},{"damage":7,"enemies":"Shell Parasite","floor":20,"turns":3},{"damage":10,"enemies":"Sentry and Sphere","floor":21,"turns":3},{"damage":4,"enemies":"Gremlin Leader","floor":24,"turns":2},{"damage":0,"enemies":"Masked Bandits","floor":25,"turns":2},{"damage":0,"enemies":"Shelled Parasite and Fungi","floor":30,"turns":2},{"damage":4,"enemies":"Snecko","floor":31,"turns":3},{"damage":2,"enemies":"Champ","floor":33,"turns":4}],"seed_played":"-3987295998522459365","potions_obtained":[{"floor":4,"key":"Weak Potion"},{"floor":5,"key":"Block Potion"},{"floor":6,"key":"Block Potion"}],"is_trial":false,"path_per_floor":["M","$","?","M","M","M","?","M","T","M","R","E","M","E","R","B",null,"M","?","M","M","?","R","E","?","T","$","R","$","M","M","R","B",null],"character_chosen":"THE_SILENT","items_purchased":["SynthV:MejaisSoulstealer","PanicButton"],"campfire_rested":0,"item_purchase_floors":[2,27],"current_hp_per_floor":[38,38,29,35,38,38,38,38,38,38,38,38,38,38,38,38,38,38,38,36,29,13,13,25,37,37,37,37,37,38,37,37,38,38,38],"gold":271,"neow_bonus":"TEN_PERCENT_HP_BONUS","is_daily":false,"chose_seed":false,"campfire_upgraded":5,"win_rate":0.0,"timestamp":1612663693,"path_taken":["M","$","?","M","M","M","?","M","T","M","R","E","?","E","R","BOSS","M","?","?","M","?","R","E","?","T","$","R","$","M","M","R","BOSS"],"items_purchased_type":["Relic","Card"],"build_version":"2020-12-22","purchased_purges":2,"victory":false,"max_hp_per_floor":[38,38,38,38,38,38,38,38,38,38,38,38,38,38,38,38,38,38,38,38,38,38,38,38,38,38,38,38,38,38,38,38,38,38,38],"card_choices":[{"not_picked":["Dagger Spray","Choke"],"picked":"MostiFishMod:PerfectParry","floor":1.0},{"not_picked":["Dagger Throw","Bane","Quick Slash","Caltrops"],"picked":"Backflip","floor":4},{"not_picked":["Bane","Quick Slash","Noxious Fumes","Dodge and Roll"],"picked":"Acrobatics","floor":5},{"not_picked":["MostiFishMod:PerfectParry","Predator","Setup","Cloak And Dagger"],"picked":"Blade Dance","floor":6},{"not_picked":["Backstab","Cloak And Dagger","Slice","Underhanded Strike","Setup"],"picked":"SKIP","floor":8},{"not_picked":["Bouncing Flask","Flechettes","Infinite Blades","Quick Slash","Slice"],"picked":"MostiFishMod:WinterMarkForm","floor":10},{"not_picked":["Flying Knee","Expertise","Crippling Poison","Quick Slash","Leg Sweep"],"picked":"MostiFishMod:LethalBlade","floor":12},{"not_picked":["Bane","Well Laid Plans","MostiFishMod:PerfectParry","Deadly Poison","Dodge and Roll","Poisoned Stab"],"picked":"SKIP","floor":13},{"not_picked":["Deadly Poison","Outmaneuver","Quick Slash","Blade Dance","All Out Attack"],"picked":"Acrobatics","floor":14},{"not_picked":["MostiFishMod:LethalBlade","MostiFishMod:HiddenBlade","Wraith Form v2","Storm of Steel","Unload"],"picked":"MostiFishMod:Dislodge","floor":16},{"not_picked":["Underhanded Strike+1","Endless Agony","Dagger Throw","Footwork","Prepared","Dodge and Roll"],"picked":"SKIP","floor":18},{"not_picked":["MostiFishMod:PerfectParry","Dagger Spray","Predator+1","Quick Slash","Dagger Throw","PiercingWail"],"picked":"SKIP","floor":20},{"not_picked":["PiercingWail","Skewer","Slice","Dagger Throw","Glass Knife","Blade Dance"],"picked":"SKIP","floor":21},{"not_picked":["Backflip","Eviscerate+1","Deflect","Glass Knife","Dodge and Roll+1"],"picked":"Acrobatics+1","floor":24},{"not_picked":["Dagger Spray","PiercingWail+1","Poisoned Stab","Infinite Blades","Heel Hook"],"picked":"MostiFishMod:ShivMaster","floor":30},{"not_picked":["Skewer","Underhanded Strike","Noxious Fumes","Bouncing Flask","Catalyst+1","Dash+1"],"picked":"SKIP","floor":31},{"not_picked":["MostiFishMod:WinterMarkForm","After Image","Corpse Explosion","Venomology","MostiFishMod:Dislodge"],"picked":"MostiFishMod:SpreadingSpore","floor":33}],"player_experience":63875,"relics_obtained":[{"floor":1.0,"key":"SynthV:TestCard"},{"floor":9,"key":"Question Card"},{"floor":12,"key":"Du-Vu Doll"},{"floor":14,"key":"StrikeDummy"},{"floor":22,"key":"Nilry\u0027s Codex"},{"floor":24,"key":"Orichalcum"},{"floor":25,"key":"Red Mask"},{"floor":26,"key":"Anchor"}],"event_choices":[{"damage_healed":0,"gold_gain":0,"player_choice":"Take Damage","damage_taken":9,"relics_obtained":["Golden Idol"],"max_hp_gain":0,"max_hp_loss":0,"event_name":"Golden Idol","floor":3,"gold_loss":0},{"damage_healed":0,"gold_gain":0,"player_choice":"1 cards matched","damage_taken":0,"max_hp_gain":0,"max_hp_loss":0,"event_name":"Match and Keep!","floor":7,"gold_loss":0,"cards_obtained":["Dramatic Entrance"]},{"cards_removed":["Concentrate"],"damage_healed":0,"gold_gain":0,"player_choice":"Upgrade and Remove","damage_taken":0,"max_hp_gain":0,"max_hp_loss":0,"event_name":"Designer","floor":19,"gold_loss":90,"cards_upgraded":["MostiFishMod:PerfectParry"]},{"damage_healed":0,"gold_gain":0,"player_choice":"Obtained Book","damage_taken":16,"max_hp_gain":0,"max_hp_loss":0,"event_name":"Cursed Tome","floor":22,"gold_loss":0},{"damage_healed":0,"gold_gain":0,"player_choice":"Fought Bandits","damage_taken":0,"max_hp_gain":0,"max_hp_loss":0,"event_name":"Masked Bandits","floor":25,"gold_loss":0}],"is_beta":false,"boss_relics":[{"not_picked":["JellyFishMachine","xbg"],"picked":"HoveringKite"},{"not_picked":["ExusiaiGun","Tiny House"],"picked":"EE1DDrone"}],"items_purged_floors":[27,29],"is_endless":false,"potions_floor_spawned":[4,5,6,12,14,24,30,31,33],"ascension_level":0}}