{"host":"2ty4h143nj8vwezc","time":1612717464,"event":{"mods":["BaseMod","Colored Map","Googly Eyes","Highlight Path","Minty Spire (QoL Compilation)","Quick Restart","StSLib"],"gold_per_floor":[112,112,112,37,54,84,84,101,101,130,130,110,110,139,139,139,139],"floor_reached":16,"language":"ENG","playtime":529,"items_purged":[],"score":332,"play_id":"1a1f2d6b-0907-4f34-98b1-dd976796913b","local_time":"20210207120424","is_ascension_mode":true,"campfire_choices":[{"floor":7.0,"key":"RECALL"},{"floor":11.0,"key":"REST"},{"data":"Flying Knee","floor":13.0,"key":"SMITH"},{"data":"Venomology","floor":15.0,"key":"SMITH"}],"circlet_count":0,"master_deck":["AscendersBane","Strike_G","Strike_G","Strike_G","Strike_G","Defend_G","Defend_G","Defend_G","Defend_G","Defend_G","Survivor","Neutralize","Noxious Fumes+1","Flying Knee+1","Well Laid Plans","Terror","Venomology+1"],"relics":["Ring of the Snake","NeowsBlessing","Paper Crane","Anchor","Ornamental Fan","HornCleat"],"acts_visited":["Exordium"],"potions_floor_usage":[16],"damage_taken":[{"damage":0.0,"enemies":"2 Louse","floor":1.0,"turns":1.0},{"damage":0.0,"enemies":"Jaw Worm","floor":5.0,"turns":1.0},{"damage":0.0,"enemies":"Gremlin Nob","floor":6.0,"turns":1.0},{"damage":1.0,"enemies":"Small Slimes","floor":8.0,"turns":4.0},{"damage":24.0,"enemies":"3 Sentries","floor":10.0,"turns":8.0},{"damage":0.0,"enemies":"Gremlin Nob","floor":14.0,"turns":3.0},{"damage":48,"enemies":"Slime Boss","floor":16,"turns":7}],"seed_played":"-1637853505302177644","potions_obtained":[{"floor":1.0,"key":"SteroidPotion"},{"floor":5.0,"key":"ColorlessPotion"},{"floor":12.0,"key":"DuplicationPotion"}],"is_trial":false,"path_per_floor":["M","?","?","?","M","E","R","M","T","E","R","?","R","E","R","B"],"character_chosen":"THE_SILENT","items_purchased":[],"campfire_rested":1,"item_purchase_floors":[],"current_hp_per_floor":[59,54,54,54,54,54,54,53,53,29,48,48,48,48,48,0,0],"gold":139,"neow_bonus":"THREE_ENEMY_KILL","is_daily":false,"chose_seed":false,"campfire_upgraded":2,"win_rate":0.0,"timestamp":1612717464,"path_taken":["M","?","?","?","M","E","R","M","T","E","R","?","R","E","R","BOSS"],"items_purchased_type":[],"build_version":"2020-12-22","purchased_purges":0,"victory":false,"max_hp_per_floor":[66,66,66,66,66,66,66,66,66,66,66,66,66,66,66,66,66],"card_choices":[{"not_picked":["Blur","Backstab"],"picked":"Noxious Fumes","floor":1.0},{"not_picked":["Blade Dance","Deflect","Flying Knee"],"picked":"SKIP","floor":5.0},{"not_picked":["Leg Sweep","Prepared"],"picked":"Flying Knee","floor":6.0},{"not_picked":["Endless Agony","Outmaneuver"],"picked":"Well Laid Plans","floor":8.0},{"not_picked":["Deflect","Deadly Poison"],"picked":"Terror","floor":10.0},{"not_picked":["Terror","Deadly Poison"],"picked":"Venomology","floor":14.0}],"player_experience":363270,"relics_obtained":[{"floor":6.0,"key":"Anchor"},{"floor":10.0,"key":"Ornamental Fan"},{"floor":14.0,"key":"HornCleat"}],"event_choices":[{"damage_healed":0.0,"max_hp_gain":0.0,"max_hp_loss":0.0,"gold_gain":0.0,"event_name":"Scrap Ooze","player_choice":"Success","floor":2.0,"gold_loss":0.0,"damage_taken":5.0,"relics_obtained":["Paper Crane"]},{"damage_healed":0.0,"max_hp_gain":0.0,"max_hp_loss":0.0,"gold_gain":0.0,"event_name":"Living Wall","player_choice":"Grow","floor":3.0,"gold_loss":0.0,"damage_taken":0.0,"cards_upgraded":["Noxious Fumes"]},{"cards_removed":["Strike_G"],"damage_healed":0.0,"max_hp_gain":0.0,"max_hp_loss":0.0,"gold_gain":0.0,"event_name":"The Cleric","player_choice":"Card Removal","floor":4.0,"gold_loss":75.0,"damage_taken":0.0},{"damage_healed":0.0,"max_hp_gain":0.0,"max_hp_loss":0.0,"gold_gain":0.0,"event_name":"The Woman in Blue","player_choice":"Bought 1 Potion","floor":12.0,"gold_loss":0.0,"damage_taken":0.0}],"is_beta":false,"boss_relics":[],"items_purged_floors":[],"is_endless":false,"potions_floor_spawned":[1,5],"killed_by":"Slime Boss","ascension_level":20}}