{"host":"344lv32hnei0mdhu","time":1612690019,"event":{"mods":["Act Like it!","BaseMod","Better Match","Better Sensory Stone","Better Skull","Better Third Choice","Better Vampires","Colored Powertips","Highlight Path","Minty Spire (QoL Compilation)","Quick Restart","Random Character Button","Rare Cards Sparkle","StSLib"],"gold_per_floor":[112,112,135,19,38,69,45,74,74,74,74,102,102,55,55,155,155,173,98,114,213,213,213,231,563,563,573,173,185,28,46,46,148,148,160,35,35,55,72,105,105,130,130,150,163,175,175,193,193,193,193,193,56,84,84,84],"floor_reached":55,"language":"ENG","playtime":2000,"items_purged":["Strike_P","Defend_P","Defend_P"],"score":1197,"play_id":"4c18211d-461c-4beb-8015-ba4047774d6b","local_time":"20210207032658","is_ascension_mode":true,"campfire_choices":[{"floor":10.0,"key":"REST"},{"floor":13.0,"key":"REST"},{"floor":15.0,"key":"REST"},{"floor":23.0,"key":"RECALL"},{"floor":32.0,"key":"REST"},{"floor":47.0,"key":"REST"},{"floor":49.0,"key":"REST"},{"floor":52.0,"key":"REST"}],"circlet_count":0,"master_deck":["AscendersBane","Strike_P","Strike_P","Strike_P","Defend_P","Eruption","Vigilance","BattleHymn","Consecrate","DeceiveReality+1","Evaluate+1","Evaluate","FollowUp","Crescendo+1","ClearTheMind+1","Alpha+1","Conclude+1","Perseverance+1","Evaluate+1","Scrawl+1","InnerPeace+1","Wallop+1","Vault+1","SpiritShield+1","SignatureMove+1","ForeignInfluence+1","DeusExMachina+1","Swivel+1"],"relics":["PureWater","NeowsBlessing","Tiny Chest","Kunai","Toxic Egg 2","Thread and Needle","Sundial","Sozu","TeardropLocket","Old Coin","Pear","Incense Burner","Lee\u0027s Waffle","Busted Crown","Bottled Tornado","Nunchaku","War Paint","Mercury Hourglass"],"acts_visited":["Exordium","TheCity","TheBeyond","TheEnding"],"potions_floor_usage":[],"damage_taken":[{"damage":0.0,"enemies":"Cultist","floor":1.0,"turns":1.0},{"damage":0.0,"enemies":"Jaw Worm","floor":5.0,"turns":2.0},{"damage":0.0,"enemies":"Lagavulin","floor":6.0,"turns":1.0},{"damage":36.0,"enemies":"3 Sentries","floor":8.0,"turns":6.0},{"damage":14.0,"enemies":"Gremlin Nob","floor":12.0,"turns":4.0},{"damage":25.0,"enemies":"The Guardian","floor":16.0,"turns":10.0},{"damage":8.0,"enemies":"Shell Parasite","floor":18.0,"turns":5.0},{"damage":2.0,"enemies":"Chosen","floor":20.0,"turns":5.0},{"damage":0.0,"enemies":"Centurion and Healer","floor":24.0,"turns":6.0},{"damage":3.0,"enemies":"Gremlin Leader","floor":25.0,"turns":7.0},{"damage":17.0,"enemies":"Snake Plant","floor":27.0,"turns":4.0},{"damage":0.0,"enemies":"Sentry and Sphere","floor":29.0,"turns":1.0},{"damage":14.0,"enemies":"Cultist and Chosen","floor":31.0,"turns":5.0},{"damage":20.0,"enemies":"Automaton","floor":33.0,"turns":10.0},{"damage":12.0,"enemies":"3 Darklings","floor":35.0,"turns":7.0},{"damage":0.0,"enemies":"Orb Walker","floor":38.0,"turns":5.0},{"damage":0.0,"enemies":"Spire Growth","floor":39.0,"turns":7.0},{"damage":7.0,"enemies":"Reptomancer","floor":40.0,"turns":7.0},{"damage":32.0,"enemies":"Giant Head","floor":42.0,"turns":13.0},{"damage":1.0,"enemies":"Maw","floor":44.0,"turns":9.0},{"damage":7.0,"enemies":"4 Shapes","floor":45.0,"turns":4.0},{"damage":11.0,"enemies":"Spire Growth","floor":46.0,"turns":6.0},{"damage":0.0,"enemies":"Maw","floor":48.0,"turns":7.0},{"damage":44.0,"enemies":"Donu and Deca","floor":50.0,"turns":9.0},{"damage":23,"enemies":"Shield and Spear","floor":54,"turns":5},{"damage":94,"enemies":"The Heart","floor":55,"turns":9}],"seed_played":"3480114654384173237","potions_obtained":[{"floor":6.0,"key":"DuplicationPotion"},{"floor":8.0,"key":"AttackPotion"},{"floor":16.0,"key":"AttackPotion"}],"is_trial":false,"path_per_floor":["M","?","T","$","M","E","$","E","T","R","?","E","R","$","R","B",null,"M","$","M","?","T","R","M","E","T","M","$","M","$","M","R","B",null,"M","$","?","M","M","E","T","E","T","M","M","M","R","M","R","B",null,"R","$","E","B"],"character_chosen":"WATCHER","items_purchased":["Consecrate","DeceiveReality","Evaluate","ClearTheMind+1","Incense Burner","Lee\u0027s Waffle","DeusExMachina+1","Swivel+1"],"campfire_rested":7,"item_purchase_floors":[4,4,7,14,28,30,53,53],"current_hp_per_floor":[65,65,65,65,65,65,65,29,29,50,50,36,57,57,72,47,66,58,58,56,56,56,56,56,53,63,46,46,46,89,75,89,69,84,72,72,72,72,72,65,65,33,33,32,25,14,40,40,66,22,72,89,89,66,0,0],"gold":84,"neow_bonus":"THREE_ENEMY_KILL","is_daily":false,"chose_seed":false,"campfire_upgraded":0,"win_rate":0.0,"timestamp":1612690018,"path_taken":["M","?","?","$","M","E","$","E","T","R","?","E","R","$","R","BOSS","M","?","M","?","?","R","M","E","T","M","$","M","$","?","R","BOSS","M","$","?","M","?","E","?","E","T","M","?","M","R","M","R","BOSS","R","$","E","BOSS"],"items_purchased_type":["Card","Card","Card","Card","Relic","Relic","Card","Card"],"build_version":"2020-12-22","purchased_purges":3,"victory":false,"max_hp_per_floor":[72,72,72,72,72,72,72,72,72,72,72,72,72,72,72,72,72,72,72,72,72,72,72,72,72,82,82,82,82,89,89,89,89,89,89,89,89,89,89,89,89,89,89,89,89,89,89,89,89,89,89,89,89,89,89,89],"card_choices":[{"not_picked":["CrushJoints","SandsOfTime"],"picked":"BattleHymn","floor":1.0},{"not_picked":["CrushJoints","SandsOfTime"],"picked":"BattleHymn","floor":1.0},{"not_picked":["Study","EmptyMind","PathToVictory"],"picked":"SKIP","floor":5.0},{"not_picked":["Crescendo","CrushJoints"],"picked":"Evaluate","floor":6.0},{"not_picked":["MentalFortress","Protect+1"],"picked":"FollowUp","floor":8.0},{"not_picked":["Wireheading","FlurryOfBlows"],"picked":"Crescendo+1","floor":12.0},{"not_picked":["Ragnarok","ConjureBlade+1"],"picked":"Alpha+1","floor":16.0},{"not_picked":["LikeWater","Crescendo+1"],"picked":"Conclude+1","floor":18.0},{"not_picked":["EmptyFist","PathToVictory+1"],"picked":"Perseverance+1","floor":20.0},{"not_picked":["PathToVictory+1","CutThroughFate"],"picked":"Evaluate+1","floor":24.0},{"not_picked":["Conclude","Prostrate+1"],"picked":"Scrawl+1","floor":25.0},{"not_picked":["Tantrum","FollowUp+1","Vengeance+1"],"picked":"SKIP","floor":27.0},{"not_picked":["InnerPeace+1","FearNoEvil","JustLucky"],"picked":"SKIP","floor":29.0},{"not_picked":["FearNoEvil","JustLucky"],"picked":"InnerPeace+1","floor":29.0},{"not_picked":["Wireheading","CutThroughFate"],"picked":"Wallop+1","floor":31.0},{"not_picked":["Scrawl+1","Devotion"],"picked":"Vault+1","floor":33.0},{"not_picked":["SandsOfTime"],"picked":"SKIP","floor":35.0},{"not_picked":["CrushJoints+1"],"picked":"SKIP","floor":38.0},{"not_picked":["Protect+1"],"picked":"SKIP","floor":39.0},{"not_picked":["Nirvana"],"picked":"SKIP","floor":40.0},{"not_picked":["Adaptation"],"picked":"SKIP","floor":42.0},{"not_picked":[],"picked":"SignatureMove+1","floor":44.0},{"not_picked":[],"picked":"ForeignInfluence+1","floor":45.0},{"not_picked":["DeceiveReality+1"],"picked":"SKIP","floor":46.0},{"not_picked":["CutThroughFate+1"],"picked":"SKIP","floor":48.0},{"not_picked":["Weave"],"picked":"SKIP","floor":54}],"player_experience":413241,"relics_obtained":[{"floor":3.0,"key":"Tiny Chest"},{"floor":6.0,"key":"Kunai"},{"floor":8.0,"key":"Toxic Egg 2"},{"floor":9.0,"key":"Thread and Needle"},{"floor":12.0,"key":"Sundial"},{"floor":22.0,"key":"TeardropLocket"},{"floor":25.0,"key":"Old Coin"},{"floor":26.0,"key":"Pear"},{"floor":40.0,"key":"Bottled Tornado"},{"floor":42.0,"key":"Nunchaku"},{"floor":43.0,"key":"War Paint"},{"floor":54,"key":"Mercury Hourglass"}],"event_choices":[{"damage_healed":0.0,"max_hp_gain":0.0,"max_hp_loss":0.0,"gold_gain":0.0,"event_name":"The Cleric","player_choice":"Leave","floor":2.0,"gold_loss":0.0,"damage_taken":0.0},{"cards_removed":["Defend_P"],"damage_healed":0.0,"max_hp_gain":0.0,"max_hp_loss":0.0,"gold_gain":0.0,"event_name":"Purifier","player_choice":"Purged","floor":11.0,"gold_loss":0.0,"damage_taken":0.0},{"damage_healed":0.0,"max_hp_gain":0.0,"max_hp_loss":0.0,"gold_gain":99.0,"event_name":"betterThird:BetterNest","player_choice":"Steal","floor":21.0,"gold_loss":0.0,"damage_taken":0.0},{"damage_healed":0.0,"max_hp_gain":0.0,"max_hp_loss":0.0,"gold_gain":0.0,"cards_transformed":["BattleHymn"],"event_name":"Transmorgrifier","player_choice":"Transformed","floor":37.0,"gold_loss":0.0,"damage_taken":0.0,"cards_obtained":["SpiritShield"]}],"is_beta":false,"boss_relics":[{"not_picked":["Snecko Eye","Tiny House"],"picked":"Sozu"},{"not_picked":["Runic Pyramid","SacredBark"],"picked":"Busted Crown"}],"items_purged_floors":[19,28,36],"is_endless":false,"potions_floor_spawned":[6,8,16,24,27,29,31,33,35,42,46,48,54],"killed_by":"The Heart","ascension_level":11}}