{"host":"n3vqtvx9hbigdfc4","time":1612674260,"event":{"mods":["AchievementEnabler","BaseMod","Better Third Choice","Block Reminder","Colored Map","Colored Powertips","Downfall","Minty Spire (QoL Compilation)","Permanent Neow","Rare Cards Sparkle","Relic Stats","Replay The Spire","Shop Mod","StSLib"],"gold_per_floor":[111,126,126,145,168,168,214,214,214,259,298,22,47,67,67,158,158,181,181,220,249,249,249,16,16,16,44,79,89,89],"floor_reached":29,"language":"ENG","playtime":2005,"items_purged":["Strike_G","Defend_G"],"score":413,"play_id":"908e4b72-4751-4a23-905b-74bf38c2297c","local_time":"20210206230420","is_ascension_mode":true,"campfire_choices":[{"data":"Neutralize","floor":6.0,"key":"SMITH"},{"floor":8.0,"key":"REST"},{"floor":15.0,"key":"REST"},{"floor":23.0,"key":"REST"},{"data":"Sneak Up","floor":25.0,"key":"SMITH"}],"circlet_count":0,"master_deck":["AscendersBane","Strike_G","Strike_G","Strike_G","Strike_G","Defend_G","Defend_G","Defend_G","Defend_G","Survivor","Neutralize+1","Choke","ReplayTheSpireMod:Scrap Shanks","Scrawl","Backstab","Die Die Die","Slice","Flying Knee","Infinite Blades","Deflect","Backflip","Flying Knee","Forethought","Metamorphosis","PiercingWail","Leg Sweep","Tools of the Trade","Cloak And Dagger","Neutralize+1","Sneak Up+1","Hidden Blade","Prepared","Prepared","Dramatic Entrance","Predator","Accuracy"],"relics":["Ring of the Snake","Happy Flower","Replay:Bandana","Potion Belt","Mirror","Odd Mushroom","ReplayTheSpireMod:TigerMarble","BargainBundle","HoveringKite","Matryoshka"],"acts_visited":["Exordium","TheCity"],"potions_floor_usage":[],"damage_taken":[{"damage":0.0,"enemies":"Cultist","floor":1.0,"turns":4.0},{"damage":0.0,"enemies":"Small Slimes","floor":2.0,"turns":5.0},{"damage":0.0,"enemies":"Jaw Worm","floor":4.0,"turns":4.0},{"damage":9.0,"enemies":"3 Sentries","floor":7.0,"turns":7.0},{"damage":11.0,"enemies":"The Mushroom Lair","floor":10.0,"turns":3.0},{"damage":30.0,"enemies":"Lagavulin","floor":11.0,"turns":6.0},{"damage":0.0,"enemies":"Looter","floor":13.0,"turns":1.0},{"damage":0.0,"enemies":"3 Louse","floor":14.0,"turns":2.0},{"damage":1.0,"enemies":"Hexaghost","floor":16.0,"turns":8.0},{"damage":15.0,"enemies":"Shell Parasite","floor":18.0,"turns":6.0},{"damage":2.0,"enemies":"2 Thieves","floor":20.0,"turns":3.0},{"damage":31.0,"enemies":"Snake Plant","floor":21.0,"turns":9.0},{"damage":41,"enemies":"Snecko","floor":27,"turns":7},{"damage":0,"enemies":"Chosen and Byrds","floor":28,"turns":4},{"damage":2,"enemies":"Centurion and Healer","floor":29,"turns":1}],"seed_played":"-3598218138714255655","potions_obtained":[{"floor":1.0,"key":"Energy Potion"},{"floor":4.0,"key":"Explosive Potion"},{"floor":11.0,"key":"SteroidPotion"},{"floor":13.0,"key":"CunningPotion"},{"floor":18.0,"key":"Block Potion"}],"is_trial":false,"path_per_floor":["M","M","?","M","T","R","E","R","T","?","E","$","M","M","R","B",null,"M","?","M","M","?","R","$","R","T","M","M","M"],"character_chosen":"THE_SILENT","items_purchased":["BargainBundle","Infinite Blades","Deflect","Backflip","Flying Knee","Forethought","CultistPotion","Milkshake","Dexterity Potion","Metamorphosis","Prepared","Dramatic Entrance"],"campfire_rested":3,"item_purchase_floors":[12,12,12,12,12,12,12,12,12,12,24,24],"current_hp_per_floor":[70,70,44,44,44,44,35,58,58,47,17,17,17,17,40,39,68,53,53,51,20,20,43,43,43,43,2,2,0,0],"gold":89,"neow_bonus":"TEN_PERCENT_HP_BONUS","is_daily":false,"chose_seed":false,"campfire_upgraded":2,"win_rate":0.0,"timestamp":1612674260,"path_taken":["M","?","?","M","?","R","E","R","T","?","E","$","M","M","R","BOSS","M","?","?","M","?","R","$","R","T","M","?","M"],"items_purchased_type":["Relic","Card","Card","Card","Card","Card","Potion","Potion","Potion","Card","Card","Card"],"build_version":"2020-12-22","purchased_purges":2,"victory":false,"max_hp_per_floor":[77,77,77,77,77,77,77,77,77,77,77,77,77,77,77,77,77,77,77,77,77,77,77,77,77,77,77,77,77,77],"relic_stats":{"Happy Flower":[20],"counters":[15,70],"HoveringKite":[17],"obtain_stats":[{"Potion Belt":7,"Replay:Bandana":5,"BargainBundle":12,"Matryoshka":26,"Happy Flower":3,"HoveringKite":17,"ReplayTheSpireMod:TigerMarble":11,"Odd Mushroom":10,"Mirror":9,"Ring of the Snake":0},{"Potion Belt":4,"Replay:Bandana":3,"BargainBundle":6,"Matryoshka":12,"Happy Flower":2,"HoveringKite":9,"ReplayTheSpireMod:TigerMarble":6,"Odd Mushroom":5,"Mirror":4,"Ring of the Snake":0},{"Potion Belt":20,"Replay:Bandana":13,"BargainBundle":29,"Matryoshka":58,"Happy Flower":9,"HoveringKite":40,"ReplayTheSpireMod:TigerMarble":29,"Odd Mushroom":23,"Mirror":20,"Ring of the Snake":0}],"Ring of the Snake":[30]},"card_choices":[{"not_picked":["Riddle With Holes","Dodge and Roll"],"picked":"Choke","floor":1.0},{"not_picked":["Dagger Throw","Riddle With Holes"],"picked":"ReplayTheSpireMod:Scrap Shanks","floor":2.0},{"not_picked":["Dodge and Roll","Caltrops"],"picked":"Backstab","floor":4.0},{"not_picked":["Catalyst","Bullet Time"],"picked":"Die Die Die","floor":7.0},{"not_picked":["Tactician","Dagger Spray"],"picked":"Slice","floor":10.0},{"not_picked":["Dodge and Roll","Dagger Spray"],"picked":"Flying Knee","floor":11.0},{"not_picked":["ReplayTheSpireMod:The Works","Bullet Time"],"picked":"PiercingWail","floor":13.0},{"not_picked":["Dash","Dodge and Roll"],"picked":"Leg Sweep","floor":14.0},{"not_picked":["Doppelganger","Unload"],"picked":"Tools of the Trade","floor":16.0},{"not_picked":["Blade Dance","Footwork"],"picked":"Cloak And Dagger","floor":18.0},{"not_picked":["Skewer","Distraction"],"picked":"Sneak Up","floor":20.0},{"not_picked":["Catalyst","Terror"],"picked":"Hidden Blade","floor":21.0},{"not_picked":["Finisher","Replay:Poison Smokescreen"],"picked":"Predator","floor":27},{"not_picked":["Sucker Punch","Dodge and Roll"],"picked":"Accuracy","floor":28}],"player_experience":511258,"relics_obtained":[{"floor":5.0,"key":"Replay:Bandana"},{"floor":7.0,"key":"Potion Belt"},{"floor":9.0,"key":"Mirror"},{"floor":10.0,"key":"Odd Mushroom"},{"floor":11.0,"key":"ReplayTheSpireMod:TigerMarble"},{"floor":26.0,"key":"Matryoshka"}],"event_choices":[{"damage_healed":0.0,"max_hp_gain":0.0,"max_hp_loss":0.0,"gold_gain":0.0,"event_name":"Mushrooms","player_choice":"Fought Mushrooms","floor":10.0,"gold_loss":0.0,"damage_taken":0.0},{"damage_healed":0.0,"max_hp_gain":0.0,"max_hp_loss":0.0,"gold_gain":0.0,"event_name":"Duplicator","player_choice":"Copied","floor":19.0,"gold_loss":0.0,"damage_taken":0.0,"cards_obtained":["Neutralize"]},{"damage_healed":0.0,"max_hp_gain":0.0,"max_hp_loss":0.0,"gold_gain":0.0,"event_name":"N\u0027loth","player_choice":"Ignored","floor":22.0,"gold_loss":0.0,"damage_taken":0.0}],"is_beta":false,"boss_relics":[{"not_picked":["Black Star","SacredBark"],"picked":"HoveringKite"}],"items_purged_floors":[12,24],"is_endless":false,"potions_floor_spawned":[1,4,11,13,18],"killed_by":"Centurion and Healer","ascension_level":13}}