{"host":"fnndj664xgd3vavt","time":1612663485,"event":{"mods":["AchievementEnabler","BaseMod","Better Note","Colored Powertips","DeckTracker","Downfall","Highlight Path","Infinite Spire","Minty Spire (QoL Compilation)","Quick Restart","Random Character Button","Replay The Spire","StSLib"],"gold_per_floor":[99,99,110,124,42,53,106,106,106,120,155,63,63,81,92,197,197,97,116,130,130,130,146,217,131,141,152,184,184,184,184,202,300,350,350,400,416,433,433,433,460,480,380,380,380,380],"floor_reached":44,"language":"ENG","playtime":2689,"items_purged":[],"score":480,"play_id":"c20b8309-ab9c-4812-ab99-a40c8a263473","local_time":"20210206210445","is_ascension_mode":false,"campfire_choices":[{"data":"Guardian:TwinSlam","floor":1.0,"key":"SMITH"},{"data":"Guardian:DonusPower","floor":9,"key":"SMITH"},{"data":"Guardian:CrystalBeam","floor":13,"key":"SMITH"},{"floor":18,"key":"DIG"},{"data":"Guardian:PrismaticBeam","floor":30,"key":"SMITH"},{"data":"Guardian:SpikerProtocol","floor":35,"key":"SMITH"},{"floor":43,"key":"REST"}],"circlet_count":0,"master_deck":["Guardian:Strike_Guardian+1","Guardian:Strike_Guardian","Guardian:Strike_Guardian","Guardian:Defend_Guardian","Guardian:Defend_Guardian","Guardian:Defend_Guardian","Guardian:Defend_Guardian","Guardian:CurlUp","Guardian:TwinSlam+1","Guardian:Preprogram","Guardian:FloatingOrbs","Guardian:DonusPower+1","Guardian:SentryBeam","Guardian:DecasProtection","Guardian:CrystalBeam+1","Guardian:Incinerate","Guardian:ShieldCharger","Writhe","Guardian:CurlUp","ReplayTheSpireMod:Uncanny Aura","infinitespire:Gouge","Guardian:PiercingHide","Guardian:ChargeCore+1","Guardian:Planning","Guardian:PrismaticBeam+1","Guardian:CrystalBeam","Guardian:FastForward","Guardian:PrismaticBarrier+1","Guardian:SpikerProtocol+1","Guardian:Gem_Red","Guardian:BronzeArmor","Guardian:Gem_Green","Guardian:Gem_Cyan"],"relics":["Guardian:ModeShifter","Replay:Baseball","Peace Pipe","ReplayTheSpireMod:SealedPack","downfall:HeartBlessingGreen","Counterbalance","Pantograph","Orichalcum","Prayer Wheel","Nloth\u0027s Gift","Tiny House","Ornamental Fan","Meat on the Bone","downfall:HeartBlessingBlue"],"acts_visited":["Exordium","TheCity","TheBeyond"],"potions_floor_usage":[42,42],"damage_taken":[{"damage":0.0,"enemies":"2 Louse","floor":3.0,"turns":2.0},{"damage":6.0,"enemies":"Jaw Worm","floor":4.0,"turns":5.0},{"damage":0.0,"enemies":"downfall:FleeingMerchant","floor":5.0,"turns":4.0},{"damage":1.0,"enemies":"Cultist","floor":6.0,"turns":3.0},{"damage":12,"enemies":"Exordium Thugs","floor":10,"turns":4},{"damage":8,"enemies":"Lagavulin","floor":11,"turns":5},{"damage":5,"enemies":"downfall:FleeingMerchant","floor":12,"turns":4},{"damage":12,"enemies":"3 Louse","floor":14,"turns":3},{"damage":11,"enemies":"Gremlin Gang","floor":15,"turns":5},{"damage":7,"enemies":"WA_ARCHETYPE_RETAIN","floor":16,"turns":5},{"damage":10,"enemies":"Chosen","floor":19,"turns":3},{"damage":19,"enemies":"Centurion and Healer","floor":20,"turns":7},{"damage":7,"enemies":"3 Cultists","floor":23,"turns":6},{"damage":3,"enemies":"downfall:FleeingMerchant","floor":25,"turns":4},{"damage":4,"enemies":"Cultist and Chosen","floor":26,"turns":6},{"damage":19,"enemies":"Snake Plant","floor":27,"turns":5},{"damage":2,"enemies":"Replay:Snechameleon","floor":28,"turns":5},{"damage":12,"enemies":"3 Cultists","floor":32,"turns":5},{"damage":29,"enemies":"IC_MUSHROOM_ARCHETYPE","floor":33,"turns":10},{"damage":28,"enemies":"3 Darklings","floor":37,"turns":6},{"damage":4,"enemies":"Orb Walker","floor":38,"turns":4},{"damage":41,"enemies":"Transient","floor":42,"turns":5},{"damage":60,"enemies":"Nightmare","floor":44,"turns":8}],"seed_played":"1390804965089125112","potions_obtained":[{"floor":3.0,"key":"Fire Potion"},{"floor":11,"key":"Strength Potion"},{"floor":15,"key":"Reflective Coating"}],"is_trial":false,"path_per_floor":["R","?","M","M","$","M","T","?","R","M","E","$","R","M","M","B",null,"R","M","M","?","?","M","T","$","M","M","E","AVR","R","?","M","B",null,"R","?","M","M","?","T","T","M","R","NM"],"character_chosen":"GUARDIAN","items_purchased":["Guardian:FloatingOrbs","Guardian:Gem_Green","Guardian:CrystalBeam","Guardian:PrismaticBeam"],"campfire_rested":1,"item_purchase_floors":[5,12,12,25],"current_hp_per_floor":[88,88,88,82,82,81,81,81,81,69,61,56,56,44,33,26,88,88,78,59,98,98,91,91,88,84,65,63,63,63,63,51,47,103,103,78,50,46,46,46,46,17,60,0,0,0],"gold":380,"neow_bonus":"TEN_PERCENT_HP_BONUS","is_daily":false,"chose_seed":false,"campfire_upgraded":5,"win_rate":0.0,"timestamp":1612663485,"path_taken":["R","?","M","M","$","M","T","?","R","M","E","$","R","M","M","BOSS","R","M","?","?","?","M","T","$","M","M","E","AVR","R","?","M","BOSS","R","?","?","M","?","?","T","M","R","NM"],"items_purchased_type":["Card","Card","Card","Card"],"build_version":"2020-12-22","purchased_purges":0,"victory":false,"max_hp_per_floor":[88,88,88,88,88,88,88,88,88,88,88,88,88,88,88,88,88,88,88,88,98,98,98,98,98,98,98,98,98,98,98,98,98,103,103,103,103,103,103,103,103,103,113,113,113,113],"card_choices":[{"not_picked":["Guardian:TemporalStrike","Guardian:Reroute"],"picked":"Guardian:Preprogram","floor":3.0},{"not_picked":["Guardian:PiercingHide","Guardian:Incinerate"],"picked":"Guardian:Gem_Red","floor":4.0},{"not_picked":["Guardian:Planning","Guardian:Gem_Cyan"],"picked":"Guardian:Gem_Synthetic","floor":5.0},{"not_picked":["Guardian:BodySlam","Guardian:CrystalBeam"],"picked":"Guardian:Gem_White","floor":6},{"not_picked":["Guardian:TemporalStrike","Guardian:Gem_White"],"picked":"Guardian:Gem_Fragmented","floor":10},{"not_picked":["Guardian:TemporalStrike","Guardian:RollAttack"],"picked":"Guardian:SentryBeam","floor":11},{"not_picked":["Guardian:Suspension","Guardian:ShieldSpikes"],"picked":"Guardian:DecasProtection","floor":12},{"not_picked":["Guardian:PrimingBeam","Guardian:WalkerClaw"],"picked":"Guardian:Incinerate","floor":14},{"not_picked":["Guardian:StasisField","Guardian:PolyBeam"],"picked":"Guardian:ShieldCharger","floor":15},{"not_picked":["Guardian:Gem_Synthetic","Guardian:StasisField"],"picked":"Guardian:Gem_Orange","floor":16},{"not_picked":["sneckomod:TailWhip","Slimebound:CorrosiveSpit"],"picked":"Guardian:CurlUp","floor":17},{"not_picked":["Guardian:HyperBeam_Guardian","Guardian:StasisField"],"picked":"Guardian:Gem_Synthetic","floor":17},{"not_picked":["Mind Blast","Jack Of All Trades"],"picked":"ReplayTheSpireMod:Uncanny Aura","floor":17},{"not_picked":["infinitespire:SealOfDarkness+","infinitespire:FutureSight"],"picked":"infinitespire:Gouge","floor":17},{"not_picked":["Guardian:RollAttack+1","Guardian:WalkerClaw"],"picked":"Guardian:Gem_Purple","floor":19},{"not_picked":["Guardian:Suspension","Guardian:Gem_Yellow"],"picked":"Guardian:PiercingHide","floor":20},{"not_picked":["Guardian:Recover","Guardian:WalkerClaw"],"picked":"Guardian:ChargeCore+1","floor":23},{"not_picked":["Guardian:RefractedBeam","Guardian:Gem_Fragmented"],"picked":"Guardian:Planning","floor":25},{"not_picked":["Guardian:TemporalShield","Guardian:Suspension"],"picked":"Guardian:CrystalBeam","floor":26},{"not_picked":["Guardian:PiercingHide","Guardian:Clone"],"picked":"Guardian:Gem_Fragmented","floor":27},{"not_picked":["Guardian:Gem_Cyan","Guardian:Gem_Green"],"picked":"Guardian:FastForward","floor":28},{"not_picked":["Guardian:PrimingBeam","Guardian:RefractedBeam+1"],"picked":"Guardian:PrismaticBarrier+1","floor":32},{"not_picked":["Guardian:Gem_Purple","Guardian:PiercingHide"],"picked":"Guardian:SpikerProtocol","floor":32},{"not_picked":["Guardian:RevengeProtocol","Guardian:SphericShield"],"picked":"Guardian:Gem_Synthetic","floor":33},{"not_picked":["Guardian:TemporalStrike","Guardian:HyperBeam_Guardian"],"picked":"Guardian:Gem_Lightblue","floor":34},{"not_picked":["Guardian:CrystalBeam","Guardian:Gem_Synthetic"],"picked":"Guardian:Gem_Red","floor":36},{"not_picked":["Guardian:TemporalShield+1","Guardian:SpikerProtocol+1"],"picked":"Guardian:Gem_Green","floor":37},{"not_picked":["Guardian:Harden","Guardian:PrismaticBarrier+1"],"picked":"Guardian:BronzeArmor","floor":37},{"not_picked":["Guardian:RevengeProtocol","Guardian:ChargeCore+1"],"picked":"Guardian:Gem_Green","floor":38},{"not_picked":["Guardian:SpikerProtocol","Guardian:Suspension"],"picked":"Guardian:Gem_Lightblue","floor":38},{"not_picked":["Guardian:TemporalShield+1","Guardian:Harden+1"],"picked":"Guardian:Gem_Cyan","floor":42},{"not_picked":["Guardian:Recover","Guardian:Planning","Guardian:SentryBeam+1"],"picked":"SKIP","floor":42}],"player_experience":253568,"relics_obtained":[{"floor":2.0,"key":"ReplayTheSpireMod:Lightbulb"},{"floor":7,"key":"Replay:Baseball"},{"floor":11,"key":"Peace Pipe"},{"floor":18,"key":"Counterbalance"},{"floor":24,"key":"Pantograph"},{"floor":28,"key":"Orichalcum"},{"floor":36,"key":"Ornamental Fan"},{"floor":40,"key":"Meat on the Bone"}],"event_choices":[{"cards_removed":["Guardian:Gem_Synthetic"],"damage_healed":29,"gold_gain":0,"player_choice":"Offered Rare","damage_taken":0,"max_hp_gain":10,"max_hp_loss":0,"event_name":"Bonfire Elementals","floor":21,"gold_loss":0},{"damage_healed":0,"gold_gain":0,"player_choice":"Ignored","damage_taken":0,"max_hp_gain":0,"max_hp_loss":0,"event_name":"betterNote:BetterNote","floor":22,"gold_loss":0,"cards_obtained":["Neutralize"]}],"is_beta":false,"boss_relics":[{"not_picked":["Guardian:StasisSlotReductionRelic","Velvet Choker"],"picked":"ReplayTheSpireMod:SealedPack"},{"not_picked":["Fusion Hammer","Painkiller Herb"],"picked":"Tiny House"}],"items_purged_floors":[],"is_endless":false,"potions_floor_spawned":[3,11,15,16,20,28,33,37],"killed_by":"Nightmare","ascension_level":0}}