{"host":"a5v7x5tmlr5iccdt","time":1612687843,"event":{"mods":["100% Spire Juice","Act Like it!","Aspiration","BaseMod","Colored Map","Colored Powertips","Conspire","Downfall","Energized Spire","Gensokyo","Hallownest","Highlight Path","Minty Spire (QoL Compilation)","Quick Restart","Remilia£®¿Ÿ√◊¿Ú—«£©","Replay The Spire","Robot Space Explorer","StSLib","The Bug Knight","The Poker Player","Youmu£®ªÍ∆«—˝√Œ£©"],"gold_per_floor":[110,110,127,127,127,127,161,178,202,220,248,268,286,146,146,249,249,260,280,280,280,298,317,349,349,376,405,405,425,455,473,473,568,568,586,586,586,586,586,621,17,37,115,125,135,150,175,185,185,185,185,185,46,73,73,73],"floor_reached":55,"language":"ZHS","playtime":3223,"items_purged":["Spreading Infection","Injury"],"score":1126,"play_id":"bf3bf477-36ed-4eaf-b4ba-dcd1c7e5f3c5","local_time":"20210207165043","is_ascension_mode":false,"campfire_choices":[{"data":"Draining Mist","floor":6.0,"key":"SMITH"},{"data":"RobotSpaceExplorer:DualCore","floor":15.0,"key":"SMITH"},{"data":"RobotSpaceExplorer:PowerCollector","floor":28.0,"key":"SMITH"},{"data":"RobotSpaceExplorer:FreezingShield","floor":32.0,"key":"SMITH"},{"floor":49.0,"key":"RECALL"},{"data":"RobotSpaceExplorer:DroneSwarm","floor":52.0,"key":"SMITH"}],"circlet_count":0,"master_deck":["RobotSpaceExplorer:Strike+1","RobotSpaceExplorer:MiniLasers","RobotSpaceExplorer:MetalStrike","RobotSpaceExplorer:SelfCleaning","Acrobatics","Prepared","Draining Mist+1","RobotSpaceExplorer:FrostMissile+1","RobotSpaceExplorer:GlueSpray","RobotSpaceExplorer:DualCore+1","RobotSpaceExplorer:Discharger","RobotSpaceExplorer:Probe","RobotSpaceExplorer:SurgingShield","RobotSpaceExplorer:BigMissile","RobotSpaceExplorer:Discharger","RobotSpaceExplorer:Electropulse","Eviscerate","All Out Attack","Masterful Stab","RobotSpaceExplorer:MiniBoosters","Pot Of Greed","Pot Of Greed","RobotSpaceExplorer:FreezingShield+1","Pot Of Greed","Gensokyo:FourOfAKind","Gensokyo:FourOfAKind","Gensokyo:FourOfAKind","Gensokyo:FourOfAKind","RobotSpaceExplorer:SwiftStep","RobotSpaceExplorer:SurgingStrike+1","RobotSpaceExplorer:FreezeRay","RobotSpaceExplorer:TrailblazerForm","Overencumbered","RobotSpaceExplorer:Blitz","RobotSpaceExplorer:HighVoltage","Pot Of Greed","RobotSpaceExplorer:MiniDrones+1","RobotSpaceExplorer:Electroshield+1","RobotSpaceExplorer:SlimeMissile","RobotSpaceExplorer:StunGrenade+1","RobotSpaceExplorer:DroneSwarm+1","RobotSpaceExplorer:Ammunition+1","ReplayTheSpireMod:Faulty Equipment","RobotSpaceExplorer:PowerCollector","Master of Strategy"],"relics":["RobotSpaceExplorer:RoboCore","NeowsBlessing","Gensokyo:Justice","Replay:Mystery Machine","Orichalcum","Pet Ghost","Eternal Feather","Ice Cream","Philosopher\u0027s Stone","Whetstone","Grinning Jar","Anchor","aspiration:HiddenCompartment","Art of War","Replay:Ancient Bell","Omamori","Snack Pack","Mango","Gensokyo:DualWield","Ring of Hypnosis","Ring of Fury","Smiling Mask","Frozen Eye","aspiration:FetidBarrel","RobotSpaceExplorer:ClockworkSextant","Strawberry","ReplayTheSpireMod:CursedCoin","aspiration:ChemicalBlood"],"acts_visited":["Gensokyo:Gensokyo","Gensokyo:Gensokyoer","Gensokyo:Gensokyoest","TheEnding"],"potions_floor_usage":[55,55,55,55],"damage_taken":[{"damage":0.0,"enemies":"Gensokyo:Python","floor":1.0,"turns":1.0},{"damage":0.0,"enemies":"Gensokyo:3_Fairies","floor":3.0,"turns":1.0},{"damage":0.0,"enemies":"Gensokyo:Cirno","floor":7.0,"turns":2.0},{"damage":3.0,"enemies":"Gensokyo:Gryphon","floor":8.0,"turns":3.0},{"damage":5.0,"enemies":"Gensokyo:CorruptedTreant","floor":10.0,"turns":3.0},{"damage":0.0,"enemies":"Gensokyo:Mamizou","floor":11.0,"turns":8.0},{"damage":3.0,"enemies":"Gensokyo:2_Rabbits","floor":12.0,"turns":5.0},{"damage":0.0,"enemies":"Gensokyo:Kitsune","floor":13.0,"turns":3.0},{"damage":20.0,"enemies":"Gensokyo:Reimu","floor":16.0,"turns":11.0},{"damage":13.0,"enemies":"Gensokyo:CosmicMonolith","floor":18.0,"turns":8.0},{"damage":0.0,"enemies":"Gensokyo:Chomper","floor":19.0,"turns":3.0},{"damage":21.0,"enemies":"Gensokyo:Slime_Group","floor":22.0,"turns":4.0},{"damage":14.0,"enemies":"Gensokyo:Monolith_and_Dog","floor":23.0,"turns":3.0},{"damage":13.0,"enemies":"Gensokyo:Reisen","floor":24.0,"turns":6.0},{"damage":5.0,"enemies":"Gensokyo:Tenshi","floor":27.0,"turns":5.0},{"damage":12.0,"enemies":"Gensokyo:Wraith","floor":29.0,"turns":4.0},{"damage":0.0,"enemies":"Gensokyo:Reisen","floor":30.0,"turns":3.0},{"damage":0.0,"enemies":"Gensokyo:Mirror_and_Dog","floor":31.0,"turns":2.0},{"damage":0.0,"enemies":"Gensokyo:Eternal_Rivals","floor":33.0,"turns":6.0},{"damage":4.0,"enemies":"Gensokyo:3_Bats","floor":35.0,"turns":3.0},{"damage":21.0,"enemies":"Gensokyo:Doremy","floor":40.0,"turns":5.0},{"damage":0.0,"enemies":"Gensokyo:3_Boulders","floor":42.0,"turns":3.0},{"damage":0.0,"enemies":"Gensokyo:Sharpion","floor":44.0,"turns":4.0},{"damage":0.0,"enemies":"Gensokyo:SeedOfUnknown","floor":45.0,"turns":4.0},{"damage":16.0,"enemies":"Gensokyo:Rafflesia","floor":46.0,"turns":6.0},{"damage":25.0,"enemies":"Gensokyo:Kasen","floor":47.0,"turns":5.0},{"damage":0.0,"enemies":"Gensokyo:4_Bats","floor":48.0,"turns":1.0},{"damage":6.0,"enemies":"Gensokyo:Shinki","floor":50.0,"turns":10.0},{"damage":4,"enemies":"Shield and Spear","floor":54,"turns":3},{"damage":81,"enemies":"The Heart","floor":55,"turns":5}],"seed_played":"-3306029906766564890","potions_obtained":[{"floor":3.0,"key":"LifebloodPotion"},{"floor":7.0,"key":"Fire Potion"},{"floor":10.0,"key":"FearPotion"},{"floor":11.0,"key":"conspire:TimeTravelPotion"},{"floor":13.0,"key":"Explosive Potion"},{"floor":22.0,"key":"PowerPotion"},{"floor":24.0,"key":"SpeedPotion"},{"floor":27.0,"key":"Flashbang"},{"floor":29.0,"key":"Explosive Potion"},{"floor":33.0,"key":"EssenceOfSteel"},{"floor":40.0,"key":"SkillPotion"},{"floor":44.0,"key":"BlessingOfTheForge"},{"floor":48.0,"key":"RobotSpaceExplorer:RecyclePotion"},{"floor":54,"key":"BlessingOfTheForge"}],"is_trial":false,"path_per_floor":["M","?","M","?","?","R","E","M","T","M","E","M","M","?","R","B",null,"M","M","?","?","M","M","E","?","T","E","R","M","E","M","R","B",null,"M","?","?","?","?","E","$","M","T","M","M","M","E","M","R","B",null,"R","$","E","B"],"character_chosen":"RobotSpaceExplorer","items_purchased":["Frozen Eye","aspiration:FetidBarrel","RobotSpaceExplorer:ClockworkSextant","ReplayTheSpireMod:CursedCoin","RobotSpaceExplorer:PowerCollector","Master of Strategy"],"campfire_rested":0,"item_purchase_floors":[41,41,41,53,53,53],"current_hp_per_floor":[75,75,75,75,75,75,75,72,72,67,67,64,64,64,73,53,75,62,62,62,62,41,27,14,14,14,9,27,15,15,15,33,33,67,63,63,63,63,63,44,44,46,46,48,50,40,26,28,52,50,74,74,74,72,0,0],"gold":73,"neow_bonus":"THREE_ENEMY_KILL","is_daily":false,"chose_seed":false,"campfire_upgraded":5,"win_rate":0.0,"timestamp":1612687843,"path_taken":["M","?","M","?","?","R","E","M","T","M","E","M","?","?","R","BOSS","M","M","?","?","?","M","E","?","T","E","R","?","E","M","R","BOSS","M","?","?","?","?","E","?","M","T","M","M","?","E","M","R","BOSS","R","$","E","BOSS"],"items_purchased_type":["Relic","Relic","Relic","Relic","Card","Card"],"build_version":"2020-12-22","purchased_purges":2,"victory":false,"max_hp_per_floor":[75,75,75,75,75,75,75,75,75,75,75,75,75,75,75,75,75,75,75,75,75,75,75,75,53,53,53,53,53,53,53,53,53,67,67,67,67,67,67,67,67,67,67,67,67,67,74,74,74,74,74,74,74,74,74,74],"card_choices":[{"not_picked":["RobotSpaceExplorer:MiniDrones","RobotSpaceExplorer:ScrapShield"],"picked":"RobotSpaceExplorer:MetalStrike","floor":1.0},{"not_picked":["RobotSpaceExplorer:FrostMissile","RobotSpaceExplorer:Blitz"],"picked":"RobotSpaceExplorer:SelfCleaning","floor":3.0},{"not_picked":["RobotSpaceExplorer:MetalStrike","RobotSpaceExplorer:SelfCleaning"],"picked":"RobotSpaceExplorer:FrostMissile","floor":7.0},{"not_picked":["RobotSpaceExplorer:ImprovisedAttack","RobotSpaceExplorer:Counterblock"],"picked":"RobotSpaceExplorer:GlueSpray","floor":8.0},{"not_picked":["RobotSpaceExplorer:ScrapToss","RobotSpaceExplorer:JunkDive"],"picked":"RobotSpaceExplorer:DualCore","floor":10.0},{"not_picked":["RobotSpaceExplorer:Counterblock","RobotSpaceExplorer:IronShell"],"picked":"RobotSpaceExplorer:Discharger","floor":11.0},{"not_picked":["RobotSpaceExplorer:DoubleBlock","RobotSpaceExplorer:DualCore"],"picked":"RobotSpaceExplorer:Probe","floor":12.0},{"not_picked":["RobotSpaceExplorer:GlueShot","RobotSpaceExplorer:FranticSearch"],"picked":"RobotSpaceExplorer:SurgingShield","floor":13.0},{"not_picked":["RobotSpaceExplorer:ChargingLaser","RobotSpaceExplorer:Comet"],"picked":"RobotSpaceExplorer:Exploration","floor":16.0},{"not_picked":["RobotSpaceExplorer:LuckyStrike","RobotSpaceExplorer:ExhaustFan+1"],"picked":"RobotSpaceExplorer:BigMissile","floor":18.0},{"not_picked":["RobotSpaceExplorer:ScrapShield","RobotSpaceExplorer:ScrapToss"],"picked":"RobotSpaceExplorer:Discharger","floor":19.0},{"not_picked":["RobotSpaceExplorer:MetalStrike+1","RobotSpaceExplorer:SurgingShield"],"picked":"RobotSpaceExplorer:MiniBoosters","floor":22.0},{"not_picked":["RobotSpaceExplorer:DoubleFind","RobotSpaceExplorer:MakeshiftVolley"],"picked":"RobotSpaceExplorer:PowerCollector","floor":23.0},{"not_picked":["RobotSpaceExplorer:Counterblock","RobotSpaceExplorer:PowerGlove"],"picked":"RobotSpaceExplorer:FreezingShield","floor":24.0},{"not_picked":["RobotSpaceExplorer:RigExplosive","RobotSpaceExplorer:ScrapMissile"],"picked":"RobotSpaceExplorer:SwiftStep","floor":27.0},{"not_picked":["RobotSpaceExplorer:GlueShot","RobotSpaceExplorer:ImprovisedAttack"],"picked":"RobotSpaceExplorer:SurgingStrike+1","floor":29.0},{"not_picked":["RobotSpaceExplorer:Accelerator","RobotSpaceExplorer:BigMissile"],"picked":"RobotSpaceExplorer:FreezeRay","floor":30.0},{"not_picked":["RobotSpaceExplorer:GlueSpray","RobotSpaceExplorer:FranticSearch+1","RobotSpaceExplorer:Smokescreen"],"picked":"SKIP","floor":31.0},{"not_picked":["RobotSpaceExplorer:HighVoltage","RobotSpaceExplorer:Comet"],"picked":"RobotSpaceExplorer:TrailblazerForm","floor":33.0},{"not_picked":["Decay","Hallucinations"],"picked":"conspire:Blindness","floor":34.0},{"not_picked":["Languid","CommonCold"],"picked":"Writhe","floor":34.0},{"not_picked":["conspire:Blindness","Envy_TH"],"picked":"Overencumbered","floor":34.0},{"not_picked":["RobotSpaceExplorer:GlueSpray","RobotSpaceExplorer:SurgingShield"],"picked":"RobotSpaceExplorer:Blitz","floor":35.0},{"not_picked":["RobotSpaceExplorer:TurboDodge+1","RobotSpaceExplorer:SwiftStep"],"picked":"RobotSpaceExplorer:MiniDrones+1","floor":40.0},{"not_picked":["RobotSpaceExplorer:Reload","RobotSpaceExplorer:MetalStrike"],"picked":"RobotSpaceExplorer:Electroshield+1","floor":42.0},{"not_picked":["RobotSpaceExplorer:SwiftStep","RobotSpaceExplorer:Counterblock+1"],"picked":"RobotSpaceExplorer:SlimeMissile","floor":44.0},{"not_picked":["RobotSpaceExplorer:SwiftStep+1","RobotSpaceExplorer:SelfCleaning","RobotSpaceExplorer:MetalStrike"],"picked":"SKIP","floor":45.0},{"not_picked":["RobotSpaceExplorer:ImprovisedAttack","RobotSpaceExplorer:FranticSearch+1"],"picked":"RobotSpaceExplorer:StunGrenade+1","floor":46.0},{"not_picked":["RobotSpaceExplorer:SurgingStrike","RobotSpaceExplorer:Ammunition"],"picked":"RobotSpaceExplorer:DroneSwarm","floor":47.0},{"not_picked":["RobotSpaceExplorer:SurgingShield","RobotSpaceExplorer:ShovelStrike"],"picked":"RobotSpaceExplorer:Ammunition+1","floor":48.0},{"not_picked":["RobotSpaceExplorer:ScrapShield","RobotSpaceExplorer:ScrapToss","RobotSpaceExplorer:SlimeMissile"],"picked":"SKIP","floor":54}],"player_experience":87253,"relics_obtained":[{"floor":7.0,"key":"Orichalcum"},{"floor":9.0,"key":"Pet Ghost"},{"floor":11.0,"key":"Eternal Feather"},{"floor":18.0,"key":"Whetstone"},{"floor":24.0,"key":"Grinning Jar"},{"floor":26.0,"key":"Anchor"},{"floor":27.0,"key":"aspiration:HiddenCompartment"},{"floor":30.0,"key":"Art of War"},{"floor":39.0,"key":"Ring of Hypnosis"},{"floor":39.0,"key":"Ring of Fury"},{"floor":40.0,"key":"Smiling Mask"},{"floor":47.0,"key":"Strawberry"},{"floor":54,"key":"aspiration:ChemicalBlood"}],"event_choices":[],"is_beta":false,"boss_relics":[{"not_picked":["aspiration:SilentSkillbook","aspiration:RunicSpoon"],"picked":"Philosopher\u0027s Stone"},{"not_picked":["Pandora\u0027s Box","SacredBark"],"picked":"Replay:Ancient Bell"},{"not_picked":["Bronze Scales","CeramicFish"],"picked":"Omamori"},{"not_picked":["Kunai","Letter Opener"],"picked":"Snack Pack"},{"not_picked":["Incense Burner","Old Coin"],"picked":"Mango"}],"items_purged_floors":[41,53],"is_endless":false,"potions_floor_spawned":[3,7,10,11,13,22,24,27,29,33,40,44,48,54],"killed_by":"The Heart","ascension_level":0}}