{"host":"8d3fefv2347kqkpz","time":1612703754,"event":{"mods":["AchievementEnabler","Act Like it!","Aspiration","BaseMod","Better Vampires","Colored Map","Colored Powertips","Conspire","Downfall","GifTheSpireLib","Highlight Path","Hubris","Mimic Mod","Minty Spire (QoL Compilation)","Quick Restart","Rare Cards Sparkle","Relic Stats","Replay The Spire","Spicy Shops","StSLib","The Jungle","Waifu the Spire"],"gold_per_floor":[117,127,142,155,168,168,168,168,168],"floor_reached":8,"language":"ZHS","playtime":257,"items_purged":[],"score":55,"play_id":"16e0fc3a-85d5-4640-ab94-4647f282393b","local_time":"20210207211554","is_ascension_mode":true,"campfire_choices":[{"data":"Rage","floor":6,"key":"SMITH"}],"circlet_count":0,"master_deck":["Strike_R","Strike_R","Strike_R","Strike_R","Defend_R","Defend_R","Defend_R","Defend_R","Bash","Rage+1","hubris:ReadiedAction","Sword Boomerang"],"relics":["Burning Blood","Golden Idol"],"acts_visited":["Exordium"],"potions_floor_usage":[4],"damage_taken":[{"damage":1.0,"enemies":"Cultist","floor":1.0,"turns":3.0},{"damage":21,"enemies":"Jaw Worm","floor":2,"turns":7},{"damage":0,"enemies":"2 Louse","floor":3,"turns":3},{"damage":24,"enemies":"Exordium Wildlife","floor":4,"turns":7},{"damage":16,"enemies":"Lots of Slimes","floor":5,"turns":5},{"damage":13,"enemies":"3 Sentries","floor":8,"turns":4}],"seed_played":"-8677968927663409020","potions_obtained":[{"floor":1.0,"key":"AttackPotion"},{"floor":2,"key":"FearPotion"},{"floor":4,"key":"Fruit Juice"}],"is_trial":false,"path_per_floor":["M","M","M","M","M","R","?","E"],"character_chosen":"IRONCLAD","items_purchased":[],"campfire_rested":0,"item_purchase_floors":[],"current_hp_per_floor":[80,65,71,58,48,48,27,14,14],"gold":168,"neow_bonus":"REMOVE_CARD","is_daily":false,"chose_seed":false,"campfire_upgraded":1,"win_rate":0.0,"timestamp":1612703754,"path_taken":["M","M","M","M","?","R","?","E"],"items_purchased_type":[],"build_version":"2020-12-22","purchased_purges":0,"victory":false,"max_hp_per_floor":[80,80,80,85,85,85,85,85,85],"relic_stats":{"counters":[6,29],"Golden Idol":0,"obtain_stats":[{"Golden Idol":7,"Burning Blood":0},{"Golden Idol":5,"Burning Blood":0},{"Golden Idol":25,"Burning Blood":0}],"Burning Blood":25},"card_choices":[{"not_picked":["Combust","Dual Wield","Anger"],"picked":"SKIP","floor":1.0},{"not_picked":["Dual Wield","Pummel"],"picked":"Rage","floor":2},{"not_picked":["Life Link","Spot Weakness"],"picked":"hubris:ReadiedAction","floor":3},{"not_picked":["True Grit","conspire:ExplosiveBarrier"],"picked":"Sword Boomerang","floor":4},{"not_picked":["Dual Wield","Massacre","Infernal Blade"],"picked":"SKIP","floor":5}],"player_experience":285976,"relics_obtained":[],"event_choices":[{"damage_healed":0,"gold_gain":0,"player_choice":"Take Damage","damage_taken":21,"relics_obtained":["Golden Idol"],"max_hp_gain":0,"max_hp_loss":0,"event_name":"Golden Idol","floor":7,"gold_loss":0}],"is_beta":false,"boss_relics":[],"items_purged_floors":[],"is_endless":false,"potions_floor_spawned":[1,2,4],"killed_by":"3 Sentries","ascension_level":2}}