{"host":"8lno9xwgef3sjccz","time":1612661346,"event":{"mods":["AchievementEnabler","BaseMod","Minty Spire (QoL Compilation)","Relic Stats"],"gold_per_floor":[111,111,67,67,81,110,126,126,126],"floor_reached":8,"language":"ENG","playtime":411,"items_purged":[],"score":62,"play_id":"a5d2e84e-3a9f-4330-a939-d9315429f7a9","local_time":"20210206202906","is_ascension_mode":true,"campfire_choices":[],"circlet_count":0,"master_deck":["Strike_G","Strike_G","Strike_G+1","Strike_G+1","Defend_G","Defend_G","Defend_G","Defend_G","Defend_G","Survivor","Neutralize","Acrobatics","Reflex","Crippling Poison+1","Endless Agony","Cloak And Dagger+1"],"relics":["Ring of the Snake","Toxic Egg 2","Whetstone"],"acts_visited":["Exordium"],"potions_floor_usage":[],"damage_taken":[{"damage":2,"enemies":"Jaw Worm","floor":1,"turns":4},{"damage":3,"enemies":"Small Slimes","floor":5,"turns":6},{"damage":45,"enemies":"3 Sentries","floor":6,"turns":14},{"damage":0,"enemies":"2 Louse","floor":7,"turns":2},{"damage":39,"enemies":"Gremlin Nob","floor":8,"turns":4}],"seed_played":"-2283211182872106527","potions_obtained":[{"floor":5,"key":"SpeedPotion"}],"is_trial":false,"path_per_floor":["M","?","?","?","M","E","M","E"],"character_chosen":"THE_SILENT","items_purchased":[],"campfire_rested":0,"item_purchase_floors":[],"current_hp_per_floor":[75,75,75,68,65,20,20,0,0],"gold":126,"neow_bonus":"TEN_PERCENT_HP_BONUS","is_daily":false,"chose_seed":false,"campfire_upgraded":0,"win_rate":0.0,"timestamp":1612661346,"path_taken":["M","?","?","?","M","E","M","E"],"items_purchased_type":[],"build_version":"2020-12-22","purchased_purges":0,"victory":false,"max_hp_per_floor":[77,77,77,77,77,77,77,77,77],"relic_stats":{"counters":[5,30],"Whetstone":["Strike_G","Strike_G"],"obtain_stats":[{"Whetstone":6,"Toxic Egg 2":4,"Ring of the Snake":0},{"Whetstone":3,"Toxic Egg 2":1,"Ring of the Snake":0},{"Whetstone":24,"Toxic Egg 2":4,"Ring of the Snake":0}],"Ring of the Snake":[10]},"card_choices":[{"not_picked":["Heel Hook","Dodge and Roll"],"picked":"Acrobatics","floor":1},{"not_picked":["Infinite Blades","Deflect+1"],"picked":"Crippling Poison+1","floor":5},{"not_picked":["Escape Plan+1","Calculated Gamble+1"],"picked":"Endless Agony","floor":6},{"not_picked":["Underhanded Strike","Noxious Fumes"],"picked":"Cloak And Dagger+1","floor":7}],"player_experience":106544,"relics_obtained":[{"floor":6,"key":"Whetstone"}],"event_choices":[{"damage_healed":0,"gold_gain":0,"cards_transformed":["Strike_G"],"player_choice":"Change","damage_taken":0,"max_hp_gain":0,"max_hp_loss":0,"event_name":"Living Wall","floor":2,"gold_loss":0,"cards_obtained":["Reflex"]},{"damage_healed":0,"gold_gain":0,"player_choice":"Left Gold","damage_taken":0,"max_hp_gain":0,"max_hp_loss":0,"event_name":"World of Goop","floor":3,"gold_loss":44},{"damage_healed":0,"gold_gain":0,"player_choice":"Success","damage_taken":7,"relics_obtained":["Toxic Egg 2"],"max_hp_gain":0,"max_hp_loss":0,"event_name":"Scrap Ooze","floor":4,"gold_loss":0}],"is_beta":false,"boss_relics":[],"items_purged_floors":[],"is_endless":false,"potions_floor_spawned":[5],"killed_by":"Gremlin Nob","ascension_level":2}}