{"host":"jwbw4f4imxd0v0b0","time":1612672999,"event":{"mods":["BaseMod","Colored Map","Highlight Path","Minty Spire (QoL Compilation)","Relic Stats","StSLib"],"gold_per_floor":[111,129,129,129,204,204,240,240,309,36,36,61,12,53,53,177,177,202,102,121,136,136,169,184,216,216,216,244,244,204,221,221,318,318,334,334,334,378,48,48,48,79,151,179,191,216,31,46,46,46,46],"floor_reached":50,"language":"ENG","playtime":2080,"items_purged":["Strike_P","SignatureMove","Defend_P"],"score":856,"play_id":"c5689bc2-5984-4e33-908c-858ea4205e12","local_time":"20210206224319","is_ascension_mode":true,"campfire_choices":[{"data":"Eruption","floor":6.0,"key":"SMITH"},{"data":"Glass Knife","floor":15.0,"key":"SMITH"},{"data":"Immolate","floor":29.0,"key":"SMITH"},{"data":"Barricade","floor":32.0,"key":"SMITH"},{"data":"Dramatic Entrance","floor":40.0,"key":"SMITH"},{"data":"Wish","floor":49,"key":"SMITH"}],"circlet_count":0,"master_deck":["Strike_P+1","Defend_P+1","Defend_P","Eruption+1","Vigilance","TalkToTheHand+1","FollowUp","EmptyFist","Conserve Battery","ThirdEye","Glass Knife+1","Immolate+1","Undo+1","Barricade+1","Wish+1","Dramatic Entrance+1","FlurryOfBlows","Halt","InnerPeace","Trip+1","FearNoEvil"],"relics":["Empty Cage","Bloody Idol","StrikeDummy","Letter Opener","PrismaticShard","Meat on the Bone","Runic Dome","Smiling Mask","Akabeko","Happy Flower","CloakClasp","Runic Pyramid","Bag of Preparation","Boot","Sundial","MawBank","GoldenEye"],"acts_visited":["Exordium","TheCity","TheBeyond"],"potions_floor_usage":[50],"damage_taken":[{"damage":5.0,"enemies":"Jaw Worm","floor":1.0,"turns":4.0},{"damage":0.0,"enemies":"2 Louse","floor":2.0,"turns":3.0},{"damage":17.0,"enemies":"Lagavulin","floor":7.0,"turns":9.0},{"damage":0.0,"enemies":"Small Slimes","floor":12.0,"turns":2.0},{"damage":0.0,"enemies":"Gremlin Nob","floor":14.0,"turns":2.0},{"damage":18.0,"enemies":"Slime Boss","floor":16.0,"turns":10.0},{"damage":0.0,"enemies":"Shell Parasite","floor":18.0,"turns":3.0},{"damage":3.0,"enemies":"2 Thieves","floor":20.0,"turns":3.0},{"damage":3.0,"enemies":"Snake Plant","floor":21.0,"turns":2.0},{"damage":0.0,"enemies":"Slavers","floor":23.0,"turns":2.0},{"damage":10.0,"enemies":"Cultist and Chosen","floor":24.0,"turns":5.0},{"damage":23.0,"enemies":"Gremlin Leader","floor":25.0,"turns":4.0},{"damage":5.0,"enemies":"Slavers","floor":28.0,"turns":5.0},{"damage":5.0,"enemies":"Centurion and Healer","floor":31.0,"turns":4.0},{"damage":13.0,"enemies":"Automaton","floor":33.0,"turns":7.0},{"damage":3.0,"enemies":"3 Darklings","floor":35.0,"turns":3.0},{"damage":0.0,"enemies":"3 Shapes","floor":38.0,"turns":3.0},{"damage":0.0,"enemies":"Reptomancer","floor":42.0,"turns":3.0},{"damage":9.0,"enemies":"Nemesis","floor":44.0,"turns":5.0},{"damage":1.0,"enemies":"Spire Growth","floor":46.0,"turns":3.0},{"damage":0,"enemies":"Transient","floor":48,"turns":5},{"damage":72,"enemies":"Donu and Deca","floor":50,"turns":3}],"seed_played":"-6685088219404001979","potions_obtained":[{"floor":1.0,"key":"ColorlessPotion"},{"floor":12.0,"key":"GamblersBrew"},{"floor":20.0,"key":"Ancient Potion"},{"floor":21.0,"key":"LiquidMemories"},{"floor":25.0,"key":"StancePotion"},{"floor":33.0,"key":"BottledMiracle"},{"floor":44.0,"key":"StancePotion"},{"floor":48,"key":"SteroidPotion"}],"is_trial":false,"path_per_floor":["M","M","?","?","?","R","E","?","T","$","?","M","$","E","R","B",null,"M","$","M","M","?","E","M","E","T","?","E","R","?","M","R","B",null,"M","?","?","M","$","R","?","E","T","E","T","M","$","M","R","B"],"character_chosen":"WATCHER","items_purchased":["PrismaticShard","EmptyFist","ThirdEye","Bag of Preparation","FlurryOfBlows","Halt","InnerPeace","Strength Potion","LiquidMemories","FearNoEvil"],"campfire_rested":0,"item_purchase_floors":[10,10,13,39,39,39,39,39,47,47],"current_hp_per_floor":[60,60,53,53,42,42,25,25,25,25,25,25,25,25,25,19,55,55,55,52,49,49,54,49,43,43,43,43,43,43,43,43,47,62,64,64,64,67,67,67,64,64,64,60,64,64,64,64,64,0,0],"gold":46,"neow_bonus":"BOSS_RELIC","is_daily":false,"chose_seed":false,"campfire_upgraded":6,"win_rate":0.0,"timestamp":1612672999,"path_taken":["M","M","?","?","?","R","E","?","T","$","?","M","$","E","R","BOSS","M","$","M","?","?","E","M","E","T","?","E","R","?","?","R","BOSS","M","?","?","M","$","R","?","E","T","E","?","M","?","?","R","BOSS"],"items_purchased_type":["Relic","Card","Card","Relic","Card","Card","Card","Potion","Potion","Card"],"build_version":"2020-12-22","purchased_purges":3,"victory":false,"max_hp_per_floor":[72,72,72,67,67,67,67,67,67,67,67,67,67,67,67,67,67,67,67,67,67,67,67,67,67,67,67,67,67,67,67,67,67,67,67,67,67,67,67,67,64,64,64,64,64,64,64,64,64,64,64],"relic_stats":{"Happy Flower":[13],"counters":[22,90],"CloakClasp":[62],"Bag of Preparation":[10],"Letter Opener":[97],"Smiling Mask":75,"Boot":[5],"MawBank":36,"GoldenEye":[2],"Sundial":[0],"Bloody Idol":48,"obtain_stats":[{"Happy Flower":26,"Golden Idol":4,"CloakClasp":28,"Bag of Preparation":39,"Letter Opener":9,"Empty Cage":0,"PrismaticShard":10,"Smiling Mask":23,"Boot":42,"MawBank":44,"GoldenEye":45,"Akabeko":25,"Runic Dome":17,"Sundial":43,"Bloody Idol":22,"PureWater":0,"StrikeDummy":7,"Meat on the Bone":14,"Runic Pyramid":34},{"Happy Flower":12,"Golden Idol":2,"CloakClasp":13,"Bag of Preparation":17,"Letter Opener":3,"Empty Cage":0,"PrismaticShard":3,"Smiling Mask":10,"Boot":18,"MawBank":19,"GoldenEye":19,"Akabeko":12,"Runic Dome":6,"Sundial":18,"Bloody Idol":9,"PureWater":0,"StrikeDummy":3,"Meat on the Bone":5,"Runic Pyramid":15},{"Happy Flower":49,"Golden Idol":7,"CloakClasp":54,"Bag of Preparation":71,"Letter Opener":16,"Empty Cage":0,"PrismaticShard":16,"Smiling Mask":40,"Boot":74,"MawBank":79,"GoldenEye":79,"Akabeko":49,"Runic Dome":30,"Sundial":74,"Bloody Idol":38,"PureWater":0,"StrikeDummy":16,"Meat on the Bone":20,"Runic Pyramid":65}],"Meat on the Bone":36},"card_choices":[{"not_picked":["Conclude","FlurryOfBlows"],"picked":"TalkToTheHand","floor":1.0},{"not_picked":["Swivel","CarveReality"],"picked":"FollowUp","floor":2.0},{"not_picked":["ThirdEye","Indignation"],"picked":"SignatureMove","floor":7.0},{"not_picked":["Anger","Twin Strike"],"picked":"Conserve Battery","floor":12.0},{"not_picked":["Gash","Creative AI"],"picked":"Glass Knife","floor":14.0},{"not_picked":["Seek","SpiritShield"],"picked":"Immolate","floor":16.0},{"not_picked":["PathToVictory+1","Consecrate"],"picked":"Undo+1","floor":18.0},{"not_picked":["Prepared+1","InnerPeace","Dark Shackles"],"picked":"SKIP","floor":20.0},{"not_picked":["FollowUp","Cold Snap"],"picked":"ClearTheMind+1","floor":21.0},{"not_picked":["LikeWater","Sweeping Beam+1","Cloak And Dagger"],"picked":"SKIP","floor":23.0},{"not_picked":["Masterful Stab+1","Evolve","Eviscerate+1"],"picked":"SKIP","floor":24.0},{"not_picked":["SashWhip","Hemokinesis+1","Fusion"],"picked":"SKIP","floor":25.0},{"not_picked":["EmptyBody","EmptyFist+1"],"picked":"Barricade","floor":28.0},{"not_picked":["Outmaneuver","Go for the Eyes","Noxious Fumes"],"picked":"SKIP","floor":31.0},{"not_picked":["Thinking Ahead","ConjureBlade"],"picked":"Wish","floor":33.0},{"not_picked":["Deflect","Body Slam","Hello World+1"],"picked":"SKIP","floor":35.0},{"not_picked":["MentalFortress+1","Turbo+1"],"picked":"Dramatic Entrance","floor":38.0},{"not_picked":["Darkness+1","JustLucky","Sunder+1"],"picked":"SKIP","floor":42.0},{"not_picked":["SpiritShield","Streamline+1"],"picked":"Trip+1","floor":44.0},{"not_picked":["Shrug It Off+1","FlyingSleeves","Coolheaded"],"picked":"SKIP","floor":46.0},{"not_picked":["Prepared+1","Heel Hook+1","Cold Snap"],"picked":"SKIP","floor":48}],"player_experience":1239191,"relics_obtained":[{"floor":7.0,"key":"StrikeDummy"},{"floor":9.0,"key":"Letter Opener"},{"floor":14.0,"key":"Meat on the Bone"},{"floor":23.0,"key":"Smiling Mask"},{"floor":25.0,"key":"Akabeko"},{"floor":26.0,"key":"Happy Flower"},{"floor":28.0,"key":"CloakClasp"},{"floor":42.0,"key":"Boot"},{"floor":43.0,"key":"Sundial"},{"floor":44.0,"key":"MawBank"},{"floor":45.0,"key":"GoldenEye"}],"event_choices":[{"cards_removed":["Strike_P"],"damage_healed":0.0,"max_hp_gain":0.0,"max_hp_loss":0.0,"gold_gain":0.0,"event_name":"Golden Wing","player_choice":"Card Removal","floor":3.0,"gold_loss":0.0,"damage_taken":7.0},{"damage_healed":0.0,"max_hp_gain":0.0,"max_hp_loss":5.0,"gold_gain":0.0,"event_name":"Golden Idol","player_choice":"Lose Max HP","floor":4.0,"gold_loss":0.0,"damage_taken":0.0,"relics_obtained":["Golden Idol"]},{"damage_healed":0.0,"max_hp_gain":0.0,"max_hp_loss":0.0,"gold_gain":75.0,"event_name":"World of Goop","player_choice":"Gather Gold","floor":5.0,"gold_loss":0.0,"damage_taken":11.0},{"damage_healed":0.0,"max_hp_gain":0.0,"max_hp_loss":0.0,"gold_gain":0.0,"event_name":"Living Wall","player_choice":"Grow","floor":8.0,"gold_loss":0.0,"damage_taken":0.0,"cards_upgraded":["TalkToTheHand"]},{"damage_healed":0.0,"max_hp_gain":0.0,"max_hp_loss":0.0,"gold_gain":0.0,"event_name":"WeMeetAgain","player_choice":"Ignored","floor":11.0,"gold_loss":0.0,"damage_taken":0.0},{"damage_healed":0.0,"max_hp_gain":0.0,"max_hp_loss":0.0,"gold_gain":0.0,"event_name":"Forgotten Altar","player_choice":"Gave Idol","floor":22.0,"relics_lost":["Golden Idol"],"gold_loss":0.0,"damage_taken":0.0,"relics_obtained":["Bloody Idol"]},{"damage_healed":0.0,"max_hp_gain":0.0,"max_hp_loss":0.0,"gold_gain":0.0,"event_name":"Vampires","player_choice":"Ignored","floor":27.0,"gold_loss":0.0,"damage_taken":0.0},{"damage_healed":0.0,"max_hp_gain":0.0,"max_hp_loss":0.0,"gold_gain":0.0,"event_name":"Designer","player_choice":"Upgraded Two","floor":30.0,"gold_loss":40.0,"damage_taken":0.0,"cards_upgraded":["Strike_P","Defend_P"]},{"cards_removed":["ClearTheMind"],"damage_healed":0.0,"max_hp_gain":0.0,"max_hp_loss":0.0,"gold_gain":0.0,"event_name":"Falling","player_choice":"Removed Skill","floor":36.0,"gold_loss":0.0,"damage_taken":0.0},{"damage_healed":0.0,"max_hp_gain":0.0,"max_hp_loss":0.0,"gold_gain":0.0,"event_name":"Tomb of Lord Red Mask","player_choice":"Ignored","floor":37.0,"gold_loss":0.0,"damage_taken":0.0},{"damage_healed":0.0,"max_hp_gain":0.0,"max_hp_loss":3.0,"gold_gain":0.0,"event_name":"Winding Halls","player_choice":"Max HP","floor":41.0,"gold_loss":0.0,"damage_taken":0.0}],"is_beta":false,"boss_relics":[{"not_picked":["Busted Crown","Tiny House"],"picked":"Runic Dome"},{"not_picked":["Cursed Key","Calling Bell"],"picked":"Runic Pyramid"}],"items_purged_floors":[10,19,47],"is_endless":false,"potions_floor_spawned":[1,12,20,21,25,33,44,48],"killed_by":"Donu and Deca","ascension_level":6}}