{"host":"gaqyve1328ta0etl","time":1612667656,"event":{"mods":["BaseMod","Colored Map","Colored Powertips","Duelist Mod","Googly Eyes","Hero for Fun","Minty Spire (QoL Compilation)","Shop Mod","StSLib","SuperFastMode","The Hierophant","The Runesmith"],"gold_per_floor":[142,162,178,190,206,206,240,240,240,251,251,176,194,26,26,123,123,136,136,60,74,74,74,74,74,74,74,74,74,101,1,1,96,96,112,112,126,126,142,142,142,142,165,165,165,180,180,55,55,55],"floor_reached":51,"language":"ENG","playtime":1910,"items_purged":["theDuelist:Sparks","theDuelist:CastleWalls","theDuelist:Sparks"],"score":870,"play_id":"60984887-39a0-4d93-aeff-6d1124298d69","local_time":"20210206191416","is_ascension_mode":true,"campfire_choices":[{"data":"theDuelist:GravityLash","floor":6,"key":"SMITH"},{"floor":8,"key":"REST"},{"data":"theDuelist:WingedKuribohLv10","floor":15,"key":"SMITH"},{"data":"theDuelist:DeltaMagnet","floor":23,"key":"SMITH"},{"data":"theDuelist:HappyLover","floor":24,"key":"SMITH"},{"data":"theDuelist:ElectromagneticShield","floor":25,"key":"SMITH"},{"data":"theDuelist:RainbowKuriboh","floor":27,"key":"SMITH"},{"data":"theDuelist:RainbowKuriboh","floor":29,"key":"SMITH"},{"data":"theDuelist:GraniteLoyalist","floor":32,"key":"SMITH"},{"data":"theDuelist:FluteKuriboh","floor":40,"key":"SMITH"},{"data":"theDuelist:SilverApples","floor":44,"key":"SMITH"},{"data":"theDuelist:FusionWeapon","floor":47,"key":"SMITH"},{"data":"theDuelist:FinalFlame","floor":49,"key":"SMITH"}],"circlet_count":0,"master_deck":["theDuelist:FluteKuriboh+1","theDuelist:GiantSoldier+1","theDuelist:ElectromagneticShield+1","theDuelist:RainbowKuriboh+1","theDuelist:FusionWeapon+1","theDuelist:SilverApples+1","theDuelist:GraniteLoyalist+1","theDuelist:HappyLover+1","theDuelist:BeaverWarrior","theDuelist:DeltaMagnet+1","theDuelist:FinalFlame+1","theDuelist:GravityLash+1","theDuelist:BeaverWarrior","theDuelist:ScrapFactory+1","theDuelist:RainbowKuriboh+1","theDuelist:YamiForm+1","theDuelist:WingedKuribohLv10+1","theDuelist:GiantSoldier","theDuelist:WhiteNinja+1"],"relics":["theDuelist:MillenniumPuzzle","theDuelist:CardPoolRelic","theDuelist:CardPoolBasicRelic","theDuelist:BoosterPackPoolRelic","theDuelist:CardPoolAddRelic","theDuelist:CardPoolMinusRelic","theDuelist:CardPoolSaveRelic","theDuelist:CardPoolOptionsRelic","War Paint","Orichalcum","WingedGreaves","theDuelist:GamblerChip","theDuelist:MillenniumPrayerbook","Blood Vial","Busted Crown","Bottled Lightning","theDuelist:PrayerPageB"],"acts_visited":["Exordium","TheCity","TheBeyond"],"potions_floor_usage":[3,7,33,39,50],"damage_taken":[{"damage":0,"enemies":"Cultist","floor":1,"turns":4},{"damage":0,"enemies":"2 Louse","floor":2,"turns":3},{"damage":0,"enemies":"Small Slimes","floor":3,"turns":4},{"damage":6,"enemies":"2 Fungi Beasts","floor":4,"turns":5},{"damage":9,"enemies":"Large Slime","floor":5,"turns":7},{"damage":33,"enemies":"Gremlin Nob","floor":7,"turns":6},{"damage":0,"enemies":"Red Slaver","floor":10,"turns":4},{"damage":0,"enemies":"2 Fungi Beasts","floor":13,"turns":3},{"damage":0,"enemies":"The Guardian","floor":16,"turns":18},{"damage":0,"enemies":"Chosen","floor":18,"turns":5},{"damage":0,"enemies":"3 Byrds","floor":21,"turns":4},{"damage":0,"enemies":"Collector","floor":33,"turns":9},{"damage":0,"enemies":"3 Darklings","floor":35,"turns":4},{"damage":0,"enemies":"Orb Walker","floor":37,"turns":4},{"damage":0,"enemies":"Spire Growth","floor":39,"turns":6},{"damage":7,"enemies":"Jaw Worm Horde","floor":46,"turns":4},{"damage":15,"enemies":"Donu and Deca","floor":50,"turns":8}],"seed_played":"4776975460850717229","potions_obtained":[{"floor":1,"key":"theDuelist:IcePotion"},{"floor":2,"key":"LiquidBronze"},{"floor":10,"key":"CunningPotion"},{"floor":16,"key":"theDuelist:BurningPotion"},{"floor":33,"key":"theDuelist:TributeBottle"},{"floor":38,"key":"DistilledChaos"}],"is_trial":false,"path_per_floor":["M","M","M","M","M","R","E","R","T","M","?","$","M","$","R","B",null,"M","?","?","M","?","R","R","R","T","R","?","R","T","$","R","B",null,"M","$","M","?","M","R","T","?","T","R","?","M","R","$","R","B",null],"character_chosen":"THE_DUELIST","items_purchased":["theDuelist:WingedKuribohLv10"],"campfire_rested":1,"item_purchase_floors":[14],"current_hp_per_floor":[80,80,80,74,65,65,32,56,56,56,56,56,56,56,56,56,80,80,80,80,80,80,80,80,80,80,80,80,80,80,80,80,80,80,80,80,80,80,80,80,80,72,72,72,72,67,67,67,67,54],"gold":55,"neow_bonus":"RANDOM_COMMON_RELIC","is_daily":false,"chose_seed":false,"campfire_upgraded":12,"win_rate":0.0,"timestamp":1612667656,"path_taken":["M","M","M","M","?","R","E","R","T","M","?","$","?","?","R","BOSS","M","?","?","M","?","R","R","R","T","R","?","R","?","$","R","BOSS","M","?","M","?","?","R","?","?","T","R","?","M","R","?","R","BOSS"],"items_purchased_type":["Card"],"build_version":"2020-12-22","purchased_purges":3,"victory":true,"max_hp_per_floor":[80,80,80,80,80,80,80,80,80,80,80,80,80,80,80,80,80,80,80,80,80,80,80,80,80,80,80,80,80,80,80,80,80,80,80,80,80,80,80,80,80,80,80,80,76,76,76,76,76,76],"card_choices":[{"not_picked":["theDuelist:VendreadCharge","theDuelist:DeltaAttacker","theDuelist:GravityAxe","theDuelist:LegendarySword"],"picked":"theDuelist:ElectromagneticShield","floor":1},{"not_picked":["theDuelist:WhiteHowling","theDuelist:GravityAxe","theDuelist:Electrowhip","theDuelist:ElectromagneticShield","theDuelist:MiraculousDescent"],"picked":"SKIP","floor":2},{"not_picked":["theDuelist:BigFire","theDuelist:MagnumShield","theDuelist:WormApocalypse","theDuelist:WhiteMagicalHat","theDuelist:CrystalBlessing"],"picked":"SKIP","floor":3},{"not_picked":["theDuelist:GreyGreedOni","theDuelist:PurplePainOni","theDuelist:RainbowKuriboh","theDuelist:RainbowOverdragon"],"picked":"theDuelist:HappyLover","floor":4},{"not_picked":["theDuelist:SilentDoom","theDuelist:Sangan"],"picked":"theDuelist:GravityLash","floor":5},{"not_picked":["theDuelist:SpellShatteringArrow","theDuelist:Hinotama","theDuelist:WhiteMagicalHat","theDuelist:DeltaAttacker"],"picked":"theDuelist:FluteKuriboh","floor":7},{"not_picked":["theDuelist:Mudora","theDuelist:GiantTrapHole","theDuelist:DarkFactory","theDuelist:GreyGreedOni"],"picked":"theDuelist:GraniteLoyalist","floor":10},{"not_picked":["theDuelist:MeteorDestruction","theDuelist:WhiteMagicalHat","theDuelist:EgoBoost","theDuelist:CombinationAttack"],"picked":"theDuelist:SilverApples","floor":13},{"not_picked":["theDuelist:RainbowNeos","theDuelist:KamionTimelord","theDuelist:HappyLover","theDuelist:Eva"],"picked":"theDuelist:RainbowKuriboh","floor":16},{"not_picked":["theDuelist:RainbowNeos","theDuelist:KamionTimelord+1","theDuelist:Eva","theDuelist:RainbowOverdragon"],"picked":"theDuelist:RainbowKuriboh","floor":18},{"not_picked":["theDuelist:Hinotama","theDuelist:Downbeat","theDuelist:Eva","theDuelist:Tuningware","theDuelist:GiantTrunade"],"picked":"SKIP","floor":21},{"not_picked":["theDuelist:AttackTheMoon+1","theDuelist:DestroyerGolem","theDuelist:ForbiddenLance+2"],"picked":"SKIP","floor":35},{"not_picked":["theDuelist:MillenniumScorpion+1","theDuelist:DianKeto+1","theDuelist:PotGreed"],"picked":"SKIP","floor":37},{"not_picked":["theDuelist:CombinationAttack+1","theDuelist:WormApocalypse+1"],"picked":"theDuelist:WhiteNinja+1","floor":39},{"not_picked":["theDuelist:GilfordLegend+1","theDuelist:Fissure+1","theDuelist:EarthGiant+1"],"picked":"SKIP","floor":46}],"player_experience":2096231,"relics_obtained":[{"floor":7,"key":"Orichalcum"},{"floor":9,"key":"WingedGreaves"},{"floor":26,"key":"theDuelist:MillenniumPrayerbook"},{"floor":30,"key":"Blood Vial"},{"floor":41,"key":"Bottled Lightning"},{"floor":43,"key":"theDuelist:PrayerPageB"}],"event_choices":[{"damage_healed":0,"gold_gain":0,"cards_transformed":["theDuelist:CastleWalls"],"player_choice":"Transformed","damage_taken":0,"max_hp_gain":0,"max_hp_loss":0,"event_name":"Transmorgrifier","floor":11,"gold_loss":0,"cards_obtained":["theDuelist:FusionWeapon"]},{"damage_healed":0,"gold_gain":0,"player_choice":"Ignored","damage_taken":0,"max_hp_gain":0,"max_hp_loss":0,"event_name":"The Mausoleum","floor":19,"gold_loss":0},{"damage_healed":0,"gold_gain":0,"player_choice":"Purchased Millennium Shield for 76 Gold.","duelist":true,"damage_taken":0,"max_hp_gain":0,"max_hp_loss":0,"event_name":"Card Trader","floor":20,"gold_loss":0},{"damage_healed":0,"gold_gain":0,"player_choice":"Delta Electro","duelist":true,"damage_taken":0,"max_hp_gain":0,"max_hp_loss":0,"event_name":"Egyptian Village","floor":22,"gold_loss":0,"cards_obtained":["Delta Electromagnet Warrior"]},{"damage_healed":0,"gold_gain":0,"player_choice":"Leave","duelist":true,"damage_taken":0,"max_hp_gain":0,"max_hp_loss":0,"event_name":"Relic Duplicator","floor":28,"gold_loss":0},{"damage_healed":0,"gold_gain":0,"player_choice":"Got Potions","damage_taken":0,"max_hp_gain":0,"max_hp_loss":0,"event_name":"Lab","floor":38,"gold_loss":0},{"power_reward":1,"total_magic_score":97,"gold_gain":0,"duelist":true,"damage_taken":8,"relics_obtained":[],"points":4,"max_hp_gain":0,"max_hp_loss":0,"spent_points":{"magic":2,"greed":0,"war":0,"power":1,"hunger":1},"event_name":"Nameless Tomb","floor":42,"gold_loss":0,"cards_obtained":["theDuelist:YamiForm"]},{"damage_healed":0,"gold_gain":0,"player_choice":"Max HP","damage_taken":0,"max_hp_gain":0,"max_hp_loss":4,"event_name":"Winding Halls","floor":45,"gold_loss":0}],"is_beta":false,"boss_relics":[{"not_picked":["Pandora\u0027s Box","Inserter"],"picked":"theDuelist:GamblerChip"},{"not_picked":["Runesmith:UraniumAnvil","Tiny House"],"picked":"Busted Crown"}],"items_purged_floors":[12,31,48],"is_endless":false,"potions_floor_spawned":[1,2,10,16,33],"ascension_level":3}}