{"host":"gttgmv2wah99hzdm","time":1612728403,"event":{"mods":["AchievementEnabler","BaseMod","Bestiary","Block Reminder","Minty Spire (QoL Compilation)","Permanent Neow","Relic Stats","Weighted Paths","ojb\u0027s Info Mod"],"gold_per_floor":[116,116,128,142,142,142,142,178,204,220,220,244,244,244],"floor_reached":13,"language":"ENG","playtime":453,"items_purged":[],"score":170,"play_id":"3da333af-05ea-41af-9d89-5eee369e1c42","local_time":"20210207140643","is_ascension_mode":true,"campfire_choices":[{"data":"Spot Weakness","floor":6,"key":"SMITH"},{"floor":11,"key":"REST"}],"circlet_count":0,"master_deck":["AscendersBane","Strike_R","Strike_R","Strike_R","Strike_R","Defend_R","Defend_R","Defend_R","Bash+1","Inflame","Spot Weakness+1","Rampage","Disarm"],"relics":["Empty Cage","Golden Idol","Lantern"],"acts_visited":["Exordium"],"potions_floor_usage":[12,13],"damage_taken":[{"damage":16,"enemies":"Jaw Worm","floor":1,"turns":5},{"damage":4,"enemies":"Small Slimes","floor":3,"turns":3},{"damage":12,"enemies":"Cultist","floor":4,"turns":4},{"damage":25,"enemies":"Lagavulin","floor":8,"turns":6},{"damage":11,"enemies":"3 Louse","floor":10,"turns":3},{"damage":24,"enemies":"Lots of Slimes","floor":12,"turns":5},{"damage":22,"enemies":"Gremlin Nob","floor":13,"turns":3}],"seed_played":"-2954954481521496314","potions_obtained":[{"floor":1,"key":"HeartOfIron"},{"floor":3,"key":"Swift Potion"}],"is_trial":false,"path_per_floor":["M","?","M","M","?","R","?","E","T","M","R","M","E"],"character_chosen":"IRONCLAD","items_purchased":[],"campfire_rested":1,"item_purchase_floors":[],"current_hp_per_floor":[52,57,53,41,41,41,41,16,16,5,26,2,0,0],"gold":244,"neow_bonus":"BOSS_RELIC","is_daily":false,"chose_seed":false,"campfire_upgraded":1,"win_rate":0.0,"timestamp":1612728403,"path_taken":["M","?","M","M","?","R","?","E","T","M","R","M","E"],"items_purchased_type":[],"build_version":"2020-12-22","purchased_purges":0,"victory":false,"max_hp_per_floor":[75,80,80,80,80,80,72,72,72,72,72,72,72,72],"relic_stats":{"counters":[7,29],"Golden Idol":15,"obtain_stats":[{"Lantern":8,"Golden Idol":7,"Empty Cage":0,"Burning Blood":0},{"Lantern":4,"Golden Idol":3,"Empty Cage":0,"Burning Blood":0},{"Lantern":18,"Golden Idol":12,"Empty Cage":0,"Burning Blood":0}]},"card_choices":[{"not_picked":["Body Slam","Warcry"],"picked":"Inflame","floor":1},{"not_picked":["Ghostly Armor","Havoc"],"picked":"Spot Weakness","floor":3},{"not_picked":["Second Wind","Shrug It Off"],"picked":"Rampage","floor":4},{"not_picked":["Clothesline","Flex"],"picked":"Disarm","floor":8},{"not_picked":["Rampage","Sentinel","Clash"],"picked":"SKIP","floor":10},{"not_picked":["Perfected Strike","Body Slam","Flex"],"picked":"SKIP","floor":12}],"player_experience":1111025,"relics_obtained":[{"floor":8,"key":"Lantern"}],"event_choices":[{"damage_healed":0,"gold_gain":0,"player_choice":"Donut","damage_taken":0,"max_hp_gain":5,"max_hp_loss":0,"event_name":"Big Fish","floor":2,"gold_loss":0},{"damage_healed":0,"gold_gain":0,"player_choice":"Grow","damage_taken":0,"max_hp_gain":0,"max_hp_loss":0,"event_name":"Living Wall","floor":5,"gold_loss":0,"cards_upgraded":["Bash"]},{"damage_healed":0,"gold_gain":0,"player_choice":"Lose Max HP","damage_taken":0,"relics_obtained":["Golden Idol"],"max_hp_gain":0,"max_hp_loss":8,"event_name":"Golden Idol","floor":7,"gold_loss":0}],"is_beta":false,"boss_relics":[],"items_purged_floors":[],"is_endless":false,"potions_floor_spawned":[1,3,10],"killed_by":"Gremlin Nob","ascension_level":20}}