{"host":"ga4s3hj9m6nkn6gp","time":1612724583,"event":{"mods":["AchievementEnabler","BaseMod","Bestiary","Colored Powertips","Highlight Path","Minty Spire (QoL Compilation)","Relic Stats","everything is the same but u backflip on backflip"],"gold_per_floor":[117,117,134,134,149,149,168,207,234,234,234,259,15,49,49,49,49],"floor_reached":16,"language":"ENG","playtime":787,"items_purged":["Regret"],"score":220,"play_id":"19d5d148-195a-4c97-bc5f-c86bf5d1c5b5","local_time":"20210207200303","is_ascension_mode":true,"campfire_choices":[{"data":"Dagger Throw","floor":6.0,"key":"SMITH"},{"data":"Skewer","floor":15,"key":"SMITH"}],"circlet_count":0,"master_deck":["AscendersBane","Strike_G","Strike_G","Strike_G","Defend_G","Defend_G","Defend_G","Defend_G","Defend_G","Survivor","Neutralize","Dagger Throw+1","Terror","Die Die Die","Dagger Throw","Skewer+1"],"relics":["Ring of the Snake","Golden Idol","Regal Pillow","Toy Ornithopter","Juzu Bracelet","PreservedInsect","Centennial Puzzle"],"acts_visited":["Exordium"],"potions_floor_usage":[8,16],"damage_taken":[{"damage":0.0,"enemies":"Cultist","floor":1.0,"turns":4.0},{"damage":4.0,"enemies":"Small Slimes","floor":3.0,"turns":4.0},{"damage":0.0,"enemies":"2 Louse","floor":5.0,"turns":2.0},{"damage":13.0,"enemies":"Exordium Wildlife","floor":7.0,"turns":6.0},{"damage":12,"enemies":"Lagavulin","floor":8,"turns":5},{"damage":0,"enemies":"Blue Slaver","floor":12,"turns":4},{"damage":20,"enemies":"3 Sentries","floor":14,"turns":6},{"damage":17,"enemies":"Hexaghost","floor":16,"turns":7}],"seed_played":"-285401372600623673","potions_obtained":[{"floor":5.0,"key":"SpeedPotion"},{"floor":7.0,"key":"SteroidPotion"}],"is_trial":false,"path_per_floor":["M","?","M","?","M","R","M","E","T","?","?","M","$","E","R","B"],"character_chosen":"THE_SILENT","items_purchased":["PreservedInsect"],"campfire_rested":0,"item_purchase_floors":[13],"current_hp_per_floor":[65,58,54,54,54,54,41,29,29,29,29,29,29,9,9,0,0],"gold":49,"neow_bonus":"TEN_PERCENT_HP_BONUS","is_daily":false,"chose_seed":false,"campfire_upgraded":2,"win_rate":0.0,"timestamp":1612724583,"path_taken":["M","?","M","?","M","R","M","E","T","?","?","M","$","E","R","BOSS"],"items_purchased_type":["Relic"],"build_version":"2020-12-22","purchased_purges":1,"victory":false,"max_hp_per_floor":[72,72,72,65,65,65,65,65,65,65,65,65,65,65,65,65,65],"relic_stats":{"Regal Pillow":0,"Centennial Puzzle":[3],"counters":[8,38],"Golden Idol":27,"PreservedInsect":31,"Juzu Bracelet":0,"obtain_stats":[{"Regal Pillow":8,"Centennial Puzzle":14,"Golden Idol":4,"PreservedInsect":13,"Juzu Bracelet":11,"Toy Ornithopter":9,"Ring of the Snake":0},{"Regal Pillow":5,"Centennial Puzzle":7,"Golden Idol":2,"PreservedInsect":6,"Juzu Bracelet":5,"Toy Ornithopter":5,"Ring of the Snake":0},{"Regal Pillow":21,"Centennial Puzzle":31,"Golden Idol":8,"PreservedInsect":25,"Juzu Bracelet":21,"Toy Ornithopter":21,"Ring of the Snake":0}],"Toy Ornithopter":5,"Ring of the Snake":[16]},"card_choices":[{"not_picked":["Poisoned Stab","PiercingWail"],"picked":"Dagger Throw","floor":1.0},{"not_picked":["Dagger Spray","Choke"],"picked":"Terror","floor":3.0},{"not_picked":["Terror","Outmaneuver","Catalyst"],"picked":"SKIP","floor":5.0},{"not_picked":["Poisoned Stab","Deadly Poison"],"picked":"Die Die Die","floor":7.0},{"not_picked":["Finisher","Bane"],"picked":"Dagger Throw","floor":8},{"not_picked":["Sucker Punch","Prepared","Setup"],"picked":"SKIP","floor":12},{"not_picked":["Dagger Throw","Outmaneuver","Grand Finale"],"picked":"SKIP","floor":14}],"player_experience":748390,"relics_obtained":[{"floor":8,"key":"Regal Pillow"},{"floor":9,"key":"Toy Ornithopter"},{"floor":14,"key":"Centennial Puzzle"}],"event_choices":[{"cards_removed":["Strike_G"],"damage_healed":0.0,"max_hp_gain":0.0,"max_hp_loss":0.0,"gold_gain":0.0,"event_name":"Golden Wing","player_choice":"Card Removal","floor":2.0,"gold_loss":0.0,"damage_taken":7.0},{"damage_healed":0.0,"max_hp_gain":0.0,"max_hp_loss":7.0,"gold_gain":0.0,"event_name":"Golden Idol","player_choice":"Lose Max HP","floor":4.0,"gold_loss":0.0,"damage_taken":0.0,"relics_obtained":["Golden Idol"]},{"damage_healed":0,"gold_gain":0,"cards_transformed":["Strike_G"],"player_choice":"Change","damage_taken":0,"max_hp_gain":0,"max_hp_loss":0,"event_name":"Living Wall","floor":10,"gold_loss":0,"cards_obtained":["Skewer"]},{"damage_healed":0,"gold_gain":0,"player_choice":"Box","damage_taken":0,"relics_obtained":["Juzu Bracelet"],"max_hp_gain":0,"max_hp_loss":0,"event_name":"Big Fish","floor":11,"gold_loss":0,"cards_obtained":["Regret"]}],"is_beta":false,"boss_relics":[],"items_purged_floors":[13],"is_endless":false,"potions_floor_spawned":[5,7],"killed_by":"Hexaghost","ascension_level":20}}