{"host":"zxkjcgzis4pm3za5","time":1612672289,"event":{"mods":["AchievementEnabler","BaseMod","Colored Map","Colored Powertips","Minty Spire (QoL Compilation)","Quick Restart","RNG Fix","Random Character Button","Relic Sorter","Relic Stats","StSLib"],"gold_per_floor":[116,191,205,222,187,187,222,222,276,293,293,304,332,332,332,332,332],"floor_reached":16,"language":"ENG","playtime":637,"items_purged":[],"score":215,"play_id":"efe29bae-0909-42a8-83fb-036761213c76","local_time":"20210207100129","is_ascension_mode":true,"campfire_choices":[{"data":"Bash","floor":6,"key":"SMITH"},{"data":"Infernal Blade","floor":11,"key":"SMITH"},{"data":"Flame Barrier","floor":15,"key":"SMITH"}],"circlet_count":0,"master_deck":["AscendersBane","Strike_R","Strike_R","Strike_R","Strike_R","Strike_R","Defend_R","Defend_R","Defend_R","Defend_R","Bash+1","Iron Wave","Evolve+1","Clothesline","Infernal Blade+1","Headbutt","Flame Barrier+1","Offering"],"relics":["Coffee Dripper","Blood Vial","Art of War","White Beast Statue","Matryoshka"],"acts_visited":["Exordium"],"potions_floor_usage":[7,12,13],"damage_taken":[{"damage":0,"enemies":"2 Louse","floor":1,"turns":3},{"damage":2,"enemies":"Jaw Worm","floor":3,"turns":2},{"damage":10,"enemies":"Small Slimes","floor":4,"turns":3},{"damage":18,"enemies":"Gremlin Nob","floor":7,"turns":4},{"damage":4,"enemies":"Blue Slaver","floor":10,"turns":3},{"damage":16,"enemies":"Exordium Thugs","floor":12,"turns":3},{"damage":10,"enemies":"Lagavulin","floor":13,"turns":3},{"damage":18,"enemies":"Slime Boss","floor":16,"turns":3}],"seed_played":"-4679169489549366961","potions_obtained":[{"floor":1,"key":"Block Potion"},{"floor":3,"key":"ElixirPotion"},{"floor":10,"key":"ColorlessPotion"},{"floor":12,"key":"SteroidPotion"}],"is_trial":false,"path_per_floor":["M","?","M","M","?","R","E","?","T","M","R","M","E","?","R","B"],"character_chosen":"IRONCLAD","items_purchased":[],"campfire_rested":0,"item_purchase_floors":[],"current_hp_per_floor":[68,57,55,45,63,63,45,45,45,43,43,29,21,16,16,0,0],"gold":332,"neow_bonus":"BOSS_RELIC","is_daily":false,"chose_seed":false,"campfire_upgraded":3,"win_rate":0.0,"timestamp":1612672289,"path_taken":["M","?","M","M","?","R","E","?","T","M","R","M","E","?","R","BOSS"],"items_purchased_type":[],"build_version":"2020-12-22","purchased_purges":0,"victory":false,"max_hp_per_floor":[75,75,75,75,75,75,75,75,75,75,75,75,75,75,75,75,75],"relic_stats":{"Blood Vial":8,"counters":[8,24],"Art of War":[0],"obtain_stats":[{"Blood Vial":7,"Matryoshka":14,"Coffee Dripper":0,"Art of War":9,"Burning Blood":0,"White Beast Statue":13},{"Blood Vial":4,"Matryoshka":7,"Coffee Dripper":0,"Art of War":4,"Burning Blood":0,"White Beast Statue":7},{"Blood Vial":12,"Matryoshka":21,"Coffee Dripper":0,"Art of War":12,"Burning Blood":0,"White Beast Statue":21}]},"card_choices":[{"not_picked":["Body Slam","Anger"],"picked":"Iron Wave","floor":1},{"not_picked":["Armaments","Disarm"],"picked":"Evolve","floor":3},{"not_picked":["Pommel Strike","Armaments"],"picked":"Clothesline","floor":4},{"not_picked":["Iron Wave","Sentinel"],"picked":"Infernal Blade","floor":7},{"not_picked":["Iron Wave","Searing Blow"],"picked":"Headbutt","floor":10},{"not_picked":["Headbutt","Hemokinesis"],"picked":"Flame Barrier","floor":12},{"not_picked":["Cleave","Pommel Strike"],"picked":"Offering","floor":13}],"player_experience":326404,"relics_obtained":[{"floor":7,"key":"Blood Vial"},{"floor":9,"key":"Art of War"},{"floor":13,"key":"White Beast Statue"}],"event_choices":[{"damage_healed":0,"gold_gain":75,"player_choice":"Gather Gold","damage_taken":11,"max_hp_gain":0,"max_hp_loss":0,"event_name":"World of Goop","floor":2,"gold_loss":0},{"damage_healed":18,"gold_gain":0,"player_choice":"Healed","damage_taken":0,"max_hp_gain":0,"max_hp_loss":0,"event_name":"The Cleric","floor":5,"gold_loss":35},{"damage_healed":0,"gold_gain":0,"player_choice":"Grow","damage_taken":0,"max_hp_gain":0,"max_hp_loss":0,"event_name":"Living Wall","floor":8,"gold_loss":0,"cards_upgraded":["Evolve"]},{"damage_healed":0,"gold_gain":0,"player_choice":"Success","damage_taken":5,"relics_obtained":["Matryoshka"],"max_hp_gain":0,"max_hp_loss":0,"event_name":"Scrap Ooze","floor":14,"gold_loss":0}],"is_beta":false,"boss_relics":[],"items_purged_floors":[],"is_endless":false,"potions_floor_spawned":[1,3,10,12],"killed_by":"Slime Boss","ascension_level":19}}