{"host":"nnmmiiw4bez2c8ei","time":1612671156,"event":{"mods":["AchievementEnabler","BaseMod","Colored Map","Colored Powertips","Minty Spire (QoL Compilation)","Rare Cards Sparkle","StSLib"],"gold_per_floor":[116,132,307,323,323,351,351,365,414,414,414,426,452,452,452,452,452],"floor_reached":16,"language":"KOR","playtime":520,"items_purged":[],"score":143,"play_id":"d8138c58-fab5-416a-a06c-8b8477a437dc","local_time":"20210207131236","is_ascension_mode":true,"campfire_choices":[{"floor":7.0,"key":"REST"},{"floor":11.0,"key":"REST"},{"floor":15,"key":"REST"}],"circlet_count":0,"master_deck":["Strike_R","Strike_R","Strike_R","Defend_R","Defend_R","Defend_R","Defend_R","Bash","Rampage","Flame Barrier","Warcry","Shrug It Off","Metallicize","Brutality","Dropkick"],"relics":["Burning Blood","Singing Bowl","Vajra","Art of War"],"acts_visited":["Exordium"],"potions_floor_usage":[13],"damage_taken":[{"damage":1.0,"enemies":"Cultist","floor":1.0,"turns":3.0},{"damage":3.0,"enemies":"Small Slimes","floor":2.0,"turns":4.0},{"damage":4.0,"enemies":"2 Louse","floor":4.0,"turns":3.0},{"damage":44.0,"enemies":"Gremlin Nob","floor":6.0,"turns":5.0},{"damage":20.0,"enemies":"Lots of Slimes","floor":8.0,"turns":5.0},{"damage":8.0,"enemies":"Large Slime","floor":12.0,"turns":6.0},{"damage":29,"enemies":"Lagavulin","floor":13,"turns":7},{"damage":66,"enemies":"Hexaghost","floor":16,"turns":11}],"seed_played":"39813378871129956","potions_obtained":[{"floor":1.0,"key":"SpeedPotion"},{"floor":4.0,"key":"SteroidPotion"},{"floor":12.0,"key":"DuplicationPotion"}],"is_trial":false,"path_per_floor":["M","M","?","M","?","E","R","M","T","?","R","M","E","?","R","B"],"character_chosen":"IRONCLAD","items_purchased":[],"campfire_rested":3,"item_purchase_floors":[],"current_hp_per_floor":[72,72,72,72,65,27,48,34,34,39,62,62,39,39,62,0,0],"gold":452,"neow_bonus":"REMOVE_TWO","is_daily":false,"chose_seed":false,"campfire_upgraded":0,"win_rate":0.0,"timestamp":1612671156,"path_taken":["M","M","?","M","?","E","R","M","T","?","R","M","E","?","R","BOSS"],"items_purchased_type":[],"build_version":"2020-12-22","purchased_purges":0,"victory":false,"max_hp_per_floor":[72,72,72,72,72,72,72,72,72,77,77,79,79,79,79,79,79],"card_choices":[{"not_picked":["Intimidate","Sentinel"],"picked":"Rampage","floor":1.0},{"not_picked":["Body Slam","Thunderclap"],"picked":"Flame Barrier","floor":2.0},{"not_picked":["True Grit","Iron Wave"],"picked":"Warcry","floor":4.0},{"not_picked":["Entrench","Hemokinesis"],"picked":"Shrug It Off","floor":6.0},{"not_picked":["Twin Strike","Clothesline"],"picked":"Metallicize","floor":8.0},{"not_picked":["Battle Trance","Flex","Seeing Red"],"picked":"Singing Bowl","floor":12.0},{"not_picked":["Intimidate","Thunderclap"],"picked":"Brutality","floor":13}],"player_experience":516128,"relics_obtained":[{"floor":6.0,"key":"Singing Bowl"},{"floor":9.0,"key":"Vajra"},{"floor":13,"key":"Art of War"}],"event_choices":[{"damage_healed":0.0,"max_hp_gain":0.0,"max_hp_loss":0.0,"gold_gain":175.0,"event_name":"Liars Game","player_choice":"AGREE","floor":3.0,"gold_loss":0.0,"damage_taken":0.0,"cards_obtained":["Doubt"]},{"cards_removed":["Doubt"],"damage_healed":0.0,"max_hp_gain":0.0,"max_hp_loss":0.0,"gold_gain":0.0,"event_name":"Golden Wing","player_choice":"Card Removal","floor":5.0,"gold_loss":0.0,"damage_taken":7.0},{"damage_healed":0.0,"max_hp_gain":5.0,"max_hp_loss":0.0,"gold_gain":0.0,"event_name":"Big Fish","player_choice":"Donut","floor":10.0,"gold_loss":0.0,"damage_taken":0.0},{"damage_healed":0,"gold_gain":0,"player_choice":"1 cards matched","damage_taken":0,"max_hp_gain":0,"max_hp_loss":0,"event_name":"Match and Keep!","floor":14,"gold_loss":0,"cards_obtained":["Dropkick"]}],"is_beta":false,"boss_relics":[],"items_purged_floors":[],"is_endless":false,"potions_floor_spawned":[1,4,12],"killed_by":"Hexaghost","ascension_level":6}}