{"host":"u0qetpmu4y58k1tf","time":1612703616,"event":{"mods":["AchievementEnabler","BaseMod","Colored Map","Colored Powertips","Hermit","Marisa£¨Ùöéë¡¡Øª×âÞÞ£©","Minty Spire (QoL Compilation)","Reliquary","Replay The Spire","StSLib","SuperFastMode","The Bug Knight","The Cursed","The Hierophant","The Runesmith"],"gold_per_floor":[112,112,132,132,148,178,194,194,221,19,19,63,87,111,111,111,111],"floor_reached":16,"language":"KOR","playtime":418,"items_purged":["Strike_B"],"score":129,"play_id":"9537c953-8da7-4980-9a20-0360d222a21b","local_time":"20210207221336","is_ascension_mode":true,"campfire_choices":[{"floor":11,"key":"REST"},{"floor":15,"key":"REST"}],"circlet_count":0,"master_deck":["Strike_B","Defend_B","Defend_B","Defend_B","Defend_B","Zap","Dualcast","Streamline","Scrape","Streamline","Steam Power","Double Energy","Panic Button"],"relics":["Cracked Core","NeowsBlessing","reliquary:ExpiredCoupon","Golden Idol","Smiling Mask","Membership Card","Dream Catcher"],"acts_visited":["Exordium"],"potions_floor_usage":[6,16],"damage_taken":[{"damage":0,"enemies":"Jaw Worm","floor":1,"turns":1},{"damage":0,"enemies":"2 Louse","floor":3,"turns":1},{"damage":0,"enemies":"Cultist","floor":5,"turns":1},{"damage":20,"enemies":"Gremlin Nob","floor":6,"turns":4},{"damage":3,"enemies":"3 Louse","floor":7,"turns":3},{"damage":35,"enemies":"Lagavulin","floor":12,"turns":4},{"damage":7,"enemies":"Looter","floor":13,"turns":3},{"damage":5,"enemies":"Gremlin Gang","floor":14,"turns":4},{"damage":25,"enemies":"The Guardian","floor":16,"turns":5}],"seed_played":"-84297893443985767","potions_obtained":[{"floor":3,"key":"LiquidBronze"},{"floor":6,"key":"Swift Potion"},{"floor":13,"key":"Reflective Coating"}],"is_trial":false,"path_per_floor":["M","?","M","?","M","E","M","?","T","$","R","E","M","M","R","B"],"character_chosen":"DEFECT","items_purchased":["Membership Card"],"campfire_rested":2,"item_purchase_floors":[10],"current_hp_per_floor":[75,75,75,68,68,48,45,27,27,27,49,14,7,2,24,0,0],"gold":111,"neow_bonus":"THREE_ENEMY_KILL","is_daily":false,"chose_seed":false,"campfire_upgraded":0,"win_rate":0.0,"timestamp":1612703616,"path_taken":["M","?","M","?","M","E","M","?","T","$","R","E","M","M","R","BOSS"],"items_purchased_type":["Relic"],"build_version":"2020-12-22","purchased_purges":1,"victory":false,"max_hp_per_floor":[75,75,75,75,75,75,75,75,75,75,75,75,75,75,75,75,75],"card_choices":[{"not_picked":["Redo","Turbo"],"picked":"Streamline","floor":1},{"not_picked":["Time Bomb","BasicCrystalCard"],"picked":"Scrape","floor":3},{"not_picked":["Cold Snap","Leap"],"picked":"Streamline","floor":5},{"not_picked":["Genetic Algorithm","Sunder"],"picked":"Steam Power","floor":6},{"not_picked":["ReplayTheSpireMod:GoodbyeWorld","Stack"],"picked":"Double Energy","floor":7},{"not_picked":["Genetic Algorithm","ReplaySolidLightProjector","Electrodynamics"],"picked":"SKIP","floor":12},{"not_picked":["Stack","Conserve Battery","Redo"],"picked":"SKIP","floor":13},{"not_picked":["BasicCrystalCard","Force Field"],"picked":"Panic Button","floor":14}],"player_experience":84217,"relics_obtained":[{"floor":6,"key":"reliquary:ExpiredCoupon"},{"floor":9,"key":"Smiling Mask"},{"floor":12,"key":"Dream Catcher"}],"event_choices":[{"cards_removed":["Strike_B"],"damage_healed":0,"gold_gain":0,"player_choice":"Forget","damage_taken":0,"max_hp_gain":0,"max_hp_loss":0,"event_name":"Living Wall","floor":2,"gold_loss":0},{"cards_removed":["Strike_B"],"damage_healed":0,"gold_gain":0,"player_choice":"Card Removal","damage_taken":7,"max_hp_gain":0,"max_hp_loss":0,"event_name":"Golden Wing","floor":4,"gold_loss":0},{"damage_healed":0,"gold_gain":0,"player_choice":"Take Damage","damage_taken":18,"relics_obtained":["Golden Idol"],"max_hp_gain":0,"max_hp_loss":0,"event_name":"Golden Idol","floor":8,"gold_loss":0}],"is_beta":false,"boss_relics":[],"items_purged_floors":[10],"is_endless":false,"potions_floor_spawned":[3,6,13],"killed_by":"The Guardian","ascension_level":3}}