{"host":"bzdetxjlj4j9z4ce","time":1612723096,"event":{"mods":["BaseMod","Bestiary","Colored Map","Colored Powertips","DeckTracker","Minty Spire (QoL Compilation)"],"gold_per_floor":[115,132,150,150,169,169,187,205,205,205,155,155,176,176,176,297,297,320,338,263,199,218,218,236,236,259,259,277,291,303,321,321,418,418,436,363,363,363,363],"floor_reached":38,"language":"ENG","playtime":1950,"items_purged":[],"score":372,"play_id":"3d2a1b03-6457-45f2-8645-44f918350bba","local_time":"20210207203816","is_ascension_mode":false,"campfire_choices":[{"data":"Streamline","floor":6,"key":"SMITH"},{"data":"Fusion","floor":10,"key":"SMITH"},{"floor":15,"key":"REST"},{"floor":32,"key":"REST"}],"circlet_count":0,"master_deck":["Strike_B","Strike_B","Defend_B","Defend_B","Defend_B","Zap","Dualcast","Lockon","Streamline+1","Sweeping Beam","Force Field","Conserve Battery","Fusion+1","White Noise","Rainbow","Coolheaded","Defragment+1","Compile Driver+1","Auto Shields","Redo","Machine Learning","Compile Driver","Heatsinks"],"relics":["Cracked Core","NeowsBlessing","Bloody Idol","Pantograph","Lizard Tail","Sozu","PreservedInsect","Boot","Snecko Eye"],"acts_visited":["Exordium","TheCity","TheBeyond"],"potions_floor_usage":[16],"damage_taken":[{"damage":0,"enemies":"Cultist","floor":1,"turns":1},{"damage":0,"enemies":"Jaw Worm","floor":2,"turns":1},{"damage":0,"enemies":"2 Louse","floor":3,"turns":1},{"damage":2,"enemies":"Large Slime","floor":5,"turns":5},{"damage":7,"enemies":"2 Fungi Beasts","floor":7,"turns":4},{"damage":5,"enemies":"Looter","floor":8,"turns":3},{"damage":20,"enemies":"Exordium Thugs","floor":13,"turns":3},{"damage":18,"enemies":"Slime Boss","floor":16,"turns":5},{"damage":25,"enemies":"Spheric Guardian","floor":18,"turns":6},{"damage":8,"enemies":"Shell Parasite","floor":19,"turns":6},{"damage":15,"enemies":"Shelled Parasite and Fungi","floor":22,"turns":5},{"damage":5,"enemies":"Snecko","floor":24,"turns":5},{"damage":12,"enemies":"Snake Plant","floor":28,"turns":4},{"damage":6,"enemies":"Centurion and Healer","floor":29,"turns":5},{"damage":13,"enemies":"Sentry and Sphere","floor":30,"turns":4},{"damage":30,"enemies":"Cultist and Chosen","floor":31,"turns":6},{"damage":85,"enemies":"Automaton","floor":33,"turns":14},{"damage":28,"enemies":"Orb Walker","floor":35,"turns":5},{"damage":55,"enemies":"3 Darklings","floor":38,"turns":4}],"seed_played":"-2031105971202989866","potions_obtained":[{"floor":2,"key":"Energy Potion"},{"floor":3,"key":"FairyPotion"},{"floor":7,"key":"ColorlessPotion"}],"is_trial":false,"path_per_floor":["M","M","M","?","M","R","M","M","T","R","?","?","M","?","R","B",null,"M","M","?","?","M","?","M","$","T","$","M","M","M","M","R","B",null,"M","$","$","M"],"character_chosen":"DEFECT","items_purchased":["Heatsinks"],"campfire_rested":2,"item_purchase_floors":[36],"current_hp_per_floor":[75,75,75,57,55,55,48,43,43,43,43,36,16,16,38,45,75,50,42,42,42,27,27,27,27,32,32,25,24,16,23,45,42,75,52,52,52,0,0],"gold":363,"neow_bonus":"THREE_ENEMY_KILL","is_daily":false,"chose_seed":false,"campfire_upgraded":2,"win_rate":0.0,"timestamp":1612723096,"path_taken":["M","M","?","?","M","R","M","M","T","R","?","?","M","?","R","BOSS","M","M","?","?","?","?","M","?","T","$","M","M","M","M","R","BOSS","M","?","$","?"],"items_purchased_type":["Card"],"build_version":"2020-12-22","purchased_purges":0,"victory":false,"max_hp_per_floor":[75,75,75,75,75,75,75,75,75,75,75,75,75,75,75,75,75,75,75,75,75,75,75,75,75,75,75,75,75,75,75,75,75,75,75,75,75,75,75],"card_choices":[{"not_picked":["Barrage","Coolheaded"],"picked":"Lockon","floor":1},{"not_picked":["Lockon","Gash"],"picked":"Streamline","floor":2},{"not_picked":["Hologram","Barrage"],"picked":"Sweeping Beam","floor":3},{"not_picked":["Sweeping Beam","Steam"],"picked":"Force Field","floor":5},{"not_picked":["Chill","Reinforced Body"],"picked":"Conserve Battery","floor":7},{"not_picked":["Rip and Tear","Steam"],"picked":"Fusion","floor":8},{"not_picked":["Capacitor","Steam"],"picked":"White Noise","floor":13},{"not_picked":["Fission","Biased Cognition"],"picked":"Rainbow","floor":16},{"not_picked":["Steam","Beam Cell+1"],"picked":"Coolheaded","floor":18},{"not_picked":["Aggregate","Steam+1"],"picked":"Defragment+1","floor":19},{"not_picked":["Conserve Battery","Seek","BootSequence"],"picked":"SKIP","floor":22},{"not_picked":["Coolheaded","Stack"],"picked":"Compile Driver+1","floor":24},{"not_picked":["Gash","Force Field","Chill"],"picked":"SKIP","floor":28},{"not_picked":["Hologram+1","Tempest","Barrage"],"picked":"SKIP","floor":29},{"not_picked":["Stack+1","Steam Power"],"picked":"Auto Shields","floor":30},{"not_picked":["Beam Cell+1","Heatsinks"],"picked":"Redo","floor":31},{"not_picked":["Fission","All For One"],"picked":"Machine Learning","floor":33},{"not_picked":["FTL","Auto Shields+1"],"picked":"Compile Driver","floor":35}],"player_experience":6541,"relics_obtained":[{"floor":9,"key":"Pantograph"},{"floor":26,"key":"Boot"}],"event_choices":[{"damage_healed":0,"gold_gain":0,"player_choice":"Take Damage","damage_taken":18,"relics_obtained":["Golden Idol"],"max_hp_gain":0,"max_hp_loss":0,"event_name":"Golden Idol","floor":4,"gold_loss":0},{"cards_removed":["Strike_B"],"damage_healed":0,"gold_gain":0,"player_choice":"Card Removal","damage_taken":0,"max_hp_gain":0,"max_hp_loss":0,"event_name":"The Cleric","floor":11,"gold_loss":50},{"cards_removed":["Strike_B"],"damage_healed":0,"gold_gain":0,"player_choice":"Card Removal","damage_taken":7,"max_hp_gain":0,"max_hp_loss":0,"event_name":"Golden Wing","floor":12,"gold_loss":0},{"damage_healed":0,"gold_gain":0,"player_choice":"Searched \u00271\u0027 times","damage_taken":0,"relics_obtained":["Lizard Tail"],"max_hp_gain":0,"max_hp_loss":0,"event_name":"Dead Adventurer","floor":14,"gold_loss":0},{"cards_removed":["Defend_B"],"damage_healed":0,"gold_gain":0,"player_choice":"Gave Gold","damage_taken":0,"max_hp_gain":0,"max_hp_loss":0,"event_name":"Beggar","floor":20,"gold_loss":75},{"damage_healed":0,"gold_gain":0,"player_choice":"Paid Gold","damage_taken":0,"relics_obtained":["PreservedInsect"],"max_hp_gain":0,"max_hp_loss":0,"event_name":"WeMeetAgain","floor":21,"gold_loss":64},{"damage_healed":0,"gold_gain":0,"player_choice":"Gave Idol","damage_taken":0,"relics_obtained":["Bloody Idol"],"max_hp_gain":0,"max_hp_loss":0,"event_name":"Forgotten Altar","floor":23,"relics_lost":["Golden Idol"],"gold_loss":0}],"is_beta":false,"boss_relics":[{"not_picked":["Tiny House","Cursed Key"],"picked":"Sozu"},{"not_picked":["Coffee Dripper","Runic Dome"],"picked":"Snecko Eye"}],"items_purged_floors":[],"is_endless":false,"potions_floor_spawned":[2,3,7,18,24,28,30,33,35],"killed_by":"3 Darklings","ascension_level":0}}