{"host":"w6q69c5vmy05l1mm","time":1612695624,"event":{"mods":["BaseMod","Better Third Choice","Colored Map","Colored Powertips","Minty Spire (QoL Compilation)","Replay The Spire","StSLib"],"gold_per_floor":[112,112,132,132,147,147,166,184,184,184,203,203,266,298,298,372,372,384,48,147,159,176,176,204,204,204,204,50,84,84,101,101,174,174,186,202,102,0,0,0,26,78,104,104,104,104],"floor_reached":45,"language":"ENG","playtime":1486,"items_purged":["Defend_G","Overencumbered"],"score":790,"play_id":"b267bd94-9e17-485e-9d0b-8ee57cbe630e","local_time":"20210207130024","is_ascension_mode":true,"campfire_choices":[{"data":"Dash","floor":6.0,"key":"SMITH"},{"data":"Cloak And Dagger","floor":10.0,"key":"SMITH"},{"data":"Neutralize","floor":12.0,"key":"SMITH"},{"data":"Bane","floor":15.0,"key":"SMITH"},{"data":"A Thousand Cuts","floor":23.0,"key":"SMITH"},{"data":"Corpse Explosion","floor":25.0,"key":"SMITH"},{"data":"Backflip","floor":30,"key":"SMITH"},{"data":"Blade Dance","floor":32,"key":"SMITH"},{"data":"ReplayTheSpireMod:From All Sides","floor":40,"key":"SMITH"}],"circlet_count":0,"master_deck":["AscendersBane","Strike_G+1","Strike_G+1","Strike_G+1","Strike_G+1","Defend_G+1","Defend_G+1","Defend_G+1","Defend_G+1","Survivor","Neutralize+1","Quick Slash","Poisoned Stab","Dash+1","Sucker Punch","Flying Knee","Cloak And Dagger+1","Deadly Poison","Blade Dance+1","Bane+1","A Thousand Cuts+1","Sucker Punch","Backflip+1","Deadly Poison","Corpse Explosion+1","Slice+1","ReplayTheSpireMod:From All Sides+1","Deflect","Writhe","Sickly"],"relics":["Torii","Sizzling Blood","Turnip","Iron Hammer","WingedGreaves","Cursed Key","Onion Ring","Vampiric Spirits","CaptainsWheel","TwistedFunnel","Juzu Bracelet","SlaversCollar","Red Mask","Replay:Wax Seal","Tough Bandages","Blue Doll"],"acts_visited":["Exordium","TheCity","TheBeyond"],"potions_floor_usage":[],"damage_taken":[{"damage":2.0,"enemies":"Cultist","floor":1.0,"turns":4.0},{"damage":8.0,"enemies":"Jaw Worm","floor":3.0,"turns":5.0},{"damage":0.0,"enemies":"Small Slimes","floor":5.0,"turns":3.0},{"damage":2.0,"enemies":"Red Slaver","floor":7.0,"turns":4.0},{"damage":1.0,"enemies":"Exordium Wildlife","floor":8.0,"turns":3.0},{"damage":1.0,"enemies":"3 Louse","floor":11.0,"turns":3.0},{"damage":14.0,"enemies":"Replay:BlueRogue","floor":14.0,"turns":4.0},{"damage":11.0,"enemies":"Hexaghost","floor":16.0,"turns":8.0},{"damage":1.0,"enemies":"Chosen","floor":18.0,"turns":5.0},{"damage":0.0,"enemies":"3 Byrds","floor":21.0,"turns":3.0},{"damage":9.0,"enemies":"Centurion and Healer","floor":22.0,"turns":5.0},{"damage":14.0,"enemies":"Book of Stabbing","floor":24.0,"turns":5.0},{"damage":16,"enemies":"Slavers","floor":29,"turns":4},{"damage":1,"enemies":"Snake Plant","floor":31,"turns":3},{"damage":31,"enemies":"Collector","floor":33,"turns":7},{"damage":10,"enemies":"3 Shapes","floor":35,"turns":2},{"damage":29,"enemies":"3 Darklings","floor":36,"turns":5},{"damage":21,"enemies":"R_Hoarder","floor":41,"turns":7},{"damage":44,"enemies":"2 Orb Walkers","floor":42,"turns":3},{"damage":33,"enemies":"Transient","floor":45,"turns":5}],"seed_played":"-1332552136120595219","potions_obtained":[{"floor":3.0,"key":"Adrenaline Potion"},{"floor":7.0,"key":"SkillPotion"},{"floor":13.0,"key":"Strength Potion"},{"floor":21.0,"key":"Dexterity Potion"},{"floor":29,"key":"BlessingOfTheForge"},{"floor":42,"key":"Explosive Potion"}],"is_trial":false,"path_per_floor":["M","?","M","?","M","R","M","M","T","R","M","R","?","E","R","B",null,"M","$","?","M","M","R","E","R","T","?","$","E","R","M","R","B",null,"M","M","$","?","?","R","E","?","T","?","M"],"character_chosen":"THE_SILENT","items_purchased":["Onion Ring","TwistedFunnel"],"campfire_rested":0,"item_purchase_floors":[19,28],"current_hp_per_floor":[61,65,61,61,65,65,67,67,67,67,67,67,51,41,41,34,59,62,62,62,66,61,61,51,51,51,51,51,45,45,51,51,36,59,62,42,42,42,59,59,47,18,18,18,0,0],"gold":104,"neow_bonus":"ONE_RARE_RELIC","is_daily":false,"chose_seed":false,"campfire_upgraded":9,"win_rate":0.0,"timestamp":1612695624,"path_taken":["M","?","M","?","M","R","?","M","T","R","M","R","?","E","R","BOSS","M","$","?","M","M","R","E","R","T","?","$","E","R","M","R","BOSS","M","M","$","?","?","R","E","?","T","?","M"],"items_purchased_type":["Relic","Relic"],"build_version":"2020-12-22","purchased_purges":2,"victory":false,"max_hp_per_floor":[63,67,67,67,67,67,67,67,67,67,67,67,67,67,67,67,67,67,67,67,67,67,67,67,67,67,67,67,67,67,67,67,67,67,67,67,67,67,67,67,67,67,67,67,67,67],"card_choices":[{"not_picked":["Dagger Throw","Acrobatics"],"picked":"Quick Slash","floor":1.0},{"not_picked":["Underhanded Strike","Dodge and Roll"],"picked":"Poisoned Stab","floor":3.0},{"not_picked":["Grand Finale","Prepared"],"picked":"Sucker Punch","floor":5.0},{"not_picked":["Deadly Poison","Sucker Punch"],"picked":"Flying Knee","floor":7.0},{"not_picked":["ReplayTheSpireMod:The Works","Prepared"],"picked":"Cloak And Dagger","floor":8.0},{"not_picked":["Dagger Throw","ReplayTheSpireMod:The Works"],"picked":"Deadly Poison","floor":11.0},{"not_picked":["Deflect","Dash"],"picked":"Blade Dance","floor":13.0},{"not_picked":["ReplayTheSpireMod:The Works","Dodge and Roll"],"picked":"Bane","floor":14.0},{"not_picked":["Phantasmal Killer","Tools of the Trade"],"picked":"A Thousand Cuts","floor":16.0},{"not_picked":["Reflex","Riddle With Holes"],"picked":"Sucker Punch","floor":18.0},{"not_picked":["ReplayTheSpireMod:Scrap Shanks","Dagger Throw+1"],"picked":"Backflip","floor":21.0},{"not_picked":["Hidden Blade","ReplayTheSpireMod:Shiv Toss"],"picked":"Deadly Poison","floor":22.0},{"not_picked":["Dagger Spray","Underhanded Strike"],"picked":"Corpse Explosion","floor":24.0},{"not_picked":["Blur","Dagger Throw"],"picked":"Slice+1","floor":29},{"not_picked":["Slice","Bane","Underhanded Strike+1"],"picked":"SKIP","floor":31},{"not_picked":["Unload","Wraith Form v2"],"picked":"ReplayTheSpireMod:From All Sides","floor":33},{"not_picked":["Dodge and Roll","Concentrate","Deadly Poison+1"],"picked":"SKIP","floor":35},{"not_picked":["ReplayTheSpireMod:The Works+1","ReplayTheSpireMod:Tripwire"],"picked":"Deflect","floor":36},{"not_picked":["Finisher","All Out Attack+1","Masterful Stab+1"],"picked":"SKIP","floor":41}],"player_experience":401631,"relics_obtained":[{"floor":9.0,"key":"Turnip"},{"floor":13.0,"key":"Iron Hammer"},{"floor":14.0,"key":"WingedGreaves"},{"floor":24.0,"key":"Vampiric Spirits"},{"floor":26.0,"key":"CaptainsWheel"},{"floor":29,"key":"Juzu Bracelet"},{"floor":41,"key":"Replay:Wax Seal"},{"floor":42,"key":"Tough Bandages"},{"floor":43,"key":"Blue Doll"}],"event_choices":[{"damage_healed":0.0,"max_hp_gain":0.0,"max_hp_loss":0.0,"gold_gain":0.0,"cards_transformed":["Strike_G"],"event_name":"Transmorgrifier","player_choice":"Transformed","floor":4.0,"gold_loss":0.0,"damage_taken":0.0,"cards_obtained":["Dash"]},{"damage_healed":0.0,"max_hp_gain":0.0,"max_hp_loss":0.0,"gold_gain":99.0,"event_name":"betterThird:BetterNest","player_choice":"Steal","floor":20.0,"gold_loss":0.0,"damage_taken":0.0},{"damage_healed":0,"gold_gain":0,"player_choice":"Simplicity","damage_taken":0,"max_hp_gain":0,"max_hp_loss":8,"event_name":"betterThird:BetterWriting","floor":27,"gold_loss":0},{"damage_healed":0,"gold_gain":0,"player_choice":"Paid","damage_taken":0,"relics_obtained":["Red Mask"],"max_hp_gain":0,"max_hp_loss":0,"event_name":"Tomb of Lord Red Mask","floor":38,"gold_loss":102},{"damage_healed":17,"gold_gain":0,"player_choice":"Writhe","damage_taken":0,"max_hp_gain":0,"max_hp_loss":0,"event_name":"Winding Halls","floor":39,"gold_loss":0,"cards_obtained":["Writhe"]},{"damage_healed":0,"gold_gain":0,"player_choice":"Fight","damage_taken":0,"max_hp_gain":0,"max_hp_loss":0,"event_name":"Mysterious Sphere","floor":42,"gold_loss":0},{"damage_healed":0,"gold_gain":0,"player_choice":"Memory 1","damage_taken":0,"max_hp_gain":0,"max_hp_loss":0,"event_name":"SensoryStone","floor":44,"gold_loss":0}],"is_beta":false,"boss_relics":[{"not_picked":["Ectoplasm","Sozu"],"picked":"Cursed Key"},{"not_picked":["Empty Cage","Black Star"],"picked":"SlaversCollar"}],"items_purged_floors":[19,37],"is_endless":false,"potions_floor_spawned":[3,7,21,29,33,42],"killed_by":"Transient","ascension_level":13}}