{"host":"Ryley","time":1612670798,"event":{"mods":["BaseMod","Downfall","Minty Spire (QoL Compilation)","StSLib"],"gold_per_floor":[118,136,136,136,136,168,86,86,86,86,106,106,141,216,216,342,342,362,362,362,377,299,338,362,362,362,387,387,407,407,407,407,530,593,612,612,631,631,184,184,199,217,244,264,108,108,108,124,124,124,124],"floor_reached":50,"language":"ENG","playtime":1408,"items_purged":["Strike_B"],"score":493,"play_id":"4c46382a-e79c-4977-90de-aeb9106c3dad","local_time":"20210206220638","is_ascension_mode":false,"campfire_choices":[{"floor":8.0,"key":"REST"},{"data":"Electrodynamics","floor":10.0,"key":"SMITH"},{"floor":15.0,"key":"REST"},{"floor":25.0,"key":"REST"},{"floor":28.0,"key":"REST"},{"floor":32.0,"key":"REST"},{"floor":40,"key":"REST"},{"floor":46,"key":"REST"},{"floor":49,"key":"REST"}],"circlet_count":0,"master_deck":["Strike_B","Strike_B","Defend_B","Defend_B","Defend_B","Defend_B","Zap","Dualcast","Sweeping Beam+1","Go for the Eyes+1","Ball Lightning","Electrodynamics+1","Rebound","Injury","CurseOfTheBell","Ball Lightning+1","Conserve Battery","Lockon","Reboot","Gash+1","Conserve Battery","Gash+1","Melter+1","Conserve Battery+1","Loop+1","Leap+1","Seek"],"relics":["Cracked Core","Symbiotic Virus","Tiny Chest","Golden Idol","Whetstone","Calling Bell","Omamori","Ornamental Fan","Prayer Wheel","Du-Vu Doll","Potion Belt","Turnip","Peace Pipe","Tiny House","Unceasing Top","Nunchaku","Anchor","Bottled Tornado"],"acts_visited":["Exordium","TheCity","TheBeyond"],"potions_floor_usage":[50,50,50,50,50],"damage_taken":[{"damage":2.0,"enemies":"2 Louse","floor":1.0,"turns":2.0},{"damage":3.0,"enemies":"Small Slimes","floor":2.0,"turns":3.0},{"damage":37.0,"enemies":"3 Sentries","floor":6.0,"turns":7.0},{"damage":6.0,"enemies":"Jaw Worm","floor":11.0,"turns":2.0},{"damage":11.0,"enemies":"Gremlin Nob","floor":13.0,"turns":3.0},{"damage":21.0,"enemies":"Hexaghost","floor":16.0,"turns":9.0},{"damage":15.0,"enemies":"Spheric Guardian","floor":18.0,"turns":4.0},{"damage":20.0,"enemies":"2 Thieves","floor":21.0,"turns":3.0},{"damage":22.0,"enemies":"Gremlin Leader","floor":23.0,"turns":5.0},{"damage":11.0,"enemies":"Cultist and Chosen","floor":24.0,"turns":5.0},{"damage":1.0,"enemies":"Snecko","floor":27.0,"turns":3.0},{"damage":24.0,"enemies":"Snake Plant","floor":29.0,"turns":3.0},{"damage":72.0,"enemies":"Automaton","floor":33.0,"turns":9.0},{"damage":18.0,"enemies":"3 Darklings","floor":35.0,"turns":3.0},{"damage":21.0,"enemies":"Orb Walker","floor":37.0,"turns":3.0},{"damage":0,"enemies":"Sphere and 2 Shapes","floor":41,"turns":4},{"damage":12,"enemies":"Spire Growth","floor":42,"turns":5},{"damage":18,"enemies":"Writhing Mass","floor":44,"turns":6},{"damage":19,"enemies":"3 Darklings","floor":48,"turns":5},{"damage":84,"enemies":"Donu and Deca","floor":50,"turns":7}],"seed_played":"-3425165166156043294","potions_obtained":[{"floor":6.0,"key":"PowerPotion"},{"floor":16.0,"key":"Regen Potion"},{"floor":23.0,"key":"SpeedPotion"},{"floor":27.0,"key":"CultistPotion"},{"floor":29.0,"key":"hexamod:SoulburnPotion"},{"floor":33.0,"key":"sneckomod:MuddlingPotion"},{"floor":34.0,"key":"EssenceOfSteel"},{"floor":35.0,"key":"Ancient Potion"},{"floor":41,"key":"DuplicationPotion"},{"floor":48,"key":"FearPotion"}],"is_trial":false,"path_per_floor":["M","M","?","?","?","E","$","R","T","R","M","?","E","?","R","B",null,"M","T","?","M","$","E","M","R","T","M","R","M","?","T","R","B",null,"M","?","M","?","$","R","M","M","T","M","$","R","T","M","R","B"],"character_chosen":"DEFECT","items_purchased":["Electrodynamics","Lockon","Unceasing Top","DuplicationPotion","Anchor"],"campfire_rested":8,"item_purchase_floors":[7,22,39,39,45],"current_hp_per_floor":[73,70,75,75,75,38,38,62,62,62,56,56,45,34,58,37,80,65,65,70,50,50,42,31,55,55,54,78,54,54,54,78,6,85,67,67,46,46,46,71,71,59,59,41,41,66,66,47,72,0,0],"gold":124,"neow_bonus":"THREE_CARDS","is_daily":false,"chose_seed":false,"campfire_upgraded":1,"win_rate":0.0,"timestamp":1612670798,"path_taken":["M","M","?","?","?","E","$","R","T","R","?","?","E","?","R","BOSS","M","?","?","M","$","E","?","R","T","M","R","M","?","?","R","BOSS","M","?","M","?","$","R","?","M","T","M","$","R","?","?","R","BOSS"],"items_purchased_type":["Card","Card","Relic","Potion","Relic"],"build_version":"2020-12-18","purchased_purges":1,"victory":false,"max_hp_per_floor":[75,75,80,80,80,80,80,80,80,80,80,80,80,80,80,80,80,80,80,80,80,80,80,80,80,80,80,80,80,80,80,80,80,85,85,85,85,85,85,85,85,85,85,85,85,85,85,85,85,85,85],"card_choices":[{"not_picked":["Barrage","Go for the Eyes"],"picked":"Sweeping Beam","floor":0.0},{"not_picked":["Sunder","Hologram"],"picked":"Go for the Eyes","floor":1.0},{"not_picked":["Go for the Eyes","Barrage"],"picked":"Cold Snap","floor":2.0},{"not_picked":["Heatsinks","Reinforced Body"],"picked":"Ball Lightning","floor":6.0},{"not_picked":["Hello World","Barrage"],"picked":"Rebound","floor":11.0},{"not_picked":["Multi-Cast","Double Energy","Compile Driver"],"picked":"SKIP","floor":13.0},{"not_picked":["Coolheaded","Glacier"],"picked":"Ball Lightning+1","floor":18.0},{"not_picked":["Cold Snap","Reprogram","Sweeping Beam+1"],"picked":"SKIP","floor":18.0},{"not_picked":["Barrage+1","Beam Cell+1"],"picked":"Conserve Battery","floor":21.0},{"not_picked":["Heatsinks","Sweeping Beam","Streamline+1"],"picked":"SKIP","floor":21.0},{"not_picked":["Thunder Strike","Sweeping Beam","Hologram"],"picked":"SKIP","floor":23.0},{"not_picked":["Fusion","Go for the Eyes","Coolheaded"],"picked":"SKIP","floor":24.0},{"not_picked":["Rebound+1","Sunder","Stack"],"picked":"SKIP","floor":24.0},{"not_picked":["Darkness+1","Reinforced Body"],"picked":"Reboot","floor":27.0},{"not_picked":["Cold Snap+1","Glacier","Coolheaded"],"picked":"SKIP","floor":27.0},{"not_picked":["Ball Lightning","Scrape"],"picked":"Gash","floor":29.0},{"not_picked":["Compile Driver","Coolheaded","Chaos"],"picked":"SKIP","floor":29.0},{"not_picked":["Turbo+1","Stack+1"],"picked":"Conserve Battery","floor":34.0},{"not_picked":["Compile Driver","Redo+1"],"picked":"Gash+1","floor":35.0},{"not_picked":["Turbo","Hologram"],"picked":"Melter+1","floor":35.0},{"not_picked":["Redo","Steam","Cold Snap"],"picked":"SKIP","floor":37.0},{"not_picked":["Leap","White Noise","Coolheaded+1"],"picked":"SKIP","floor":37.0},{"not_picked":["Cold Snap+1","Ball Lightning"],"picked":"Conserve Battery+1","floor":41},{"not_picked":["Rip and Tear+1","Echo Form","Go for the Eyes"],"picked":"SKIP","floor":41},{"not_picked":["Genetic Algorithm","Go for the Eyes+1"],"picked":"Loop+1","floor":42},{"not_picked":["Coolheaded+1","Conserve Battery+1","Go for the Eyes"],"picked":"SKIP","floor":42},{"not_picked":["BootSequence","Turbo","Compile Driver+1"],"picked":"SKIP","floor":44},{"not_picked":["Redo","Rebound","Skim"],"picked":"SKIP","floor":44},{"not_picked":["Go for the Eyes","Doom and Gloom"],"picked":"Leap+1","floor":48},{"not_picked":["Barrage+1","Steam"],"picked":"Seek","floor":48}],"player_experience":387554,"relics_obtained":[{"floor":6.0,"key":"Symbiotic Virus"},{"floor":9.0,"key":"Tiny Chest"},{"floor":13.0,"key":"Whetstone"},{"floor":17.0,"key":"Omamori"},{"floor":17.0,"key":"Ornamental Fan"},{"floor":17.0,"key":"Prayer Wheel"},{"floor":19.0,"key":"Du-Vu Doll"},{"floor":23.0,"key":"Potion Belt"},{"floor":26.0,"key":"Turnip"},{"floor":31.0,"key":"Peace Pipe"},{"floor":43,"key":"Nunchaku"},{"floor":47,"key":"Bottled Tornado"}],"event_choices":[{"damage_healed":0.0,"max_hp_gain":5.0,"max_hp_loss":0.0,"gold_gain":0.0,"event_name":"Big Fish","player_choice":"Donut","floor":3.0,"gold_loss":0.0,"damage_taken":0.0},{"damage_healed":0.0,"max_hp_gain":0.0,"max_hp_loss":0.0,"gold_gain":0.0,"event_name":"Golden Wing","player_choice":"Ignored","floor":4.0,"gold_loss":0.0,"damage_taken":0.0},{"cards_removed":["Strike_B"],"damage_healed":0.0,"max_hp_gain":0.0,"max_hp_loss":0.0,"gold_gain":0.0,"event_name":"Purifier","player_choice":"Purged","floor":5.0,"gold_loss":0.0,"damage_taken":0.0},{"damage_healed":0.0,"max_hp_gain":0.0,"max_hp_loss":0.0,"gold_gain":0.0,"event_name":"Golden Idol","player_choice":"Take Wound","floor":12.0,"gold_loss":0.0,"damage_taken":0.0,"relics_obtained":["Golden Idol"],"cards_obtained":["Injury"]},{"damage_healed":0.0,"max_hp_gain":0.0,"max_hp_loss":0.0,"gold_gain":75.0,"event_name":"World of Goop","player_choice":"Gather Gold","floor":14.0,"gold_loss":0.0,"damage_taken":11.0},{"cards_removed":["Cold Snap"],"damage_healed":5.0,"max_hp_gain":0.0,"max_hp_loss":0.0,"gold_gain":0.0,"event_name":"Bonfire Elementals","player_choice":"Offered Common","floor":20.0,"gold_loss":0.0,"damage_taken":0.0},{"cards_removed":["Cold Snap"],"damage_healed":5.0,"max_hp_gain":0.0,"max_hp_loss":0.0,"gold_gain":0.0,"event_name":"Bonfire Elementals","player_choice":"Offered Special","floor":20.0,"gold_loss":0.0,"damage_taken":0.0},{"damage_healed":0.0,"max_hp_gain":0.0,"max_hp_loss":0.0,"gold_gain":0.0,"event_name":"Tomb of Lord Red Mask","player_choice":"Ignored","floor":36.0,"gold_loss":0.0,"damage_taken":0.0},{"damage_healed":0.0,"max_hp_gain":0.0,"max_hp_loss":0.0,"gold_gain":0.0,"event_name":"Fountain of Cleansing","player_choice":"Ignored","floor":38.0,"gold_loss":0.0,"damage_taken":0.0}],"is_beta":true,"boss_relics":[{"not_picked":["Busted Crown","Empty Cage"],"picked":"Calling Bell"},{"not_picked":["Fusion Hammer","Pandora\u0027s Box"],"picked":"Tiny House"}],"items_purged_floors":[39],"is_endless":false,"potions_floor_spawned":[6,16,23,27,29,33,35,41,42,48],"killed_by":"Donu and Deca","ascension_level":0}}