{"host":"a92fqxohjrzqy5rn","time":1612704531,"event":{"mods":["AchievementEnabler","BaseMod","Minty Spire (QoL Compilation)","Relic Sorter"],"gold_per_floor":[113,113,131,131,57,57,77,106,106,106,122,141,153,170,170,270,270,286,296,322,322,322,322],"floor_reached":22,"language":"ENG","playtime":977,"items_purged":[],"score":238,"play_id":"bd01c4d4-6697-48a7-95c2-dc0fdaac3a70","local_time":"20210207132851","is_ascension_mode":false,"campfire_choices":[{"data":"Tantrum","floor":6,"key":"SMITH"},{"data":"Worship","floor":10,"key":"SMITH"},{"floor":15,"key":"REST"}],"circlet_count":0,"master_deck":["Strike_P","Strike_P","Strike_P","Strike_P","Defend_P","Defend_P","Defend_P","Defend_P","Eruption","Vigilance","BowlingBash","PathToVictory","Tantrum+1","WaveOfTheHand","Worship+1","Study","PathToVictory","Prostrate","CutThroughFate","DevaForm","Worship"],"relics":["PureWater","Pear","Blue Candle","Busted Crown","Vajra"],"acts_visited":["Exordium","TheCity"],"potions_floor_usage":[12,13,16,16,16],"damage_taken":[{"damage":0,"enemies":"Jaw Worm","floor":1,"turns":3},{"damage":0,"enemies":"Cultist","floor":3,"turns":4},{"damage":0,"enemies":"Small Slimes","floor":7,"turns":1},{"damage":30,"enemies":"Lagavulin","floor":8,"turns":6},{"damage":10,"enemies":"2 Fungi Beasts","floor":11,"turns":4},{"damage":25,"enemies":"Lots of Slimes","floor":12,"turns":5},{"damage":9,"enemies":"Exordium Wildlife","floor":13,"turns":4},{"damage":2,"enemies":"Blue Slaver","floor":14,"turns":3},{"damage":0,"enemies":"Slime Boss","floor":16,"turns":5},{"damage":35,"enemies":"Shell Parasite","floor":18,"turns":5},{"damage":17,"enemies":"3 Byrds","floor":19,"turns":5},{"damage":32,"enemies":"Snecko","floor":22,"turns":5}],"seed_played":"-4166712207609298539","potions_obtained":[{"floor":2,"key":"Regen Potion"},{"floor":2,"key":"LiquidBronze"},{"floor":2,"key":"LiquidMemories"},{"floor":7,"key":"BottledMiracle"},{"floor":12,"key":"Weak Potion"},{"floor":14,"key":"FearPotion"},{"floor":16,"key":"FearPotion"}],"is_trial":false,"path_per_floor":["M","?","M","?","$","R","M","E","T","R","M","M","M","M","R","B",null,"M","M","T","?","M"],"character_chosen":"WATCHER","items_purchased":["Tantrum"],"campfire_rested":1,"item_purchase_floors":[5],"current_hp_per_floor":[72,72,72,72,72,72,72,52,52,52,42,17,8,6,30,30,82,47,30,30,30,0,0],"gold":322,"neow_bonus":"THREE_CARDS","is_daily":false,"chose_seed":false,"campfire_upgraded":2,"win_rate":0.0,"timestamp":1612704531,"path_taken":["M","?","?","?","?","R","?","E","T","R","M","M","M","M","R","BOSS","M","M","?","?","M"],"items_purchased_type":["Card"],"build_version":"2020-12-22","purchased_purges":0,"victory":false,"max_hp_per_floor":[72,72,72,72,72,72,72,82,82,82,82,82,82,82,82,82,82,82,82,82,82,82,82],"card_choices":[{"not_picked":["WreathOfFlame","FlurryOfBlows"],"picked":"BowlingBash","floor":0},{"not_picked":["Crescendo","ClearTheMind"],"picked":"PathToVictory","floor":1},{"not_picked":["Protect","EmptyBody"],"picked":"Wireheading","floor":3},{"not_picked":["Sanctity","Wallop"],"picked":"WaveOfTheHand","floor":7},{"not_picked":["Protect","Wireheading"],"picked":"Worship","floor":8},{"not_picked":["WheelKick","Evaluate"],"picked":"Study","floor":11},{"not_picked":["Wireheading","SpiritShield"],"picked":"PathToVictory","floor":12},{"not_picked":["SandsOfTime","Evaluate"],"picked":"Prostrate","floor":13},{"not_picked":["LikeWater","Nirvana"],"picked":"CutThroughFate","floor":14},{"not_picked":["Vault","Omniscience"],"picked":"DevaForm","floor":16},{"not_picked":["Evaluate"],"picked":"SKIP","floor":18},{"not_picked":[],"picked":"Worship","floor":19}],"player_experience":213045,"relics_obtained":[{"floor":8,"key":"Pear"},{"floor":9,"key":"Blue Candle"},{"floor":20,"key":"Vajra"}],"event_choices":[{"damage_healed":0,"gold_gain":0,"player_choice":"Got Potions","damage_taken":0,"max_hp_gain":0,"max_hp_loss":0,"event_name":"Lab","floor":2,"gold_loss":0},{"cards_removed":["Wireheading"],"damage_healed":0,"gold_gain":0,"player_choice":"Offered Uncommon","damage_taken":0,"max_hp_gain":0,"max_hp_loss":0,"event_name":"Bonfire Elementals","floor":4,"gold_loss":0},{"damage_healed":0,"gold_gain":0,"player_choice":"Ignored","damage_taken":0,"max_hp_gain":0,"max_hp_loss":0,"event_name":"Cursed Tome","floor":21,"gold_loss":0}],"is_beta":false,"boss_relics":[{"not_picked":["VioletLotus","Tiny House"],"picked":"Busted Crown"}],"items_purged_floors":[],"is_endless":false,"potions_floor_spawned":[7,12,14,16],"killed_by":"Snecko","ascension_level":0}}