{"host":"s41rn2jhghpwfrvz","time":1612682336,"event":{"mods":["BaseMod","Minty Spire (QoL Compilation)","Quick Restart","Relic Stats","SuperFastMode"],"gold_per_floor":[118,136,150,75,85,85,119,119,119,44,44,75,91,418,418,494,494,505,430,430,450,464,36,67,67,67,102,102,122,153,185,185,259,309,324,372,386,386,400,433,449,475,551,579,454,464,499,334,334,334,334,334,334,334,365,365],"floor_reached":57,"language":"ENG","playtime":1488,"items_purged":["Dagger Spray","Go for the Eyes","Well Laid Plans"],"score":3986,"play_id":"679e7ae3-efe2-4ca1-a6f8-ae2d00eee292","local_time":"20210207091856","daily_mods":["SealedDeck","Diverse","DeadlyEvents"],"is_ascension_mode":true,"campfire_choices":[{"data":"Body Slam","floor":6.0,"key":"SMITH"},{"data":"Body Slam","floor":8.0,"key":"SMITH"},{"data":"Entrench","floor":11.0,"key":"SMITH"},{"data":"Barricade","floor":15,"key":"SMITH"},{"data":"Burning Pact","floor":25,"key":"SMITH"},{"data":"Double Energy","floor":28,"key":"SMITH"},{"floor":32,"key":"RECALL"},{"data":"Quick Slash","floor":49,"key":"SMITH"},{"floor":53,"key":"REST"}],"circlet_count":0,"master_deck":["AscendersBane","Power Through+1","Quick Slash+1","Double Energy+1","Entrench+1","Body Slam+1","Burning Pact+1","Barricade+1","Backflip+1"],"relics":["Burning Blood","Vajra","Omamori","Sundial","Old Coin","Busted Crown","Shuriken","Calipers","Oddly Smooth Stone","MealTicket","StrikeDummy","Dream Catcher","Tiny House","Incense Burner","Torii","Turnip","Pear","Bottled Lightning","Blood Vial","Lee\u0027s Waffle"],"acts_visited":["Exordium","TheCity","TheBeyond","TheEnding"],"potions_floor_usage":[14,16,16,56,56],"damage_taken":[{"damage":0.0,"enemies":"Cultist","floor":1.0,"turns":3.0},{"damage":10.0,"enemies":"Small Slimes","floor":2.0,"turns":5.0},{"damage":0.0,"enemies":"2 Louse","floor":3.0,"turns":2.0},{"damage":23.0,"enemies":"Exordium Thugs","floor":5.0,"turns":4.0},{"damage":43.0,"enemies":"3 Sentries","floor":7.0,"turns":13.0},{"damage":7.0,"enemies":"Gremlin Nob","floor":12.0,"turns":4.0},{"damage":11.0,"enemies":"Looter","floor":13.0,"turns":3.0},{"damage":0,"enemies":"3 Sentries","floor":14,"turns":5},{"damage":0,"enemies":"The Guardian","floor":16,"turns":4},{"damage":0,"enemies":"Spheric Guardian","floor":18,"turns":3},{"damage":0,"enemies":"Shell Parasite","floor":21,"turns":4},{"damage":0,"enemies":"Cultist and Chosen","floor":22,"turns":4},{"damage":0,"enemies":"Gremlin Leader","floor":24,"turns":3},{"damage":0,"enemies":"Book of Stabbing","floor":27,"turns":3},{"damage":0,"enemies":"Sentry and Sphere","floor":29,"turns":1},{"damage":0,"enemies":"Slavers","floor":30,"turns":2},{"damage":0,"enemies":"Book of Stabbing","floor":31,"turns":2},{"damage":0,"enemies":"Collector","floor":33,"turns":2},{"damage":2,"enemies":"3 Shapes","floor":35,"turns":3},{"damage":27,"enemies":"2 Orb Walkers","floor":36,"turns":2},{"damage":0,"enemies":"3 Darklings","floor":37,"turns":2},{"damage":0,"enemies":"4 Shapes","floor":39,"turns":3},{"damage":0,"enemies":"Nemesis","floor":40,"turns":3},{"damage":0,"enemies":"Writhing Mass","floor":41,"turns":2},{"damage":0,"enemies":"Giant Head","floor":42,"turns":2},{"damage":0,"enemies":"Reptomancer","floor":44,"turns":2},{"damage":0,"enemies":"Sphere and 2 Shapes","floor":46,"turns":2},{"damage":0,"enemies":"Nemesis","floor":47,"turns":3},{"damage":15,"enemies":"Awakened One","floor":50,"turns":4},{"damage":0,"enemies":"Time Eater","floor":51,"turns":3},{"damage":0,"enemies":"Shield and Spear","floor":55,"turns":2},{"damage":0,"enemies":"The Heart","floor":56,"turns":6}],"seed_played":"-4656409922309208767","potions_obtained":[{"floor":2.0,"key":"EssenceOfSteel"},{"floor":5.0,"key":"Fruit Juice"},{"floor":7.0,"key":"Dexterity Potion"},{"floor":14,"key":"EntropicBrew"},{"floor":18,"key":"PowerPotion"},{"floor":22,"key":"FairyPotion"},{"floor":29,"key":"Swift Potion"},{"floor":42,"key":"Ancient Potion"}],"is_trial":true,"path_per_floor":["M","M","M","?","M","R","E","R","T","$","R","E","M","E","R","B",null,"M","?","?","M","M","$","E","R","T","E","R","M","E","E","R","B",null,"M","?","M","?","M","E","M","E","T","E","$","M","E","$","R","B","B",null,"R","$","E","B",null],"character_chosen":"IRONCLAD","items_purchased":["Calipers","Lee\u0027s Waffle"],"campfire_rested":1,"item_purchase_floors":[23,48],"current_hp_per_floor":[74,70,75,75,63,63,26,26,26,26,26,25,20,26,26,32,68,74,74,74,80,80,80,80,80,80,80,80,80,80,80,80,80,85,85,64,70,70,76,82,85,85,95,95,95,95,95,102,102,93,101,102,102,102,102,102],"gold":365,"neow_bonus":"","is_daily":false,"chose_seed":false,"campfire_upgraded":7,"win_rate":0.0,"timestamp":1612682336,"path_taken":["M","?","?","?","M","R","E","R","T","$","R","?","?","E","R","BOSS","M","?","?","M","M","$","E","R","T","E","R","M","E","?","R","BOSS","M","?","?","?","M","E","M","E","T","?","$","?","E","?","R","BOSS","BOSS","R","$","E","BOSS"],"items_purchased_type":["Relic","Relic"],"build_version":"2020-12-22","purchased_purges":3,"victory":true,"max_hp_per_floor":[75,75,75,75,80,80,80,80,80,80,80,80,80,80,80,80,80,80,80,80,80,80,80,80,80,80,80,80,80,80,80,80,80,85,85,85,85,85,85,85,85,85,95,95,95,95,95,102,102,102,102,102,102,102,102,102],"relic_stats":{"Blood Vial":2,"Dream Catcher":1,"Lee\u0027s Waffle":7,"Busted Crown":44,"Torii":0,"counters":[32,106],"Sundial":[86],"Shuriken":[16],"MealTicket":0,"Turnip":[2],"obtain_stats":[{"Lee\u0027s Waffle":48,"Calipers":23,"Tiny House":34,"Pear":43,"Torii":40,"Vajra":7,"Oddly Smooth Stone":24,"Omamori":9,"Incense Burner":36,"Burning Blood":0,"Old Coin":14,"Blood Vial":47,"Dream Catcher":31,"Busted Crown":17,"Sundial":12,"Shuriken":20,"MealTicket":27,"Turnip":42,"Bottled Lightning":44,"StrikeDummy":30},{"Lee\u0027s Waffle":28,"Calipers":12,"Tiny House":18,"Pear":25,"Torii":23,"Vajra":5,"Oddly Smooth Stone":13,"Omamori":5,"Incense Burner":20,"Burning Blood":0,"Old Coin":8,"Blood Vial":28,"Dream Catcher":17,"Busted Crown":9,"Sundial":6,"Shuriken":10,"MealTicket":14,"Turnip":25,"Bottled Lightning":26,"StrikeDummy":16},{"Lee\u0027s Waffle":91,"Calipers":54,"Tiny House":67,"Pear":84,"Torii":80,"Vajra":27,"Oddly Smooth Stone":57,"Omamori":27,"Incense Burner":72,"Burning Blood":0,"Old Coin":39,"Blood Vial":91,"Dream Catcher":65,"Busted Crown":43,"Sundial":31,"Shuriken":46,"MealTicket":60,"Turnip":84,"Bottled Lightning":86,"StrikeDummy":63}],"Burning Blood":106},"card_choices":[{"not_picked":["Beam Cell","Barrage"],"picked":"Body Slam","floor":1.0},{"not_picked":["Sucker Punch","Clothesline","Dodge and Roll"],"picked":"SKIP","floor":2.0},{"not_picked":["Capacitor","Scrape","Quick Slash"],"picked":"SKIP","floor":3.0},{"not_picked":["Reprogram","Wild Strike","PiercingWail"],"picked":"SKIP","floor":5.0},{"not_picked":["Go for the Eyes","Searing Blow"],"picked":"Burning Pact","floor":7.0},{"not_picked":["Fire Breathing","Twin Strike","Distraction"],"picked":"SKIP","floor":12.0},{"not_picked":["Deflect","Prostrate"],"picked":"Barricade","floor":13.0},{"not_picked":["Dagger Spray","FlurryOfBlows","Dodge and Roll"],"picked":"SKIP","floor":14},{"not_picked":["Fasting2+1"],"picked":"SKIP","floor":18},{"not_picked":[],"picked":"Backflip+1","floor":21},{"not_picked":["ThirdEye"],"picked":"SKIP","floor":22},{"not_picked":["Leap"],"picked":"SKIP","floor":24},{"not_picked":["CutThroughFate"],"picked":"SKIP","floor":27},{"not_picked":["Twin Strike"],"picked":"SKIP","floor":29},{"not_picked":["Sword Boomerang"],"picked":"SKIP","floor":30},{"not_picked":["Hologram"],"picked":"SKIP","floor":31},{"not_picked":["Perseverance"],"picked":"SKIP","floor":35},{"not_picked":["Body Slam"],"picked":"SKIP","floor":37},{"not_picked":["Feel No Pain"],"picked":"SKIP","floor":39},{"not_picked":["Feel No Pain"],"picked":"SKIP","floor":39},{"not_picked":["Beam Cell+1"],"picked":"SKIP","floor":40},{"not_picked":["Battle Trance"],"picked":"SKIP","floor":41},{"not_picked":["PathToVictory"],"picked":"SKIP","floor":42},{"not_picked":["Hologram"],"picked":"SKIP","floor":44},{"not_picked":["MasterReality"],"picked":"SKIP","floor":46},{"not_picked":["Escape Plan+1"],"picked":"SKIP","floor":47},{"not_picked":["Deadly Poison"],"picked":"SKIP","floor":55}],"player_experience":1884448,"relics_obtained":[{"floor":7.0,"key":"Vajra"},{"floor":9.0,"key":"Omamori"},{"floor":12.0,"key":"Sundial"},{"floor":14,"key":"Old Coin"},{"floor":24,"key":"Oddly Smooth Stone"},{"floor":27,"key":"MealTicket"},{"floor":30,"key":"StrikeDummy"},{"floor":31,"key":"Dream Catcher"},{"floor":36,"key":"Incense Burner"},{"floor":40,"key":"Torii"},{"floor":42,"key":"Turnip"},{"floor":43,"key":"Pear"},{"floor":44,"key":"Bottled Lightning"},{"floor":47,"key":"Blood Vial"}],"event_choices":[{"cards_removed":["Double Energy"],"damage_healed":0.0,"max_hp_gain":0.0,"max_hp_loss":0.0,"gold_gain":0.0,"event_name":"The Cleric","player_choice":"Card Removal","floor":4.0,"gold_loss":75.0,"damage_taken":0.0},{"cards_removed":["Protect"],"damage_healed":0,"gold_gain":0,"player_choice":"Gave Gold","damage_taken":0,"max_hp_gain":0,"max_hp_loss":0,"event_name":"Beggar","floor":19,"gold_loss":75},{"damage_healed":0,"gold_gain":0,"player_choice":"Gave Potion","damage_taken":0,"relics_obtained":["Shuriken"],"max_hp_gain":0,"max_hp_loss":0,"event_name":"WeMeetAgain","floor":20,"gold_loss":0},{"damage_healed":0,"gold_gain":0,"player_choice":"Fight","damage_taken":0,"max_hp_gain":0,"max_hp_loss":0,"event_name":"Mysterious Sphere","floor":36,"gold_loss":0},{"cards_removed":["Body Slam"],"damage_healed":0,"gold_gain":0,"player_choice":"Removed Attack","damage_taken":0,"max_hp_gain":0,"max_hp_loss":0,"event_name":"Falling","floor":38,"gold_loss":0}],"is_beta":false,"boss_relics":[{"not_picked":["Cursed Key","Black Blood"],"picked":"Busted Crown"},{"not_picked":["Mark of Pain","Snecko Eye"],"picked":"Tiny House"}],"items_purged_floors":[10,23,45],"is_endless":false,"potions_floor_spawned":[2,5,7,14,18,22,24,29,31,36,39,42,44],"ascension_level":20}}