{"host":"gaqyve1328ta0etl","time":1612697892,"event":{"mods":["BaseMod","Colored Map","Colored Powertips","Duelist Mod","Googly Eyes","Hero for Fun","Minty Spire (QoL Compilation)","Shop Mod","StSLib","SuperFastMode","The Hierophant","The Runesmith"],"gold_per_floor":[111,111,36,36,46,46,57,57,57,74,102,122,122,142,142,239,239,251,151,165,177,187,202,202,202],"floor_reached":24,"language":"ENG","playtime":501,"items_purged":["Strike_R","Strike_R"],"score":323,"play_id":"762c4658-abdd-4d34-b3dd-c04dfa3e6506","local_time":"20210207033812","is_ascension_mode":true,"campfire_choices":[{"data":"Twin Strike","floor":6,"key":"SMITH"},{"floor":13,"key":"REST"},{"data":"Fiend Fire","floor":15,"key":"SMITH"}],"circlet_count":0,"master_deck":["AscendersBane","Strike_R","Strike_R","Strike_R","Defend_R","Defend_R","Defend_R","Defend_R","Bash","Pommel Strike","Twin Strike+1","Twin Strike","Fiend Fire+1","Battle Trance","Exhume","CurseOfTheBell","Armaments","True Grit"],"relics":["Burning Blood","NeowsBlessing","Gremlin Horn","Meat on the Bone","Pantograph","Calling Bell","Bronze Scales","Shuriken","Magic Flower"],"acts_visited":["Exordium","TheCity"],"potions_floor_usage":[11,14,16,18,20,23],"damage_taken":[{"damage":0,"enemies":"Jaw Worm","floor":1,"turns":1},{"damage":0,"enemies":"Small Slimes","floor":5,"turns":1},{"damage":0,"enemies":"2 Louse","floor":7,"turns":1},{"damage":11,"enemies":"Exordium Wildlife","floor":10,"turns":3},{"damage":27,"enemies":"Gremlin Nob","floor":11,"turns":4},{"damage":7,"enemies":"Looter","floor":12,"turns":3},{"damage":15,"enemies":"Large Slime","floor":14,"turns":3},{"damage":59,"enemies":"Slime Boss","floor":16,"turns":12},{"damage":6,"enemies":"3 Byrds","floor":18,"turns":3},{"damage":16,"enemies":"Shell Parasite","floor":20,"turns":3},{"damage":18,"enemies":"Snecko","floor":21,"turns":4},{"damage":45,"enemies":"Cultist and Chosen","floor":22,"turns":5},{"damage":28,"enemies":"Snake Plant","floor":23,"turns":3},{"damage":52,"enemies":"theDuelist:KaibaA2","floor":24,"turns":4}],"seed_played":"8617366792448397518","potions_obtained":[{"floor":10,"key":"Weak Potion"},{"floor":12,"key":"Energy Potion"},{"floor":14,"key":"Energy Potion"},{"floor":16,"key":"ColorlessPotion"},{"floor":18,"key":"FearPotion"},{"floor":20,"key":"Strength Potion"}],"is_trial":false,"path_per_floor":["M","?","$","?","M","R","M","?","T","M","E","M","R","M","R","B",null,"M","$","M","M","M","M","E"],"character_chosen":"IRONCLAD","items_purchased":[],"campfire_rested":1,"item_purchase_floors":[],"current_hp_per_floor":[78,75,75,75,80,80,80,85,85,80,59,58,83,74,74,44,75,78,78,71,62,44,43,0,0],"gold":202,"neow_bonus":"THREE_ENEMY_KILL","is_daily":false,"chose_seed":false,"campfire_upgraded":2,"win_rate":0.0,"timestamp":1612697892,"path_taken":["M","?","$","?","M","R","M","?","T","M","E","?","R","M","R","BOSS","M","$","M","M","M","M","E"],"items_purchased_type":[],"build_version":"2020-12-22","purchased_purges":2,"victory":false,"max_hp_per_floor":[80,80,80,80,80,80,80,85,85,85,85,85,85,85,85,85,85,85,85,85,85,85,85,85,85],"card_choices":[{"not_picked":["Armaments","Second Wind"],"picked":"Pommel Strike","floor":1},{"not_picked":["Power Through","Spot Weakness"],"picked":"Twin Strike","floor":5},{"not_picked":["Pommel Strike","Metallicize"],"picked":"Twin Strike","floor":7},{"not_picked":["Heavy Blade","Perfected Strike","Pommel Strike"],"picked":"SKIP","floor":10},{"not_picked":["Bloodletting","Sever Soul"],"picked":"Fiend Fire","floor":11},{"not_picked":["Warcry","Blood for Blood","Heavy Blade"],"picked":"SKIP","floor":12},{"not_picked":["Pommel Strike","Twin Strike"],"picked":"Battle Trance","floor":14},{"not_picked":["Reaper","Fiend Fire"],"picked":"Exhume","floor":16},{"not_picked":["Clash","Heavy Blade+1","Pummel"],"picked":"SKIP","floor":18},{"not_picked":["Havoc","Twin Strike","Sword Boomerang+1"],"picked":"SKIP","floor":20},{"not_picked":["Heavy Blade","Thunderclap","Dropkick"],"picked":"SKIP","floor":21},{"not_picked":["Infernal Blade","Body Slam"],"picked":"Armaments","floor":22},{"not_picked":["Intimidate","Entrench"],"picked":"True Grit","floor":23}],"player_experience":2099547,"relics_obtained":[{"floor":9,"key":"Meat on the Bone"},{"floor":11,"key":"Pantograph"},{"floor":17,"key":"Bronze Scales"},{"floor":17,"key":"Shuriken"},{"floor":17,"key":"Magic Flower"}],"event_choices":[{"damage_healed":0,"gold_gain":0,"player_choice":"Success","damage_taken":3,"relics_obtained":["Gremlin Horn"],"max_hp_gain":0,"max_hp_loss":0,"event_name":"Scrap Ooze","floor":2,"gold_loss":0},{"damage_healed":0,"gold_gain":0,"player_choice":"Leave","damage_taken":0,"max_hp_gain":0,"max_hp_loss":0,"event_name":"The Cleric","floor":4,"gold_loss":0},{"damage_healed":0,"gold_gain":0,"player_choice":"Donut","damage_taken":0,"max_hp_gain":5,"max_hp_loss":0,"event_name":"Big Fish","floor":8,"gold_loss":0}],"is_beta":false,"boss_relics":[{"not_picked":["SacredBark","Black Star"],"picked":"Calling Bell"}],"items_purged_floors":[3,19],"is_endless":false,"potions_floor_spawned":[10,12,14,16,18,20],"killed_by":"theDuelist:KaibaA2","ascension_level":12}}