{"host":"cwd5s03r1oaxs6mx","time":1612698512,"event":{"mods":["Act Like it!","Arknights","BaseMod","Better Third Choice","BetterRewards","CapriCore","Card Filter","Challenge The Spire","Colored Map","Custom Start","DeckTracker","Friendly Minions","Hubris","Infinite Spire","Minty Spire (QoL Compilation)","Quick Restart","Relic Stats","Shop Mod","Spicy Shops","StSLib","SuperFastMode","Waifu the Spire"],"gold_per_floor":[113,113,124,18,38,69,120,130,209,221,221,235,262,274,274,274,274],"floor_reached":16,"language":"KOR","playtime":498,"items_purged":["Strike_R","Strike_R"],"score":228,"play_id":"5d5c2112-07e8-4b1d-90cb-bb9ca259537c","local_time":"20210207204832","is_ascension_mode":true,"campfire_choices":[{"floor":11,"key":"REST"},{"data":"infinitespire:OneForAll","floor":15,"key":"SMITH"}],"circlet_count":0,"master_deck":["AscendersBane","Strike_R","Strike_R","Strike_R","Defend_R","Defend_R","Defend_R","Defend_R","Bash","Flash of Steel","infinitespire:OneForAll+1","Cleave","Dark Shackles","Dagger Spray","Pummel"],"relics":["Burning Blood","Oddly Smooth Stone","Vajra","Ancient Tea Set","Bag of Marbles","hubris:DisguiseKit","Dream Catcher"],"acts_visited":["Exordium"],"potions_floor_usage":[16,16],"damage_taken":[{"damage":1.0,"enemies":"2 Louse","floor":1.0,"turns":3.0},{"damage":0.0,"enemies":"Cultist","floor":3.0,"turns":3.0},{"damage":11.0,"enemies":"infinitespire:Voidling","floor":5.0,"turns":4.0},{"damage":52,"enemies":"3 Sentries","floor":6,"turns":10},{"damage":21,"enemies":"Exordium Thugs","floor":8,"turns":3},{"damage":5,"enemies":"Red Slaver","floor":10,"turns":2},{"damage":0,"enemies":"Large Slime","floor":12,"turns":2},{"damage":20,"enemies":"Lagavulin","floor":13,"turns":5},{"damage":0,"enemies":"Looter","floor":14,"turns":1},{"damage":36,"enemies":"Hexaghost","floor":16,"turns":8}],"seed_played":"8025914478140834020","potions_obtained":[{"floor":5.0,"key":"DuplicationPotion"},{"floor":12,"key":"EssenceOfSteel"}],"is_trial":false,"path_per_floor":["M","?","M","$","M","E","T","M","T","M","R","M","E","M","R","B"],"character_chosen":"IRONCLAD","items_purchased":["Flash of Steel","Oddly Smooth Stone","Vajra","infinitespire:OneForAll","Dark Shackles"],"campfire_rested":1,"item_purchase_floors":[0,0,0,0,4],"current_hp_per_floor":[73,73,75,75,75,29,29,14,14,15,37,43,29,35,35,0,0],"gold":274,"neow_bonus":"","is_daily":false,"chose_seed":false,"campfire_upgraded":1,"win_rate":0.0,"timestamp":1612698512,"path_taken":["M","?","?","$","?","E","?","M","T","M","R","M","E","M","R","BOSS"],"items_purchased_type":["Card","Relic","Relic","Card","Card"],"build_version":"2020-12-22","purchased_purges":2,"victory":false,"max_hp_per_floor":[75,75,75,75,75,75,75,75,75,75,75,75,75,75,75,75,75],"relic_stats":{"Dream Catcher":0,"counters":[20,76],"obtain_stats":[{"Regal Pillow":18,"hubris:CrystalStatue":5,"Vajra":0,"Incense Burner":13,"Whetstone":10,"Sling":0,"Ancient Tea Set":17,"Burning Blood":0,"Nunchaku":16,"Dream Catcher":13,"Mummified Hand":11,"Chemical X":1,"Runic Pyramid":6,"Potion Belt":16,"hubris:DisguiseKit":9,"Astrolabe":12,"Oddly Smooth Stone":0,"PreservedInsect":0,"infinitespire:Beetle Shell":15,"Frozen Egg 2":15,"infinitespire:WardingShard":11,"hubris:Spice":17,"Shuriken":18,"infinitespire:Satchel":3,"Turnip":1,"Black Star":0,"Bag of Marbles":4,"hubris:ToyBattleship":4,"Champion Belt":5,"Toy Ornithopter":3,"Pocketwatch":9,"Meat on the Bone":10},{"Regal Pillow":10,"hubris:CrystalStatue":3,"Vajra":10,"Incense Burner":6,"Whetstone":5,"Sling":0,"Ancient Tea Set":9,"Burning Blood":0,"Nunchaku":8,"Dream Catcher":18,"Mummified Hand":6,"Chemical X":0,"Runic Pyramid":3,"Potion Belt":8,"hubris:DisguiseKit":15,"Astrolabe":6,"Oddly Smooth Stone":10,"PreservedInsect":0,"infinitespire:Beetle Shell":7,"Frozen Egg 2":7,"infinitespire:WardingShard":6,"hubris:Spice":9,"Shuriken":10,"infinitespire:Satchel":1,"Turnip":0,"Black Star":0,"Bag of Marbles":2,"hubris:ToyBattleship":2,"Champion Belt":3,"Toy Ornithopter":1,"Pocketwatch":4,"Meat on the Bone":5},{"Regal Pillow":35,"hubris:CrystalStatue":8,"Vajra":35,"Incense Burner":15,"Whetstone":12,"Sling":0,"Ancient Tea Set":30,"Burning Blood":0,"Nunchaku":25,"Dream Catcher":67,"Mummified Hand":15,"Chemical X":0,"Runic Pyramid":8,"Potion Belt":25,"hubris:DisguiseKit":58,"Astrolabe":15,"Oddly Smooth Stone":35,"PreservedInsect":0,"infinitespire:Beetle Shell":18,"Frozen Egg 2":18,"infinitespire:WardingShard":15,"hubris:Spice":30,"Shuriken":35,"infinitespire:Satchel":4,"Turnip":0,"Black Star":0,"Bag of Marbles":6,"hubris:ToyBattleship":6,"Champion Belt":8,"Toy Ornithopter":4,"Pocketwatch":11,"Meat on the Bone":12}],"Burning Blood":98},"card_choices":[{"not_picked":["Sentinel","Thunderclap","Power Through"],"picked":"SKIP","floor":1.0},{"not_picked":["Wild Strike","Twin Strike"],"picked":"Cleave","floor":3.0},{"not_picked":["Sword Boomerang","Heavy Blade","Rampage"],"picked":"SKIP","floor":5.0},{"not_picked":["Spot Weakness","Clash","Inflame"],"picked":"SKIP","floor":6},{"not_picked":["Warcry","Armaments","Berserk"],"picked":"SKIP","floor":8},{"not_picked":["Flex","Headbutt","Seeing Red"],"picked":"Dagger Spray","floor":10},{"not_picked":["Rampage","Power Through","PiercingWail"],"picked":"Pummel","floor":12},{"not_picked":["Heavy Blade","Anger","Warcry","Slice"],"picked":"SKIP","floor":13},{"not_picked":["infinitespire:OneForAll","Dark Embrace","Blood for Blood","Bane"],"picked":"SKIP","floor":14}],"player_experience":994725,"relics_obtained":[{"floor":6,"key":"Ancient Tea Set"},{"floor":7,"key":"Bag of Marbles"},{"floor":9,"key":"hubris:DisguiseKit"},{"floor":13,"key":"Dream Catcher"}],"event_choices":[{"damage_healed":0.0,"max_hp_gain":0.0,"max_hp_loss":0.0,"gold_gain":0.0,"event_name":"Match and Keep!","player_choice":"0 cards matched","floor":2.0,"gold_loss":0.0,"damage_taken":0.0,"cards_obtained":[]}],"is_beta":false,"boss_relics":[],"items_purged_floors":[0,0],"is_endless":false,"potions_floor_spawned":[5,12,14],"killed_by":"Hexaghost","ascension_level":20}}