{"host":"f7jml7vkwn3tj7tu","time":1612664625,"event":{"mods":["BaseMod","Block Reminder","Minty Spire (QoL Compilation)","Relic Stats","Slay-I"],"gold_per_floor":[109,109,59,59,69,69,104,104,104,115,215,215,233,243,243,343,343,358,358,373,373,373,373,393,393,417,73,87,119,129,149,149,245,245,257,257,237,248,267,267,267,267],"floor_reached":41,"language":"ENG","playtime":2242,"items_purged":[],"score":438,"play_id":"ffbe92ee-8637-4a08-a3da-4916b521862c","local_time":"20210206212345","is_ascension_mode":false,"campfire_choices":[{"data":"PathToVictory","floor":6,"key":"SMITH"},{"data":"Prostrate","floor":8,"key":"SMITH"},{"data":"Vigilance","floor":12,"key":"SMITH"},{"data":"PathToVictory","floor":15,"key":"SMITH"},{"data":"JustLucky","floor":23,"key":"SMITH"},{"data":"Eruption","floor":25,"key":"SMITH"},{"floor":32,"key":"REST"},{"data":"MasterReality","floor":40,"key":"SMITH"}],"circlet_count":0,"master_deck":["Strike_P+1","Strike_P","Defend_P+1","Defend_P","Defend_P","Defend_P+1","Eruption+1","Vigilance+1","PathToVictory+1","Consecrate+1","Prostrate+1","DeceiveReality+1","PathToVictory+1","LessonLearned+1","Worship+1","JustLucky+1","WindmillStrike+1","MasterReality+1","FearNoEvil+1","PathToVictory+1"],"relics":["PureWater","Gambling Chip","Bronze Scales","Vajra","Meat on the Bone","Velvet Choker","Dead Branch","Centennial Puzzle","Singing Bowl","Omamori","Empty Cage","Mango"],"acts_visited":["Exordium","TheCity","TheBeyond"],"potions_floor_usage":[28,33,33,33,33,33,39,41,41],"damage_taken":[{"damage":0,"enemies":"Jaw Worm","floor":1,"turns":5},{"damage":2,"enemies":"Small Slimes","floor":5,"turns":3},{"damage":41,"enemies":"3 Sentries","floor":7,"turns":8},{"damage":0,"enemies":"2 Louse","floor":10,"turns":2},{"damage":0,"enemies":"Exordium Wildlife","floor":13,"turns":2},{"damage":8,"enemies":"Lots of Slimes","floor":14,"turns":2},{"damage":21,"enemies":"Hexaghost","floor":16,"turns":9},{"damage":7,"enemies":"Chosen","floor":18,"turns":4},{"damage":11,"enemies":"2 Thieves","floor":20,"turns":3},{"damage":18,"enemies":"Centurion and Healer","floor":24,"turns":10},{"damage":17,"enemies":"Snecko","floor":28,"turns":6},{"damage":43,"enemies":"Book of Stabbing","floor":29,"turns":5},{"damage":4,"enemies":"Snake Plant","floor":30,"turns":3},{"damage":4,"enemies":"Centurion and Healer","floor":31,"turns":4},{"damage":39,"enemies":"Collector","floor":33,"turns":8},{"damage":8,"enemies":"Orb Walker","floor":35,"turns":5},{"damage":14,"enemies":"3 Darklings","floor":38,"turns":4},{"damage":11,"enemies":"Maw","floor":39,"turns":7},{"damage":76,"enemies":"Reptomancer","floor":41,"turns":3}],"seed_played":"-7169857281015662161","potions_obtained":[{"floor":10,"key":"FearPotion"},{"floor":16,"key":"EntropicBrew"},{"floor":18,"key":"Fire Potion"},{"floor":30,"key":"EssenceOfSteel"},{"floor":35,"key":"Weak Potion"},{"floor":37,"key":"LiquidMemories"},{"floor":39,"key":"Strength Potion"}],"is_trial":false,"path_per_floor":["M","?","?","?","M","R","E","R","T","M","?","R","M","M","R","B",null,"M","?","M","T","?","R","M","R","T","$","M","E","M","M","R","B",null,"M","T","?","M","M","R","E"],"character_chosen":"WATCHER","items_purchased":["Singing Bowl","Fruit Juice"],"campfire_rested":1,"item_purchase_floors":[27,27],"current_hp_per_floor":[72,65,65,65,63,63,22,22,22,34,34,34,46,38,38,29,72,65,65,54,54,54,54,48,48,48,48,50,19,29,39,63,36,83,75,89,89,77,66,66,0,0],"gold":267,"neow_bonus":"ONE_RARE_RELIC","is_daily":false,"chose_seed":false,"campfire_upgraded":7,"win_rate":0.0,"timestamp":1612664625,"path_taken":["M","?","?","?","?","R","E","R","T","?","?","R","?","M","R","BOSS","M","?","?","?","?","R","M","R","T","$","M","E","M","M","R","BOSS","M","?","?","?","M","R","E"],"items_purchased_type":["Relic","Potion"],"build_version":"2020-12-22","purchased_purges":0,"victory":false,"max_hp_per_floor":[72,72,72,72,72,72,72,72,72,72,72,72,72,72,72,72,72,72,72,72,72,72,72,72,72,72,72,79,79,81,83,83,83,83,83,97,97,99,99,99,99,99],"relic_stats":{"Centennial Puzzle":[27],"Singing Bowl":8,"counters":[19,93],"Gambling Chip":[49],"Bronze Scales":[256],"Dead Branch":[24],"obtain_stats":[{"Centennial Puzzle":26,"Singing Bowl":27,"Gambling Chip":0,"Bronze Scales":4,"Dead Branch":21,"Vajra":7,"Velvet Choker":17,"Mango":36,"Omamori":29,"PureWater":0,"Empty Cage":34,"Meat on the Bone":9},{"Centennial Puzzle":10,"Singing Bowl":10,"Gambling Chip":0,"Bronze Scales":1,"Dead Branch":9,"Vajra":3,"Velvet Choker":7,"Mango":16,"Omamori":12,"PureWater":0,"Empty Cage":15,"Meat on the Bone":3},{"Centennial Puzzle":48,"Singing Bowl":48,"Gambling Chip":0,"Bronze Scales":5,"Dead Branch":38,"Vajra":16,"Velvet Choker":31,"Mango":79,"Omamori":59,"PureWater":0,"Empty Cage":74,"Meat on the Bone":16}],"Meat on the Bone":108},"card_choices":[{"not_picked":["FlurryOfBlows","FearNoEvil"],"picked":"PathToVictory","floor":1},{"not_picked":["Evaluate","Tantrum"],"picked":"Consecrate","floor":5},{"not_picked":["EmptyBody","CrushJoints"],"picked":"Prostrate","floor":7},{"not_picked":["FlyingSleeves","Weave"],"picked":"DeceiveReality","floor":10},{"not_picked":["Sanctity","Collect"],"picked":"PathToVictory","floor":13},{"not_picked":["FlyingSleeves","SashWhip","Nirvana"],"picked":"SKIP","floor":14},{"not_picked":["Scrawl","SpiritShield"],"picked":"LessonLearned","floor":16},{"not_picked":["Prostrate","Protect"],"picked":"Worship","floor":18},{"not_picked":["CarveReality","EmptyBody+1"],"picked":"JustLucky","floor":20},{"not_picked":["EmptyBody","SashWhip","PathToVictory"],"picked":"SKIP","floor":24},{"not_picked":["CutThroughFate","EmptyFist","Prostrate"],"picked":"Singing Bowl","floor":28},{"not_picked":["JustLucky","Tantrum+1"],"picked":"WindmillStrike+1","floor":29},{"not_picked":["Halt","EmptyBody+1","FlurryOfBlows"],"picked":"Singing Bowl","floor":30},{"not_picked":["EmptyBody","Tantrum","ClearTheMind"],"picked":"Singing Bowl","floor":31},{"not_picked":["Ragnarok","DeusExMachina"],"picked":"MasterReality","floor":33},{"not_picked":["Evaluate","Consecrate+1"],"picked":"FearNoEvil+1","floor":35},{"not_picked":["EmptyFist","Collect","Tantrum"],"picked":"Singing Bowl","floor":38},{"not_picked":["Halt+1","Perseverance+1"],"picked":"PathToVictory+1","floor":39}],"player_experience":589212,"relics_obtained":[{"floor":7,"key":"Vajra"},{"floor":9,"key":"Meat on the Bone"},{"floor":21,"key":"Dead Branch"},{"floor":26,"key":"Centennial Puzzle"},{"floor":29,"key":"Omamori"},{"floor":36,"key":"Mango"}],"event_choices":[{"cards_removed":["Strike_P"],"damage_healed":0,"gold_gain":0,"player_choice":"Card Removal","damage_taken":7,"max_hp_gain":0,"max_hp_loss":0,"event_name":"Golden Wing","floor":2,"gold_loss":0},{"cards_removed":["Clumsy"],"damage_healed":0,"gold_gain":0,"player_choice":"Card Removal","damage_taken":0,"max_hp_gain":0,"max_hp_loss":0,"event_name":"The Cleric","floor":3,"gold_loss":50},{"damage_healed":0,"gold_gain":0,"player_choice":"Box","damage_taken":0,"relics_obtained":["Bronze Scales"],"max_hp_gain":0,"max_hp_loss":0,"event_name":"Big Fish","floor":4,"gold_loss":0,"cards_obtained":["Regret"]},{"damage_healed":0,"gold_gain":100,"player_choice":"Pray","damage_taken":0,"max_hp_gain":0,"max_hp_loss":0,"event_name":"Golden Shrine","floor":11,"gold_loss":0},{"damage_healed":0,"gold_gain":0,"player_choice":"0 cards matched","damage_taken":0,"max_hp_gain":0,"max_hp_loss":0,"event_name":"Match and Keep!","floor":19,"gold_loss":0,"cards_obtained":[]},{"damage_healed":0,"gold_gain":0,"player_choice":"Forge","damage_taken":0,"max_hp_gain":0,"max_hp_loss":0,"event_name":"Accursed Blacksmith","floor":22,"gold_loss":0,"cards_upgraded":["LessonLearned"]},{"damage_healed":0,"gold_gain":0,"player_choice":"Bought 1 Potion","damage_taken":0,"max_hp_gain":0,"max_hp_loss":0,"event_name":"The Woman in Blue","floor":37,"gold_loss":0}],"is_beta":false,"boss_relics":[{"not_picked":["Sozu","Runic Dome"],"picked":"Velvet Choker"},{"not_picked":["Philosopher\u0027s Stone","Cursed Key"],"picked":"Empty Cage"}],"items_purged_floors":[],"is_endless":false,"potions_floor_spawned":[10,16,18,20,30,35,39],"killed_by":"Reptomancer","ascension_level":0}}