{"host":"51f0ad793vly1w6u","time":1612690761,"event":{"mods":["BaseMod","Colored Map","DeckTracker","Minty Spire (QoL Compilation)","Replay The Spire","StSLib","SuperFastMode"],"gold_per_floor":[119,10,22,32,51,83,83,83,132,164,164,175,175,200,200,296,296,308,326,79,79,93,93,103,103,103,103,132,132,146,223,223,321,321,339,339,358,112,34,34,54,54,77,77,91,91,103,122,122,122,122,122,6,39,39,39],"floor_reached":55,"language":"KOR","playtime":1043,"items_purged":["Strike_B","Strike_B","Strike_B"],"score":781,"play_id":"fbd650cb-b41a-45ed-ac95-dc50525e1776","local_time":"20210207183920","is_ascension_mode":true,"campfire_choices":[{"data":"Sunder","floor":8.0,"key":"SMITH"},{"floor":13.0,"key":"REST"},{"data":"Dualcast","floor":15.0,"key":"SMITH"},{"data":"Survey Options","floor":23.0,"key":"SMITH"},{"data":"Fission","floor":25.0,"key":"SMITH"},{"floor":27.0,"key":"REST"},{"data":"Turbo","floor":32.0,"key":"SMITH"},{"data":"Capacitor","floor":40,"key":"SMITH"},{"data":"Rainbow","floor":42,"key":"SMITH"},{"data":"Genetic Algorithm","floor":44,"key":"SMITH"},{"floor":49,"key":"REST"},{"data":"Conserve Battery","floor":52,"key":"SMITH"}],"circlet_count":0,"master_deck":["Strike_B","Defend_B","Defend_B","Defend_B","Defend_B","Zap+1","Dualcast+1","Ball Lightning","Sweeping Beam+1","Sunder+1","Rainbow+1","Genetic Algorithm+1","Conserve Battery+1","Fission+1","Storm+1","Lockon+1","Survey Options+1","Capacitor+1","Turbo+1","Tempest+1","ReplayRNGCard+1","Specialist+1","Specialist+1","Specialist+1","Loop+1","Crow Ritual+1","Panacea+1","Hologram+1","Reinforced Body+1","Storm+1","Master of Strategy+1","Storm+1"],"relics":["FrozenCore","Mummified Hand","Omamori","Vajra","FaceOfCleric","DataDisk","Inserter","ClockworkSouvenir","Nunchaku","Golden Egg","Frozen Egg 2","ReplayTheSpireMod:ShopPack","Counterbalance","Blue Doll","Blue Candle"],"acts_visited":["Exordium","TheCity","TheBeyond","TheEnding"],"potions_floor_usage":[37,48,50,50,50,50,55],"damage_taken":[{"damage":1.0,"enemies":"Cultist","floor":1.0,"turns":3.0},{"damage":0.0,"enemies":"Small Slimes","floor":3.0,"turns":4.0},{"damage":7.0,"enemies":"Jaw Worm","floor":4.0,"turns":3.0},{"damage":1.0,"enemies":"Gremlin Gang","floor":5.0,"turns":3.0},{"damage":28.0,"enemies":"Lagavulin","floor":6.0,"turns":6.0},{"damage":8.0,"enemies":"3 Sentries","floor":10.0,"turns":4.0},{"damage":8.0,"enemies":"Blue Slaver","floor":12.0,"turns":3.0},{"damage":28.0,"enemies":"Replay:BlueRogue","floor":14.0,"turns":4.0},{"damage":2.0,"enemies":"Hexaghost","floor":16.0,"turns":8.0},{"damage":6.0,"enemies":"2 Thieves","floor":18.0,"turns":3.0},{"damage":0.0,"enemies":"Chosen","floor":19.0,"turns":3.0},{"damage":12.0,"enemies":"Snecko","floor":22.0,"turns":5.0},{"damage":20.0,"enemies":"Cultist and Chosen","floor":24.0,"turns":5.0},{"damage":12.0,"enemies":"Book of Stabbing","floor":28.0,"turns":3.0},{"damage":0.0,"enemies":"3 Cultists","floor":30.0,"turns":4.0},{"damage":17.0,"enemies":"Champ","floor":33.0,"turns":7.0},{"damage":0.0,"enemies":"3 Shapes","floor":35.0,"turns":2.0},{"damage":2,"enemies":"3 Darklings","floor":37,"turns":3},{"damage":17,"enemies":"Spire Growth","floor":41,"turns":3},{"damage":0,"enemies":"Writhing Mass","floor":45,"turns":3},{"damage":0,"enemies":"Maw","floor":47,"turns":3},{"damage":32,"enemies":"3 Darklings","floor":48,"turns":4},{"damage":30,"enemies":"Donu and Deca","floor":50,"turns":5},{"damage":33,"enemies":"Shield and Spear","floor":54,"turns":3},{"damage":60,"enemies":"The Heart","floor":55,"turns":5}],"seed_played":"626932716870961802","potions_obtained":[{"floor":4.0,"key":"Block Potion"},{"floor":5.0,"key":"Explosive Potion"},{"floor":14.0,"key":"Fire Potion"},{"floor":18.0,"key":"Block Potion"},{"floor":24.0,"key":"GamblersBrew"},{"floor":33.0,"key":"FearPotion"},{"floor":37,"key":"EntropicBrew"},{"floor":41,"key":"SteroidPotion"},{"floor":46,"key":"ColorlessPotion"}],"is_trial":false,"path_per_floor":["M","$","M","M","M","E","$","R","T","E","?","M","R","E","R","B",null,"M","M","$","?","M","R","M","R","T","R","E","?","M","T","R","B",null,"M","?","M","$","?","R","M","R","T","R","M","?","M","M","R","B",null,"R","$","E","B"],"character_chosen":"DEFECT","items_purchased":["Sweeping Beam+1","ClockworkSouvenir","ReplayTheSpireMod:ShopPack","Master of Strategy+1"],"campfire_rested":3,"item_purchase_floors":[2,20,38,53],"current_hp_per_floor":[74,74,74,67,66,38,38,38,38,30,30,23,45,18,18,17,78,73,74,74,74,63,63,44,44,44,68,57,57,58,58,58,42,85,86,76,75,75,75,75,59,59,59,59,60,60,61,30,57,28,92,92,92,60,0,0],"gold":39,"neow_bonus":"UPGRADE_CARD","is_daily":false,"chose_seed":false,"campfire_upgraded":9,"win_rate":0.0,"timestamp":1612690760,"path_taken":["M","?","?","M","M","E","?","R","T","E","?","M","R","E","R","BOSS","M","?","$","?","?","R","M","R","T","R","E","?","M","?","R","BOSS","M","?","M","$","?","R","M","R","T","R","?","?","?","M","R","BOSS","R","$","E","BOSS"],"items_purchased_type":["Card","Relic","Relic","Card"],"build_version":"2020-12-22","purchased_purges":3,"victory":false,"max_hp_per_floor":[75,75,75,75,75,75,75,75,75,75,75,76,76,77,77,78,78,79,80,80,80,81,81,82,82,82,82,83,83,84,84,84,85,85,86,86,87,87,87,87,88,88,88,88,89,89,90,91,91,92,92,92,92,93,93,93],"card_choices":[{"not_picked":["Beam Cell","BasicCrystalCard"],"picked":"Ball Lightning","floor":1.0},{"not_picked":["Gash","Double Energy"],"picked":"Sunder","floor":3.0},{"not_picked":["Rebound","Streamline"],"picked":"Rainbow","floor":4.0},{"not_picked":["Beam Cell","Skim"],"picked":"Genetic Algorithm","floor":5.0},{"not_picked":["Stack","Cold Snap"],"picked":"Conserve Battery","floor":6.0},{"not_picked":["Multi-Cast","Meteor Strike","Streamline"],"picked":"SKIP","floor":10.0},{"not_picked":["Hologram","Reprogram","Static Discharge"],"picked":"SKIP","floor":12.0},{"not_picked":["FTL","Reprogram","Gash"],"picked":"SKIP","floor":14.0},{"not_picked":["Hyperbeam","All For One"],"picked":"Fission","floor":16.0},{"not_picked":["ReplayGash","Reprogram"],"picked":"Storm+1","floor":18.0},{"not_picked":["Ball Lightning","Reprogram"],"picked":"Lockon+1","floor":19.0},{"not_picked":["Reprogram+1","Turbo"],"picked":"Capacitor","floor":22.0},{"not_picked":["Steam","Go for the Eyes"],"picked":"Turbo","floor":24.0},{"not_picked":["ReplayGash","Hello World"],"picked":"Tempest+1","floor":28.0},{"not_picked":["Gash+1","Streamline","Recycle"],"picked":"SKIP","floor":30.0},{"not_picked":["Mirror Shield","Buffer+1"],"picked":"ReplayRNGCard","floor":33.0},{"not_picked":["Fusion","Chaos+1","Cold Snap"],"picked":"SKIP","floor":35.0},{"not_picked":["Replay:Sssssssssstrike","Good Instincts"],"picked":"Specialist+1","floor":36},{"not_picked":["Dramatic Entrance","Trip"],"picked":"Specialist+1","floor":36},{"not_picked":["Apotheosis","Dramatic Entrance"],"picked":"Specialist+1","floor":36},{"not_picked":["Undo","Streamline"],"picked":"Loop+1","floor":37},{"not_picked":["Apotheosis","Midas Touch"],"picked":"Crow Ritual","floor":38},{"not_picked":["Magnetism","Replay:Parry"],"picked":"Panacea","floor":38},{"not_picked":["Hello World+1","Redo+1","All For One"],"picked":"SKIP","floor":41},{"not_picked":["Stack","Fusion+1"],"picked":"Hologram+1","floor":45},{"not_picked":["Steam","White Noise"],"picked":"Reinforced Body+1","floor":47},{"not_picked":["Panic Button+1","Beam Cell+1"],"picked":"Storm+1","floor":48},{"not_picked":["Consume","Rebound+1"],"picked":"Storm+1","floor":54}],"player_experience":1448130,"relics_obtained":[{"floor":6.0,"key":"Mummified Hand"},{"floor":9.0,"key":"Omamori"},{"floor":10.0,"key":"Vajra"},{"floor":14.0,"key":"DataDisk"},{"floor":26.0,"key":"Nunchaku"},{"floor":28.0,"key":"Golden Egg"},{"floor":31.0,"key":"Frozen Egg 2"},{"floor":43,"key":"Blue Doll"},{"floor":54,"key":"Blue Candle"}],"event_choices":[{"damage_healed":0.0,"max_hp_gain":0.0,"max_hp_loss":0.0,"gold_gain":0.0,"event_name":"FaceTrader","player_choice":"Trade","floor":11.0,"gold_loss":0.0,"damage_taken":0.0,"relics_obtained":["FaceOfCleric"]},{"damage_healed":0.0,"max_hp_gain":0.0,"max_hp_loss":0.0,"gold_gain":0.0,"event_name":"Match and Keep!","player_choice":"1 cards matched","floor":21.0,"gold_loss":0.0,"damage_taken":0.0,"cards_obtained":["Survey Options"]},{"damage_healed":0.0,"max_hp_gain":0.0,"max_hp_loss":0.0,"gold_gain":0.0,"event_name":"Ghosts","player_choice":"Ignored","floor":29.0,"gold_loss":0.0,"damage_taken":0.0},{"damage_healed":0,"gold_gain":0,"player_choice":"Memory 3","damage_taken":10,"max_hp_gain":0,"max_hp_loss":0,"event_name":"SensoryStone","floor":36,"gold_loss":0},{"damage_healed":0,"gold_gain":0,"player_choice":"Paid Gold","damage_taken":0,"relics_obtained":["Counterbalance"],"max_hp_gain":0,"max_hp_loss":0,"event_name":"WeMeetAgain","floor":39,"gold_loss":78},{"damage_healed":0,"gold_gain":0,"player_choice":"Got Potions","damage_taken":0,"max_hp_gain":0,"max_hp_loss":0,"event_name":"Lab","floor":46,"gold_loss":0}],"is_beta":false,"boss_relics":[{"not_picked":["Philosopher\u0027s Stone","SlaversCollar"],"picked":"Inserter"},{"not_picked":["Nuclear Battery","Tiny House"],"picked":"FrozenCore"}],"items_purged_floors":[2,20,38],"is_endless":false,"potions_floor_spawned":[4,5,14,18,24,33,37,41],"killed_by":"The Heart","ascension_level":3}}