{"host":"ewns8ifhbubwkcum","time":1612741350,"event":{"mods":["BaseMod","Block Reminder","Colored Map","Colored Powertips","Downfall","Highlight Path","Minty Spire (QoL Compilation)","Permanent Neow","Quick Restart","Random Character Button","StSLib"],"gold_per_floor":[99,118,118,128,128,38,38,71,71,108,136,136,21,21,40,143,143,143,169,212,223,294,313,383,183,209,109,122,122,122,159,182,289,289,289,313,323,323,323,323,323,343,370,380,400,419,419,453,466,466,466,500,30,30,30,30],"floor_reached":57,"language":"ENG","playtime":6164,"items_purged":["hexamod:Strike","hexamod:Strike"],"score":1589,"play_id":"db90ad8c-b7a6-433b-aef1-f1b6d722e930","local_time":"20210207174230","is_ascension_mode":true,"campfire_choices":[{"floor":1.0,"key":"RECALL"},{"data":"hexamod:HeatShield","floor":9.0,"key":"SMITH"},{"data":"hexamod:GhostOfSpireFuture","floor":12.0,"key":"SMITH"},{"data":"hexamod:ExtraCrispy","floor":18.0,"key":"SMITH"},{"data":"hexamod:RainOfEmbers","floor":25.0,"key":"SMITH"},{"data":"hexamod:AdvancingGuard","floor":27.0,"key":"SMITH"},{"data":"hexamod:ForkedFlame","floor":30.0,"key":"SMITH"},{"data":"hexamod:ApocalypticArmor","floor":35,"key":"SMITH"},{"data":"hexamod:FlamesFromBeyond","floor":40,"key":"SMITH"},{"data":"hexamod:GhostflameBarrier","floor":47,"key":"SMITH"},{"data":"hexamod:GhostOfSpireFuture","floor":54,"key":"SMITH"}],"circlet_count":0,"master_deck":["hexamod:Defend+1","hexamod:Defend","hexamod:Defend","hexamod:Defend","hexamod:Sear+1","hexamod:Float+1","hexamod:StepThrough+1","hexamod:BurningTouch+1","hexamod:HeatShield+1","hexamod:ThirdSeal","hexamod:GhostOfSpireFuture+1","hexamod:FlamesFromBeyond+1","hexamod:HeatCrush","hexamod:RainOfEmbers+1","hexamod:AdvancingGuard+1","hexamod:ApocalypticArmor+1","hexamod:ExtraCrispy+1","hexamod:ForkedFlame+1","hexamod:InspiringFlames+1","hexamod:AdvancingGuard+1","hexamod:Firestarter+1","hexamod:VolcanoVisage+1","hexamod:ForkedFlame+1","hexamod:FastForward+1","hexamod:Incineration+1","hexamod:AdvancingGuard+1","hexamod:AdvancingGuard+1","hexamod:GhostflameBarrier+1","hexamod:ParanormalForm","hexamod:PhantomFireball+1","hexamod:ThirdSeal","hexamod:HeatMetal","hexamod:ApocalypticArmor+1","hexamod:Hexaguard+1","hexamod:BurningTouch","hexamod:FlamesFromBeyond+1","hexamod:ShieldOfDarkness+1","hexamod:RainOfEmbers+1","hexamod:FlamesFromBeyond+1","hexamod:BurningTouch+1","Parasite","hexamod:PowerFromBeyond+1","hexamod:AdvancingGuard+1","hexamod:BurningTouch+1","hexamod:SuperheatedStrike+1","Panache","hexamod:GhostOfSpireFuture+1"],"relics":["hexamod:SpiritBrand","downfall:ShatteredFragment","Akabeko","Eternal Feather","Bird Faced Urn","Velvet Choker","champ:Barbells","Mercury Hourglass","hexamod:InflammatoryLetter","downfall:HeartBlessingBlue","downfall:HeartBlessingRed","Lizard Tail","downfall:HeartBlessingGreen","InkBottle","SlaversCollar","hexamod:TheBrokenSeal","StrikeDummy","Bottled Lightning","Toxic Egg 2","PreservedInsect","Frozen Eye"],"acts_visited":["Exordium","TheCity","TheBeyond","TheEnding"],"potions_floor_usage":[32,36,48,49,52,55,56,56,56,56,56,56],"damage_taken":[{"damage":2.0,"enemies":"Jaw Worm","floor":2.0,"turns":3.0},{"damage":3.0,"enemies":"Small Slimes","floor":4.0,"turns":4.0},{"damage":0.0,"enemies":"downfall:FleeingMerchant","floor":6.0,"turns":4.0},{"damage":5.0,"enemies":"Lagavulin","floor":8.0,"turns":6.0},{"damage":6.0,"enemies":"3 Sentries","floor":10.0,"turns":8.0},{"damage":0.0,"enemies":"Cultist","floor":11.0,"turns":3.0},{"damage":5.0,"enemies":"downfall:FleeingMerchant","floor":13.0,"turns":4.0},{"damage":5.0,"enemies":"3 Louse","floor":15.0,"turns":3.0},{"damage":3.0,"enemies":"SI_SHIV_ARCHETYPE","floor":16.0,"turns":4.0},{"damage":7.0,"enemies":"3 Byrds","floor":19.0,"turns":6.0},{"damage":0.0,"enemies":"downfall:FleeingMerchant","floor":20.0,"turns":4.0},{"damage":0.0,"enemies":"Chosen","floor":21.0,"turns":4.0},{"damage":8.0,"enemies":"Shelled Parasite and Fungi","floor":23.0,"turns":3.0},{"damage":24.0,"enemies":"Gremlin Leader","floor":26.0,"turns":7.0},{"damage":0.0,"enemies":"Snake Plant","floor":28.0,"turns":3.0},{"damage":17.0,"enemies":"Book of Stabbing","floor":31.0,"turns":5.0},{"damage":0,"enemies":"3 Cultists","floor":32,"turns":3},{"damage":42,"enemies":"DF_ARCHETYPE_CLAW","floor":33,"turns":8},{"damage":1,"enemies":"3 Shapes","floor":36,"turns":6},{"damage":8,"enemies":"3 Darklings","floor":37,"turns":3},{"damage":18,"enemies":"Jaw Worm Horde","floor":42,"turns":4},{"damage":10,"enemies":"Nemesis","floor":43,"turns":5},{"damage":11,"enemies":"Writhing Mass","floor":44,"turns":3},{"damage":0,"enemies":"Sphere and 2 Shapes","floor":45,"turns":4},{"damage":18,"enemies":"Maw","floor":46,"turns":6},{"damage":35,"enemies":"Reptomancer","floor":48,"turns":3},{"damage":11,"enemies":"Writhing Mass","floor":49,"turns":2},{"damage":0,"enemies":"WA_ARCHETYPE_DIVINITY","floor":50,"turns":8},{"damage":63,"enemies":"downfall:CharBossMerchant","floor":52,"turns":8},{"damage":41,"enemies":"downfall:NeowBoss","floor":55,"turns":15},{"damage":41,"enemies":"downfall:NeowBossFinal","floor":56,"turns":9}],"seed_played":"-8069938895299158742","potions_obtained":[{"floor":2.0,"key":"hexamod:DoubleChargePotion"},{"floor":11.0,"key":"BlessingOfTheForge"},{"floor":15.0,"key":"Strength Potion"},{"floor":16.0,"key":"Fire Potion"},{"floor":19.0,"key":"SteroidPotion"},{"floor":21.0,"key":"Dexterity Potion"},{"floor":26.0,"key":"Slimebound:ThreeZeroPotion"},{"floor":31.0,"key":"SneckoOil"},{"floor":33,"key":"EntropicBrew"},{"floor":42,"key":"SpeedPotion"},{"floor":44,"key":"Dexterity Potion"},{"floor":48,"key":"Slimebound:ThreeZeroPotion"},{"floor":49,"key":"Strength Potion"},{"floor":52,"key":"GamblersBrew"}],"is_trial":false,"path_per_floor":["R","M","?","M","?","$","T","E","R","E","M","R","$","T","M","B",null,"R","M","$","M","T","M","T","R","E","R","M","?","R","E","M","B",null,"R","M","M","?","?","R","T","M","E","M","M","M","R","E","M","B",null,"E","$","R","B","B",null],"character_chosen":"THE_SPIRIT","items_purchased":["champ:Barbells","hexamod:ForkedFlame","Swift Potion","Frozen Eye","Panache","EntropicBrew","hexamod:GhostOfSpireFuture"],"campfire_rested":0,"item_purchase_floors":[20,20,20,53,53,53,53],"current_hp_per_floor":[70,68,47,44,44,44,44,39,39,33,33,42,37,37,42,47,70,70,63,70,70,70,66,66,80,64,80,80,80,80,69,80,53,80,80,90,88,88,88,90,90,72,72,65,73,65,89,55,46,58,90,35,35,62,39,18],"gold":30,"neow_bonus":"UPGRADE_CARD","is_daily":false,"chose_seed":false,"campfire_upgraded":10,"win_rate":0.0,"timestamp":1612741350,"path_taken":["R","M","?","M","?","?","T","E","R","E","M","R","$","?","M","BOSS","R","M","$","M","?","M","T","R","E","R","M","?","R","E","M","BOSS","R","M","M","?","?","R","T","?","E","M","M","M","R","E","M","BOSS","E","$","R","BOSS","BOSS"],"items_purchased_type":["Relic","Card","Potion","Relic","Card","Potion","Card"],"build_version":"2020-12-22","purchased_purges":2,"victory":true,"max_hp_per_floor":[70,70,70,70,70,70,70,70,70,70,70,70,70,70,70,70,70,70,70,70,70,70,70,70,80,80,80,80,80,80,80,80,80,80,80,90,90,90,90,90,90,90,90,90,90,90,90,90,90,90,90,90,90,90,90,90],"card_choices":[{"not_picked":["hexamod:ExtraCrispy","hexamod:GhostOfSpireFuture"],"picked":"hexamod:ThirdSeal","floor":2.0},{"not_picked":["hexamod:FastForward","hexamod:PowerFromBeyond"],"picked":"hexamod:StepThrough","floor":4.0},{"not_picked":["hexamod:NightmareStrike","hexamod:FlameSwitch"],"picked":"hexamod:BurningTouch","floor":6.0},{"not_picked":["hexamod:SpectersWail","hexamod:ThermalTransfer"],"picked":"hexamod:HeatShield","floor":6.0},{"not_picked":["hexamod:SoulSteal","hexamod:SwordOfDarkness"],"picked":"hexamod:SecondSeal","floor":8.0},{"not_picked":["hexamod:TurnItUp","hexamod:NecessarySacrifice"],"picked":"hexamod:ThirdSeal","floor":8.0},{"not_picked":["hexamod:GhostLash","hexamod:BacktrackSmack"],"picked":"hexamod:GhostOfSpireFuture","floor":10.0},{"not_picked":["hexamod:HauntingEcho","hexamod:SwordOfDarkness"],"picked":"hexamod:FlamesFromBeyond","floor":11.0},{"not_picked":["hexamod:EtherealExpedition","hexamod:HauntingEcho"],"picked":"hexamod:HeatCrush","floor":11.0},{"not_picked":["hexamod:SpectersWail","hexamod:UnleashSpirits"],"picked":"hexamod:RainOfEmbers","floor":11.0},{"not_picked":["hexamod:HeatMetal","hexamod:SpectralAdrenaline"],"picked":"hexamod:AdvancingGuard","floor":13.0},{"not_picked":["hexamod:HeatCrush","hexamod:SkipABeat"],"picked":"hexamod:ApocalypticArmor","floor":13.0},{"not_picked":["hexamod:NightmareStrike","hexamod:SwordOfDarkness"],"picked":"hexamod:ExtraCrispy","floor":15.0},{"not_picked":["hexamod:GhostOfSpirePast","hexamod:NecessarySacrifice","hexamod:EtherealExpedition"],"picked":"SKIP","floor":15.0},{"not_picked":["hexamod:FlamesFromBeyond","hexamod:SuperheatedStrike","hexamod:Hexaguard"],"picked":"SKIP","floor":15.0},{"not_picked":["hexamod:UnlimitedPower","hexamod:VolcanoVisage"],"picked":"hexamod:FifthSeal","floor":16.0},{"not_picked":["hexamod:GhostOfSpirePresent","hexamod:ParanormalForm"],"picked":"hexamod:ForkedFlame","floor":16.0},{"not_picked":["hexamod:SecondSeal","hexamod:SuperheatedStrike"],"picked":"hexamod:InspiringFlames+1","floor":19.0},{"not_picked":["hexamod:GhostShield","hexamod:HauntingEcho"],"picked":"hexamod:AdvancingGuard+1","floor":19.0},{"not_picked":["hexamod:ShieldOfDarkness","hexamod:FastForward"],"picked":"hexamod:Firestarter+1","floor":19.0},{"not_picked":["hexamod:FirstSeal","hexamod:SecondSeal"],"picked":"hexamod:FourthSeal","floor":20.0},{"not_picked":["hexamod:Firestarter+1","hexamod:HeatCrush"],"picked":"hexamod:VolcanoVisage","floor":20.0},{"not_picked":["hexamod:FirstSeal","hexamod:SecondSeal"],"picked":"hexamod:SixthSeal","floor":21.0},{"not_picked":["hexamod:BurningTouch","hexamod:Again"],"picked":"hexamod:FastForward","floor":21.0},{"not_picked":["hexamod:Firestarter","hexamod:BurningTouch"],"picked":"hexamod:Incineration","floor":21.0},{"not_picked":["hexamod:FlamesFromBeyond","hexamod:RainOfEmbers","hexamod:GhostShield"],"picked":"SKIP","floor":21.0},{"not_picked":["hexamod:StepThrough","hexamod:SuperheatedStrike"],"picked":"hexamod:AdvancingGuard+1","floor":23.0},{"not_picked":["hexamod:SkipABeat","hexamod:GhostLash"],"picked":"hexamod:AdvancingGuard","floor":23.0},{"not_picked":["hexamod:PhantomFireball","hexamod:SpectralSpark","hexamod:FlamesFromBeyond"],"picked":"SKIP","floor":26.0},{"not_picked":["hexamod:PhantomFireball","hexamod:SpectralSpark","hexamod:FlamesFromBeyond"],"picked":"SKIP","floor":26.0},{"not_picked":["hexamod:BacktrackSmack","hexamod:BurningTouch"],"picked":"hexamod:GhostflameBarrier","floor":28.0},{"not_picked":["hexamod:BacktrackSmack","hexamod:ShieldOfDarkness+1"],"picked":"hexamod:PhantomFireball+1","floor":31.0},{"not_picked":["hexamod:BurningTouch","hexamod:Again","hexamod:Hexaguard"],"picked":"SKIP","floor":31.0},{"not_picked":["hexamod:ParanormalForm","hexamod:ThermalTransfer+1"],"picked":"hexamod:FirstSeal","floor":32},{"not_picked":["hexamod:SecondSeal","hexamod:FirstSeal"],"picked":"hexamod:ThirdSeal","floor":32},{"not_picked":["hexamod:SkipABeat","hexamod:SpectralAdrenaline"],"picked":"hexamod:HeatMetal","floor":32},{"not_picked":["hexamod:FifthSeal","hexamod:TurnItUp"],"picked":"hexamod:ApocalypticArmor","floor":33},{"not_picked":["hexamod:GhostOfSpireFuture","hexamod:GhostShield"],"picked":"hexamod:Hexaguard+1","floor":36},{"not_picked":["hexamod:BacktrackSmack+1","hexamod:FlamesFromBeyond"],"picked":"hexamod:BurningTouch","floor":36},{"not_picked":["hexamod:NightmareStrike+1","hexamod:CatchUp","hexamod:RecurringNightmare+1"],"picked":"SKIP","floor":36},{"not_picked":["hexamod:InspiringFlames+1","hexamod:BacktrackSmack+1"],"picked":"hexamod:FlamesFromBeyond+1","floor":37},{"not_picked":["hexamod:SpectersWail+1","hexamod:StepThrough+1"],"picked":"hexamod:ShieldOfDarkness+1","floor":42},{"not_picked":["hexamod:BurningTouch","hexamod:GhostOfSpirePresent"],"picked":"hexamod:RainOfEmbers","floor":42},{"not_picked":["hexamod:StepThrough+1","hexamod:Haunt"],"picked":"hexamod:FlamesFromBeyond+1","floor":43},{"not_picked":["hexamod:Firestarter","hexamod:PowerFromBeyond"],"picked":"hexamod:BurningTouch+1","floor":43},{"not_picked":["hexamod:NightmareGuise+1","hexamod:RetreatToShadows","hexamod:SpectralAdrenaline+1"],"picked":"SKIP","floor":44},{"not_picked":["hexamod:EmpoweredFlame","hexamod:HeatMetal+1"],"picked":"hexamod:PowerFromBeyond+1","floor":45},{"not_picked":["hexamod:InspiringFlames","hexamod:FastForward","hexamod:SwordOfDarkness"],"picked":"SKIP","floor":45},{"not_picked":["hexamod:EtherealExpedition+1","hexamod:AdvancingGuard+1","hexamod:NightmareGuise"],"picked":"SKIP","floor":45},{"not_picked":["hexamod:TurnItUp","hexamod:SpectralSpark","hexamod:Incineration+1"],"picked":"SKIP","floor":46},{"not_picked":["hexamod:Rewind+1","hexamod:FlamesFromBeyond","hexamod:RainOfEmbers"],"picked":"SKIP","floor":46},{"not_picked":["hexamod:BacktrackSmack+1","hexamod:HeatMetal"],"picked":"hexamod:AdvancingGuard+1","floor":48},{"not_picked":["hexamod:FastForward+1","hexamod:AdvancingGuard+1"],"picked":"hexamod:BurningTouch+1","floor":49},{"not_picked":["hexamod:GhostLash+1","hexamod:FourthSeal"],"picked":"hexamod:SuperheatedStrike+1","floor":52},{"not_picked":["hexamod:CatchUp+1","hexamod:RainOfEmbers","hexamod:GhostOfSpirePast"],"picked":"SKIP","floor":52},{"not_picked":["hexamod:PhantomFireball+1","hexamod:ApocalypseNow+1","hexamod:FastForward+1"],"picked":"SKIP","floor":52}],"player_experience":1116487,"relics_obtained":[{"floor":8.0,"key":"Akabeko"},{"floor":10.0,"key":"Eternal Feather"},{"floor":14.0,"key":"Bird Faced Urn"},{"floor":22.0,"key":"Mercury Hourglass"},{"floor":24.0,"key":"hexamod:InflammatoryLetter"},{"floor":26.0,"key":"Lizard Tail"},{"floor":31.0,"key":"InkBottle"},{"floor":41,"key":"StrikeDummy"},{"floor":43,"key":"Bottled Lightning"},{"floor":48,"key":"Toxic Egg 2"},{"floor":52,"key":"PreservedInsect"}],"event_choices":[{"cards_removed":["hexamod:Strike"],"damage_healed":0.0,"max_hp_gain":0.0,"max_hp_loss":0.0,"gold_gain":0.0,"event_name":"The Cleric","player_choice":"Card Removal","floor":5.0,"gold_loss":0.0,"damage_taken":0.0}],"is_beta":false,"boss_relics":[{"not_picked":["Runic Dome","Cursed Key"],"picked":"Velvet Choker"},{"not_picked":["Pandora\u0027s Box","Tiny House"],"picked":"SlaversCollar"}],"items_purged_floors":[6,13],"is_endless":false,"potions_floor_spawned":[2,11,15,16,19,21,31,42,43,44,46,48,49,52],"ascension_level":4}}