{"host":"2ty4h143nj8vwezc","time":1612716876,"event":{"mods":["BaseMod","Colored Map","Googly Eyes","Highlight Path","Minty Spire (QoL Compilation)","Quick Restart","StSLib"],"gold_per_floor":[118,131,56,56,80,107,107,125,125,125,125,125,125,125],"floor_reached":13,"language":"ENG","playtime":504,"items_purged":[],"score":162,"play_id":"3eec3154-8180-4c00-9f6a-f479e4c44851","local_time":"20210207115436","is_ascension_mode":true,"campfire_choices":[{"floor":7,"key":"REST"},{"floor":12,"key":"REST"}],"circlet_count":0,"master_deck":["AscendersBane","Strike_G","Strike_G","Strike_G","Strike_G","Defend_G","Defend_G","Defend_G","Defend_G","Defend_G","Survivor","Neutralize+1","Dagger Throw","Blade Dance","PiercingWail","Cloak And Dagger"],"relics":["Black Star","Happy Flower","Mummified Hand","Prayer Wheel"],"acts_visited":["Exordium"],"potions_floor_usage":[6,6],"damage_taken":[{"damage":0,"enemies":"Jaw Worm","floor":1,"turns":4},{"damage":1,"enemies":"Cultist","floor":2,"turns":4},{"damage":46,"enemies":"Gremlin Nob","floor":6,"turns":5},{"damage":0,"enemies":"Small Slimes","floor":8,"turns":3},{"damage":42,"enemies":"Lagavulin","floor":13,"turns":9}],"seed_played":"1703592064203692775","potions_obtained":[{"floor":1,"key":"Fire Potion"},{"floor":2,"key":"DuplicationPotion"}],"is_trial":false,"path_per_floor":["M","M","?","?","T","E","R","M","T","$","?","R","E"],"character_chosen":"THE_SILENT","items_purchased":[],"campfire_rested":2,"item_purchase_floors":[],"current_hp_per_floor":[59,58,58,58,58,12,31,31,31,31,31,50,8,8],"gold":125,"neow_bonus":"BOSS_RELIC","is_daily":false,"chose_seed":false,"campfire_upgraded":0,"win_rate":0.0,"timestamp":1612716876,"path_taken":["M","M","?","?","?","E","R","?","T","$","?","R","E"],"items_purchased_type":[],"build_version":"2020-12-22","purchased_purges":0,"victory":false,"max_hp_per_floor":[66,66,66,66,66,66,66,66,66,66,66,66,66,66],"card_choices":[{"not_picked":["Blur","Underhanded Strike"],"picked":"Dagger Throw","floor":1},{"not_picked":["Dagger Spray","Quick Slash","Backflip"],"picked":"SKIP","floor":2},{"not_picked":["Predator","Phantasmal Killer"],"picked":"Blade Dance","floor":6},{"not_picked":["Outmaneuver","Deadly Poison"],"picked":"PiercingWail","floor":8},{"not_picked":["Finisher","Outmaneuver"],"picked":"Cloak And Dagger","floor":8}],"player_experience":363270,"relics_obtained":[{"floor":5,"key":"Happy Flower"},{"floor":6,"key":"Mummified Hand"},{"floor":6,"key":"Prayer Wheel"}],"event_choices":[{"cards_removed":["Strike_G"],"damage_healed":0,"gold_gain":0,"player_choice":"Card Removal","damage_taken":0,"max_hp_gain":0,"max_hp_loss":0,"event_name":"The Cleric","floor":3,"gold_loss":75},{"damage_healed":0,"gold_gain":0,"player_choice":"Fled","damage_taken":0,"max_hp_gain":0,"max_hp_loss":0,"event_name":"Scrap Ooze","floor":4,"gold_loss":0},{"damage_healed":0,"gold_gain":0,"player_choice":"Forge","damage_taken":0,"max_hp_gain":0,"max_hp_loss":0,"event_name":"Accursed Blacksmith","floor":11,"gold_loss":0,"cards_upgraded":["Neutralize"]}],"is_beta":false,"boss_relics":[],"items_purged_floors":[],"is_endless":false,"potions_floor_spawned":[1,2],"killed_by":"Lagavulin","ascension_level":20}}