{"host":"mhzgc0zma59jtmoj","time":1612736025,"event":{"mods":["BaseMod","BetterRewards","Custom Start","Fiend Mod","Glutton Mod","Ironclad Rager","Minty Spire (QoL Compilation)","Replay The Spire","Somnambulant","StSLib","The Cursed","The Hierophant","The Jungle","The Marked","The Necromancer"],"gold_per_floor":[111,111,121,141,73,73,73,73],"floor_reached":7,"language":"ENG","playtime":518,"items_purged":[],"score":41,"play_id":"fce73c56-eae3-4e38-84b4-930538dd1fe4","local_time":"20210207171345","daily_mods":["SealedDeck"],"is_ascension_mode":false,"campfire_choices":[{"data":"Fiend:FiendHarden","floor":6,"key":"SMITH"}],"circlet_count":0,"master_deck":["Fiend:FiendRage","Fiend:FiendExecute","Fiend:FiendDemonWhip","Fiend:FiendMeatShield","Fiend:FiendHarden+1","Fiend:FiendMeatPaste","Fiend:FiendSalvage","Fiend:FiendSalvage","Fiend:FiendCancer","Fiend:FiendCancer","Fiend:FiendDemonWhip","Fiend:FiendCancer"],"relics":["Fiend:FiendTotem"],"acts_visited":["Exordium"],"potions_floor_usage":[],"damage_taken":[{"damage":14,"enemies":"Jaw Worm","floor":1,"turns":6},{"damage":17,"enemies":"Cultist","floor":3,"turns":5},{"damage":4,"enemies":"Small Slimes","floor":4,"turns":3},{"damage":39,"enemies":"Lagavulin","floor":7,"turns":7}],"seed_played":"715144283363503310","potions_obtained":[{"floor":1,"key":"SteroidPotion"},{"floor":4,"key":"Cursed Concoction"}],"is_trial":true,"path_per_floor":["M","?","M","M","$","R","E"],"character_chosen":"THE_FIEND","items_purchased":["Fiend:FiendCancer"],"campfire_rested":0,"item_purchase_floors":[5],"current_hp_per_floor":[56,56,39,35,35,35,0,0],"gold":73,"neow_bonus":"","is_daily":false,"chose_seed":false,"campfire_upgraded":1,"win_rate":0.0,"timestamp":1612736025,"path_taken":["M","?","M","M","?","R","E"],"items_purchased_type":["Card"],"build_version":"2020-12-22","purchased_purges":0,"victory":false,"max_hp_per_floor":[70,70,70,70,70,70,70,70],"card_choices":[{"not_picked":["Fiend:FiendRadiation","Fiend:FiendDemonicContract","Fiend:FiendAlchemeat"],"picked":"SKIP","floor":1},{"not_picked":["Fiend:FiendMeatPaste","Fiend:FiendVaccine","Fiend:FiendBackFromHell"],"picked":"SKIP","floor":3},{"not_picked":["Fiend:FiendConserve","Fiend:FiendMeatPaste"],"picked":"Fiend:FiendDemonWhip","floor":4}],"player_experience":261243,"relics_obtained":[],"event_choices":[{"damage_healed":0,"gold_gain":0,"player_choice":"0 cards matched","damage_taken":0,"max_hp_gain":0,"max_hp_loss":0,"event_name":"Match and Keep!","floor":2,"gold_loss":0,"cards_obtained":[]}],"is_beta":false,"boss_relics":[],"items_purged_floors":[],"is_endless":false,"potions_floor_spawned":[1,4],"killed_by":"Lagavulin","ascension_level":0}}