{"host":"hb254truj5uxpodn","time":1612662671,"event":{"mods":["2.2 Compatiblity","AchievementEnabler","Aspiration","BaseMod","Bestiary","Better Altar","Better Match","Better Note","Better Sensory Stone","Better Skull","Better Third Choice","Better Vampires","BetterRewards","CapriCore","Colored Map","Colored Powertips","Conspire","Downfall","Energized Spire","Fiend Mod","Friendly Minions","GifTheSpireLib","Highlight Path","Hubris","Infinite Spire","Minty Spire (QoL Compilation)","Permanent Neow","Practice Mode","Quick Restart","Relic Stats","Replay The Spire","Shop Mod","Spicy Shops","StSLib","SuperFastMode","Uncapped"],"gold_per_floor":[118,118,118,118,136,155,55,87,87,87,87,124,124,143,102,102,102,102,119,131,194,194,194,210,221,231,242,242,340,340,306,306,306,325,325,325,325,325,397,397,408,428,448,463,463,563,663,681,716,716,716,716,716,682,697,697,697,697,697,716,731,731,731,731,731,731,84,746,746,799,799,799,825,825,860,860,877,908,927,937,955,955,1059,1059,1071,932,932,954,954,954,980,980,980,997,1015,1015,1015,1032,1032,1135,1135,1146,1159,1059,1102,1102,1102,1102,1120,1120,1120,977,977,993,1005,1005,1005,1005,1005,1005,1039,1039],"floor_reached":123,"language":"ENG","playtime":5156,"items_purged":[],"score":2774,"play_id":"29ed88d6-fe76-4f39-9055-36a5bb962bcb","local_time":"20210206175111","is_ascension_mode":true,"campfire_choices":[{"floor":10.0,"key":"RECALL"},{"data":"Whirlwind","floor":23.0,"key":"SMITH"},{"data":"Spot Weakness","floor":28.0,"key":"SMITH"},{"data":"hubris:StunningStrike","floor":36.0,"key":"SMITH"},{"data":"infinitespire:Execution","floor":38.0,"key":"SMITH"},{"floor":45.0,"key":"REST"},{"data":"Madness","floor":53.0,"key":"SMITH"},{"floor":57.0,"key":"REST"},{"data":"infinitespire:Punishment","floor":59.0,"key":"SMITH"},{"data":"Madness","floor":62.0,"key":"SMITH"},{"data":"Whirlwind","floor":65.0,"key":"SMITH"},{"data":"ReplayTheSpireMod:Tripwire","floor":74.0,"key":"SMITH"},{"floor":82.0,"key":"DIG"},{"data":"infinitespire:Collect","floor":90.0,"key":"SMITH"},{"data":"Whirlwind","floor":99,"key":"SMITH"},{"data":"infinitespire:UltimateForm","floor":107,"key":"SMITH"},{"data":"hubris:Rewind","floor":111,"key":"SMITH"},{"data":"Feed","floor":113,"key":"SMITH"},{"data":"Demon Form","floor":116,"key":"SMITH"},{"data":"Vault","floor":119,"key":"SMITH"}],"circlet_count":0,"master_deck":["Strike_R","Strike_R","Strike_R","Strike_R","Strike_R+1","Defend_R","Defend_R","Defend_R","Replay:Undeath\u0027s Touch+1","Whirlwind+1","Anger","Shrug It Off","Armaments","ReplayReversal","Survivor+1","Neutralize+1","Replay:Sssssssssstrike","Inflame","Rage","Shrug It Off","Spot Weakness+1","hubris:StunningStrike+1","Headbutt","Double Tap+1","Intimidate","Whirlwind+1","infinitespire:Execution+1","Heavy Blade","Twin Strike","Replay:Undeath\u0027s Touch","Perfected Strike+1","Feed+1","Flame Barrier+1","Body Slam","Madness+1","Madness+1","Whirlwind+1","Spot Weakness","infinitespire:Punishment+1","Replay:Undeath\u0027s Touch","Anger+1","infinitespire:OneForAll+1","Feel No Pain","infinitespire:Collect+1","ReplayTheSpireMod:Tripwire+1","hexamod:NightmareStrike","bronze:ItsAFeature","Blade Dance","Slimebound:HauntingLick","Conserve Battery+1","Vault+1","Thunderclap+1","Demon Form+1","ThirdEye+1","bronze:Overheat+1","infinitespire:UltimateForm+1","Slimebound:Schlurp","Slimebound:DisruptingSlam","bronze:WildBeam+1","Feed+1","Replay:Sssssssssstrike","champ:BladeFlurry+1","ReplaySolidLightProjector+1","hubris:Rewind+1","Ball Lightning","Clothesline+1","Noxious Fumes","Guardian:WalkerClaw"],"relics":["Burning Blood","Happy Flower","betterThird:SlimedRelic","Chameleon Ring","Matryoshka","hubris:TerracottaHorce","Medical Kit","conspire:DecoderRing","Orichalcum","conspire:BottledYoYo","Replay:Wanted Poster","Replay:Baseball","Mercury Hourglass","Durian","Guide Book","Replay:Lucky Slots","Guardian:BottledAnomaly","hubris:CrystalStatue","Strawberry","hubris:SlimyHat","Ornamental Fan","Bird Faced Urn","Replay:Ringing Soul","Blue Candle","HornCleat","PrismaticShard","hubris:OldNail","infinitespire:Bottled Soul","StrikeDummy","hubris:Metronome","champ:DuelingGlove","Oddly Smooth Stone","Fiend:Scarf","hubris:AstralHammer","TungstenRod","infinitespire:CheckeredPen","bronze:BronzeIdol","ReplayTheSpireMod:DimensionalGlitch","Kunai","aspiration:Nostalgia","Cracked Core","Bag of Preparation","champ:Barbells","Iron Hammer"],"acts_visited":["Exordium","Exordium","TheCity","TheBeyond","TheEnding","Exordium","TheCity","TheBeyond","TheEnding"],"potions_floor_usage":[100,105,115,122,122],"damage_taken":[{"damage":11.0,"enemies":"Jaw Worm","floor":1.0,"turns":3.0},{"damage":0.0,"enemies":"2 Louse","floor":5.0,"turns":3.0},{"damage":6.0,"enemies":"Cultist","floor":6.0,"turns":3.0},{"damage":70.0,"enemies":"Lagavulin","floor":8.0,"turns":9.0},{"damage":4.0,"enemies":"Blue Slaver","floor":12.0,"turns":4.0},{"damage":6.0,"enemies":"Jaw Worm","floor":14.0,"turns":3.0},{"damage":0.0,"enemies":"Cultist","floor":19.0,"turns":3.0},{"damage":2.0,"enemies":"2 Louse","floor":20.0,"turns":2.0},{"damage":18.0,"enemies":"3 Sentries","floor":21.0,"turns":5.0},{"damage":1.0,"enemies":"2 Fungi Beasts","floor":24.0,"turns":2.0},{"damage":21.0,"enemies":"Gremlin Gang","floor":25.0,"turns":4.0},{"damage":0.0,"enemies":"3 Louse","floor":26.0,"turns":1.0},{"damage":2.0,"enemies":"Red Slaver","floor":27.0,"turns":2.0},{"damage":0.0,"enemies":"Slime Boss","floor":29.0,"turns":5.0},{"damage":16.0,"enemies":"2 Thieves","floor":31.0,"turns":5.0},{"damage":11.0,"enemies":"Shell Parasite","floor":34.0,"turns":5.0},{"damage":14.0,"enemies":"Shelled Parasite and Fungi","floor":41.0,"turns":3.0},{"damage":5.0,"enemies":"Snake Plant","floor":42.0,"turns":3.0},{"damage":14.0,"enemies":"3 Cultists","floor":43.0,"turns":5.0},{"damage":6.0,"enemies":"Sentry and Sphere","floor":44.0,"turns":4.0},{"damage":79.0,"enemies":"conspire:MysteriousRune","floor":46.0,"turns":9.0},{"damage":17.0,"enemies":"3 Shapes","floor":48.0,"turns":3.0},{"damage":0.0,"enemies":"Orb Walker","floor":49.0,"turns":3.0},{"damage":7.0,"enemies":"Sphere and 2 Shapes","floor":55.0,"turns":5.0},{"damage":0.0,"enemies":"Maw","floor":60.0,"turns":4.0},{"damage":10.0,"enemies":"Jaw Worm Horde","floor":61.0,"turns":4.0},{"damage":64.0,"enemies":"infinitespire:MassOfShapes","floor":63.0,"turns":6.0},{"damage":15.0,"enemies":"conspire:RoseBush","floor":68.0,"turns":2.0},{"damage":0.0,"enemies":"Replay:BlueRogue","floor":73.0,"turns":2.0},{"damage":0.0,"enemies":"Lagavulin","floor":75.0,"turns":3.0},{"damage":0.0,"enemies":"2 Louse","floor":77.0,"turns":1.0},{"damage":0.0,"enemies":"Replay:BlueRogue","floor":78.0,"turns":2.0},{"damage":0.0,"enemies":"infinitespire:Voidling","floor":79.0,"turns":1.0},{"damage":0.0,"enemies":"Exordium Thugs","floor":80.0,"turns":1.0},{"damage":0.0,"enemies":"Looter","floor":81.0,"turns":1.0},{"damage":0.0,"enemies":"Fading Forest","floor":83.0,"turns":6.0},{"damage":0.0,"enemies":"Chosen","floor":85.0,"turns":1.0},{"damage":0.0,"enemies":"Shell Parasite","floor":88.0,"turns":2.0},{"damage":0.0,"enemies":"conspire:SneckoGhost","floor":91.0,"turns":3.0},{"damage":0.0,"enemies":"Cultist and Chosen","floor":94.0,"turns":2.0},{"damage":0.0,"enemies":"Sentry and Sphere","floor":95.0,"turns":1.0},{"damage":0,"enemies":"Centurion and Healer","floor":98,"turns":2},{"damage":3,"enemies":"hubris:MusketHawk","floor":100,"turns":4},{"damage":0,"enemies":"3 Darklings","floor":102,"turns":1},{"damage":0,"enemies":"3 Shapes","floor":103,"turns":2},{"damage":0,"enemies":"Maw","floor":109,"turns":2},{"damage":0,"enemies":"Transient","floor":114,"turns":3},{"damage":3,"enemies":"4 Shapes","floor":115,"turns":2},{"damage":19,"enemies":"hubris:GrandSnecko","floor":117,"turns":2},{"damage":0,"enemies":"Shield and Spear","floor":121,"turns":2},{"damage":39,"enemies":"The Heart","floor":122,"turns":5}],"seed_played":"2737361000592130112","potions_obtained":[{"floor":1.0,"key":"DuplicationPotion"},{"floor":6.0,"key":"Elixir"},{"floor":8.0,"key":"sneckomod:MuddlingPotion"},{"floor":34.0,"key":"sneckomod:MuddlingPotion"},{"floor":41.0,"key":"LiquidMemories"},{"floor":48.0,"key":"Dexterity Potion"},{"floor":68.0,"key":"SteroidPotion"},{"floor":87.0,"key":"BloodPotion"},{"floor":94.0,"key":"Languid Potion"},{"floor":98,"key":"Swift Potion"},{"floor":102,"key":"Languid Potion"},{"floor":105,"key":"BloodPotion"},{"floor":115,"key":"BloodPotion"}],"is_trial":false,"path_per_floor":["M","?","?","$","M","M","?","E","T","R","?","M","M","M","?","?","$","?","M","M","E","T","R","M","M","M","M","R_BF","B",null,"M","$","?","M","$","R","AVR","R","T","?","M","M","M","M","R","B",null,"M","M","?","?","T","R","$","M","T","R","AVR","R","M","M","R","B",null,"R","$","E","M","?","?","AVR","$","E","R","E","T","M","E","M","M","M","R_BF","B",null,"M","$","?","M","?","R","E","AVR","T","M","M","$","?","M","R","B",null,"M","M","NS","?","?","R","AVR","M","T","R","$","R","M","M","R","B",null,"R","$","E","B",null],"character_chosen":"IRONCLAD","items_purchased":["Medical Kit","Whirlwind","Replay:Lucky Slots","Guardian:BottledAnomaly","hubris:CrystalStatue","Strawberry","hubris:SlimyHat","Ornamental Fan","infinitespire:OneForAll","Replay:Ringing Soul","Blue Candle","HornCleat","hubris:OldNail","Demon Form","champ:Barbells"],"campfire_rested":2,"item_purchase_floors":[35,54,67,67,67,67,67,67,67,67,67,67,72,86,112],"current_hp_per_floor":[83,83,83,83,88,88,88,24,24,24,6,8,96,96,85,85,85,85,91,95,83,83,83,88,73,79,83,83,89,96,86,86,86,81,71,71,71,71,71,71,63,64,56,56,84,11,75,67,73,61,61,61,61,61,60,65,96,96,96,102,102,102,44,92,92,92,93,87,87,87,90,80,89,89,102,102,111,120,131,140,149,149,153,153,156,159,159,162,162,162,169,172,172,175,178,178,178,181,181,184,184,187,193,193,177,177,177,180,186,186,186,186,186,196,216,216,202,213,213,213,219,185],"gold":1039,"neow_bonus":"TEN_PERCENT_HP_BONUS","is_daily":false,"chose_seed":false,"campfire_upgraded":16,"win_rate":0.0,"timestamp":1612662671,"path_taken":["M","?","?","$","?","M","?","E","T","R","?","M","M","M","?","?","$","?","M","?","E","T","R","?","M","M","M","R_BF","BOSS","M","$","?","M","?","R","AVR","R","T","?","M","M","M","M","R","BOSS","M","M","?","?","?","R","$","M","T","R","AVR","R","M","M","R","BOSS","R","$","E","M","?","?","AVR","?","E","R","E","T","?","E","M","M","M","R_BF","BOSS","M","$","?","M","?","R","E","AVR","T","M","?","?","?","?","R","BOSS","M","M","NS","?","?","R","AVR","M","T","R","$","R","M","M","R","BOSS","R","$","E","BOSS"],"items_purchased_type":["Relic","Card","Relic","Relic","Relic","Relic","Relic","Relic","Card","Relic","Relic","Relic","Relic","Card","Relic"],"build_version":"2020-12-22","purchased_purges":0,"victory":true,"max_hp_per_floor":[88,88,88,88,88,88,88,88,88,88,88,88,96,96,96,96,96,96,96,96,96,96,96,96,96,96,96,96,96,96,96,96,96,96,96,96,96,96,96,96,96,96,96,96,96,96,96,99,99,99,99,99,99,99,99,104,104,104,104,104,108,108,108,108,108,108,119,122,122,122,125,125,128,128,135,135,138,141,144,147,150,150,153,153,156,159,159,162,162,162,169,172,172,175,178,178,178,181,181,184,184,187,193,193,196,196,196,199,202,202,202,202,202,209,216,216,216,216,216,216,219,219],"relic_stats":{"Happy Flower":[49],"counters":[94,253],"Blue Candle":[0],"Bag of Preparation":[76],"Orichalcum":[78],"Medical Kit":[1],"Burning Blood":164,"Mercury Hourglass":[237],"Ornamental Fan":[116],"Bird Faced Urn":[13],"Kunai":[44],"obtain_stats":[{"champ:DuelingGlove":78,"hubris:CrystalStatue":70,"Vajra":36,"Whetstone":27,"Bottled Tornado":93,"Boot":95,"Sling":112,"hubris:TerracottaHorce":0,"Replay:Wanted Poster":0,"Replay:Ringing Soul":67,"Lizard Tail":32,"Fiend:Scarf":84,"HornCleat":92,"hubris:AstralHammer":91,"conspire:DecoderRing":69,"Strawberry":67,"hubris:DeckOfHolding":81,"Iron Hammer":121,"Kunai":85,"aspiration:Headhunter":61,"champ:Barbells":112,"Happy Flower":0,"aspiration:Nostalgia":108,"Blue Candle":67,"Oddly Smooth Stone":82,"Eternal Feather":123,"vexMod:PaidLearning":123,"aspiration:SeaSaltIceCream":85,"ReplayTheSpireMod:Spearhead":54,"Replay:Baseball":0,"Brimstone":82,"energizedSpire:NeverEndingSparkler":116,"Bird Faced Urn":67,"hubris:TenFootPole":53,"conspire:BottledYoYo":0,"ReplayTheSpireMod:DimensionalGlitch":99,"StrikeDummy":75,"hubris:Metronome":76,"Mango":123,"Bag of Preparation":71,"hubris:SlimyHat":67,"vexMod:Spyglass":82,"PrismaticShard":71,"Burning Blood":0,"conspire:TopHat":22,"Replay:Rubber Ducky":76,"Frozen Eye":27,"Replay:Bandana":63,"hubris:Backtick":61,"Chameleon Ring":0,"Matryoshka":0,"infinitespire:Bottled Soul":73,"Tiny Chest":20,"hubris:IronBody":82,"Replay:Lucky Slots":67,"Guardian:BottledAnomaly":67,"Cracked Core":108,"Gremlin Food":108,"BargainBundle":27,"ReplayTheSpireMod:Ninjato":11,"Guide Book":0,"vexMod:FocusSash":105,"infinitespire:CheckeredPen":93,"Orichalcum":0,"energizedSpire:DeadBattery":44,"Medical Kit":0,"White Beast Statue":30,"Mercury Hourglass":82,"bronze:BronzeIdol":97,"vexMod:Dragonfruit":91,"Ornamental Fan":67,"betterThird:SlimedRelic":0,"Bag of Marbles":27,"Durian":0,"Membership Card":112,"ReplayTheSpireMod:Lightbulb":27,"hubris:OldNail":72,"TungstenRod":92,"hubris:BottledRain":89},{"champ:DuelingGlove":75,"hubris:CrystalStatue":36,"Vajra":21,"Whetstone":16,"Bottled Tornado":49,"Boot":51,"Sling":63,"hubris:TerracottaHorce":0,"Replay:Wanted Poster":0,"Replay:Ringing Soul":70,"Lizard Tail":19,"Fiend:Scarf":79,"HornCleat":48,"hubris:AstralHammer":82,"conspire:DecoderRing":36,"Strawberry":70,"hubris:DeckOfHolding":41,"Iron Hammer":93,"Kunai":44,"aspiration:Headhunter":32,"champ:Barbells":89,"Happy Flower":0,"aspiration:Nostalgia":88,"Blue Candle":70,"Oddly Smooth Stone":78,"Eternal Feather":68,"vexMod:PaidLearning":68,"aspiration:SeaSaltIceCream":44,"ReplayTheSpireMod:Spearhead":29,"Replay:Baseball":0,"Brimstone":42,"energizedSpire:NeverEndingSparkler":65,"Bird Faced Urn":70,"hubris:TenFootPole":29,"conspire:BottledYoYo":0,"ReplayTheSpireMod:DimensionalGlitch":52,"StrikeDummy":73,"hubris:Metronome":73,"Mango":68,"Bag of Preparation":37,"hubris:SlimyHat":70,"vexMod:Spyglass":42,"PrismaticShard":71,"Burning Blood":0,"conspire:TopHat":14,"Replay:Rubber Ducky":39,"Frozen Eye":16,"Replay:Bandana":33,"hubris:Backtick":32,"Chameleon Ring":0,"Matryoshka":0,"infinitespire:Bottled Soul":72,"Tiny Chest":13,"hubris:IronBody":42,"Replay:Lucky Slots":70,"Guardian:BottledAnomaly":70,"Cracked Core":88,"Gremlin Food":60,"BargainBundle":16,"ReplayTheSpireMod:Ninjato":7,"Guide Book":0,"vexMod:FocusSash":58,"infinitespire:CheckeredPen":82,"Orichalcum":0,"energizedSpire:DeadBattery":25,"Medical Kit":0,"White Beast Statue":18,"Mercury Hourglass":42,"bronze:BronzeIdol":84,"vexMod:Dragonfruit":48,"Ornamental Fan":70,"betterThird:SlimedRelic":0,"Bag of Marbles":16,"Durian":0,"Membership Card":63,"ReplayTheSpireMod:Lightbulb":16,"hubris:OldNail":71,"TungstenRod":82,"hubris:BottledRain":47},{"champ:DuelingGlove":210,"hubris:CrystalStatue":127,"Vajra":78,"Whetstone":67,"Bottled Tornado":157,"Boot":160,"Sling":182,"hubris:TerracottaHorce":0,"Replay:Wanted Poster":0,"Replay:Ringing Soul":201,"Lizard Tail":73,"Fiend:Scarf":219,"HornCleat":156,"hubris:AstralHammer":225,"conspire:DecoderRing":127,"Strawberry":201,"hubris:DeckOfHolding":145,"Iron Hammer":248,"Kunai":152,"aspiration:Headhunter":112,"champ:Barbells":239,"Happy Flower":0,"aspiration:Nostalgia":237,"Blue Candle":201,"Oddly Smooth Stone":213,"Eternal Feather":194,"vexMod:PaidLearning":194,"aspiration:SeaSaltIceCream":152,"ReplayTheSpireMod:Spearhead":101,"Replay:Baseball":0,"Brimstone":150,"energizedSpire:NeverEndingSparkler":186,"Bird Faced Urn":201,"hubris:TenFootPole":101,"conspire:BottledYoYo":0,"ReplayTheSpireMod:DimensionalGlitch":164,"StrikeDummy":207,"hubris:Metronome":207,"Mango":194,"Bag of Preparation":130,"hubris:SlimyHat":201,"vexMod:Spyglass":150,"PrismaticShard":202,"Burning Blood":0,"conspire:TopHat":54,"Replay:Rubber Ducky":137,"Frozen Eye":67,"Replay:Bandana":115,"hubris:Backtick":112,"Chameleon Ring":0,"Matryoshka":0,"infinitespire:Bottled Soul":204,"Tiny Chest":45,"hubris:IronBody":150,"Replay:Lucky Slots":201,"Guardian:BottledAnomaly":201,"Cracked Core":237,"Gremlin Food":177,"BargainBundle":67,"ReplayTheSpireMod:Ninjato":27,"Guide Book":0,"vexMod:FocusSash":173,"infinitespire:CheckeredPen":225,"Orichalcum":0,"energizedSpire:DeadBattery":91,"Medical Kit":0,"White Beast Statue":71,"Mercury Hourglass":150,"bronze:BronzeIdol":228,"vexMod:Dragonfruit":156,"Ornamental Fan":201,"betterThird:SlimedRelic":0,"Bag of Marbles":67,"Durian":0,"Membership Card":182,"ReplayTheSpireMod:Lightbulb":67,"hubris:OldNail":202,"TungstenRod":225,"hubris:BottledRain":155}],"TungstenRod":11},"card_choices":[{"not_picked":["Perfected Strike","hubris:CleavingFinish"],"picked":"Replay:Undeath\u0027s Touch","floor":1.0},{"not_picked":["Shrug It Off","ReplayTheSpireMod:Strike From Hell"],"picked":"Whirlwind","floor":5.0},{"not_picked":["Rage","ReplayTheSpireMod:Limb From Limb"],"picked":"Anger","floor":6.0},{"not_picked":["Shockwave","Metallicize"],"picked":"Shrug It Off","floor":8.0},{"not_picked":["True Grit","Wild Strike"],"picked":"Armaments","floor":12.0},{"not_picked":["hubris:SharpeningStone","True Grit"],"picked":"ReplayReversal","floor":14.0},{"not_picked":["Carnage","Shrug It Off"],"picked":"Inflame","floor":19.0},{"not_picked":["Clash","Blood for Blood"],"picked":"Evolve","floor":20.0},{"not_picked":["Metallicize","Armaments"],"picked":"Rage","floor":21.0},{"not_picked":["hubris:ReadiedAction","hubris:SharpeningStone"],"picked":"Shrug It Off","floor":24.0},{"not_picked":["Replay:Undeath\u0027s Touch","Burning Pact"],"picked":"Spot Weakness","floor":25.0},{"not_picked":["Twin Strike","Flex"],"picked":"hubris:StunningStrike","floor":26.0},{"not_picked":["Warcry","Sword Boomerang"],"picked":"Headbutt","floor":27.0},{"not_picked":["Offering","conspire:HitWhereItHurts"],"picked":"Double Tap","floor":29.0},{"not_picked":["ReplayTheSpireMod:Strike From Hell+1","hubris:CleavingFinish"],"picked":"Intimidate","floor":31.0},{"not_picked":["Shrug It Off","Pummel"],"picked":"Whirlwind","floor":34.0},{"not_picked":["Dropkick+1","Power Through"],"picked":"Heavy Blade","floor":41.0},{"not_picked":["Combust+1","Warcry+1"],"picked":"Twin Strike","floor":42.0},{"not_picked":["Warcry","Armaments"],"picked":"Replay:Undeath\u0027s Touch","floor":43.0},{"not_picked":["Massacre","Sentinel+1"],"picked":"Perfected Strike+1","floor":44.0},{"not_picked":["Demonic Infusion","Corruption"],"picked":"Feed","floor":46.0},{"not_picked":["Twin Strike","Anger"],"picked":"Flame Barrier+1","floor":48.0},{"not_picked":["Heavy Blade+1","Run Through+1"],"picked":"Body Slam","floor":49.0},{"not_picked":["ReplayTheSpireMod:Muscle Training","Iron Wave"],"picked":"Spot Weakness","floor":55.0},{"not_picked":["Anger+1","Ghostly Armor"],"picked":"Replay:Undeath\u0027s Touch","floor":60.0},{"not_picked":["True Grit+1","Armaments+1"],"picked":"Anger+1","floor":61.0},{"not_picked":["Combust","Thunderclap"],"picked":"Feel No Pain","floor":68.0},{"not_picked":["hexamod:HeatShield","bronze:Frontload"],"picked":"ReplayTheSpireMod:Tripwire","floor":73.0},{"not_picked":["hexamod:Haunt","champ:HeartStrike"],"picked":"hexamod:AdvancingGuard","floor":75.0},{"not_picked":["champ:ArenaPreparation","sneckomod:SnekBeam"],"picked":"hexamod:NightmareStrike","floor":77.0},{"not_picked":["hexamod:GhostLash","Dark Shackles"],"picked":"bronze:ItsAFeature","floor":78.0},{"not_picked":["Pray","Loop"],"picked":"Blade Dance","floor":79.0},{"not_picked":["Fluid Movement","sneckomod:UnknownClassHEXA_GHOST_PURPLE"],"picked":"Slimebound:HauntingLick","floor":80.0},{"not_picked":["sneckomod:UnknownClassGUARDIAN","Slimebound:SplitAcid"],"picked":"Conserve Battery","floor":81.0},{"not_picked":["champ:DancingMaster","champ:Improvising"],"picked":"Vault","floor":83.0},{"not_picked":["hexamod:GhostLash","champ:CrookedStrike"],"picked":"Thunderclap+1","floor":85.0},{"not_picked":["FlurryOfBlows+1","hubris:ReadiedAction"],"picked":"ThirdEye","floor":88.0},{"not_picked":["Armaments","Doom and Gloom+1"],"picked":"bronze:Overheat+1","floor":91.0},{"not_picked":["Worship","Pommel Strike"],"picked":"Slimebound:Schlurp","floor":94.0},{"not_picked":["bronze:Verify","bronze:DelayedGuard"],"picked":"Slimebound:DisruptingSlam","floor":95},{"not_picked":["Ghostly Armor+1","Guardian:MultiBeam+1"],"picked":"bronze:WildBeam+1","floor":98},{"not_picked":["champ:SwordThrow","Transmutation"],"picked":"Feed","floor":100},{"not_picked":["Heatsinks","champ:DefensiveShout"],"picked":"Replay:Sssssssssstrike","floor":102},{"not_picked":["hubris:ReadiedAction+1","Slimebound:SplitAcid+1"],"picked":"champ:BladeFlurry+1","floor":103},{"not_picked":["champ:PreemptiveStrike","Guardian:PrimingBeam"],"picked":"ReplaySolidLightProjector+1","floor":105},{"not_picked":["FlurryOfBlows+1","Halt"],"picked":"Ball Lightning","floor":109},{"not_picked":["Guardian:RollAttack+1","Fiend:FiendConserve+1"],"picked":"Clothesline+1","floor":114},{"not_picked":["Slimebound:Recollect","Streamline+1"],"picked":"Noxious Fumes","floor":115},{"not_picked":["Fiend:FiendSalvage","expansioncontent:GuardianWhirl+1"],"picked":"Guardian:WalkerClaw","floor":121}],"player_experience":1083449,"relics_obtained":[{"floor":8.0,"key":"Happy Flower"},{"floor":21.0,"key":"Chameleon Ring"},{"floor":22.0,"key":"Matryoshka"},{"floor":39.0,"key":"Orichalcum"},{"floor":39.0,"key":"conspire:BottledYoYo"},{"floor":52.0,"key":"Replay:Baseball"},{"floor":52.0,"key":"Mercury Hourglass"},{"floor":56.0,"key":"Durian"},{"floor":73.0,"key":"infinitespire:Bottled Soul"},{"floor":75.0,"key":"StrikeDummy"},{"floor":76.0,"key":"hubris:Metronome"},{"floor":78.0,"key":"champ:DuelingGlove"},{"floor":82.0,"key":"Oddly Smooth Stone"},{"floor":91.0,"key":"hubris:AstralHammer"},{"floor":93.0,"key":"infinitespire:CheckeredPen"},{"floor":105,"key":"Kunai"},{"floor":110,"key":"Bag of Preparation"},{"floor":121,"key":"Iron Hammer"}],"event_choices":[{"damage_healed":0.0,"max_hp_gain":0.0,"max_hp_loss":0.0,"gold_gain":0.0,"event_name":"Upgrade Shrine","player_choice":"Upgraded","floor":3.0,"gold_loss":0.0,"damage_taken":0.0,"cards_upgraded":["Replay:Undeath\u0027s Touch"]},{"damage_healed":0.0,"max_hp_gain":0.0,"max_hp_loss":0.0,"gold_gain":0.0,"event_name":"conspire:Investor","player_choice":"Invest 2","floor":7.0,"gold_loss":0.0,"damage_taken":0.0},{"damage_healed":24.0,"max_hp_gain":0.0,"max_hp_loss":88.0,"gold_gain":0.0,"event_name":"betterThird:BetterShining","player_choice":"Upgrade","floor":11.0,"gold_loss":0.0,"damage_taken":18.0,"cards_upgraded":["Defend_R","conspire:SpireCoStock"]},{"damage_healed":0.0,"max_hp_gain":0.0,"max_hp_loss":0.0,"gold_gain":0.0,"event_name":"betterThird:BetterGoop","player_choice":"Slimed","floor":15.0,"gold_loss":41.0,"damage_taken":11.0},{"damage_healed":0.0,"max_hp_gain":0.0,"max_hp_loss":0.0,"gold_gain":0.0,"cards_transformed":["conspire:SpireCoStock"],"event_name":"Transmorgrifier","player_choice":"Transformed","floor":18.0,"gold_loss":0.0,"damage_taken":0.0,"cards_obtained":["Replay:Sssssssssstrike"]},{"damage_healed":0.0,"max_hp_gain":0.0,"max_hp_loss":0.0,"gold_gain":0.0,"event_name":"Lab","player_choice":"Got Potions","floor":33.0,"gold_loss":0.0,"damage_taken":0.0},{"damage_healed":0.0,"max_hp_gain":0.0,"max_hp_loss":0.0,"gold_gain":0.0,"event_name":"The Woman in Blue","player_choice":"Bought 0 Potions","floor":40.0,"gold_loss":0.0,"damage_taken":0.0},{"damage_healed":0.0,"max_hp_gain":0.0,"max_hp_loss":0.0,"gold_gain":0.0,"event_name":"Winding Halls","player_choice":"Embrace Madness","floor":50.0,"gold_loss":0.0,"damage_taken":12.0,"cards_obtained":["Madness","Madness"]},{"cards_removed":["Evolve"],"damage_healed":0.0,"max_hp_gain":0.0,"max_hp_loss":0.0,"gold_gain":0.0,"event_name":"Falling","player_choice":"Removed Power","floor":51.0,"gold_loss":0.0,"damage_taken":0.0},{"damage_healed":0.0,"max_hp_gain":0.0,"max_hp_loss":0.0,"gold_gain":53.0,"event_name":"Golden Wing","player_choice":"Gained Gold","floor":70.0,"gold_loss":0.0,"damage_taken":0.0},{"damage_healed":0.0,"max_hp_gain":0.0,"max_hp_loss":0.0,"gold_gain":0.0,"event_name":"Lab","player_choice":"Got Potions","floor":87.0,"gold_loss":0.0,"damage_taken":0.0},{"damage_healed":0.0,"max_hp_gain":0.0,"max_hp_loss":0.0,"gold_gain":0.0,"event_name":"N\u0027loth","player_choice":"Ignored","floor":89.0,"gold_loss":0.0,"damage_taken":0.0},{"damage_healed":0,"gold_gain":0,"player_choice":"Gave Potion","damage_taken":0,"relics_obtained":["bronze:BronzeIdol"],"max_hp_gain":0,"max_hp_loss":0,"event_name":"WeMeetAgain","floor":97,"gold_loss":0},{"cards_removed":["hexamod:AdvancingGuard"],"damage_healed":0,"gold_gain":0,"player_choice":"Removed Skill","damage_taken":0,"max_hp_gain":0,"max_hp_loss":0,"event_name":"Falling","floor":106,"gold_loss":0}],"is_beta":false,"boss_relics":[{"not_picked":["aspiration:DefectSkillbook","energizedSpire:RedRose"],"picked":"hubris:TerracottaHorce"},{"not_picked":["Runic Dome","hubris:RunicObelisk"],"picked":"Replay:Wanted Poster"},{"not_picked":["Electric Blood","conspire:RoyalGoblet"],"picked":"Fiend:Scarf"},{"not_picked":["energizedSpire:OgreHead","energizedSpire:RedRose"],"picked":"ReplayTheSpireMod:DimensionalGlitch"}],"items_purged_floors":[],"is_endless":false,"potions_floor_spawned":[1,6,8,21,24,25,26,27,34,41,48,68,79,80,94,95,98,102,115,121],"ascension_level":5}}