{"host":"s5d39dhq0ddhxhke","time":1612656223,"event":{"mods":["AchievementEnabler","BaseMod","Colored Map","Minty Spire (QoL Compilation)","Smile Girya","SuperFastMode"],"gold_per_floor":[118,118,132,151,168,168,199,212,212,212,224,224,224,243,243,340,340,350,350,20,34,34,34,66,66,66,66,79,79,79,4,4,105,105,117,135,153,203,203,203,5,40,40,40,40,53,0,20,20,20],"floor_reached":51,"language":"ENG","playtime":2348,"items_purged":["Pain","Strike_G"],"score":1060,"play_id":"5a969ff9-4809-4966-84f7-f564096d9f51","local_time":"20210207020343","is_ascension_mode":true,"campfire_choices":[{"data":"Tools of the Trade","floor":6,"key":"SMITH"},{"data":"Poisoned Stab","floor":10,"key":"SMITH"},{"data":"Poisoned Stab","floor":13,"key":"SMITH"},{"floor":15,"key":"REST"},{"data":"Phantasmal Killer","floor":23,"key":"SMITH"},{"data":"Envenom","floor":27,"key":"SMITH"},{"floor":32,"key":"REST"},{"floor":40,"key":"REST"},{"floor":44,"key":"RECALL"},{"floor":49,"key":"REST"}],"circlet_count":0,"master_deck":["Strike_G","Strike_G","Defend_G","Defend_G","Defend_G","Defend_G","Defend_G","Survivor","Neutralize","Poisoned Stab+1","Tools of the Trade+1","Underhanded Strike","Poisoned Stab+1","PiercingWail","Adrenaline","Phantasmal Killer+1","CurseOfTheBell","Predator","Envenom+1","Footwork+1","Blade Dance+1"],"relics":["Ring of the Snake","StoneCalendar","FaceOfCleric","Meat on the Bone","StrikeDummy","WarpedTongs","Calling Bell","Omamori","Blue Candle","Bird Faced Urn","MutagenicStrength","Kunai","Pear","Singing Bowl","Fusion Hammer","Thread and Needle","Eternal Feather","Bottled Lightning","Red Mask"],"acts_visited":["Exordium","TheCity","TheBeyond"],"potions_floor_usage":[7,14,28,33,33,33,50,50],"damage_taken":[{"damage":8,"enemies":"2 Louse","floor":1,"turns":2},{"damage":4,"enemies":"Cultist","floor":3,"turns":6},{"damage":9,"enemies":"Jaw Worm","floor":4,"turns":5},{"damage":22,"enemies":"Gremlin Gang","floor":5,"turns":6},{"damage":20,"enemies":"Gremlin Nob","floor":7,"turns":4},{"damage":0,"enemies":"2 Fungi Beasts","floor":8,"turns":4},{"damage":0,"enemies":"Looter","floor":11,"turns":3},{"damage":15,"enemies":"Exordium Thugs","floor":14,"turns":4},{"damage":31,"enemies":"The Guardian","floor":16,"turns":8},{"damage":13,"enemies":"3 Byrds","floor":18,"turns":5},{"damage":0,"enemies":"Spheric Guardian","floor":21,"turns":3},{"damage":25,"enemies":"Book of Stabbing","floor":24,"turns":5},{"damage":22,"enemies":"Shelled Parasite and Fungi","floor":28,"turns":6},{"damage":11,"enemies":"Champ","floor":33,"turns":9},{"damage":7,"enemies":"Orb Walker","floor":35,"turns":4},{"damage":20,"enemies":"3 Darklings","floor":36,"turns":7},{"damage":9,"enemies":"Maw","floor":37,"turns":7},{"damage":11,"enemies":"Mind Bloom Boss Battle","floor":38,"turns":7},{"damage":9,"enemies":"Nemesis","floor":42,"turns":7},{"damage":8,"enemies":"4 Shapes","floor":46,"turns":6},{"damage":21,"enemies":"Writhing Mass","floor":48,"turns":7},{"damage":46,"enemies":"Awakened One","floor":50,"turns":11}],"seed_played":"-2834360282341553249","potions_obtained":[{"floor":3,"key":"GamblersBrew"},{"floor":5,"key":"Poison Potion"},{"floor":7,"key":"ColorlessPotion"},{"floor":16,"key":"EntropicBrew"},{"floor":18,"key":"Explosive Potion"},{"floor":33,"key":"CunningPotion"},{"floor":35,"key":"Dexterity Potion"}],"is_trial":false,"path_per_floor":["M","?","M","M","M","R","E","M","T","R","M","?","R","M","R","B",null,"M","?","$","M","?","R","E","$","T","R","M","?","?","?","R","B",null,"M","M","M","?","?","R","$","E","T","R","$","M","?","M","R","B",null],"character_chosen":"THE_SILENT","items_purchased":["Kunai","CultistPotion"],"campfire_rested":4,"item_purchase_floors":[20,41],"current_hp_per_floor":[55,55,52,44,23,23,4,17,17,17,30,30,30,28,49,31,61,51,51,51,54,54,54,54,54,54,54,51,34,34,34,61,57,86,86,71,71,69,69,100,100,98,98,106,106,107,107,93,112,73],"gold":20,"neow_bonus":"ONE_RARE_RELIC","is_daily":false,"chose_seed":false,"campfire_upgraded":5,"win_rate":0.0,"timestamp":1612656223,"path_taken":["M","?","M","M","M","R","E","?","T","R","M","?","R","?","R","BOSS","M","?","$","M","?","R","E","$","T","R","?","?","?","?","R","BOSS","M","M","M","?","?","R","?","E","T","R","?","M","?","M","R","BOSS"],"items_purchased_type":["Relic","Potion"],"build_version":"2020-12-22","purchased_purges":2,"victory":true,"max_hp_per_floor":[63,63,64,65,66,66,67,68,68,68,69,69,69,70,70,71,71,72,72,72,73,73,73,84,84,84,84,87,92,92,92,92,95,95,98,99,102,105,105,105,105,106,106,106,106,109,109,112,112,113],"card_choices":[{"not_picked":["Underhanded Strike","Dodge and Roll"],"picked":"Poisoned Stab","floor":1},{"not_picked":["Dodge and Roll","Quick Slash"],"picked":"Tools of the Trade","floor":3},{"not_picked":["Distraction","Skewer"],"picked":"Underhanded Strike","floor":4},{"not_picked":["Caltrops","Endless Agony"],"picked":"Poisoned Stab","floor":5},{"not_picked":["Concentrate","Bane"],"picked":"PiercingWail","floor":7},{"not_picked":["Sucker Punch","Backflip"],"picked":"Adrenaline","floor":8},{"not_picked":["Deflect","Catalyst"],"picked":"Tactician","floor":11},{"not_picked":["Cloak And Dagger","Bane","Outmaneuver"],"picked":"SKIP","floor":14},{"not_picked":["Burst","Bullet Time"],"picked":"Phantasmal Killer","floor":16},{"not_picked":["Poisoned Stab","Deadly Poison"],"picked":"Predator","floor":18},{"not_picked":["Underhanded Strike","Bouncing Flask+1","Deflect"],"picked":"SKIP","floor":21},{"not_picked":["A Thousand Cuts","Backstab"],"picked":"Envenom","floor":24},{"not_picked":["Blade Dance","Cloak And Dagger","Dagger Throw"],"picked":"Singing Bowl","floor":28},{"not_picked":["Envenom","Storm of Steel","After Image"],"picked":"Singing Bowl","floor":33},{"not_picked":["PiercingWail","Blade Dance+1","Cloak And Dagger+1"],"picked":"Singing Bowl","floor":35},{"not_picked":["Dagger Throw+1","Tactician"],"picked":"Footwork+1","floor":36},{"not_picked":["Quick Slash","Tactician","Masterful Stab+1"],"picked":"Singing Bowl","floor":37},{"not_picked":["Doppelganger","All Out Attack+1","Poisoned Stab"],"picked":"Singing Bowl","floor":38},{"not_picked":["Bane+1","Finisher+1"],"picked":"Blade Dance+1","floor":42},{"not_picked":["Sucker Punch+1","Slice","Bane+1"],"picked":"Singing Bowl","floor":46},{"not_picked":["Finisher","Concentrate","Underhanded Strike+1"],"picked":"Singing Bowl","floor":48}],"player_experience":490342,"relics_obtained":[{"floor":7,"key":"Meat on the Bone"},{"floor":9,"key":"StrikeDummy"},{"floor":17,"key":"Omamori"},{"floor":17,"key":"Blue Candle"},{"floor":17,"key":"Bird Faced Urn"},{"floor":24,"key":"Pear"},{"floor":26,"key":"Singing Bowl"},{"floor":38,"key":"Thread and Needle"},{"floor":42,"key":"Eternal Feather"},{"floor":43,"key":"Bottled Lightning"}],"event_choices":[{"damage_healed":0,"gold_gain":0,"player_choice":"Trade","damage_taken":0,"relics_obtained":["FaceOfCleric"],"max_hp_gain":0,"max_hp_loss":0,"event_name":"FaceTrader","floor":2,"gold_loss":0},{"damage_healed":0,"gold_gain":0,"player_choice":"Rummage","damage_taken":0,"relics_obtained":["WarpedTongs"],"max_hp_gain":0,"max_hp_loss":0,"event_name":"Accursed Blacksmith","floor":12,"gold_loss":0,"cards_obtained":["Pain"]},{"damage_healed":0,"gold_gain":0,"player_choice":"Inject Mutagens","damage_taken":0,"relics_obtained":["MutagenicStrength"],"max_hp_gain":0,"max_hp_loss":0,"event_name":"Drug Dealer","floor":19,"gold_loss":0},{"cards_removed":["Strike_G"],"damage_healed":0,"gold_gain":0,"player_choice":"Offered Basic","damage_taken":0,"max_hp_gain":0,"max_hp_loss":0,"event_name":"Bonfire Elementals","floor":22,"gold_loss":0},{"damage_healed":0,"gold_gain":0,"player_choice":"Shed Blood","damage_taken":22,"max_hp_gain":5,"max_hp_loss":0,"event_name":"Forgotten Altar","floor":29,"gold_loss":0},{"cards_removed":["Strike_G"],"damage_healed":0,"gold_gain":0,"player_choice":"Gave Gold","damage_taken":0,"max_hp_gain":0,"max_hp_loss":0,"event_name":"Beggar","floor":31,"gold_loss":75},{"damage_healed":0,"gold_gain":0,"player_choice":"Fight","damage_taken":0,"max_hp_gain":0,"max_hp_loss":0,"event_name":"MindBloom","floor":38,"gold_loss":0},{"cards_removed":["Tactician"],"damage_healed":0,"gold_gain":0,"player_choice":"Removed Skill","damage_taken":0,"max_hp_gain":0,"max_hp_loss":0,"event_name":"Falling","floor":39,"gold_loss":0},{"damage_healed":0,"gold_gain":0,"player_choice":"Paid","damage_taken":0,"relics_obtained":["Red Mask"],"max_hp_gain":0,"max_hp_loss":0,"event_name":"Tomb of Lord Red Mask","floor":47,"gold_loss":53}],"is_beta":false,"boss_relics":[{"not_picked":["Pandora\u0027s Box","WristBlade"],"picked":"Calling Bell"},{"not_picked":["Coffee Dripper","Empty Cage"],"picked":"Fusion Hammer"}],"items_purged_floors":[20,41],"is_endless":false,"potions_floor_spawned":[3,5,7,16,18,33,35,38,48],"ascension_level":9}}