{"host":"630px4nyj50z5id8","time":1612701465,"event":{"mods":["BaseMod","Better Note","Colored Powertips","Good Game Mod","Minty Spire (QoL Compilation)","Quick Restart","Rare Cards Sparkle","Relic Filter Mod","Replay The Spire","StSLib","Waifu the Spire"],"gold_per_floor":[149,184,19,57,94,125,137,137,137,167,199,219,219],"floor_reached":12,"language":"ZHS","playtime":1955,"items_purged":["Strike_G"],"score":156,"play_id":"8e30a8ad-ae4a-4bb4-a366-a64ca335cc23","local_time":"20210207203745","is_ascension_mode":true,"campfire_choices":[{"floor":8.0,"key":"REST"}],"circlet_count":0,"master_deck":["AscendersBane","Strike_G","Strike_G","Strike_G","Strike_G","Defend_G","Defend_G","Defend_G","Defend_G","Defend_G","Survivor","Neutralize","HandOfGreed","Blade Dance","Escape Plan","Blur","Flechettes","Acrobatics","Eviscerate","Storm of Steel","Acrobatics"],"relics":["Ring of the Snake","REME:ComplimentaryCards","NeowsBlessing","Bronze Scales","Bottled Flame","The Courier"],"acts_visited":["Exordium"],"potions_floor_usage":[],"damage_taken":[{"damage":0.0,"enemies":"Small Slimes","floor":1.0,"turns":4.0},{"damage":0.0,"enemies":"2 Louse","floor":4.0,"turns":1.0},{"damage":0.0,"enemies":"Cultist","floor":5.0,"turns":1.0},{"damage":31.0,"enemies":"Gremlin Nob","floor":6.0,"turns":4.0},{"damage":6.0,"enemies":"Blue Slaver","floor":7.0,"turns":4.0},{"damage":1.0,"enemies":"Looter","floor":10.0,"turns":4.0},{"damage":3.0,"enemies":"Large Slime","floor":11.0,"turns":8.0},{"damage":17,"enemies":"3 Sentries","floor":12,"turns":4}],"seed_played":"-4537818330225061893","potions_obtained":[{"floor":2.0,"key":"Block Potion"},{"floor":4.0,"key":"Explosive Potion"},{"floor":6.0,"key":"Venom Potion"},{"floor":7.0,"key":"Swift Potion"}],"is_trial":false,"path_per_floor":["M","?","$","M","M","E","M","R","T","M","M","E"],"character_chosen":"THE_SILENT","items_purchased":["Flechettes"],"campfire_rested":1,"item_purchase_floors":[3],"current_hp_per_floor":[59,38,38,38,38,7,1,20,20,19,16,0,0],"gold":219,"neow_bonus":"THREE_ENEMY_KILL","is_daily":false,"chose_seed":false,"campfire_upgraded":0,"win_rate":0.0,"timestamp":1612701465,"path_taken":["M","?","$","M","M","E","?","R","T","M","M","E"],"items_purchased_type":["Card"],"build_version":"2020-12-22","purchased_purges":1,"victory":false,"max_hp_per_floor":[66,66,66,66,66,66,66,66,66,66,66,66,66],"card_choices":[{"not_picked":["Acrobatics","Deflect"],"picked":"Blade Dance","floor":1.0},{"not_picked":["Deadly Poison","Slice"],"picked":"Escape Plan","floor":2.0},{"not_picked":["Backstab","Bane"],"picked":"Blur","floor":2.0},{"not_picked":["Backflip","Crippling Poison"],"picked":"Acrobatics","floor":4.0},{"not_picked":["Backstab","Riddle With Holes"],"picked":"Eviscerate","floor":5.0},{"not_picked":["Distraction","Cloak And Dagger"],"picked":"Storm of Steel","floor":6.0},{"not_picked":["Backstab","Poisoned Stab"],"picked":"Acrobatics","floor":7.0},{"not_picked":["Dodge and Roll","Flying Knee","Backflip"],"picked":"SKIP","floor":10.0},{"not_picked":["Dash","Bane","Infinite Blades"],"picked":"SKIP","floor":11.0}],"player_experience":419464,"relics_obtained":[{"floor":2.0,"key":"Bronze Scales"},{"floor":6.0,"key":"Bottled Flame"},{"floor":9.0,"key":"The Courier"}],"event_choices":[],"is_beta":false,"boss_relics":[],"items_purged_floors":[3],"is_endless":false,"potions_floor_spawned":[4,5,6,7,11],"killed_by":"3 Sentries","ascension_level":18}}