{"host":"p0hktren06injwdf","time":1612719460,"event":{"mods":["AchievementEnabler","BaseMod","Colored Map","DeckTracker","Minty Spire (QoL Compilation)","Permanent Neow","StSLib","SuperFastMode"],"gold_per_floor":[218,218,236,236,260,260,296,315,315,57,57,77,101,124,124,213,213,234,62,62,62,86,86,44,64,64,64,84,102,102,27,27,125,125,149,168,168,168,188,188,227,227,251,251,290,290,323,342,342,342,342],"floor_reached":50,"language":"KOR","playtime":1365,"items_purged":["Strike_G"],"score":1164,"play_id":"e6e56395-2c8d-4a08-aa60-3196dcbc8128","local_time":"20210208023740","is_ascension_mode":true,"campfire_choices":[{"data":"Dash","floor":6.0,"key":"SMITH"},{"data":"Noxious Fumes","floor":15.0,"key":"SMITH"},{"data":"Adrenaline","floor":23.0,"key":"SMITH"},{"floor":27.0,"key":"REST"},{"data":"Noxious Fumes","floor":30.0,"key":"SMITH"},{"floor":32.0,"key":"REST"},{"data":"Storm of Steel","floor":40.0,"key":"SMITH"},{"data":"Concentrate","floor":42.0,"key":"SMITH"},{"data":"Blade Dance","floor":44.0,"key":"SMITH"},{"data":"A Thousand Cuts","floor":49.0,"key":"SMITH"}],"circlet_count":0,"master_deck":["AscendersBane","Strike_G","Strike_G","Strike_G","Defend_G","Defend_G","Defend_G","Defend_G","Survivor","Neutralize","Endless Agony","Dash+1","Slice","Backflip","PiercingWail","Adrenaline+1","Blade Dance+1","Noxious Fumes+1","Blur","Corpse Explosion","Deadly Poison","Adrenaline","Calculated Gamble+1","Noxious Fumes+1","PiercingWail+1","Storm of Steel+1","Endless Agony+1","Panacea+1","Injury","Reflex","Concentrate+1","Decay","PiercingWail+1","A Thousand Cuts+1"],"relics":["Ring of the Snake","Golden Idol","Dead Branch","InkBottle","WristBlade","DollysMirror","Tiny Chest","Cursed Key","Gremlin Horn","Ornamental Fan","Toy Ornithopter","Ginger","CaptainsWheel"],"acts_visited":["Exordium","TheCity","TheBeyond"],"potions_floor_usage":[50],"damage_taken":[{"damage":4.0,"enemies":"2 Louse","floor":1.0,"turns":4.0},{"damage":0.0,"enemies":"Small Slimes","floor":3.0,"turns":4.0},{"damage":2.0,"enemies":"Jaw Worm","floor":5.0,"turns":4.0},{"damage":23.0,"enemies":"3 Sentries","floor":7.0,"turns":12.0},{"damage":0.0,"enemies":"Lots of Slimes","floor":8.0,"turns":2.0},{"damage":0.0,"enemies":"2 Fungi Beasts","floor":12.0,"turns":2.0},{"damage":7.0,"enemies":"Exordium Wildlife","floor":13.0,"turns":3.0},{"damage":0.0,"enemies":"Blue Slaver","floor":14.0,"turns":2.0},{"damage":20.0,"enemies":"The Guardian","floor":16.0,"turns":9.0},{"damage":1.0,"enemies":"2 Thieves","floor":18.0,"turns":4.0},{"damage":0.0,"enemies":"3 Byrds","floor":22.0,"turns":2.0},{"damage":32.0,"enemies":"Shelled Parasite and Fungi","floor":25.0,"turns":4.0},{"damage":8.0,"enemies":"Snake Plant","floor":28.0,"turns":4.0},{"damage":0.0,"enemies":"3 Cultists","floor":29.0,"turns":3.0},{"damage":38.0,"enemies":"Collector","floor":33.0,"turns":8.0},{"damage":0.0,"enemies":"3 Darklings","floor":35.0,"turns":1.0},{"damage":0.0,"enemies":"3 Shapes","floor":36.0,"turns":2.0},{"damage":0.0,"enemies":"Spire Growth","floor":39.0,"turns":1.0},{"damage":8.0,"enemies":"Giant Head","floor":41.0,"turns":3.0},{"damage":0.0,"enemies":"Nemesis","floor":45.0,"turns":5.0},{"damage":1.0,"enemies":"Reptomancer","floor":47.0,"turns":2.0},{"damage":0.0,"enemies":"Jaw Worm Horde","floor":48.0,"turns":1.0},{"damage":43,"enemies":"Awakened One","floor":50,"turns":7}],"seed_played":"-4460696743595893722","potions_obtained":[{"floor":3.0,"key":"Dexterity Potion"},{"floor":5.0,"key":"SneckoOil"},{"floor":7.0,"key":"Swift Potion"},{"floor":14.0,"key":"GhostInAJar"},{"floor":28.0,"key":"GamblersBrew"},{"floor":29.0,"key":"EssenceOfSteel"},{"floor":39.0,"key":"SmokeBomb"},{"floor":45.0,"key":"PowerPotion"}],"is_trial":false,"path_per_floor":["M","?","M","?","M","R","E","M","T","$","?","M","M","M","R","B",null,"M","$","?","?","M","R","$","M","T","R","M","M","R","$","R","B",null,"M","M","?","T","M","R","E","R","T","R","E","?","E","M","R","B"],"character_chosen":"THE_SILENT","items_purchased":["Adrenaline","Blade Dance","Noxious Fumes","DollysMirror","Noxious Fumes"],"campfire_rested":2,"item_purchase_floors":[10,10,10,19,24],"current_hp_per_floor":[55,55,55,55,53,53,30,30,30,30,30,30,23,23,23,3,46,45,45,45,45,45,45,45,13,13,31,23,23,23,23,41,3,46,46,46,46,46,46,46,38,38,38,38,38,38,37,37,37,0,0],"gold":342,"neow_bonus":"HUNDRED_GOLD","is_daily":false,"chose_seed":false,"campfire_upgraded":8,"win_rate":0.0,"timestamp":1612719460,"path_taken":["M","?","M","?","M","R","E","M","T","$","?","M","M","?","R","BOSS","M","$","?","?","M","R","?","M","T","R","M","?","R","$","R","BOSS","M","?","?","?","M","R","E","R","T","R","E","?","E","M","R","BOSS"],"items_purchased_type":["Card","Card","Card","Relic","Card"],"build_version":"2020-12-22","purchased_purges":1,"victory":false,"max_hp_per_floor":[66,60,60,60,60,60,60,60,60,60,60,60,60,60,60,60,60,60,60,60,60,60,60,60,60,60,60,60,60,60,60,60,60,60,60,60,60,60,60,60,60,60,60,60,60,60,60,60,60,60,60],"card_choices":[{"not_picked":["Backflip","Expertise"],"picked":"Endless Agony","floor":1.0},{"not_picked":["Prepared","Accuracy"],"picked":"Dash","floor":3.0},{"not_picked":["Underhanded Strike","Heel Hook"],"picked":"Slice","floor":5.0},{"not_picked":["Endless Agony","Flying Knee"],"picked":"Backflip","floor":7.0},{"not_picked":["Poisoned Stab","Underhanded Strike"],"picked":"PiercingWail","floor":8.0},{"not_picked":["Flechettes","Quick Slash"],"picked":"Blur","floor":12.0},{"not_picked":["Backflip","Eviscerate","PiercingWail"],"picked":"SKIP","floor":13.0},{"not_picked":["Dodge and Roll","Acrobatics","Concentrate"],"picked":"SKIP","floor":14.0},{"not_picked":["Glass Knife","Adrenaline"],"picked":"Corpse Explosion","floor":16.0},{"not_picked":["Bane+1","Prepared"],"picked":"Deadly Poison","floor":18.0},{"not_picked":["Blur+1","Deflect"],"picked":"Calculated Gamble+1","floor":22.0},{"not_picked":["Riddle With Holes","Flying Knee"],"picked":"PiercingWail+1","floor":25.0},{"not_picked":["Setup","Blade Dance","Flying Knee"],"picked":"SKIP","floor":28.0},{"not_picked":["Slice","Caltrops+1","Dagger Throw"],"picked":"SKIP","floor":29.0},{"not_picked":["Night Terror","Burst"],"picked":"Storm of Steel","floor":33.0},{"not_picked":["Acrobatics","Setup"],"picked":"Endless Agony+1","floor":35.0},{"not_picked":["All Out Attack","Bane","Expertise"],"picked":"SKIP","floor":36.0},{"not_picked":["PanicButton","Madness"],"picked":"Panacea","floor":37.0},{"not_picked":["Deadly Poison","Dagger Throw"],"picked":"Reflex","floor":39.0},{"not_picked":["Prepared+1","Deflect"],"picked":"Concentrate","floor":41.0},{"not_picked":["Backflip","All Out Attack"],"picked":"PiercingWail+1","floor":45.0},{"not_picked":["Quick Slash+1","Backstab"],"picked":"A Thousand Cuts","floor":47.0},{"not_picked":["Dagger Spray+1","Sucker Punch","Finisher"],"picked":"SKIP","floor":48.0}],"player_experience":1025369,"relics_obtained":[{"floor":7.0,"key":"Dead Branch"},{"floor":9.0,"key":"InkBottle"},{"floor":26.0,"key":"Tiny Chest"},{"floor":38.0,"key":"Gremlin Horn"},{"floor":41.0,"key":"Ornamental Fan"},{"floor":43.0,"key":"Toy Ornithopter"},{"floor":45.0,"key":"Ginger"},{"floor":47.0,"key":"CaptainsWheel"}],"event_choices":[{"damage_healed":0.0,"max_hp_gain":0.0,"max_hp_loss":6.0,"gold_gain":0.0,"event_name":"Golden Idol","player_choice":"Lose Max HP","floor":2.0,"gold_loss":0.0,"damage_taken":0.0,"relics_obtained":["Golden Idol"]},{"damage_healed":0.0,"max_hp_gain":0.0,"max_hp_loss":0.0,"gold_gain":0.0,"event_name":"Shining Light","player_choice":"Ignored","floor":4.0,"gold_loss":0.0,"damage_taken":0.0},{"cards_removed":["Defend_G"],"damage_healed":0.0,"max_hp_gain":0.0,"max_hp_loss":0.0,"gold_gain":0.0,"event_name":"Wheel of Change","player_choice":"Card Removal","floor":11.0,"gold_loss":0.0,"damage_taken":0.0},{"cards_removed":["Strike_G"],"damage_healed":0.0,"max_hp_gain":0.0,"max_hp_loss":0.0,"gold_gain":0.0,"event_name":"Back to Basics","player_choice":"Elegance","floor":20.0,"gold_loss":0.0,"damage_taken":0.0},{"damage_healed":0.0,"max_hp_gain":0.0,"max_hp_loss":0.0,"gold_gain":0.0,"event_name":"Vampires","player_choice":"Ignored","floor":21.0,"gold_loss":0.0,"damage_taken":0.0},{"damage_healed":0.0,"max_hp_gain":0.0,"max_hp_loss":0.0,"gold_gain":0.0,"event_name":"SensoryStone","player_choice":"Memory 1","floor":37.0,"gold_loss":0.0,"damage_taken":0.0},{"damage_healed":0.0,"max_hp_gain":0.0,"max_hp_loss":0.0,"gold_gain":0.0,"event_name":"Accursed Blacksmith","player_choice":"Forge","floor":46.0,"gold_loss":0.0,"damage_taken":0.0,"cards_upgraded":["Panacea"]}],"is_beta":false,"boss_relics":[{"not_picked":["Coffee Dripper","Astrolabe"],"picked":"WristBlade"},{"not_picked":["Pandora\u0027s Box","Runic Dome"],"picked":"Cursed Key"}],"items_purged_floors":[31],"is_endless":false,"potions_floor_spawned":[3,5,7,14,28,29,39,45],"killed_by":"Awakened One","ascension_level":20}}