{"host":"tpad8qsc9e0g0pa5","time":1612702087,"event":{"mods":["BaseMod","Minty Spire (QoL Compilation)","Quick Restart","StSLib","The Cursed"],"gold_per_floor":[109,120,120,120,120,120,139,139,139,166,166,194,194,222,222,331,331,342,342,342,352,79,79,91,91,91,91,91,91],"floor_reached":28,"language":"ZHS","playtime":1317,"items_purged":[],"score":246,"play_id":"1e48d0f0-3374-4e23-8e9b-39e4db468280","local_time":"20210207204807","is_ascension_mode":true,"campfire_choices":[{"data":"Alpha","floor":6.0,"key":"SMITH"},{"data":"ThirdEye","floor":8.0,"key":"SMITH"},{"floor":11.0,"key":"REST"},{"floor":13.0,"key":"REST"},{"data":"Nirvana","floor":15.0,"key":"SMITH"},{"data":"Scrawl","floor":23,"key":"SMITH"},{"data":"Blasphemy","floor":25,"key":"SMITH"},{"data":"Evaluate","floor":27,"key":"SMITH"}],"circlet_count":0,"master_deck":["Strike_P","Strike_P","Defend_P","Defend_P","Defend_P","Defend_P","Eruption","Vigilance","Alpha+1","ThirdEye+1","Nirvana+1","CutThroughFate","InnerPeace","Blasphemy+1","Scrawl+1","Evaluate+1","ClearTheMind+1"],"relics":["PureWater","Unceasing Top","MealTicket","CeramicFish","Velvet Choker","Orrery","Shuriken"],"acts_visited":["Exordium","TheCity"],"potions_floor_usage":[28,28],"damage_taken":[{"damage":2.0,"enemies":"Jaw Worm","floor":1.0,"turns":3.0},{"damage":0.0,"enemies":"Small Slimes","floor":2.0,"turns":2.0},{"damage":0.0,"enemies":"Cultist","floor":7.0,"turns":3.0},{"damage":36.0,"enemies":"Gremlin Nob","floor":10.0,"turns":5.0},{"damage":16.0,"enemies":"3 Sentries","floor":12.0,"turns":3.0},{"damage":1.0,"enemies":"Red Slaver","floor":14.0,"turns":3.0},{"damage":22.0,"enemies":"The Guardian","floor":16.0,"turns":7.0},{"damage":8,"enemies":"3 Byrds","floor":18,"turns":3},{"damage":0,"enemies":"Chosen","floor":21,"turns":4},{"damage":0,"enemies":"3 Cultists","floor":24,"turns":2},{"damage":18,"enemies":"Colosseum Slavers","floor":28,"turns":2}],"seed_played":"-178067992852670857","potions_obtained":[{"floor":1.0,"key":"Swift Potion"},{"floor":10.0,"key":"Swift Potion"},{"floor":12.0,"key":"BottledMiracle"},{"floor":20,"key":"Fire Potion"},{"floor":20,"key":"StancePotion"}],"is_trial":false,"path_per_floor":["M","M","?","?","?","R","M","R","T","E","R","E","R","M","R","B",null,"M","?","?","M","$","R","M","R","T","R","?"],"character_chosen":"WATCHER","items_purchased":["Scrawl","Orrery"],"campfire_rested":2,"item_purchase_floors":[22,22],"current_hp_per_floor":[49,49,49,42,66,66,66,66,66,30,51,35,56,55,55,33,72,64,64,64,64,72,72,72,72,72,72,54,54],"gold":91,"neow_bonus":"THREE_RARE_CARDS","is_daily":false,"chose_seed":false,"campfire_upgraded":6,"win_rate":0.0,"timestamp":1612702087,"path_taken":["M","M","?","?","?","R","M","R","T","E","R","E","R","M","R","BOSS","M","?","?","?","?","R","?","R","T","R","?"],"items_purchased_type":["Card","Relic"],"build_version":"2020-12-22","purchased_purges":0,"victory":false,"max_hp_per_floor":[72,72,72,72,72,72,72,72,72,72,72,72,72,72,72,72,72,72,72,72,72,72,72,72,72,72,72,72,72],"card_choices":[{"not_picked":["Scrawl","Vault"],"picked":"Alpha","floor":0.0},{"not_picked":["FlurryOfBlows","JustLucky"],"picked":"ThirdEye","floor":1.0},{"not_picked":["Pray","Tantrum"],"picked":"Nirvana","floor":2.0},{"not_picked":["EmptyBody","PathToVictory","Consecrate"],"picked":"SKIP","floor":7.0},{"not_picked":["Adaptation","Swivel"],"picked":"CutThroughFate","floor":10.0},{"not_picked":["MentalFortress","PathToVictory","Establishment"],"picked":"SKIP","floor":12.0},{"not_picked":["Worship","FlurryOfBlows"],"picked":"InnerPeace","floor":14.0},{"not_picked":["Brilliance","Ragnarok"],"picked":"Blasphemy","floor":16.0},{"not_picked":["ReachHeaven+1","Swivel","EmptyBody"],"picked":"SKIP","floor":18},{"not_picked":["ReachHeaven","Crescendo","PathToVictory"],"picked":"SKIP","floor":21},{"not_picked":["Wireheading","Establishment"],"picked":"Evaluate","floor":22},{"not_picked":["Wallop","MentalFortress"],"picked":"ClearTheMind+1","floor":22},{"not_picked":["Halt+1","EmptyBody+1","EmptyFist+1"],"picked":"SKIP","floor":24}],"player_experience":268253,"relics_obtained":[{"floor":9.0,"key":"Unceasing Top"},{"floor":10.0,"key":"MealTicket"},{"floor":12.0,"key":"CeramicFish"},{"floor":26,"key":"Shuriken"}],"event_choices":[{"cards_removed":["Strike_P"],"damage_healed":0.0,"max_hp_gain":0.0,"max_hp_loss":0.0,"gold_gain":0.0,"event_name":"Living Wall","player_choice":"Forget","floor":3.0,"gold_loss":0.0,"damage_taken":0.0},{"cards_removed":["Strike_P"],"damage_healed":0.0,"max_hp_gain":0.0,"max_hp_loss":0.0,"gold_gain":0.0,"event_name":"Golden Wing","player_choice":"Card Removal","floor":4.0,"gold_loss":0.0,"damage_taken":7.0},{"damage_healed":24.0,"max_hp_gain":0.0,"max_hp_loss":0.0,"gold_gain":0.0,"event_name":"Big Fish","player_choice":"Banana","floor":5.0,"gold_loss":0.0,"damage_taken":0.0},{"damage_healed":0,"gold_gain":0,"player_choice":"Ignored","damage_taken":0,"max_hp_gain":0,"max_hp_loss":0,"event_name":"Ghosts","floor":19,"gold_loss":0},{"damage_healed":0,"gold_gain":0,"player_choice":"Got Potions","damage_taken":0,"max_hp_gain":0,"max_hp_loss":0,"event_name":"Lab","floor":20,"gold_loss":0},{"damage_healed":0,"gold_gain":0,"player_choice":"Fight","damage_taken":0,"max_hp_gain":0,"max_hp_loss":0,"event_name":"Colosseum","floor":28,"gold_loss":0}],"is_beta":false,"boss_relics":[{"not_picked":["Fusion Hammer","Pandora\u0027s Box"],"picked":"Velvet Choker"}],"items_purged_floors":[],"is_endless":false,"potions_floor_spawned":[1,10,12],"killed_by":"Colosseum Slavers","ascension_level":2}}