{"host":"6jrd8fn9k88n08be","time":1612720217,"event":{"mods":["BaseMod","Minty Spire (QoL Compilation)","StSLib"],"gold_per_floor":[109,109,128,142,160,192,224,252,289,301,313,391,403,431,443,559,571,602,614,626,638,667,679,679],"floor_reached":23,"language":"ENG","playtime":2038,"items_purged":[],"score":222,"play_id":"2bf899a3-ed51-40b5-9df0-8fa1e13ecf57","local_time":"20210207125017","is_ascension_mode":true,"campfire_choices":[{"floor":15,"key":"REST"}],"circlet_count":0,"master_deck":["Strike_P","Strike_P","Strike_P","Defend_P+1","Defend_P","Defend_P","Defend_P","Eruption","Vigilance","ReachHeaven","Wireheading","FearNoEvil","Adaptation","EmptyBody+1","Evaluate","CrushJoints","JustLucky","Study","Scrawl","WindmillStrike","Protect"],"relics":["PureWater","NeowsBlessing","MawBank","War Paint","Regal Pillow","Philosopher\u0027s Stone","Tiny Chest"],"acts_visited":["TheCity"],"potions_floor_usage":[14,16,16,18,22,22,23],"damage_taken":[{"damage":0.0,"enemies":"Jaw Worm","floor":1.0,"turns":1.0},{"damage":0.0,"enemies":"Cultist","floor":3.0,"turns":1.0},{"damage":0.0,"enemies":"Small Slimes","floor":4.0,"turns":1.0},{"damage":0.0,"enemies":"2 Fungi Beasts","floor":5.0,"turns":2.0},{"damage":52.0,"enemies":"Gremlin Nob","floor":6.0,"turns":5.0},{"damage":3,"enemies":"Blue Slaver","floor":7,"turns":3},{"damage":7,"enemies":"Looter","floor":8,"turns":5},{"damage":0,"enemies":"2 Fungi Beasts","floor":14,"turns":2},{"damage":28,"enemies":"Slime Boss","floor":16,"turns":6},{"damage":17,"enemies":"Chosen","floor":18,"turns":5},{"damage":14,"enemies":"Shell Parasite","floor":22,"turns":6},{"damage":44,"enemies":"Gremlin Leader","floor":23,"turns":3}],"seed_played":"130349903159742024","potions_obtained":[{"floor":3.0,"key":"LiquidMemories"},{"floor":4.0,"key":"BottledMiracle"},{"floor":6.0,"key":"Explosive Potion"},{"floor":14,"key":"EntropicBrew"},{"floor":18,"key":"ColorlessPotion"},{"floor":22,"key":"ColorlessPotion"}],"is_trial":false,"path_per_floor":["M","?","M","M","M","E","M","M","T","$","?","?","T","M","R","B",null,"M","?","?","?","M","E"],"character_chosen":"WATCHER","items_purchased":[],"campfire_rested":1,"item_purchase_floors":[],"current_hp_per_floor":[72,65,65,65,65,13,10,3,3,3,3,3,3,3,39,11,72,55,55,55,55,41,0,0],"gold":679,"neow_bonus":"THREE_ENEMY_KILL","is_daily":false,"chose_seed":false,"campfire_upgraded":0,"win_rate":0.0,"timestamp":1612720217,"path_taken":["M","?","M","M","?","E","M","M","T","$","?","?","?","M","R","BOSS","M","?","?","?","M","E"],"items_purchased_type":[],"build_version":"2020-12-22","purchased_purges":0,"victory":false,"max_hp_per_floor":[72,72,72,72,72,72,72,72,72,72,72,72,72,72,72,72,72,72,72,72,72,72,72,72],"card_choices":[{"not_picked":["EmptyBody","CutThroughFate"],"picked":"ReachHeaven","floor":1.0},{"not_picked":["Protect","EmptyBody"],"picked":"Wireheading","floor":3.0},{"not_picked":["Evaluate","Halt"],"picked":"FearNoEvil","floor":4.0},{"not_picked":["Sanctity","SignatureMove"],"picked":"Adaptation","floor":5.0},{"not_picked":["SpiritShield","Pray"],"picked":"EmptyBody","floor":6.0},{"not_picked":["DeceiveReality","Worship"],"picked":"Evaluate","floor":7},{"not_picked":["JustLucky","Study"],"picked":"CrushJoints","floor":8},{"not_picked":["PathToVictory","EmptyBody"],"picked":"Study","floor":14},{"not_picked":["Establishment","Blasphemy"],"picked":"Scrawl","floor":16},{"not_picked":["BattleHymn","Fasting2","Conclude+1"],"picked":"SKIP","floor":18},{"not_picked":["EmptyBody","Consecrate"],"picked":"Protect","floor":22}],"player_experience":157755,"relics_obtained":[{"floor":6.0,"key":"MawBank"},{"floor":9,"key":"War Paint"},{"floor":13,"key":"Regal Pillow"}],"event_choices":[{"damage_healed":0.0,"max_hp_gain":0.0,"max_hp_loss":0.0,"gold_gain":0.0,"event_name":"Wheel of Change","player_choice":"Damaged","floor":2.0,"gold_loss":0.0,"damage_taken":7.0},{"damage_healed":0,"gold_gain":0,"cards_transformed":["Strike_P"],"player_choice":"Change","damage_taken":0,"max_hp_gain":0,"max_hp_loss":0,"event_name":"Living Wall","floor":11,"gold_loss":0,"cards_obtained":["JustLucky"]},{"damage_healed":0,"gold_gain":66,"player_choice":"Gained Gold","damage_taken":0,"max_hp_gain":0,"max_hp_loss":0,"event_name":"Golden Wing","floor":12,"gold_loss":0},{"damage_healed":0,"gold_gain":0,"player_choice":"Read","damage_taken":0,"max_hp_gain":0,"max_hp_loss":0,"event_name":"The Library","floor":19,"gold_loss":0,"cards_obtained":["WindmillStrike"]},{"damage_healed":0,"gold_gain":0,"player_choice":"Ignored","damage_taken":0,"max_hp_gain":0,"max_hp_loss":0,"event_name":"Vampires","floor":20,"gold_loss":0},{"damage_healed":0,"gold_gain":0,"player_choice":"Opened","damage_taken":0,"relics_obtained":["Tiny Chest"],"max_hp_gain":0,"max_hp_loss":0,"event_name":"The Mausoleum","floor":21,"gold_loss":0}],"is_beta":false,"boss_relics":[{"not_picked":["Astrolabe","VioletLotus"],"picked":"Philosopher\u0027s Stone"}],"items_purged_floors":[],"is_endless":false,"potions_floor_spawned":[3,4,6,14,18,22],"killed_by":"Gremlin Leader","ascension_level":3}}