{"host":"c2p2isezsqpgoqg6","time":1612736867,"event":{"mods":["BaseMod","BetterRewards","Colored Map","DeckTracker","Downfall","Infinite Spire","Minty Spire (QoL Compilation)","Quick Restart","StSLib","SuperFastMode"],"gold_per_floor":[0,20,32,51,36,111,137,149,173,173,202,220,220,245,256,357,357,357,367,367,384,22,55,78,78,93,93,93,93,104,137,156,156,156,156],"floor_reached":33,"language":"ENG","playtime":1574,"items_purged":["Slimebound:Strike_Slimebound"],"score":297,"play_id":"5a4b26ea-2c11-4f60-a89c-ddd59e1b0bcf","local_time":"20210207232747","is_ascension_mode":false,"campfire_choices":[{"data":"Slimebound:MegaLick","floor":1,"key":"SMITH"},{"data":"Slimebound:SamplingLick","floor":10,"key":"SMITH"},{"data":"Slimebound:OozeBath","floor":18,"key":"SMITH"},{"data":"Slimebound:SpikyOuterGoop","floor":25,"key":"SMITH"},{"floor":28,"key":"REST"}],"circlet_count":0,"master_deck":["Slimebound:Defend_Slimebound","Slimebound:Defend_Slimebound","Slimebound:Defend_Slimebound","Slimebound:Defend_Slimebound","Slimebound:Split","Slimebound:CorrosiveSpit","Slimebound:ItLooksTasty","Slimebound:MegaLick+1","Slimebound:HauntingLick","Slimebound:Prepare","Slimebound:SamplingLick+1","Slimebound:LivingWall","Slimebound:Repurpose","Slimebound:SlimeSpikes","Slimebound:ComboTackle","Slimebound:LivingWall","Slimebound:Gluttony","Slimebound:RollThrough","Slimebound:OozeBath+1","Slimebound:PressTheAttack+1","Slimebound:Grow","Slimebound:GoopSpray+1","Slimebound:SpikyOuterGoop+1","Slimebound:SplitBruiser","Slimebound:WasteNot","Slimebound:LeechEnergy","Slimebound:SplitMire","Slimebound:ViciousTackle","Slimebound:TongueLash"],"relics":["Slimebound:AbsorbEndCombat","Art of War","Odd Mushroom","Blue Candle","Velvet Choker","MutagenicStrength","Sling","Potion Belt","Smiling Mask","downfall:RedIOU","Regal Pillow"],"acts_visited":["Exordium","TheCity"],"potions_floor_usage":[33,33,33],"damage_taken":[{"damage":0,"enemies":"2 Louse","floor":2,"turns":3},{"damage":0,"enemies":"Small Slimes","floor":3,"turns":3},{"damage":0,"enemies":"Jaw Worm","floor":4,"turns":2},{"damage":0,"enemies":"downfall:FleeingMerchant","floor":5,"turns":4},{"damage":4,"enemies":"Large Slime","floor":8,"turns":7},{"damage":10,"enemies":"The Mushroom Lair","floor":9,"turns":5},{"damage":18,"enemies":"3 Sentries","floor":11,"turns":13},{"damage":9,"enemies":"Lots of Slimes","floor":12,"turns":5},{"damage":34,"enemies":"Gremlin Nob","floor":14,"turns":5},{"damage":15,"enemies":"Gremlin Gang","floor":15,"turns":6},{"damage":11,"enemies":"SI_SHIV_ARCHETYPE","floor":16,"turns":9},{"damage":10,"enemies":"Shell Parasite","floor":19,"turns":6},{"damage":9,"enemies":"Spheric Guardian","floor":21,"turns":4},{"damage":0,"enemies":"downfall:FleeingMerchant","floor":22,"turns":4},{"damage":27,"enemies":"Gremlin Leader","floor":23,"turns":6},{"damage":29,"enemies":"Cultist and Chosen","floor":26,"turns":8},{"damage":8,"enemies":"Centurion and Healer","floor":30,"turns":6},{"damage":3,"enemies":"Nightmare","floor":31,"turns":7},{"damage":33,"enemies":"Sentry and Sphere","floor":32,"turns":6},{"damage":22,"enemies":"DF_ARCHETYPE_CLAW","floor":33,"turns":3}],"seed_played":"6915873238682132770","potions_obtained":[{"floor":2,"key":"Block Potion"},{"floor":3,"key":"Weak Potion"},{"floor":8,"key":"Fire Potion"},{"floor":23,"key":"champ:CounterPotion"},{"floor":29,"key":"Dexterity Potion"},{"floor":29,"key":"Slimebound:SlimedPotion"},{"floor":31,"key":"DuplicationPotion"}],"is_trial":false,"path_per_floor":["R","M","M","M","$","?","T","M","?","R","E","M","?","E","M","B",null,"R","M","?","M","$","E","T","R","M","?","R","?","M","NM","M","B"],"character_chosen":"SLIMEBOUND","items_purchased":["Slimebound:SpikyOuterGoop","Slimebound:SplitBruiser","Sling"],"campfire_rested":1,"item_purchase_floors":[22,22,22],"current_hp_per_floor":[65,65,65,65,65,65,65,61,55,55,45,44,44,16,7,4,65,65,61,61,58,65,46,46,46,21,21,40,40,40,45,18,0,0,0],"gold":156,"neow_bonus":"TRANSFORM_TWO_CARDS","is_daily":false,"chose_seed":false,"campfire_upgraded":4,"win_rate":0.0,"timestamp":1612736867,"path_taken":["R","M","M","M","$","?","T","M","?","R","E","M","?","E","M","BOSS","R","M","?","M","$","E","T","R","M","?","R","?","M","NM","M","BOSS"],"items_purchased_type":["Card","Card","Relic"],"build_version":"2020-12-22","purchased_purges":1,"victory":false,"max_hp_per_floor":[65,65,65,65,65,65,65,65,65,65,65,65,65,65,65,65,65,65,65,65,65,65,65,65,65,65,65,65,65,65,65,65,65,65,65],"card_choices":[{"not_picked":["Slimebound:FinishingTackle","Slimebound:Replication"],"picked":"Slimebound:HauntingLick","floor":2},{"not_picked":["Slimebound:Schlurp","Slimebound:SplitAcid"],"picked":"Slimebound:Prepare","floor":3},{"not_picked":["Slimebound:ComboTackle","Slimebound:LeadByExample"],"picked":"Slimebound:SamplingLick","floor":4},{"not_picked":["Slimebound:FinishingTackle","Slimebound:ItLooksTasty"],"picked":"Slimebound:LivingWall","floor":5},{"not_picked":["Slimebound:SplitBruiser","Slimebound:SplitAcid"],"picked":"Slimebound:Repurpose","floor":8},{"not_picked":["Slimebound:FormOfPuddle","Slimebound:DisruptingSlam"],"picked":"Slimebound:SlimeSpikes","floor":9},{"not_picked":["Slimebound:SlimeTap","Slimebound:ForwardTackle"],"picked":"Slimebound:ComboTackle","floor":11},{"not_picked":["Slimebound:GoopTackle","Slimebound:CheckThePlaybook"],"picked":"Slimebound:LivingWall","floor":12},{"not_picked":["Slimebound:SlimeSpikes","Slimebound:SamplingLick"],"picked":"Slimebound:Gluttony","floor":14},{"not_picked":["Slimebound:SamplingLick","Slimebound:Prepare"],"picked":"Slimebound:RollThrough","floor":15},{"not_picked":["Slimebound:LeechLife","Slimebound:OneTwoCombo"],"picked":"Slimebound:OozeBath","floor":16},{"not_picked":["Slimebound:ComboTackle","Slimebound:LeechEnergy+1"],"picked":"Slimebound:PressTheAttack+1","floor":19},{"not_picked":["Slimebound:Gluttony","Slimebound:RainOfGoop"],"picked":"Slimebound:Grow","floor":21},{"not_picked":["Slimebound:ForwardTackle+1","Slimebound:SelfFormingGoo"],"picked":"Slimebound:GoopSpray+1","floor":22},{"not_picked":["Slimebound:MegaLick+1","Slimebound:RainOfGoop"],"picked":"Slimebound:WasteNot","floor":23},{"not_picked":["Slimebound:GoopTackle","Slimebound:SlimeSpikes"],"picked":"Slimebound:LeechEnergy","floor":26},{"not_picked":["Slimebound:Repurpose","Slimebound:WasteNot"],"picked":"Slimebound:SplitMire","floor":30},{"not_picked":["Slimebound:LivingWall","Slimebound:Replication+1"],"picked":"Slimebound:ViciousTackle","floor":31},{"not_picked":["Slimebound:SplitBruiser","Slimebound:Prepare"],"picked":"Slimebound:TongueLash","floor":32}],"player_experience":478551,"relics_obtained":[{"floor":7,"key":"Art of War"},{"floor":9,"key":"Odd Mushroom"},{"floor":11,"key":"Bag of Marbles"},{"floor":14,"key":"Blue Candle"},{"floor":23,"key":"Potion Belt"},{"floor":24,"key":"Smiling Mask"},{"floor":31,"key":"Regal Pillow"}],"event_choices":[{"damage_healed":0,"gold_gain":0,"player_choice":"Fought Mushrooms","damage_taken":0,"max_hp_gain":0,"max_hp_loss":0,"event_name":"Mushrooms","floor":9,"gold_loss":0},{"cards_removed":["Slimebound:Strike_Slimebound"],"damage_healed":0,"gold_gain":0,"player_choice":"Card Removal","damage_taken":0,"max_hp_gain":0,"max_hp_loss":0,"event_name":"The Cleric","floor":13,"gold_loss":0},{"damage_healed":0,"gold_gain":0,"player_choice":"Inject Mutagens","damage_taken":0,"relics_obtained":["MutagenicStrength"],"max_hp_gain":0,"max_hp_loss":0,"event_name":"Drug Dealer","floor":20,"gold_loss":0},{"damage_healed":0,"gold_gain":0,"player_choice":"Got Potions","damage_taken":0,"max_hp_gain":0,"max_hp_loss":0,"event_name":"Lab","floor":29,"gold_loss":0}],"is_beta":false,"boss_relics":[{"not_picked":["Runic Dome","Coffee Dripper"],"picked":"Velvet Choker"}],"items_purged_floors":[22],"is_endless":false,"potions_floor_spawned":[2,3,8,14,23,31,32],"killed_by":"DF_ARCHETYPE_CLAW","ascension_level":0}}