{"host":"mqhvlr3kpxebko0t","time":1612702133,"event":{"mods":["AchievementEnabler","BaseMod","Colored Map","Colored Powertips","KOR Keyword Fix","Keyboard Shortcuts","Minty Spire (QoL Compilation)","StSLib","SuperFastMode"],"gold_per_floor":[112,112,127,127,145,175,175,206,254,271,271,283,283,294,294,294,294],"floor_reached":16,"language":"KOR","playtime":148,"items_purged":[],"score":202,"play_id":"442e2809-dc65-434d-9665-3ba725f56c79","local_time":"20210207214853","is_ascension_mode":true,"campfire_choices":[{"data":"Neutralize","floor":7,"key":"SMITH"},{"data":"Riddle With Holes","floor":11,"key":"SMITH"},{"data":"Malaise","floor":13,"key":"SMITH"},{"data":"Escape Plan","floor":15,"key":"SMITH"}],"circlet_count":0,"master_deck":["AscendersBane","Strike_G","Strike_G","Strike_G","Strike_G","Strike_G","Defend_G","Defend_G","Defend_G","Defend_G","Defend_G","Survivor","Neutralize+1","Dagger Spray+1","Escape Plan+1","Quick Slash","Riddle With Holes+1","Malaise+1"],"relics":["Ring of the Snake","NeowsBlessing","Meat on the Bone","Vajra","MealTicket"],"acts_visited":["Exordium"],"potions_floor_usage":[],"damage_taken":[{"damage":0,"enemies":"2 Louse","floor":1,"turns":1},{"damage":0,"enemies":"Cultist","floor":3,"turns":1},{"damage":0,"enemies":"Small Slimes","floor":5,"turns":1},{"damage":35,"enemies":"3 Sentries","floor":6,"turns":9},{"damage":29,"enemies":"Gremlin Nob","floor":8,"turns":5},{"damage":6,"enemies":"Red Slaver","floor":10,"turns":4},{"damage":5,"enemies":"Blue Slaver","floor":12,"turns":2},{"damage":10,"enemies":"Looter","floor":14,"turns":3},{"damage":0,"enemies":"The Guardian","floor":16,"turns":1}],"seed_played":"-1477019151852210937","potions_obtained":[{"floor":2,"key":"SteroidPotion"},{"floor":2,"key":"FairyPotion"},{"floor":8,"key":"FearPotion"}],"is_trial":false,"path_per_floor":["M","?","M","?","M","E","R","E","T","M","R","M","R","M","R","B"],"character_chosen":"THE_SILENT","items_purchased":[],"campfire_rested":0,"item_purchase_floors":[],"current_hp_per_floor":[59,59,59,59,59,24,24,29,29,35,35,42,42,44,44,44,44],"gold":294,"neow_bonus":"THREE_ENEMY_KILL","is_daily":false,"chose_seed":false,"campfire_upgraded":4,"win_rate":0.0,"timestamp":1612702133,"path_taken":["M","?","?","?","M","E","R","E","T","M","R","M","R","?","R","BOSS"],"items_purchased_type":[],"build_version":"2020-12-22","purchased_purges":0,"victory":false,"max_hp_per_floor":[66,66,66,66,66,66,66,66,66,66,66,66,66,66,66,66,66],"card_choices":[{"not_picked":["Deadly Poison","Deflect"],"picked":"Dagger Spray","floor":1},{"not_picked":["Flying Knee","Sucker Punch","Night Terror"],"picked":"SKIP","floor":3},{"not_picked":["Concentrate","Quick Slash"],"picked":"Escape Plan","floor":5},{"not_picked":["Caltrops","PiercingWail"],"picked":"Quick Slash","floor":6},{"not_picked":["Dagger Throw","Masterful Stab"],"picked":"Riddle With Holes","floor":8},{"not_picked":["Cloak And Dagger","Deflect","Poisoned Stab"],"picked":"SKIP","floor":10},{"not_picked":["PiercingWail","Underhanded Strike"],"picked":"Malaise","floor":12},{"not_picked":["Infinite Blades","Well Laid Plans","Poisoned Stab"],"picked":"SKIP","floor":14}],"player_experience":695642,"relics_obtained":[{"floor":6,"key":"Meat on the Bone"},{"floor":8,"key":"Vajra"},{"floor":9,"key":"MealTicket"}],"event_choices":[{"damage_healed":0,"gold_gain":0,"player_choice":"Got Potions","damage_taken":0,"max_hp_gain":0,"max_hp_loss":0,"event_name":"Lab","floor":2,"gold_loss":0},{"damage_healed":0,"gold_gain":0,"player_choice":"Forge","damage_taken":0,"max_hp_gain":0,"max_hp_loss":0,"event_name":"Accursed Blacksmith","floor":4,"gold_loss":0,"cards_upgraded":["Dagger Spray"]}],"is_beta":false,"boss_relics":[],"items_purged_floors":[],"is_endless":false,"potions_floor_spawned":[8,10,14],"killed_by":"The Guardian","ascension_level":16}}