{"host":"x3xr1fzypq6qqz5s","time":1612725101,"event":{"mods":["BaseMod","Better Vampires","Colored Powertips","DeckTracker","Highlight Path","Minty Spire (QoL Compilation)","Quick Restart","Rare Cards Sparkle","Relic Stats"],"gold_per_floor":[114,125,200,42,42,71,71,101,178,178,207,207,225,237,237,336,386,376,376,276,295,312,312,345,345,345,345,345,345,372,389,389,389,389],"floor_reached":33,"language":"ZHS","playtime":1284,"items_purged":["Strike_R","Inflame"],"score":342,"play_id":"7b437a58-731a-4b44-a509-a1dbf49576d2","local_time":"20210208031141","is_ascension_mode":true,"campfire_choices":[{"data":"Armaments","floor":7.0,"key":"SMITH"},{"floor":10,"key":"REST"},{"floor":12,"key":"REST"},{"data":"Disarm","floor":15,"key":"SMITH"},{"floor":23,"key":"REST"},{"floor":25,"key":"REST"},{"floor":27,"key":"REST"},{"floor":32,"key":"REST"}],"circlet_count":0,"master_deck":["Strike_R","Strike_R","Strike_R","Defend_R","Defend_R","Defend_R","Defend_R","Bash+1","Headbutt","Disarm+1","Armaments+1","Demon Form","Intimidate","Heavy Blade","Shrug It Off","Shrug It Off","Flame Barrier","Infernal Blade","Disarm","Entrench+1"],"relics":["Burning Blood","Centennial Puzzle","Bottled Tornado","StrikeDummy","MealTicket","Tiny House","Omamori","Art of War"],"acts_visited":["Exordium","TheCity"],"potions_floor_usage":[18,22,24,33],"damage_taken":[{"damage":8.0,"enemies":"2 Louse","floor":1.0,"turns":4.0},{"damage":2.0,"enemies":"Small Slimes","floor":2.0,"turns":3.0},{"damage":15.0,"enemies":"Gremlin Nob","floor":6.0,"turns":4.0},{"damage":41,"enemies":"3 Sentries","floor":8,"turns":9},{"damage":27,"enemies":"Gremlin Nob","floor":11,"turns":4},{"damage":1,"enemies":"Cultist","floor":13,"turns":3},{"damage":9,"enemies":"Exordium Wildlife","floor":14,"turns":5},{"damage":21,"enemies":"The Guardian","floor":16,"turns":8},{"damage":17,"enemies":"2 Thieves","floor":18,"turns":4},{"damage":17,"enemies":"Shell Parasite","floor":21,"turns":8},{"damage":27,"enemies":"Sentry and Sphere","floor":22,"turns":9},{"damage":64,"enemies":"Slavers","floor":24,"turns":8},{"damage":22,"enemies":"Colosseum Slavers","floor":28,"turns":7},{"damage":16,"enemies":"Book of Stabbing","floor":30,"turns":10},{"damage":17,"enemies":"Snecko","floor":31,"turns":6},{"damage":74,"enemies":"Automaton","floor":33,"turns":6}],"seed_played":"-6047120453502182250","potions_obtained":[{"floor":1.0,"key":"Dexterity Potion"},{"floor":8,"key":"SpeedPotion"},{"floor":13,"key":"LiquidBronze"},{"floor":21,"key":"ElixirPotion"},{"floor":22,"key":"Ancient Potion"},{"floor":30,"key":"SkillPotion"}],"is_trial":false,"path_per_floor":["M","M","?","$","?","E","R","E","T","R","E","R","M","M","R","B",null,"M","?","$","M","M","R","E","R","T","R","?","?","E","M","R","B"],"character_chosen":"IRONCLAD","items_purchased":["Disarm","Armaments"],"campfire_rested":6,"item_purchase_floors":[4,4],"current_hp_per_floor":[78,80,69,69,69,60,60,25,25,49,28,52,57,54,54,39,85,74,58,73,62,41,68,10,37,37,64,48,48,38,27,54,0,0],"gold":389,"neow_bonus":"ONE_RANDOM_RARE_CARD","is_daily":false,"chose_seed":false,"campfire_upgraded":2,"win_rate":0.0,"timestamp":1612725101,"path_taken":["M","M","?","$","?","E","R","E","T","R","E","R","M","?","R","BOSS","M","?","$","M","M","R","E","R","T","R","?","?","E","M","R","BOSS"],"items_purchased_type":["Card","Card"],"build_version":"2020-12-22","purchased_purges":2,"victory":false,"max_hp_per_floor":[80,80,80,80,80,80,80,80,80,80,80,80,80,80,80,80,85,85,90,90,90,90,90,90,90,90,90,90,90,90,90,90,90,90],"relic_stats":{"Centennial Puzzle":[39],"counters":[16,98],"MealTicket":15,"Art of War":[4],"obtain_stats":[{"Centennial Puzzle":6,"Tiny House":17,"MealTicket":11,"Omamori":24,"Art of War":30,"Bottled Tornado":8,"StrikeDummy":9,"Burning Blood":0},{"Centennial Puzzle":3,"Tiny House":8,"MealTicket":5,"Omamori":12,"Art of War":14,"Bottled Tornado":4,"StrikeDummy":4,"Burning Blood":0},{"Centennial Puzzle":11,"Tiny House":40,"MealTicket":24,"Omamori":69,"Art of War":86,"Bottled Tornado":20,"StrikeDummy":20,"Burning Blood":0}],"Burning Blood":88},"card_choices":[{"not_picked":["Wild Strike","Perfected Strike"],"picked":"Body Slam","floor":1.0},{"not_picked":["Clothesline","Fire Breathing"],"picked":"Headbutt","floor":2.0},{"not_picked":["Perfected Strike","True Grit"],"picked":"Inflame","floor":6.0},{"not_picked":["Armaments","Corruption","Thunderclap"],"picked":"SKIP","floor":8},{"not_picked":["Clash","Dual Wield"],"picked":"Intimidate","floor":11},{"not_picked":["Intimidate","Armaments"],"picked":"Heavy Blade","floor":13},{"not_picked":["Havoc","Fire Breathing"],"picked":"Shrug It Off","floor":14},{"not_picked":["True Grit","Clothesline","Iron Wave"],"picked":"SKIP","floor":18},{"not_picked":["Second Wind","Pommel Strike"],"picked":"Shrug It Off","floor":21},{"not_picked":["Evolve","Whirlwind","Searing Blow"],"picked":"SKIP","floor":22},{"not_picked":["Armaments","Rampage"],"picked":"Flame Barrier","floor":24},{"not_picked":["Body Slam+1","Shrug It Off"],"picked":"Entrench+1","floor":30},{"not_picked":["Flex","Pommel Strike","Immolate"],"picked":"SKIP","floor":31}],"player_experience":665498,"relics_obtained":[{"floor":6.0,"key":"Centennial Puzzle"},{"floor":8,"key":"Bottled Tornado"},{"floor":9,"key":"StrikeDummy"},{"floor":11,"key":"MealTicket"},{"floor":24,"key":"Omamori"},{"floor":30,"key":"Art of War"}],"event_choices":[{"damage_healed":0.0,"max_hp_gain":0.0,"max_hp_loss":0.0,"gold_gain":75.0,"event_name":"World of Goop","player_choice":"Gather Gold","floor":3.0,"gold_loss":0.0,"damage_taken":11.0},{"damage_healed":0.0,"max_hp_gain":0.0,"max_hp_loss":0.0,"gold_gain":0.0,"cards_transformed":["Strike_R"],"event_name":"Transmorgrifier","player_choice":"Transformed","floor":5.0,"gold_loss":0.0,"damage_taken":0.0,"cards_obtained":["Demon Form"]},{"damage_healed":0,"gold_gain":0,"player_choice":"Shed Blood","damage_taken":21,"max_hp_gain":5,"max_hp_loss":0,"event_name":"Forgotten Altar","floor":19,"gold_loss":0},{"damage_healed":0,"gold_gain":0,"player_choice":"Fight","damage_taken":0,"max_hp_gain":0,"max_hp_loss":0,"event_name":"Colosseum","floor":28,"gold_loss":0},{"damage_healed":0,"gold_gain":0,"player_choice":"Fled From Nobs","damage_taken":0,"max_hp_gain":0,"max_hp_loss":0,"event_name":"Colosseum","floor":28,"gold_loss":0},{"damage_healed":0,"gold_gain":0,"cards_transformed":["Bludgeon","Body Slam"],"player_choice":"Became Test Subject","damage_taken":0,"max_hp_gain":0,"max_hp_loss":0,"event_name":"Drug Dealer","floor":29,"gold_loss":0,"cards_obtained":["Infernal Blade","Disarm"]}],"is_beta":false,"boss_relics":[{"not_picked":["SlaversCollar","Snecko Eye"],"picked":"Tiny House"}],"items_purged_floors":[4,20],"is_endless":false,"potions_floor_spawned":[1,8,13,21,22,30],"killed_by":"Automaton","ascension_level":1}}