{"host":"yqw1zpryoutrnocq","time":1612719231,"event":{"mods":["2.2 Compatiblity","AchievementEnabler","BaseMod","Colored Map","Custom Start","DeckTracker","Minty Spire (QoL Compilation)","StSLib","SuperFastMode"],"gold_per_floor":[112,112,112,112,136,136,171,171,171,121,142,156,156,175,175,299,299,320,335,36,36,36,36,56,106,131,144,144,185,49,84,84,84,84],"floor_reached":33,"language":"KOR","playtime":781,"items_purged":["Strike_G"],"score":462,"play_id":"0d038a1c-78cd-4afa-b568-68f9a7b68bba","local_time":"20210207113351","is_ascension_mode":true,"campfire_choices":[{"data":"Neutralize","floor":6.0,"key":"SMITH"},{"data":"Bouncing Flask","floor":8.0,"key":"SMITH"},{"data":"Underhanded Strike","floor":15.0,"key":"SMITH"},{"data":"Cloak And Dagger","floor":23,"key":"SMITH"},{"floor":28,"key":"REST"},{"floor":32,"key":"REST"}],"circlet_count":2,"master_deck":["AscendersBane","Strike_G","Strike_G","Defend_G","Defend_G+1","Defend_G","Defend_G","Defend_G+1","Survivor","Neutralize+1","Underhanded Strike+1","Deflect","Bouncing Flask+1","Flying Knee+1","Sucker Punch+1","Venomology","Cloak And Dagger+1","Night Terror","Poisoned Stab+1","Cloak And Dagger","Flechettes+1","RitualDagger+1","Slice+1","Finesse","Backflip","Eviscerate+1"],"relics":["Ring of the Snake","NeowsBlessing","Golden Idol","Calipers","Circlet","Molten Egg 2","SlaversCollar","ClockworkSouvenir","Du-Vu Doll","Regal Pillow","Art of War"],"acts_visited":["Exordium","TheCity"],"potions_floor_usage":[16,16,19,24,24,24,24,27,29,29,29,33,33],"damage_taken":[{"damage":0.0,"enemies":"Small Slimes","floor":1.0,"turns":1.0},{"damage":0.0,"enemies":"2 Louse","floor":5.0,"turns":1.0},{"damage":0.0,"enemies":"Lagavulin","floor":7.0,"turns":1.0},{"damage":0.0,"enemies":"Cultist","floor":11.0,"turns":3.0},{"damage":6.0,"enemies":"Red Slaver","floor":12.0,"turns":3.0},{"damage":2.0,"enemies":"Looter","floor":14.0,"turns":4.0},{"damage":2,"enemies":"Slime Boss","floor":16,"turns":8},{"damage":8,"enemies":"Chosen","floor":18,"turns":5},{"damage":10,"enemies":"Spheric Guardian","floor":19,"turns":4},{"damage":1,"enemies":"3 Cultists","floor":24,"turns":5},{"damage":18,"enemies":"Snake Plant","floor":27,"turns":4},{"damage":20,"enemies":"Book of Stabbing","floor":29,"turns":5},{"damage":10,"enemies":"Slavers","floor":31,"turns":7},{"damage":66,"enemies":"Automaton","floor":33,"turns":8}],"seed_played":"8861541262936752568","potions_obtained":[{"floor":7.0,"key":"Fruit Juice"},{"floor":11.0,"key":"SpeedPotion"},{"floor":16,"key":"PowerPotion"},{"floor":18,"key":"CunningPotion"},{"floor":24,"key":"DistilledChaos"},{"floor":27,"key":"Ancient Potion"}],"is_trial":false,"path_per_floor":["M","?","?","?","M","R","E","R","T","?","M","M","?","M","R","B",null,"M","M","$","?","?","R","M","?","T","M","R","E","$","E","R","B"],"character_chosen":"THE_SILENT","items_purchased":["ClockworkSouvenir","Flechettes+1","Finesse","Backflip"],"campfire_rested":2,"item_purchase_floors":[20,20,30,30],"current_hp_per_floor":[63,46,32,25,25,25,30,30,30,30,30,24,24,22,22,20,61,53,43,43,37,37,37,36,36,36,18,55,35,35,25,62,0,0],"gold":84,"neow_bonus":"THREE_ENEMY_KILL","is_daily":false,"chose_seed":false,"campfire_upgraded":4,"win_rate":0.0,"timestamp":1612719231,"path_taken":["M","?","?","?","M","R","E","R","T","?","M","M","?","M","R","BOSS","M","?","$","?","?","R","M","?","T","M","R","E","$","E","R","BOSS"],"items_purchased_type":["Relic","Card","Card","Card"],"build_version":"2020-12-22","purchased_purges":1,"victory":false,"max_hp_per_floor":[70,70,70,70,70,70,75,75,75,75,75,75,75,75,75,75,75,75,75,75,75,75,75,75,75,75,75,75,75,75,75,75,75,75],"card_choices":[{"not_picked":["Outmaneuver","Dodge and Roll"],"picked":"Underhanded Strike","floor":1.0},{"not_picked":["Deadly Poison","Heel Hook"],"picked":"Deflect","floor":5.0},{"not_picked":["Dagger Throw","Poisoned Stab"],"picked":"Bouncing Flask","floor":7.0},{"not_picked":["Underhanded Strike+1","Deflect"],"picked":"Flying Knee+1","floor":11.0},{"not_picked":["All Out Attack+1","Noxious Fumes"],"picked":"Sucker Punch+1","floor":12.0},{"not_picked":["PiercingWail","Deadly Poison"],"picked":"Cloak And Dagger","floor":14.0},{"not_picked":["Storm of Steel","Envenom"],"picked":"Night Terror","floor":16},{"not_picked":["Bouncing Flask+1","Outmaneuver+1"],"picked":"Poisoned Stab+1","floor":18},{"not_picked":["Deflect+1","Dash+1"],"picked":"Cloak And Dagger","floor":19},{"not_picked":["Bane+1","Dagger Throw+1"],"picked":"Slice+1","floor":24},{"not_picked":["Sucker Punch+1","Flying Knee+1","Deflect"],"picked":"SKIP","floor":27},{"not_picked":["Concentrate","Grand Finale+1","Dash+1"],"picked":"SKIP","floor":29},{"not_picked":["Riddle With Holes+1","Poisoned Stab+1"],"picked":"Eviscerate+1","floor":31}],"player_experience":311783,"relics_obtained":[{"floor":7.0,"key":"Circlet"},{"floor":9.0,"key":"Molten Egg 2"},{"floor":26,"key":"Regal Pillow"},{"floor":29,"key":"Circlet"},{"floor":31,"key":"Art of War"}],"event_choices":[{"damage_healed":0.0,"max_hp_gain":0.0,"max_hp_loss":0.0,"gold_gain":0.0,"event_name":"Golden Idol","player_choice":"Take Damage","floor":2.0,"gold_loss":0.0,"damage_taken":17.0,"relics_obtained":["Golden Idol"]},{"damage_healed":0.0,"max_hp_gain":0.0,"max_hp_loss":0.0,"gold_gain":0.0,"event_name":"Shining Light","player_choice":"Entered Light","floor":3.0,"gold_loss":0.0,"damage_taken":14.0,"cards_upgraded":["Defend_G","Defend_G"]},{"damage_healed":0.0,"max_hp_gain":0.0,"max_hp_loss":0.0,"gold_gain":0.0,"event_name":"Scrap Ooze","player_choice":"Success","floor":4.0,"gold_loss":0.0,"damage_taken":7.0,"relics_obtained":["Calipers"]},{"cards_removed":["Strike_G"],"damage_healed":0.0,"max_hp_gain":0.0,"max_hp_loss":0.0,"gold_gain":0.0,"event_name":"The Cleric","player_choice":"Card Removal","floor":10.0,"gold_loss":50.0,"damage_taken":0.0},{"damage_healed":0.0,"max_hp_gain":0.0,"max_hp_loss":0.0,"gold_gain":0.0,"cards_transformed":["Strike_G"],"event_name":"Transmorgrifier","player_choice":"Transformed","floor":13.0,"gold_loss":0.0,"damage_taken":0.0,"cards_obtained":["Venomology"]},{"damage_healed":0,"gold_gain":0,"player_choice":"Joined the Cult","damage_taken":6,"max_hp_gain":0,"max_hp_loss":0,"event_name":"Nest","floor":21,"gold_loss":0,"cards_obtained":["RitualDagger"]},{"damage_healed":0,"gold_gain":0,"player_choice":"Opened","damage_taken":0,"relics_obtained":["Du-Vu Doll"],"max_hp_gain":0,"max_hp_loss":0,"event_name":"The Mausoleum","floor":22,"gold_loss":0},{"damage_healed":0,"gold_gain":100,"player_choice":"Bet on Murderer","damage_taken":0,"max_hp_gain":0,"max_hp_loss":0,"event_name":"The Joust","floor":25,"gold_loss":50}],"is_beta":false,"boss_relics":[{"not_picked":["Circlet","Circlet"],"picked":"SlaversCollar"}],"items_purged_floors":[20],"is_endless":false,"potions_floor_spawned":[7,11,16,18,24,27],"killed_by":"Automaton","ascension_level":10}}