{"host":"syozzdlzcqop4jia","time":1612671221,"event":{"mods":["BaseMod","Colored Map","Colored Powertips","Minty Spire (QoL Compilation)","Quick Restart"],"gold_per_floor":[111,125,52,69,80,115,115,127,127,127,139,212,236,82,82,178,178,190,201,211,211,136,136,163,173,198,198,218,30,30,49,49,49,49],"floor_reached":33,"language":"ENG","playtime":1726,"items_purged":["Strike_B"],"score":282,"play_id":"b394496b-cdb5-4a9a-9573-10cfc9306a43","local_time":"20210207051341","is_ascension_mode":true,"campfire_choices":[{"floor":7,"key":"REST"},{"floor":15,"key":"REST"},{"data":"Electrodynamics","floor":23,"key":"SMITH"},{"data":"Ball Lightning","floor":27,"key":"SMITH"},{"floor":32,"key":"REST"}],"circlet_count":0,"master_deck":["Strike_B","Strike_B","Strike_B","Defend_B","Defend_B+1","Defend_B+1","Zap","Dualcast","Go for the Eyes","Defragment","Doom and Gloom","Ball Lightning+1","Beam Cell","Creative AI+1","Leap","Redo","Lockon","Electrodynamics+1","Defragment","Ball Lightning","Redo","Lockon+1","Conserve Battery","Sweeping Beam+1","Streamline","Ball Lightning"],"relics":["Cracked Core","Lantern","Kunai","Eternal Feather","Anchor","Velvet Choker","Potion Belt","War Paint","Nloth\u0027s Gift"],"acts_visited":["Exordium","TheCity"],"potions_floor_usage":[20,31],"damage_taken":[{"damage":0,"enemies":"2 Louse","floor":1,"turns":2},{"damage":2,"enemies":"Jaw Worm","floor":2,"turns":3},{"damage":10,"enemies":"Cultist","floor":4,"turns":4},{"damage":0,"enemies":"2 Fungi Beasts","floor":5,"turns":2},{"damage":19,"enemies":"3 Sentries","floor":6,"turns":5},{"damage":14,"enemies":"3 Louse","floor":8,"turns":2},{"damage":21,"enemies":"Exordium Thugs","floor":11,"turns":4},{"damage":48,"enemies":"Hexaghost","floor":16,"turns":7},{"damage":8,"enemies":"Shell Parasite","floor":18,"turns":4},{"damage":1,"enemies":"Spheric Guardian","floor":19,"turns":3},{"damage":13,"enemies":"Shelled Parasite and Fungi","floor":20,"turns":4},{"damage":11,"enemies":"Gremlin Leader","floor":24,"turns":4},{"damage":0,"enemies":"3 Cultists","floor":25,"turns":2},{"damage":21,"enemies":"Centurion and Healer","floor":28,"turns":4},{"damage":0,"enemies":"Snecko","floor":31,"turns":3},{"damage":93,"enemies":"Collector","floor":33,"turns":7}],"seed_played":"-2147529723412225938","potions_obtained":[{"floor":4,"key":"Strength Potion"},{"floor":5,"key":"PotionOfCapacity"},{"floor":11,"key":"SkillPotion"},{"floor":28,"key":"DistilledChaos"}],"is_trial":false,"path_per_floor":["M","M","$","M","M","E","R","M","T","?","M","?","T","$","R","B",null,"M","M","M","?","?","R","E","M","T","R","M","$","?","M","R","B"],"character_chosen":"DEFECT","items_purchased":["Doom and Gloom","Lockon","War Paint","Streamline"],"campfire_rested":3,"item_purchase_floors":[3,14,29,29],"current_hp_per_floor":[75,73,73,63,63,44,66,52,52,52,31,31,31,31,62,14,75,67,66,53,53,53,65,54,54,54,66,45,45,45,45,75,0,0],"gold":49,"neow_bonus":"RANDOM_COMMON_RELIC","is_daily":false,"chose_seed":false,"campfire_upgraded":2,"win_rate":0.0,"timestamp":1612671221,"path_taken":["M","M","$","M","M","E","R","M","T","?","M","?","?","?","R","BOSS","M","?","M","?","?","R","E","M","T","R","?","?","?","?","R","BOSS"],"items_purchased_type":["Card","Card","Relic","Card"],"build_version":"2020-12-22","purchased_purges":1,"victory":false,"max_hp_per_floor":[75,75,75,75,75,75,75,75,75,75,75,75,75,75,75,75,75,75,75,75,75,75,75,75,75,75,75,75,75,75,75,75,75,75],"card_choices":[{"not_picked":["Leap","Consume"],"picked":"Go for the Eyes","floor":1},{"not_picked":["Double Energy","FTL"],"picked":"Defragment","floor":2},{"not_picked":["Turbo","Doom and Gloom"],"picked":"Ball Lightning","floor":4},{"not_picked":["Steam","Streamline"],"picked":"Beam Cell","floor":5},{"not_picked":["Steam Power","Reinforced Body"],"picked":"Creative AI","floor":6},{"not_picked":["Go for the Eyes","Sweeping Beam"],"picked":"Leap","floor":8},{"not_picked":["Undo","Beam Cell"],"picked":"Redo","floor":11},{"not_picked":["Thunder Strike","Core Surge"],"picked":"Electrodynamics","floor":16},{"not_picked":["Tempest+1","Sweeping Beam"],"picked":"Defragment","floor":18},{"not_picked":["Leap","Melter"],"picked":"Ball Lightning","floor":19},{"not_picked":["Gash","Cold Snap+1"],"picked":"Redo","floor":20},{"not_picked":["Stack+1","Echo Form"],"picked":"Lockon+1","floor":24},{"not_picked":["Streamline","Coolheaded"],"picked":"Conserve Battery","floor":25},{"not_picked":["Hologram","Consume+1"],"picked":"Sweeping Beam+1","floor":28},{"not_picked":["Redo","Steam"],"picked":"Ball Lightning","floor":31}],"player_experience":580665,"relics_obtained":[{"floor":6,"key":"Kunai"},{"floor":9,"key":"Eternal Feather"},{"floor":13,"key":"Anchor"},{"floor":24,"key":"Potion Belt"},{"floor":26,"key":"Smiling Mask"}],"event_choices":[{"damage_healed":0,"gold_gain":0,"player_choice":"Grow","damage_taken":0,"max_hp_gain":0,"max_hp_loss":0,"event_name":"Living Wall","floor":10,"gold_loss":0,"cards_upgraded":["Creative AI"]},{"damage_healed":0,"gold_gain":73,"player_choice":"Gained Gold","damage_taken":0,"max_hp_gain":0,"max_hp_loss":0,"event_name":"Golden Wing","floor":12,"gold_loss":0},{"damage_healed":0,"gold_gain":0,"player_choice":"Ignored","damage_taken":0,"max_hp_gain":0,"max_hp_loss":0,"event_name":"The Mausoleum","floor":21,"gold_loss":0},{"cards_removed":["Defend_B"],"damage_healed":0,"gold_gain":0,"player_choice":"Gave Gold","damage_taken":0,"max_hp_gain":0,"max_hp_loss":0,"event_name":"Beggar","floor":22,"gold_loss":75},{"damage_healed":0,"gold_gain":0,"player_choice":"Traded Relic","damage_taken":0,"relics_obtained":["Nloth\u0027s Gift"],"max_hp_gain":0,"max_hp_loss":0,"event_name":"N\u0027loth","floor":30,"relics_lost":["Smiling Mask"],"gold_loss":0}],"is_beta":false,"boss_relics":[{"not_picked":["Runic Pyramid","SlaversCollar"],"picked":"Velvet Choker"}],"items_purged_floors":[14],"is_endless":false,"potions_floor_spawned":[4,5,11,18,19,28],"killed_by":"Collector","ascension_level":1}}