{"host":"5rycm1ajjg5acc5q","time":1612668304,"event":{"mods":["BaseMod","Better Third Choice","Highlight Path","Minty Spire (QoL Compilation)","Replay The Spire","StSLib"],"gold_per_floor":[367,380,380,393,29,73,43,68,119,119,144,179,225,240,240,359,359,374,374,388,338,52,52,93,93,93,132,155,175,175,37,37,37,37],"floor_reached":33,"language":"ENG","playtime":3256,"items_purged":["Strike_R","Anger+1"],"score":310,"play_id":"43ce48fb-2b69-4d75-98ca-7845fed64acc","local_time":"20210206212504","is_ascension_mode":true,"campfire_choices":[{"data":"Hemogenesis","floor":10,"key":"SMITH"},{"data":"Hemogenesis","floor":15,"key":"SMITH"},{"data":"Double Tap","floor":23,"key":"SMITH"},{"floor":25,"key":"RECALL"},{"data":"Double Tap","floor":32,"key":"SMITH"}],"circlet_count":0,"master_deck":["Strike_R+1","Defend_R+1","Defend_R+1","Defend_R+1","Defend_R+1","Bash","Pommel Strike","Warcry+1","Hemogenesis+1","Hemogenesis+1","Thunderclap","Inflame","Headbutt","Inflame","Hemokinesis","Double Tap+1","ReplayTheSpireMod:Strike From Hell+1","Armaments+1","Twin Strike+1","Warcry+1","ReplayUltimateDefense","Cleave+1","Thunderclap+1","Shockwave","Battle Trance","Double Tap+1"],"relics":["Burning Blood","Golden Idol","DollysMirror","King of Hearts","Eternal Feather","Tiny Chest","Oddly Smooth Stone","Astrolabe","Mercury Hourglass","Meat on the Bone","War Paint","Replay:WaspNest"],"acts_visited":["Exordium","TheCity"],"potions_floor_usage":[6,12,12,24,27,28,29],"damage_taken":[{"damage":7,"enemies":"Small Slimes","floor":1,"turns":4},{"damage":7,"enemies":"Jaw Worm","floor":2,"turns":5},{"damage":0,"enemies":"2 Louse","floor":4,"turns":3},{"damage":63,"enemies":"3 Sentries","floor":6,"turns":13},{"damage":0,"enemies":"Looter","floor":7,"turns":4},{"damage":8,"enemies":"Lots of Slimes","floor":8,"turns":5},{"damage":13,"enemies":"Blue Slaver","floor":11,"turns":6},{"damage":16,"enemies":"Gremlin Nob","floor":12,"turns":5},{"damage":14,"enemies":"Looter","floor":14,"turns":4},{"damage":38,"enemies":"Slime Boss","floor":16,"turns":11},{"damage":25,"enemies":"Chosen","floor":18,"turns":5},{"damage":26,"enemies":"2 Thieves","floor":20,"turns":3},{"damage":27,"enemies":"Gremlin Leader","floor":24,"turns":8},{"damage":26,"enemies":"Slavers","floor":27,"turns":7},{"damage":41,"enemies":"Shelled Parasite and Fungi","floor":28,"turns":5},{"damage":8,"enemies":"Cultist and Chosen","floor":29,"turns":5},{"damage":80,"enemies":"Champ","floor":33,"turns":9}],"seed_played":"8235932152368249489","potions_obtained":[{"floor":4,"key":"SteroidPotion"},{"floor":8,"key":"BlessingOfTheForge"},{"floor":11,"key":"SpeedPotion"},{"floor":18,"key":"SpeedPotion"},{"floor":24,"key":"PowerPotion"},{"floor":27,"key":"LiquidBronze"},{"floor":28,"key":"ColorlessPotion"},{"floor":29,"key":"Fire Potion"}],"is_trial":false,"path_per_floor":["M","M","?","M","$","E","M","M","T","R","M","E","T","M","R","B",null,"M","?","M","?","$","R","E","R","T","E","M","M","T","$","R","B"],"character_chosen":"IRONCLAD","items_purchased":["DollysMirror","King of Hearts","ReplayUltimateDefense","Double Tap"],"campfire_rested":0,"item_purchase_floors":[5,5,22,31],"current_hp_per_floor":[71,70,52,58,58,11,22,30,30,39,45,48,48,51,60,39,72,53,53,33,33,33,45,35,47,47,44,21,39,39,39,54,0,0],"gold":37,"neow_bonus":"TWO_FIFTY_GOLD","is_daily":false,"chose_seed":false,"campfire_upgraded":4,"win_rate":0.0,"timestamp":1612668304,"path_taken":["M","M","?","M","$","E","M","M","T","R","M","E","?","M","R","BOSS","M","?","M","?","$","R","E","R","T","E","M","M","?","?","R","BOSS"],"items_purchased_type":["Relic","Relic","Card","Card"],"build_version":"2020-12-22","purchased_purges":2,"victory":false,"max_hp_per_floor":[72,72,72,72,72,72,72,72,72,72,72,72,72,72,72,72,72,72,72,72,72,72,72,72,72,72,72,72,72,72,72,72,72,72],"card_choices":[{"not_picked":["Sword Boomerang","Life Link"],"picked":"Pommel Strike","floor":1},{"not_picked":["Pummel","Carnage"],"picked":"Warcry","floor":2},{"not_picked":["Headbutt","Twin Strike"],"picked":"Hemogenesis","floor":4},{"not_picked":["Power Through","Cleave"],"picked":"Thunderclap","floor":6},{"not_picked":["Shrug It Off","Thunderclap"],"picked":"Inflame","floor":7},{"not_picked":["Clothesline","Demon Form"],"picked":"Headbutt","floor":8},{"not_picked":["Dark Embrace","Twin Strike"],"picked":"Inflame","floor":11},{"not_picked":["Feed","Thunderclap"],"picked":"Hemokinesis","floor":12},{"not_picked":["Iron Wave","Run Through","Shrug It Off"],"picked":"SKIP","floor":14},{"not_picked":["Corruption","Replay:Many Hands"],"picked":"Double Tap","floor":16},{"not_picked":["Heavy Blade","Seeing Red"],"picked":"Twin Strike+1","floor":18},{"not_picked":["Perfected Strike","Clash"],"picked":"Warcry","floor":20},{"not_picked":["Clash","Iron Wave+1"],"picked":"Cleave+1","floor":24},{"not_picked":["Rampage+1","Reckless Charge"],"picked":"Thunderclap+1","floor":27},{"not_picked":["Sword Boomerang+1","Spot Weakness"],"picked":"Shockwave","floor":28},{"not_picked":["Clothesline","Shrug It Off"],"picked":"Battle Trance","floor":29}],"player_experience":79813,"relics_obtained":[{"floor":6,"key":"Eternal Feather"},{"floor":9,"key":"Tiny Chest"},{"floor":12,"key":"Oddly Smooth Stone"},{"floor":24,"key":"Mercury Hourglass"},{"floor":26,"key":"Meat on the Bone"},{"floor":27,"key":"War Paint"},{"floor":30,"key":"Replay:WaspNest"}],"event_choices":[{"damage_healed":0,"gold_gain":0,"player_choice":"Take Damage","damage_taken":18,"relics_obtained":["Golden Idol"],"max_hp_gain":0,"max_hp_loss":0,"event_name":"Golden Idol","floor":3,"gold_loss":0},{"damage_healed":0,"gold_gain":0,"player_choice":"Simplicity","damage_taken":0,"max_hp_gain":0,"max_hp_loss":5,"event_name":"betterThird:BetterWriting","floor":19,"gold_loss":0},{"damage_healed":0,"gold_gain":0,"player_choice":"Bet on Murderer","damage_taken":0,"max_hp_gain":0,"max_hp_loss":0,"event_name":"The Joust","floor":21,"gold_loss":50}],"is_beta":false,"boss_relics":[{"not_picked":["Busted Crown","Abe\u0027s Treasure"],"picked":"Astrolabe"}],"items_purged_floors":[5,22],"is_endless":false,"potions_floor_spawned":[4,8,11,18,24,27,28,29],"killed_by":"Champ","ascension_level":1}}