{"host":"czzthkrvfe6r7fjf","time":1612694053,"event":{"mods":["ATMod(∞¢Ë™Mod)","Act Like it!","BaseMod","Downfall","GungeonMod","Marisa£®ÏF”Í°°ƒß¿Ì…≥£©","Minty Spire (QoL Compilation)","Quick Restart","StSLib","The Servant 0.9.4","Waifu the Spire","°æπ¶ƒ‹Mod°øªÏ„Á÷Æª∑–ﬁ∏¥≤π∂°"],"gold_per_floor":[109,109,259,20,31,65,140,156,156,156,156],"floor_reached":10,"language":"ZHS","playtime":158,"items_purged":["Doubt"],"score":173,"play_id":"6ec81755-5306-47ec-ab13-9b4cb922e01b","local_time":"20210207183413","is_ascension_mode":true,"campfire_choices":[],"circlet_count":0,"master_deck":["AscendersBane","Strike_G","Strike_G","Strike_G","Strike_G","Strike_G","Defend_G","Defend_G","Defend_G","Defend_G","Defend_G","Survivor+1","Neutralize+1","AT_FamilyPortrait","Slice","Prepared","AT_WindFlip","Flying Knee"],"relics":["Ring of the Snake","AT_ATBox","NeowsBlessing","Boot","DemoMod:GundromedaStrain","DemoMod:GlassGuonStoneRelic","Incense Burner"],"acts_visited":["Exordium"],"potions_floor_usage":[],"damage_taken":[{"damage":0.0,"enemies":"Cultist","floor":1.0,"turns":1.0},{"damage":0.0,"enemies":"Small Slimes","floor":5.0,"turns":1.0},{"damage":0.0,"enemies":"Lagavulin","floor":6.0,"turns":1.0},{"damage":2.0,"enemies":"Jaw Worm","floor":8.0,"turns":2.0},{"damage":0,"enemies":"Gremlin Nob","floor":10,"turns":2}],"seed_played":"2870201352572573152","potions_obtained":[{"floor":1.0,"key":"Dexterity Potion"}],"is_trial":false,"path_per_floor":["M","?","?","$","M","E","?","M","T","E"],"character_chosen":"THE_SILENT","items_purchased":["Boot"],"campfire_rested":0,"item_purchase_floors":[4],"current_hp_per_floor":[59,39,39,39,39,39,28,26,26,26,26],"gold":156,"neow_bonus":"THREE_ENEMY_KILL","is_daily":false,"chose_seed":false,"campfire_upgraded":0,"win_rate":0.0,"timestamp":1612694053,"path_taken":["M","?","?","$","M","E","?","M","T","E"],"items_purchased_type":["Relic"],"build_version":"2020-12-22","purchased_purges":1,"victory":false,"max_hp_per_floor":[66,66,66,66,66,66,66,66,66,66,66],"card_choices":[{"not_picked":["Terror","Flechettes"],"picked":"Slice","floor":1.0},{"not_picked":["Slice","Cloak And Dagger"],"picked":"Prepared","floor":5.0},{"not_picked":["Escape Plan","All Out Attack"],"picked":"AT_WindFlip","floor":6.0},{"not_picked":["Outmaneuver","PiercingWail"],"picked":"Flying Knee","floor":8}],"player_experience":504148,"relics_obtained":[{"floor":6.0,"key":"DemoMod:GundromedaStrain"},{"floor":9,"key":"Incense Burner"}],"event_choices":[{"damage_healed":0.0,"max_hp_gain":0.0,"max_hp_loss":0.0,"gold_gain":0.0,"event_name":"Shining Light","player_choice":"Entered Light","floor":2.0,"gold_loss":0.0,"damage_taken":20.0,"cards_upgraded":["Neutralize","Survivor"]},{"damage_healed":0.0,"max_hp_gain":0.0,"max_hp_loss":0.0,"gold_gain":150.0,"event_name":"Liars Game","player_choice":"AGREE","floor":3.0,"gold_loss":0.0,"damage_taken":0.0,"cards_obtained":["Doubt"]},{"damage_healed":0.0,"max_hp_gain":0.0,"max_hp_loss":0.0,"gold_gain":75.0,"event_name":"World of Goop","player_choice":"Gather Gold","floor":7.0,"gold_loss":0.0,"damage_taken":11.0}],"is_beta":false,"boss_relics":[],"items_purged_floors":[4],"is_endless":false,"potions_floor_spawned":[1],"killed_by":"Gremlin Nob","ascension_level":18}}