{"host":"0cm5wy4nhuju7tij","time":1612661250,"event":{"mods":["100% Spire Juice","2.2 Compatiblity","AchievementEnabler","Aspiration","BaseMod","Better Third Choice","BetterRewards","CCEM2","CapriCore","Colored Powertips","Curses Come First","Displayed Cursed Tome","Downfall","Energized Spire","Evolution","Filter the Spire","Highlight Path","Jess\u0027s Bottle","Minty Spire (QoL Compilation)","Permanent Neow","Poor People Problems","Relic Filter Mod","Relic Stats","Shop Mod","Spicy Shops","StSLib","The Cursed","TheSurvivalist","Weighted Paths"],"gold_per_floor":[109,126,138,138,155,155,181,181,181,214,226,236,236,236,236,377,389,425,457,469,497,523,575,587,637,674,686,718,774,799,472,472,596,596,617,640,664,685,706,740,761,761,761,801,867,910,910,127,127,127],"floor_reached":51,"language":"ENG","playtime":4693,"items_purged":["Decay"],"score":1507,"play_id":"b57eb121-5ab5-48ef-9af8-b85611a941bf","local_time":"20210206202730","is_ascension_mode":true,"campfire_choices":[{"data":"TheCursedMod:Hemoplague","floor":6,"key":"SMITH"},{"floor":8,"key":"REST"},{"floor":15,"key":"DIG"},{"floor":24,"key":"REST"},{"data":"TheCursedMod:CollectTribute","floor":27,"key":"SMITH"},{"data":"TheCursedMod:ParallelWorld","floor":32,"key":"SMITH"},{"data":"TheCursedMod:CollectTribute","floor":42,"key":"SMITH"},{"data":"TheCursedMod:AntiAging","floor":49,"key":"SMITH"}],"circlet_count":0,"master_deck":["TheCursedMod:CleanUpWorkshop","TheCursedMod:CursedAmulet","TheCursedMod:HellfireBreathing","TheCursedMod:HellfireBreathing","TheCursedMod:SpitefulPlan","TheCursedMod:LuckyCharm","TheCursedMod:CursedSpellbook","TheCursedMod:NeowsMight","TheCursedMod:ParallelWorld+1","TheCursedMod:CircleOfAmplification","downfall:Icky","TheCursedMod:CircleOfWindfury","TheCursedMod:CursedSpellbook","TheCursedMod:Hemoplague+1","TheCursedMod:DemonSword+1","TheCursedMod:HellfireBreathing","TheCursedMod:Evocation","TheCursedMod:Obscuration","Injury","TheCursedMod:CollectTribute+1","TheCursedMod:CursedAmulet","TheCursedMod:Hemoplague","TheCursedMod:LuckyCharm","TheCursedMod:ReleasedStrength+1","TheCursedMod:SpitefulPlan+1","Regret","TheCursedMod:CursedAmulet","TheCursedMod:OutForBlood","TheCursedMod:CursedShiv+1","TheCursedMod:WearCloak","Writhe","TheCursedMod:SurpriseAttack","downfall:Aged","TheCursedMod:CollectTribute+1","TheCursedMod:BloodBarrier+1","TheCursedMod:SoulReap","TheCursedMod:BlessingInDisguise","TheCursedMod:Torture+1","Shame","TheCursedMod:RapidMovement+1","TheCursedMod:SoulReap+1","Writhe","TheCursedMod:AntiAging+1"],"relics":["TheCursedMod:BlackMagicAdvanced","EVO:Axolotl","Shovel","CCEMRelics:SoftDrink","Eternal Feather","Bag of Marbles","CCEMRelics:BundleOfDynamite","Golden Idol","MawBank","energizedSpire:CursedPentagram","CCEMRelics:FakeTeeth","CCEMRelics:Sandal","Mummified Hand","Pantograph","ClockworkSouvenir","Cursed Key","Boot","Question Card","TheCursedMod:Tack","Thread and Needle","Whetstone","Dead Branch","Shuriken"],"acts_visited":["Exordium","TheCity","TheBeyond"],"potions_floor_usage":[],"damage_taken":[{"damage":0,"enemies":"Cultist","floor":1,"turns":3},{"damage":12,"enemies":"Small Slimes","floor":2,"turns":4},{"damage":5,"enemies":"Jaw Worm","floor":3,"turns":2},{"damage":0,"enemies":"Looter","floor":5,"turns":2},{"damage":46,"enemies":"Gremlin Nob","floor":7,"turns":4},{"damage":1,"enemies":"Lagavulin","floor":10,"turns":4},{"damage":2,"enemies":"Exordium Wildlife","floor":11,"turns":4},{"damage":23,"enemies":"3 Louse","floor":12,"turns":2},{"damage":3,"enemies":"The Guardian","floor":16,"turns":3},{"damage":11,"enemies":"2 Thieves","floor":18,"turns":2},{"damage":7,"enemies":"3 Byrds","floor":19,"turns":2},{"damage":0,"enemies":"Sentry and Sphere","floor":21,"turns":3},{"damage":0,"enemies":"Centurion and Healer","floor":22,"turns":3},{"damage":35,"enemies":"Slavers","floor":23,"turns":4},{"damage":18,"enemies":"Gremlin Leader","floor":25,"turns":4},{"damage":0,"enemies":"Snecko","floor":28,"turns":4},{"damage":7,"enemies":"Slavers","floor":29,"turns":3},{"damage":0,"enemies":"3 Cultists","floor":30,"turns":3},{"damage":5,"enemies":"Champ","floor":33,"turns":4},{"damage":0,"enemies":"3 Shapes","floor":35,"turns":3},{"damage":10,"enemies":"3 Darklings","floor":36,"turns":3},{"damage":31,"enemies":"Writhing Mass","floor":37,"turns":5},{"damage":14,"enemies":"4 Shapes","floor":38,"turns":3},{"damage":3,"enemies":"Sphere and 2 Shapes","floor":39,"turns":3},{"damage":12,"enemies":"Reptomancer","floor":40,"turns":3},{"damage":0,"enemies":"3 Darklings","floor":41,"turns":3},{"damage":34,"enemies":"Nemesis","floor":44,"turns":7},{"damage":3,"enemies":"2 Orb Walkers","floor":45,"turns":4},{"damage":37,"enemies":"Reptomancer","floor":46,"turns":5},{"damage":22,"enemies":"Donu and Deca","floor":50,"turns":6}],"seed_played":"-826770515811642304","potions_obtained":[{"floor":3,"key":"SpeedPotion"},{"floor":7,"key":"FearPotion"},{"floor":10,"key":"AttackPotion"}],"is_trial":false,"path_per_floor":["M","M","M","?","M","R","E","R","T","E","M","M","?","?","R","B",null,"M","M","?","M","M","E","R","E","T","R","M","E","M","$","R","B",null,"M","M","M","M","M","E","M","R","T","E","?","E","?","$","R","B",null],"character_chosen":"THE_CURSED","items_purchased":["Pantograph","ClockworkSouvenir","TheCursedMod:SurpriseAttack","Dead Branch","Shuriken","TheCursedMod:AntiAging"],"campfire_rested":2,"item_purchase_floors":[31,31,31,48,48,48],"current_hp_per_floor":[68,56,51,75,75,75,29,51,51,50,48,25,22,22,31,28,63,52,45,45,45,45,10,47,29,29,44,44,37,37,37,55,70,74,74,64,33,32,34,37,66,75,75,41,74,66,75,75,75,75],"gold":127,"neow_bonus":"ONE_RARE_RELIC","is_daily":false,"chose_seed":false,"campfire_upgraded":5,"win_rate":0.0,"timestamp":1612661250,"path_taken":["M","M","M","?","M","R","E","R","T","E","M","?","?","?","R","BOSS","M","M","?","M","M","E","R","E","T","R","M","E","M","$","R","BOSS","M","M","M","M","M","E","M","R","T","E","?","E","?","$","R","BOSS"],"items_purchased_type":["Relic","Relic","Card","Relic","Relic","Card"],"build_version":"2020-12-22","purchased_purges":1,"victory":true,"max_hp_per_floor":[75,75,75,75,75,75,75,75,75,75,75,75,75,75,75,75,75,75,75,75,75,75,75,75,75,75,75,75,75,75,75,75,75,75,75,75,75,75,75,75,75,75,75,75,75,75,75,75,75,78],"relic_stats":{"counters":[30,94],"Golden Idol":186,"Dead Branch":[45],"Eternal Feather":66,"Whetstone":["TheCursedMod:SoulReap","TheCursedMod:DemonSword"],"MawBank":192,"Cursed Key":1,"Boot":[12],"Question Card":3,"Shovel":1,"Mummified Hand":[114],"Shuriken":[0],"Pantograph":20,"obtain_stats":[{"TheCursedMod:BlackMagicAdvanced":0,"CCEMRelics:BundleOfDynamite":13,"Golden Idol":14,"TheCursedMod:Tack":44,"Dead Branch":48,"CCEMRelics:SoftDrink":7,"Eternal Feather":9,"Thread and Needle":45,"EVO:Axolotl":0,"Whetstone":46,"MawBank":15,"Cursed Key":34,"Boot":40,"Question Card":43,"ClockworkSouvenir":31,"CCEMRelics:FakeTeeth":23,"Shovel":0,"energizedSpire:CursedPentagram":17,"Mummified Hand":29,"Shuriken":48,"Pantograph":31,"CCEMRelics:Sandal":25,"Bag of Marbles":10},{"TheCursedMod:BlackMagicAdvanced":0,"CCEMRelics:BundleOfDynamite":8,"Golden Idol":8,"TheCursedMod:Tack":27,"Dead Branch":29,"CCEMRelics:SoftDrink":5,"Eternal Feather":5,"Thread and Needle":28,"EVO:Axolotl":0,"Whetstone":29,"MawBank":8,"Cursed Key":19,"Boot":25,"Question Card":26,"ClockworkSouvenir":18,"CCEMRelics:FakeTeeth":14,"Shovel":0,"energizedSpire:CursedPentagram":9,"Mummified Hand":17,"Shuriken":29,"Pantograph":18,"CCEMRelics:Sandal":15,"Bag of Marbles":6},{"TheCursedMod:BlackMagicAdvanced":0,"CCEMRelics:BundleOfDynamite":22,"Golden Idol":22,"TheCursedMod:Tack":79,"Dead Branch":88,"CCEMRelics:SoftDrink":13,"Eternal Feather":13,"Thread and Needle":83,"EVO:Axolotl":0,"Whetstone":88,"MawBank":22,"Cursed Key":53,"Boot":71,"Question Card":73,"ClockworkSouvenir":50,"CCEMRelics:FakeTeeth":37,"Shovel":0,"energizedSpire:CursedPentagram":25,"Mummified Hand":48,"Shuriken":88,"Pantograph":50,"CCEMRelics:Sandal":41,"Bag of Marbles":17}]},"card_choices":[{"not_picked":["TheCursedMod:CircleOfFlame","TheCursedMod:CircleOfAmplification"],"picked":"TheCursedMod:CircleOfWindfury","floor":1},{"not_picked":["TheCursedMod:SaltUponWound","TheCursedMod:CircleOfCorruption"],"picked":"TheCursedMod:CursedSpellbook","floor":2},{"not_picked":["TheCursedMod:Stigma","TheCursedMod:CursedSpellbook"],"picked":"TheCursedMod:Hemoplague","floor":3},{"not_picked":["TheCursedMod:SpitefulStrike","TheCursedMod:RavingStaff"],"picked":"TheCursedMod:Hemoplague","floor":5},{"not_picked":["TheCursedMod:SurpriseAttack","TheCursedMod:VitalStrike"],"picked":"TheCursedMod:DemonSword","floor":7},{"not_picked":["TheCursedMod:CircleOfCorruption","TheCursedMod:CursedMace"],"picked":"TheCursedMod:HellfireBreathing","floor":10},{"not_picked":["TheCursedMod:SpitefulStrike","TheCursedMod:RavingStaff"],"picked":"TheCursedMod:Evocation","floor":11},{"not_picked":["TheCursedMod:VitalStrike","TheCursedMod:Wield"],"picked":"TheCursedMod:Obscuration","floor":12},{"not_picked":["TheCursedMod:CircleOfAbyss","TheCursedMod:DemonSword"],"picked":"TheCursedMod:CollectTribute","floor":16},{"not_picked":["TheCursedMod:BloodBarrier+1","TheCursedMod:Stigma+1"],"picked":"TheCursedMod:CursedAmulet","floor":18},{"not_picked":["TheCursedMod:CircleOfFocus","TheCursedMod:AshesToAshes"],"picked":"TheCursedMod:Hemoplague","floor":19},{"not_picked":["TheCursedMod:CursedAmulet","TheCursedMod:CursedBlade"],"picked":"TheCursedMod:LuckyCharm","floor":21},{"not_picked":["TheCursedMod:StingEye","TheCursedMod:SurpriseAttack"],"picked":"TheCursedMod:ReleasedStrength+1","floor":22},{"not_picked":["TheCursedMod:PrepareRite","TheCursedMod:ManaBullet+1"],"picked":"TheCursedMod:SpitefulPlan+1","floor":23},{"not_picked":["TheCursedMod:CircleOfFlame","TheCursedMod:AshesToAshes"],"picked":"TheCursedMod:CursedAmulet","floor":25},{"not_picked":["TheCursedMod:Torture+1","TheCursedMod:TacticalStrike"],"picked":"TheCursedMod:OutForBlood","floor":28},{"not_picked":["TheCursedMod:AshesToAshes","TheCursedMod:CursedStaff"],"picked":"TheCursedMod:CursedShiv+1","floor":29},{"not_picked":["TheCursedMod:RavingStaff","TheCursedMod:CursedMace"],"picked":"TheCursedMod:WearCloak","floor":30},{"not_picked":["TheCursedMod:StunningStrike","TheCursedMod:ShockAndAwe"],"picked":"TheCursedMod:CollectTribute","floor":33},{"not_picked":["TheCursedMod:VitalStrike+1","TheCursedMod:TacticalStrike+1"],"picked":"TheCursedMod:BloodBarrier+1","floor":35},{"not_picked":["TheCursedMod:WearCloak","TheCursedMod:SoulCrush+1","TheCursedMod:CircleOfAmplification+1"],"picked":"SKIP","floor":36},{"not_picked":["TheCursedMod:WearCloak+1","TheCursedMod:SpitefulStrike"],"picked":"TheCursedMod:SoulReap","floor":37},{"not_picked":["TheCursedMod:SpitefulStrike+1","TheCursedMod:Stretching+1"],"picked":"TheCursedMod:BlessingInDisguise","floor":38},{"not_picked":["TheCursedMod:CircleOfCorruption","TheCursedMod:Obscuration"],"picked":"TheCursedMod:Torture+1","floor":39},{"not_picked":["TheCursedMod:StunningStrike","TheCursedMod:FuryStrike+1","TheCursedMod:Stigma+1"],"picked":"SKIP","floor":40},{"not_picked":["TheCursedMod:CircleOfFlame","TheCursedMod:CircleOfCorruption"],"picked":"TheCursedMod:RapidMovement+1","floor":41},{"not_picked":["TheCursedMod:WearCloak+1","TheCursedMod:CursedAmulet","TheCursedMod:Evocation+1"],"picked":"TheCursedMod:SoulReap","floor":44},{"not_picked":["TheCursedMod:AbyssShockwave","TheCursedMod:Hemoplague","TheCursedMod:Wield+1","TheCursedMod:DemonSword"],"picked":"SKIP","floor":46}],"player_experience":287804,"relics_obtained":[{"floor":7,"key":"CCEMRelics:SoftDrink"},{"floor":9,"key":"Eternal Feather"},{"floor":10,"key":"Bag of Marbles"},{"floor":15,"key":"MawBank"},{"floor":23,"key":"CCEMRelics:FakeTeeth"},{"floor":25,"key":"CCEMRelics:Sandal"},{"floor":29,"key":"Mummified Hand"},{"floor":40,"key":"Boot"},{"floor":43,"key":"Question Card"},{"floor":44,"key":"TheCursedMod:Tack"},{"floor":45,"key":"Thread and Needle"},{"floor":46,"key":"Whetstone"}],"event_choices":[{"cards_removed":["TheCursedMod:Hemoplague"],"damage_healed":24,"gold_gain":0,"player_choice":"Offered Uncommon","damage_taken":0,"max_hp_gain":0,"max_hp_loss":0,"event_name":"Bonfire Elementals","floor":4,"gold_loss":0},{"damage_healed":0,"gold_gain":1,"player_choice":"Relic ","damage_taken":3,"max_hp_gain":0,"max_hp_loss":0,"event_name":"betterThird:BetterScrap","floor":13,"gold_loss":0,"cards_obtained":["Wallop"]},{"damage_healed":0,"gold_gain":0,"player_choice":"Take Wound","damage_taken":0,"relics_obtained":["Golden Idol"],"max_hp_gain":0,"max_hp_loss":0,"event_name":"Golden Idol","floor":14,"gold_loss":0,"cards_obtained":["Injury"]},{"damage_healed":0,"gold_gain":0,"player_choice":"Fight","damage_taken":0,"max_hp_gain":0,"max_hp_loss":0,"event_name":"Mysterious Sphere","floor":45,"gold_loss":0},{"damage_healed":19,"gold_gain":0,"player_choice":"Writhe","damage_taken":0,"max_hp_gain":0,"max_hp_loss":0,"event_name":"Winding Halls","floor":47,"gold_loss":0,"cards_obtained":["Writhe"]}],"is_beta":false,"boss_relics":[{"not_picked":["Ectoplasm","aspiration:SecretTechniqueScroll"],"picked":"energizedSpire:CursedPentagram"},{"not_picked":["SacredBark","Philosopher\u0027s Stone"],"picked":"Cursed Key"}],"items_purged_floors":[48],"is_endless":false,"potions_floor_spawned":[1,3,7,10,16,18,19,21,28,30,35,36,38,44,45],"ascension_level":9}}