{"host":"am0cr9xwekqmrere","time":1612679011,"event":{"mods":["AchievementEnabler","Act Like it!","BaseMod","Better Altar","Better Match","Better Note","Better Sensory Stone","Better Skull","Better Third Choice","BetterRewards","Conspire","Downfall","Hubris","Infinite Spire","Minty Spire (QoL Compilation)","Rare Cards Sparkle","Spicy Shops","StSLib","Unceasing Turn Reminder"],"gold_per_floor":[99,109,109,123,123,153,177,49,80,11,93,107,126,126,145,246,246,46,57,16,43,43,43,43],"floor_reached":22,"language":"ENG","playtime":909,"items_purged":[],"score":192,"play_id":"48b496f1-eaf4-4ce0-85fd-0a2fe75eb8e3","local_time":"20210207002331","is_ascension_mode":false,"campfire_choices":[{"data":"bronze:AlphaBuild","floor":1,"key":"SMITH"},{"data":"bronze:Repair","floor":18,"key":"SMITH"}],"circlet_count":0,"master_deck":["bronze:Strike+1","bronze:Strike","bronze:Strike","bronze:Strike","bronze:Defend","bronze:Defend","bronze:Defend","bronze:Defend","bronze:Replicate+1","bronze:Goto","bronze:AlphaBuild+1","bronze:ChosenStrike","bronze:Iterate+1","bronze:ForceShield","bronze:Repair","bronze:Repair+1","bronze:Boost","bronze:Flail","bronze:ChildClass","bronze:Branch","bronze:WhirlingStrike","bronze:Overheat","bronze:CloningBeam","bronze:Frontload","bronze:HyperBeam","bronze:Repulsor","bronze:ItsAFeature+1","bronze:OilSpill"],"relics":["bronze:BronzeCore","CaptainsWheel","Whetstone","Bottled Flame","downfall:HeartBlessingGreen","downfall:HeartBlessingBlue","Regal Pillow"],"acts_visited":["Exordium","TheCity"],"potions_floor_usage":[10,16,16],"damage_taken":[{"damage":0,"enemies":"2 Louse","floor":2,"turns":1},{"damage":5,"enemies":"Small Slimes","floor":4,"turns":2},{"damage":19,"enemies":"3 Sentries","floor":6,"turns":10},{"damage":0,"enemies":"downfall:FleeingMerchant","floor":8,"turns":4},{"damage":30,"enemies":"Gremlin Nob","floor":9,"turns":5},{"damage":0,"enemies":"downfall:FleeingMerchant","floor":10,"turns":4},{"damage":9,"enemies":"Jaw Worm","floor":12,"turns":4},{"damage":7,"enemies":"Blue Slaver","floor":13,"turns":2},{"damage":2,"enemies":"Exordium Thugs","floor":15,"turns":3},{"damage":25,"enemies":"WA_ARCHETYPE_RETAIN","floor":16,"turns":9},{"damage":42,"enemies":"3 Byrds","floor":19,"turns":7},{"damage":20,"enemies":"downfall:FleeingMerchant","floor":20,"turns":4},{"damage":21,"enemies":"Snake Plant","floor":22,"turns":1}],"seed_played":"-5579300001370955461","potions_obtained":[{"floor":4,"key":"Swift Potion"},{"floor":9,"key":"Block Potion"},{"floor":13,"key":"LiquidBronze"},{"floor":15,"key":"Fire Potion"}],"is_trial":false,"path_per_floor":["R","M","?","M","?","E","T","$","E","$","T","M","M","?","M","B",null,"R","M","$","T","M"],"character_chosen":"THE_AUTOMATON","items_purchased":["bronze:Repair","bronze:Boost","bronze:Branch","bronze:OilSpill"],"campfire_rested":0,"item_purchase_floors":[8,8,10,20],"current_hp_per_floor":[70,70,70,65,65,46,46,46,30,37,37,42,35,35,33,22,70,80,38,18,18,0,0,0],"gold":43,"neow_bonus":"ONE_RANDOM_RARE_CARD","is_daily":false,"chose_seed":false,"campfire_upgraded":2,"win_rate":0.0,"timestamp":1612679011,"path_taken":["R","M","?","M","?","E","T","?","E","$","?","M","?","?","M","BOSS","R","M","$","?","M"],"items_purchased_type":["Card","Card","Card","Card"],"build_version":"2020-12-22","purchased_purges":0,"victory":false,"max_hp_per_floor":[70,70,70,70,70,70,70,70,70,70,70,70,70,70,70,70,70,80,80,80,80,80,80,80],"card_choices":[{"not_picked":["bronze:Philosophize","bronze:Branch"],"picked":"bronze:ChosenStrike","floor":2},{"not_picked":["bronze:Philosophize","bronze:Invalidate"],"picked":"bronze:Iterate","floor":4},{"not_picked":["bronze:DelayedSlice","bronze:Overload"],"picked":"bronze:ForceShield","floor":6},{"not_picked":["bronze:Iterate","bronze:Branch"],"picked":"bronze:Repair","floor":8},{"not_picked":["bronze:DelayedSlice","bronze:NullPointer"],"picked":"bronze:Flail","floor":9},{"not_picked":["bronze:DelayedSlice","bronze:BitShift"],"picked":"bronze:ChildClass","floor":10},{"not_picked":["bronze:Overheat","bronze:BronzeArmor"],"picked":"bronze:WhirlingStrike","floor":12},{"not_picked":["bronze:ChildClass","bronze:BitShift"],"picked":"bronze:Overheat","floor":13},{"not_picked":["bronze:BuggyMess","bronze:Flail"],"picked":"bronze:Frontload","floor":15},{"not_picked":["bronze:Virus","bronze:ThunderWave"],"picked":"bronze:HyperBeam","floor":16},{"not_picked":["bronze:BitShift+1","bronze:Deprecate"],"picked":"bronze:Repulsor","floor":19},{"not_picked":["bronze:DelayedSlice+1","bronze:Frontload"],"picked":"bronze:ItsAFeature+1","floor":20}],"player_experience":2738246,"relics_obtained":[{"floor":6,"key":"CaptainsWheel"},{"floor":7,"key":"Whetstone"},{"floor":9,"key":"Bottled Flame"},{"floor":21,"key":"Regal Pillow"}],"event_choices":[{"damage_healed":0,"gold_gain":0,"player_choice":"Disagree","damage_taken":0,"max_hp_gain":0,"max_hp_loss":0,"event_name":"conspire:LoneGhost","floor":3,"gold_loss":0},{"damage_healed":0,"gold_gain":0,"player_choice":"Grow","damage_taken":0,"max_hp_gain":0,"max_hp_loss":0,"event_name":"Living Wall","floor":5,"gold_loss":0,"cards_upgraded":["bronze:Iterate"]}],"is_beta":false,"boss_relics":[{"not_picked":["Velvet Choker","Pandora\u0027s Box","hubris:VirtuousBlindfold"]}],"items_purged_floors":[],"is_endless":false,"potions_floor_spawned":[4,9,13,15],"killed_by":"Snake Plant","ascension_level":0}}