{"host":"pke0xxyzw0teju56","time":1612729346,"event":{"mods":["BaseMod","Bestiary","Colored Powertips","Highlight Path","Minty Spire (QoL Compilation)","Relic Stats","Slay the Relics Exporter","StSLib","ojb\u0027s Info Mod"],"gold_per_floor":[119,119,119,131,51,51,80,134,158,58,58,58,58,81,81,179,179,202,202,27,47,70,70,70,70],"floor_reached":24,"language":"ENG","playtime":677,"items_purged":["Strike_R","Bite"],"score":409,"play_id":"2e60b471-283a-4e94-90b6-2bb5089b6faf","local_time":"20210207152226","is_ascension_mode":true,"campfire_choices":[{"data":"Combust","floor":6.0,"key":"SMITH"},{"floor":12.0,"key":"REST"},{"data":"Fire Breathing","floor":15.0,"key":"SMITH"},{"data":"Uppercut","floor":23,"key":"SMITH"}],"circlet_count":0,"master_deck":["AscendersBane","Defend_R","Defend_R","Defend_R","Defend_R","Bash+1","Combust+1","Rupture","Twin Strike","Fire Breathing+1","Offering","Infernal Blade+1","Bite","Bite","Bite","Bite","Disarm","Feel No Pain","Uppercut+1"],"relics":["Burning Blood","TungstenRod","Ice Cream","Juzu Bracelet","Golden Idol","Philosopher\u0027s Stone"],"acts_visited":["Exordium","TheCity"],"potions_floor_usage":[24],"damage_taken":[{"damage":7.0,"enemies":"Small Slimes","floor":1.0,"turns":3.0},{"damage":0.0,"enemies":"Cultist","floor":4.0,"turns":3.0},{"damage":30.0,"enemies":"Gremlin Nob","floor":7.0,"turns":4.0},{"damage":6.0,"enemies":"Jaw Worm","floor":14.0,"turns":4.0},{"damage":36.0,"enemies":"Hexaghost","floor":16.0,"turns":9.0},{"damage":38.0,"enemies":"Spheric Guardian","floor":18.0,"turns":6.0},{"damage":18,"enemies":"3 Byrds","floor":21,"turns":4},{"damage":12,"enemies":"Centurion and Healer","floor":22,"turns":6},{"damage":43,"enemies":"Slavers","floor":24,"turns":2}],"seed_played":"-610542898620539021","potions_obtained":[{"floor":4.0,"key":"Strength Potion"},{"floor":14.0,"key":"Regen Potion"},{"floor":21,"key":"Swift Potion"}],"is_trial":false,"path_per_floor":["M","?","?","M","$","R","E","?","T","$","?","R","$","M","R","B",null,"M","?","$","M","M","R","E"],"character_chosen":"IRONCLAD","items_purchased":["Combust","Twin Strike","Disarm"],"campfire_rested":1,"item_purchase_floors":[5,10,20],"current_hp_per_floor":[49,49,49,55,55,55,31,31,31,31,6,28,28,28,28,13,60,28,28,28,26,36,36,0,0],"gold":70,"neow_bonus":"ONE_RARE_RELIC","is_daily":false,"chose_seed":false,"campfire_upgraded":3,"win_rate":0.0,"timestamp":1612729346,"path_taken":["M","?","?","?","?","R","E","?","T","?","?","R","$","M","R","BOSS","M","?","$","M","M","R","E"],"items_purchased_type":["Card","Card","Card"],"build_version":"2020-12-22","purchased_purges":2,"victory":false,"max_hp_per_floor":[75,75,75,75,75,75,75,75,75,75,75,75,75,75,75,75,75,75,52,52,52,52,52,52,52],"relic_stats":{"counters":[9,41],"Golden Idol":39,"Juzu Bracelet":0,"obtain_stats":[{"Ice Cream":7,"Golden Idol":11,"Philosopher\u0027s Stone":17,"Juzu Bracelet":9,"Burning Blood":0,"TungstenRod":0},{"Ice Cream":3,"Golden Idol":3,"Philosopher\u0027s Stone":5,"Juzu Bracelet":3,"Burning Blood":0,"TungstenRod":0},{"Ice Cream":10,"Golden Idol":10,"Philosopher\u0027s Stone":23,"Juzu Bracelet":10,"Burning Blood":0,"TungstenRod":0}],"Burning Blood":48,"TungstenRod":81},"card_choices":[{"not_picked":["Warcry","Intimidate","Second Wind"],"picked":"SKIP","floor":1.0},{"not_picked":["Clash","Flex","Second Wind"],"picked":"SKIP","floor":4.0},{"not_picked":["Thunderclap","Sever Soul"],"picked":"Rupture","floor":7.0},{"not_picked":["Clash","Havoc"],"picked":"Fire Breathing","floor":14.0},{"not_picked":["Bludgeon","Berserk"],"picked":"Offering","floor":16.0},{"not_picked":["Seeing Red","Twin Strike"],"picked":"Infernal Blade+1","floor":18.0},{"not_picked":["True Grit","Headbutt"],"picked":"Feel No Pain","floor":21},{"not_picked":["Armaments","Whirlwind"],"picked":"Uppercut","floor":22}],"player_experience":5320965,"relics_obtained":[{"floor":7.0,"key":"Ice Cream"},{"floor":9.0,"key":"Juzu Bracelet"}],"event_choices":[{"damage_healed":0.0,"max_hp_gain":0.0,"max_hp_loss":0.0,"gold_gain":0.0,"event_name":"Living Wall","player_choice":"Grow","floor":2.0,"gold_loss":0.0,"damage_taken":0.0,"cards_upgraded":["Bash"]},{"cards_removed":["Strike_R"],"damage_healed":0.0,"max_hp_gain":0.0,"max_hp_loss":0.0,"gold_gain":0.0,"event_name":"Bonfire Elementals","player_choice":"Offered Basic","floor":3.0,"gold_loss":0.0,"damage_taken":0.0},{"damage_healed":0.0,"max_hp_gain":0.0,"max_hp_loss":0.0,"gold_gain":54.0,"event_name":"Golden Wing","player_choice":"Gained Gold","floor":8.0,"gold_loss":0.0,"damage_taken":0.0},{"damage_healed":0.0,"max_hp_gain":0.0,"max_hp_loss":0.0,"gold_gain":0.0,"event_name":"Golden Idol","player_choice":"Take Damage","floor":11.0,"gold_loss":0.0,"damage_taken":26.0,"relics_obtained":["Golden Idol"]},{"damage_healed":0.0,"max_hp_gain":0.0,"max_hp_loss":23.0,"gold_gain":0.0,"event_name":"Vampires","player_choice":"Became a vampire","floor":19.0,"gold_loss":0.0,"damage_taken":0.0,"cards_obtained":["Bite","Bite","Bite","Bite","Bite"]}],"is_beta":false,"boss_relics":[{"not_picked":["Fusion Hammer","Pandora\u0027s Box"],"picked":"Philosopher\u0027s Stone"}],"items_purged_floors":[10,20],"is_endless":false,"potions_floor_spawned":[4,14,21],"killed_by":"Slavers","ascension_level":20}}