{"host":"prxrhpgaxnj4om9r","time":1612674160,"event":{"mods":["AchievementEnabler","BaseMod","DeckTracker","Keyboard Shortcuts","Minty Spire (QoL Compilation)"],"gold_per_floor":[116,116,116,131,131,165,165,184,184,184,227,247,270,293,293,422,422,447,447,39,62,62,62],"floor_reached":22,"language":"KOR","playtime":1142,"items_purged":[],"score":254,"play_id":"ecfc9fab-f603-4c4e-9444-1d874e50f743","local_time":"20210207140240","is_ascension_mode":true,"campfire_choices":[{"floor":7.0,"key":"REST"},{"floor":15.0,"key":"REST"}],"circlet_count":0,"master_deck":["Strike_P","Strike_P","Strike_P","Defend_P+1","Defend_P","Defend_P+1","Defend_P+1","Eruption","Vigilance+1","CutThroughFate","EmptyFist","Prostrate","Pray","DeceiveReality","Consecrate","Perseverance","Omniscience","Ragnarok","PathToVictory+1","Alpha","ForeignInfluence"],"relics":["PureWater","NeowsBlessing","Pantograph","Golden Idol","War Paint","Nunchaku","NlothsMask","Bronze Scales","SlaversCollar","Kunai","ClockworkSouvenir"],"acts_visited":["Exordium","TheCity"],"potions_floor_usage":[18,22],"damage_taken":[{"damage":0.0,"enemies":"Jaw Worm","floor":1.0,"turns":1.0},{"damage":0.0,"enemies":"2 Louse","floor":4.0,"turns":1.0},{"damage":0.0,"enemies":"Gremlin Nob","floor":6.0,"turns":1.0},{"damage":0.0,"enemies":"Small Slimes","floor":8.0,"turns":3.0},{"damage":12.0,"enemies":"Lagavulin","floor":11.0,"turns":6.0},{"damage":1.0,"enemies":"Exordium Thugs","floor":12.0,"turns":5.0},{"damage":6.0,"enemies":"Lots of Slimes","floor":13.0,"turns":3.0},{"damage":0.0,"enemies":"Blue Slaver","floor":14.0,"turns":3.0},{"damage":35.0,"enemies":"Hexaghost","floor":16.0,"turns":10.0},{"damage":18,"enemies":"3 Byrds","floor":18,"turns":4},{"damage":12,"enemies":"Shell Parasite","floor":21,"turns":5},{"damage":52,"enemies":"3 Cultists","floor":22,"turns":5}],"seed_played":"8237626975405380","potions_obtained":[{"floor":11.0,"key":"Swift Potion"},{"floor":12.0,"key":"StancePotion"},{"floor":13.0,"key":"SpeedPotion"},{"floor":14.0,"key":"BottledMiracle"}],"is_trial":false,"path_per_floor":["M","?","?","M","?","E","R","M","T","?","E","M","M","M","R","B",null,"M","?","$","M","M"],"character_chosen":"WATCHER","items_purchased":["Kunai","ClockworkSouvenir"],"campfire_rested":2,"item_purchase_floors":[20,20],"current_hp_per_floor":[72,54,40,40,22,22,43,43,43,43,31,30,24,24,45,35,72,54,54,54,42,0,0],"gold":62,"neow_bonus":"THREE_ENEMY_KILL","is_daily":false,"chose_seed":false,"campfire_upgraded":0,"win_rate":0.0,"timestamp":1612674160,"path_taken":["M","?","?","M","?","E","R","M","T","?","E","M","?","?","R","BOSS","M","?","?","?","M"],"items_purchased_type":["Relic","Relic"],"build_version":"2020-12-22","purchased_purges":0,"victory":false,"max_hp_per_floor":[72,72,72,72,72,72,72,72,72,72,72,72,72,72,72,72,72,72,72,72,72,72,72],"card_choices":[{"not_picked":["CrushJoints","BowlingBash"],"picked":"CutThroughFate","floor":1.0},{"not_picked":["WaveOfTheHand","FlurryOfBlows"],"picked":"EmptyFist","floor":4.0},{"not_picked":["Crescendo","DeceiveReality"],"picked":"Prostrate","floor":6.0},{"not_picked":["Halt","EmptyMind"],"picked":"Pray","floor":8.0},{"not_picked":["WreathOfFlame","Study"],"picked":"DeceiveReality","floor":11.0},{"not_picked":["Wallop","Adaptation"],"picked":"Consecrate","floor":12.0},{"not_picked":["ClearTheMind","EmptyBody"],"picked":"Perseverance","floor":13.0},{"not_picked":["Halt","WaveOfTheHand"],"picked":"Omniscience","floor":14.0},{"not_picked":["Devotion","Establishment"],"picked":"Ragnarok","floor":16.0},{"not_picked":["Indignation","CutThroughFate"],"picked":"PathToVictory+1","floor":18},{"not_picked":["Prostrate","EmptyFist"],"picked":"ForeignInfluence","floor":21}],"player_experience":296102,"relics_obtained":[{"floor":6.0,"key":"War Paint"},{"floor":9.0,"key":"Nunchaku"},{"floor":11.0,"key":"Bronze Scales"}],"event_choices":[{"damage_healed":0.0,"max_hp_gain":0.0,"max_hp_loss":0.0,"gold_gain":0.0,"event_name":"Scrap Ooze","player_choice":"Success","floor":2.0,"gold_loss":0.0,"damage_taken":18.0,"relics_obtained":["Pantograph"]},{"damage_healed":0.0,"max_hp_gain":0.0,"max_hp_loss":0.0,"gold_gain":0.0,"event_name":"Shining Light","player_choice":"Entered Light","floor":3.0,"gold_loss":0.0,"damage_taken":14.0,"cards_upgraded":["Vigilance","Defend_P"]},{"damage_healed":0.0,"max_hp_gain":0.0,"max_hp_loss":0.0,"gold_gain":0.0,"event_name":"Golden Idol","player_choice":"Take Damage","floor":5.0,"gold_loss":0.0,"damage_taken":18.0,"relics_obtained":["Golden Idol"]},{"damage_healed":0.0,"max_hp_gain":0.0,"max_hp_loss":0.0,"gold_gain":0.0,"event_name":"FaceTrader","player_choice":"Trade","floor":10.0,"gold_loss":0.0,"damage_taken":0.0,"relics_obtained":["NlothsMask"]},{"damage_healed":0,"gold_gain":0,"cards_transformed":["Strike_P"],"player_choice":"Transformed","damage_taken":0,"max_hp_gain":0,"max_hp_loss":0,"event_name":"Transmorgrifier","floor":19,"gold_loss":0,"cards_obtained":["Alpha"]}],"is_beta":false,"boss_relics":[{"not_picked":["Fusion Hammer","Runic Dome"],"picked":"SlaversCollar"}],"items_purged_floors":[],"is_endless":false,"potions_floor_spawned":[11,12,13,14],"killed_by":"3 Cultists","ascension_level":3}}