{"host":"gkm149kh1ihaqy0o","time":1612725383,"event":{"mods":["AchievementEnabler","BaseMod","Colored Powertips","Googly Eyes","Key Reminder","Minty Spire (QoL Compilation)","Permanent Neow","Quick Restart","Random Character Button","Rare Cards Sparkle","Relic Sorter","Relic Stats","SuperFastMode","Unceasing Turn Reminder","everything is the same but u backflip on backflip"],"gold_per_floor":[117,131,141,141,29,56,69,82,131,158,178,178,210,229,229,333,333,351,351,173,173,190,190,190,217,217,235,235,255,255,280,280,375,375,392,405,1404,1404,732,765,765,765],"floor_reached":41,"language":"ENG","playtime":1908,"items_purged":["Strike_P","FlurryOfBlows","Normality"],"score":723,"play_id":"b0347f73-b07b-4858-9e82-4f7ff8c46ebe","local_time":"20210207131623","is_ascension_mode":true,"campfire_choices":[{"floor":12,"key":"REST"},{"data":"Eruption","floor":15,"key":"SMITH"},{"floor":23,"key":"REST"},{"floor":30,"key":"REST"},{"data":"Adaptation","floor":32,"key":"SMITH"}],"circlet_count":0,"master_deck":["Strike_P","Strike_P","Defend_P","Defend_P","Eruption+1","Vigilance","WaveOfTheHand","ForeignInfluence","Adaptation+1","EmptyFist","Protect","Swivel","Vengeance","WheelKick","Tantrum","Halt","ConjureBlade","Collect","MentalFortress","J.A.X.","Tantrum+1","J.A.X.","Ragnarok","ForeignInfluence+1","Writhe","WheelKick+1","FearNoEvil+1","Omniscience+1","Evaluate+1","WreathOfFlame+1","Meditate+1","Crescendo+1","EmptyFist+1","Normality","Madness+1"],"relics":["Velvet Choker","Ornamental Fan","Bag of Preparation","Eternal Feather","Regal Pillow","Black Star","Nilry\u0027s Codex","Toxic Egg 2","Dead Branch","Molten Egg 2","Gambling Chip","Toy Ornithopter","Pear","Astrolabe","HornCleat","Mercury Hourglass","MealTicket","Kunai"],"acts_visited":["Exordium","TheCity","TheBeyond"],"potions_floor_usage":[6,10,18,22,33,33,36,40],"damage_taken":[{"damage":3,"enemies":"Jaw Worm","floor":1,"turns":3},{"damage":0,"enemies":"Cultist","floor":2,"turns":2},{"damage":11,"enemies":"Small Slimes","floor":3,"turns":3},{"damage":2,"enemies":"Lagavulin","floor":6,"turns":3},{"damage":0,"enemies":"3 Louse","floor":7,"turns":3},{"damage":18,"enemies":"Looter","floor":8,"turns":3},{"damage":10,"enemies":"Gremlin Nob","floor":10,"turns":3},{"damage":1,"enemies":"Red Slaver","floor":11,"turns":2},{"damage":10,"enemies":"3 Sentries","floor":13,"turns":6},{"damage":0,"enemies":"Exordium Wildlife","floor":14,"turns":2},{"damage":34,"enemies":"The Guardian","floor":16,"turns":7},{"damage":4,"enemies":"Chosen","floor":18,"turns":3},{"damage":9,"enemies":"Shell Parasite","floor":22,"turns":5},{"damage":34,"enemies":"Slavers","floor":25,"turns":6},{"damage":3,"enemies":"Sentry and Sphere","floor":27,"turns":2},{"damage":5,"enemies":"Cultist and Chosen","floor":29,"turns":6},{"damage":18,"enemies":"Book of Stabbing","floor":31,"turns":3},{"damage":65,"enemies":"Champ","floor":33,"turns":8},{"damage":9,"enemies":"3 Darklings","floor":35,"turns":4},{"damage":24,"enemies":"3 Shapes","floor":36,"turns":4},{"damage":79,"enemies":"Giant Head","floor":40,"turns":6},{"damage":29,"enemies":"2 Orb Walkers","floor":41,"turns":2}],"seed_played":"-7321609790046218172","potions_obtained":[{"floor":2,"key":"SkillPotion"},{"floor":4,"key":"DistilledChaos"},{"floor":4,"key":"AttackPotion"},{"floor":8,"key":"GamblersBrew"},{"floor":11,"key":"ColorlessPotion"},{"floor":14,"key":"DistilledChaos"},{"floor":25,"key":"FairyPotion"},{"floor":31,"key":"Dexterity Potion"},{"floor":33,"key":"SpeedPotion"},{"floor":35,"key":"GamblersBrew"}],"is_trial":false,"path_per_floor":["M","M","M","?","$","E","M","M","T","E","M","R","E","M","R","B",null,"M","?","$","?","M","R","?","E","T","M","?","M","R","E","R","B",null,"M","M","?","?","$","E","?"],"character_chosen":"WATCHER","items_purchased":["Adaptation","MentalFortress","HornCleat","Mercury Hourglass","FearPotion"],"campfire_rested":3,"item_purchase_floors":[5,20,39,39,39],"current_hp_per_floor":[62,62,51,51,51,49,49,31,31,21,20,50,40,40,52,18,59,55,39,39,39,30,72,72,38,38,35,35,30,72,64,82,27,68,59,40,40,40,40,24,0,0],"gold":765,"neow_bonus":"BOSS_RELIC","is_daily":false,"chose_seed":false,"campfire_upgraded":2,"win_rate":0.0,"timestamp":1612725383,"path_taken":["M","M","M","?","$","E","M","M","T","E","?","R","E","M","R","BOSS","M","?","$","?","M","R","?","E","T","?","?","M","R","E","R","BOSS","M","M","?","?","?","E","?"],"items_purchased_type":["Card","Card","Relic","Relic","Potion"],"build_version":"2020-12-22","purchased_purges":3,"victory":false,"max_hp_per_floor":[72,72,72,72,72,72,72,72,72,72,72,72,72,72,72,72,72,72,72,72,72,72,72,72,72,72,72,72,72,72,82,82,82,82,82,82,82,82,82,82,82,82],"relic_stats":{"Regal Pillow":15,"counters":[22,86],"Dead Branch":[36],"Astrolabe":["Evaluate","WreathOfFlame","Meditate"],"Eternal Feather":66,"Bag of Preparation":[32],"Mercury Hourglass":[30],"Ornamental Fan":[92],"Gambling Chip":[25],"MealTicket":0,"Black Star":3,"Kunai":[1],"obtain_stats":[{"Regal Pillow":13,"Pear":31,"Nilry\u0027s Codex":19,"Dead Branch":25,"Astrolabe":34,"Velvet Choker":0,"Eternal Feather":10,"Bag of Preparation":9,"Mercury Hourglass":39,"HornCleat":39,"Ornamental Fan":6,"Gambling Chip":28,"Molten Egg 2":26,"MealTicket":40,"Black Star":17,"Kunai":40,"PureWater":0,"Toxic Egg 2":25,"Toy Ornithopter":31},{"Regal Pillow":9,"Pear":17,"Nilry\u0027s Codex":12,"Dead Branch":14,"Astrolabe":18,"Velvet Choker":0,"Eternal Feather":7,"Bag of Preparation":6,"Mercury Hourglass":20,"HornCleat":20,"Ornamental Fan":4,"Gambling Chip":15,"Molten Egg 2":14,"MealTicket":21,"Black Star":11,"Kunai":21,"PureWater":0,"Toxic Egg 2":14,"Toy Ornithopter":17},{"Regal Pillow":28,"Pear":62,"Nilry\u0027s Codex":40,"Dead Branch":51,"Astrolabe":70,"Velvet Choker":0,"Eternal Feather":20,"Bag of Preparation":17,"Mercury Hourglass":78,"HornCleat":78,"Ornamental Fan":11,"Gambling Chip":53,"Molten Egg 2":51,"MealTicket":84,"Black Star":37,"Kunai":84,"PureWater":0,"Toxic Egg 2":51,"Toy Ornithopter":62}],"Toy Ornithopter":20},"card_choices":[{"not_picked":["CrushJoints","Prostrate"],"picked":"WaveOfTheHand","floor":1},{"not_picked":["PathToVictory","FlyingSleeves"],"picked":"ForeignInfluence","floor":2},{"not_picked":["SignatureMove","Prostrate"],"picked":"FlurryOfBlows","floor":3},{"not_picked":["FlyingSleeves","BowlingBash"],"picked":"EmptyFist","floor":6},{"not_picked":["ClearTheMind","JustLucky"],"picked":"Protect","floor":7},{"not_picked":["LikeWater","Worship"],"picked":"Swivel","floor":8},{"not_picked":["ForeignInfluence","Establishment"],"picked":"Vengeance","floor":10},{"not_picked":["LikeWater","BowlingBash"],"picked":"WheelKick","floor":11},{"not_picked":["Wireheading","Meditate"],"picked":"Tantrum","floor":13},{"not_picked":["Prostrate","Protect"],"picked":"Halt","floor":14},{"not_picked":["Blasphemy","MasterReality"],"picked":"ConjureBlade","floor":16},{"not_picked":["Sanctity","Protect"],"picked":"Collect","floor":18},{"not_picked":["ClearTheMind+1","Crescendo"],"picked":"Tantrum+1","floor":22},{"not_picked":["Weave+1","FollowUp"],"picked":"Ragnarok","floor":25},{"not_picked":["Crescendo+1","Study"],"picked":"ForeignInfluence+1","floor":27},{"not_picked":["Halt+1","FlyingSleeves+1"],"picked":"WheelKick+1","floor":29},{"not_picked":["Crescendo+1","WreathOfFlame+1"],"picked":"FearNoEvil+1","floor":31},{"not_picked":["Alpha+1","ConjureBlade+1"],"picked":"Omniscience+1","floor":33},{"not_picked":["Prostrate+1","BowlingBash+1"],"picked":"Crescendo+1","floor":35},{"not_picked":["Meditate+1","Protect+1"],"picked":"EmptyFist+1","floor":36},{"not_picked":["Good Instincts+1","Violence+1"],"picked":"Madness+1","floor":38},{"not_picked":["Evaluate+1","Consecrate+1","WaveOfTheHand+1"],"picked":"SKIP","floor":40}],"player_experience":639836,"relics_obtained":[{"floor":6,"key":"Ornamental Fan"},{"floor":9,"key":"Bag of Preparation"},{"floor":10,"key":"Eternal Feather"},{"floor":13,"key":"Regal Pillow"},{"floor":19,"key":"Nilry\u0027s Codex"},{"floor":25,"key":"Toxic Egg 2"},{"floor":25,"key":"Dead Branch"},{"floor":26,"key":"Molten Egg 2"},{"floor":31,"key":"Toy Ornithopter"},{"floor":31,"key":"Pear"},{"floor":40,"key":"MealTicket"},{"floor":40,"key":"Kunai"}],"event_choices":[{"damage_healed":0,"gold_gain":0,"player_choice":"Got Potions","damage_taken":0,"max_hp_gain":0,"max_hp_loss":0,"event_name":"Lab","floor":4,"gold_loss":0},{"damage_healed":0,"gold_gain":0,"player_choice":"Obtained Book","damage_taken":16,"max_hp_gain":0,"max_hp_loss":0,"event_name":"Cursed Tome","floor":19,"gold_loss":0},{"damage_healed":0,"gold_gain":0,"player_choice":"Obtain J.A.X.","damage_taken":0,"max_hp_gain":0,"max_hp_loss":0,"event_name":"Drug Dealer","floor":21,"gold_loss":0,"cards_obtained":["J.A.X."]},{"damage_healed":0,"gold_gain":0,"player_choice":"Copied","damage_taken":0,"max_hp_gain":0,"max_hp_loss":0,"event_name":"Duplicator","floor":24,"gold_loss":0,"cards_obtained":["J.A.X."]},{"damage_healed":0,"gold_gain":0,"player_choice":"Opened","damage_taken":0,"relics_obtained":["Gambling Chip"],"max_hp_gain":0,"max_hp_loss":0,"event_name":"The Mausoleum","floor":28,"gold_loss":0,"cards_obtained":["Writhe"]},{"damage_healed":0,"gold_gain":999,"player_choice":"Gold","damage_taken":0,"max_hp_gain":0,"max_hp_loss":0,"event_name":"MindBloom","floor":37,"gold_loss":0,"cards_obtained":["Normality","Normality"]},{"damage_healed":0,"gold_gain":0,"player_choice":"Memory 1","damage_taken":0,"max_hp_gain":0,"max_hp_loss":0,"event_name":"SensoryStone","floor":38,"gold_loss":0},{"damage_healed":0,"gold_gain":0,"player_choice":"Fight","damage_taken":0,"max_hp_gain":0,"max_hp_loss":0,"event_name":"Mysterious Sphere","floor":41,"gold_loss":0}],"is_beta":false,"boss_relics":[{"not_picked":["Tiny House","SacredBark"],"picked":"Black Star"},{"not_picked":["Runic Dome","Philosopher\u0027s Stone"],"picked":"Astrolabe"}],"items_purged_floors":[5,20,39],"is_endless":false,"potions_floor_spawned":[2,8,11,14,25,31,33,35],"killed_by":"2 Orb Walkers","ascension_level":8}}