{"host":"3z4ju2qnfrhpg6py","time":1612702480,"event":{"mods":["Arknights","BaseMod","Colored Powertips","Minty Spire (QoL Compilation)","StSLib","UnlockEverythingMod","noobMod","¡¾¹¦ÄÜMod¡¿»ìãçÖ®»·ÐÞ¸´²¹¶¡","¡¾ÒÅÎï¿¨ÅÆ¡¿REMEMod","É³µñ²ÄÖÊ°ümod"],"gold_per_floor":[109,120,139,150,150,175,175,19,19,19,57,57,106,138,138,245,245,275,310,146,245,276,276,334,334,334,380,305,383,408,434,434,544,544,562,589,666,705,705,705,766,766,843,876,912,912,930,930,930,936,936,936,441,488,524],"floor_reached":56,"language":"ZHS","playtime":2250,"items_purged":["ats:Defend"],"score":1385,"play_id":"cbaa28c0-e3a3-4171-84ba-ca57a8c88d17","local_time":"20210207205440","is_ascension_mode":false,"campfire_choices":[{"data":"REME_BattleFury","floor":7,"key":"SMITH"},{"data":"ats:Durian","floor":10,"key":"SMITH"},{"data":"ats:Support Order","floor":15,"key":"SMITH"},{"data":"ats:Apocalypse","floor":23,"key":"SMITH"},{"data":"ats:Flexible Camouflage","floor":25,"key":"SMITH"},{"data":"ats:Emotion Absorption","floor":32,"key":"SMITH"},{"floor":40,"key":"RECALL"},{"data":"ats:True Silver Slash","floor":42,"key":"SMITH"},{"data":"ats:Shadow Assault","floor":49,"key":"SMITH"},{"data":"ats:Durian","floor":52,"key":"SMITH"}],"circlet_count":0,"master_deck":["ats:Strike C","ats:Strike G","ats:Strike V","ats:Armor Crushing Shot","ats:Defend","ats:Emotion Absorption+1","ats:Durian+1","REME_BattleFury+1","ats:Healing Strengthening+1","ats:Shell Defense","ats:Healing Drone","ats:Closed Bolt Burst Fire","ats:Support Order+1","ats:Revitalization","ats:Blood Oath","ats:Calcification","CurseOfTheBell","ats:Red Shift+1","ats:Ignite+1","ats:Song Of Battle","ats:Apocalypse+1","ats:Flexible Camouflage+1","ats:Cat Scratch","ats:Red Shift","ats:Curse Doll+1","ats:True Silver Slash+1","ats:Cat Scratch+1","ats:Counter Healing Mode","ats:Apocalypse+1","ats:Shadow Assault+1","ats:Durian+1","Madness","Madness","ats:Mental Burst","ats:Curse Doll","Sadistic Nature","ats:Hook Shot","ats:Magnetic Hammer","ats:Healing Strengthening","ats:Ambush"],"relics":["ats:Sanity","REME_ComplimentaryCards","ice","ats:Originium","Singing Bowl","ats:Spiritual Recovery","REME_ArchaeologicalTools","Ornamental Fan","Odd Mushroom","Calling Bell","CeramicFish","Meat on the Bone","Lizard Tail","Membership Card","PreservedInsect","Bird Faced Urn","REME_LimitBreaker","REME_DuelDisc","Unceasing Top","Pen Nib","Bag of Marbles","Blue Candle","REME_PuzzleBoxRelic","ats:Support","Centennial Puzzle"],"acts_visited":["Exordium","TheCity","TheBeyond","TheEnding"],"potions_floor_usage":[24],"damage_taken":[{"damage":16,"enemies":"Jaw Worm","floor":1,"turns":3},{"damage":0,"enemies":"Small Slimes","floor":2,"turns":3},{"damage":1,"enemies":"Cultist","floor":3,"turns":3},{"damage":7,"enemies":"2 Fungi Beasts","floor":4,"turns":4},{"damage":28,"enemies":"Gremlin Nob","floor":6,"turns":4},{"damage":22,"enemies":"Blue Slaver","floor":11,"turns":2},{"damage":33,"enemies":"Lagavulin","floor":13,"turns":5},{"damage":19,"enemies":"The Mushroom Lair","floor":14,"turns":4},{"damage":16,"enemies":"Slime Boss","floor":16,"turns":10},{"damage":22,"enemies":"2 Thieves","floor":18,"turns":3},{"damage":14,"enemies":"Chosen","floor":19,"turns":4},{"damage":18,"enemies":"Centurion and Healer","floor":22,"turns":5},{"damage":87,"enemies":"Slavers","floor":24,"turns":8},{"damage":48,"enemies":"Chosen and Byrds","floor":27,"turns":7},{"damage":33,"enemies":"Shelled Parasite and Fungi","floor":30,"turns":6},{"damage":10,"enemies":"Snake Plant","floor":31,"turns":1},{"damage":58,"enemies":"Automaton","floor":33,"turns":8},{"damage":36,"enemies":"3 Darklings","floor":35,"turns":3},{"damage":33,"enemies":"3 Shapes","floor":36,"turns":2},{"damage":33,"enemies":"Mind Bloom Boss Battle","floor":37,"turns":6},{"damage":54,"enemies":"Writhing Mass","floor":38,"turns":5},{"damage":88,"enemies":"Giant Head","floor":41,"turns":8},{"damage":15,"enemies":"Maw","floor":44,"turns":5},{"damage":23,"enemies":"Nemesis","floor":45,"turns":3},{"damage":74,"enemies":"Awakened One","floor":50,"turns":6},{"damage":2,"enemies":"Shield and Spear","floor":54,"turns":2},{"damage":146,"enemies":"The Heart","floor":55,"turns":6}],"seed_played":"-2390415632193459742","potions_obtained":[{"floor":1,"key":"ColorlessPotion"},{"floor":6,"key":"SkillPotion"},{"floor":11,"key":"LiquidBronze"},{"floor":24,"key":"REME_GoldPotion"},{"floor":27,"key":"EssenceOfSteel"}],"is_trial":false,"path_per_floor":["M","M","M","M","?","E","R","$","T","R","M","?","E","?","R","B",null,"M","M","$","?","M","R","E","R","T","M","?","T","M","M","R","B",null,"M","M","?","M","?","R","E","R","T","M","E","?","?","?","R","B",null,"R","$","E","B",null],"character_chosen":"DOCTOR_CLASS","items_purchased":["ats:Spiritual Recovery","Membership Card","ats:Song Of Battle","Blue Candle","REME_PuzzleBoxRelic","ats:Support","ats:Mental Burst","ats:Curse Doll","Sadistic Nature","ats:Hook Shot","ats:Magnetic Hammer","ats:Healing Strengthening"],"campfire_rested":0,"item_purchase_floors":[8,20,20,53,53,53,53,53,53,53,53,53],"current_hp_per_floor":[56,56,55,59,59,49,49,49,49,49,27,27,19,9,9,76,76,57,55,55,55,52,52,33,33,33,39,39,39,62,66,66,67,128,103,82,83,59,59,59,161,161,161,161,151,151,129,129,129,100,176,176,176,178,83],"gold":524,"neow_bonus":"ONE_RANDOM_RARE_CARD","is_daily":false,"chose_seed":false,"campfire_upgraded":9,"win_rate":0.0,"timestamp":1612702480,"path_taken":["M","M","M","M","?","E","R","$","T","R","M","?","E","?","R","BOSS","M","M","$","?","M","R","E","R","T","M","?","?","M","M","R","BOSS","M","M","?","M","?","R","E","R","T","?","E","?","?","?","R","BOSS","R","$","E","BOSS"],"items_purchased_type":["Relic","Relic","Card","Relic","Relic","Relic","Card","Card","Card","Card","Card","Card"],"build_version":"2020-12-22","purchased_purges":1,"victory":true,"max_hp_per_floor":[72,72,72,72,72,74,74,74,74,74,74,74,74,74,74,76,76,79,82,82,82,85,85,99,99,99,115,115,115,122,122,122,128,128,135,141,149,157,157,157,161,161,161,166,172,172,172,172,172,176,176,176,176,178,237],"card_choices":[{"not_picked":["ats:Steam Pump","ats:Shell Defense"],"picked":"ats:Healing Strengthening","floor":1},{"not_picked":["ats:Hammer On","ats:Guardian Obelisk"],"picked":"ats:Shell Defense","floor":2},{"not_picked":["ats:Shell Defense","ats:Collapsing Strike"],"picked":"ats:Healing Drone","floor":3},{"not_picked":["ats:Assault Order","ats:Disruption Kick"],"picked":"ats:Closed Bolt Burst Fire","floor":4},{"not_picked":["ats:Beaten Up","ats:Shell Defense","ats:Automatic Cover"],"picked":"Singing Bowl","floor":6},{"not_picked":["ats:Red Shift","ats:Cat Scratch"],"picked":"ats:Support Order","floor":11},{"not_picked":["ats:Closed Bolt Burst Fire","ats:Explosion Area Strengthen"],"picked":"ats:Revitalization","floor":13},{"not_picked":["ats:Thorns","ats:Very Hot Blade"],"picked":"ats:Blood Oath","floor":14},{"not_picked":["ats:Disruption Kick","ats:Nebulous Foxfire"],"picked":"ats:Calcification","floor":16},{"not_picked":["ats:Very Hot Blade+1","ats:Ignite"],"picked":"ats:Red Shift+1","floor":18},{"not_picked":["ats:Absolute Focus","ats:Guard Mode"],"picked":"ats:Ignite+1","floor":19},{"not_picked":["ats:Song Of Battle+1","ats:Soul Rend"],"picked":"ats:Apocalypse","floor":22},{"not_picked":["ats:Spore Proliferation+1","ats:Blood Oath+1"],"picked":"ats:Flexible Camouflage","floor":24},{"not_picked":["ats:Hammer On","ats:Absolute Focus"],"picked":"ats:Cat Scratch","floor":27},{"not_picked":["ats:Blood Oath","ats:Spore Proliferation"],"picked":"ats:Red Shift","floor":30},{"not_picked":["ats:Demon Strength","ats:Leaping Hammer"],"picked":"ats:Curse Doll+1","floor":31},{"not_picked":["ats:Rat Pack","ats:Echo Reverb"],"picked":"ats:True Silver Slash","floor":33},{"not_picked":["ats:LN2 Cannon","ats:Cat Scratch","ats:Explosion Area Strengthen+1"],"picked":"Singing Bowl","floor":35},{"not_picked":["ats:Chain Hook+1","ats:Closed Bolt Burst Fire+1"],"picked":"ats:Cat Scratch+1","floor":36},{"not_picked":["ats:Poison Spread","ats:Explosion Area Strengthen+1"],"picked":"ats:Counter Healing Mode","floor":37},{"not_picked":["ats:Dogmatic Field","ats:Phantom"],"picked":"ats:Apocalypse+1","floor":38},{"not_picked":["ats:Closed Bolt Burst Fire+1","ats:Flexible Camouflage"],"picked":"ats:Shadow Assault","floor":41},{"not_picked":["ats:Poison Spread+1","ats:Assault Order","ats:Healing Drone+1"],"picked":"Singing Bowl","floor":44},{"not_picked":["ats:Directed Diagnosis","ats:Curse Doll+1"],"picked":"ats:Durian","floor":45},{"not_picked":["ats:Very Hot Blade+1","ats:Guard Mode"],"picked":"ats:Ambush","floor":54}],"player_experience":4475,"relics_obtained":[{"floor":6,"key":"ats:Originium"},{"floor":6,"key":"Singing Bowl"},{"floor":9,"key":"REME_ArchaeologicalTools"},{"floor":13,"key":"ats:Originium"},{"floor":13,"key":"Ornamental Fan"},{"floor":14,"key":"Odd Mushroom"},{"floor":17,"key":"CeramicFish"},{"floor":17,"key":"Meat on the Bone"},{"floor":17,"key":"Lizard Tail"},{"floor":24,"key":"ats:Originium"},{"floor":24,"key":"PreservedInsect"},{"floor":26,"key":"Bird Faced Urn"},{"floor":29,"key":"REME_LimitBreaker"},{"floor":37,"key":"Unceasing Top"},{"floor":41,"key":"ats:Originium"},{"floor":41,"key":"Pen Nib"},{"floor":45,"key":"Bag of Marbles"},{"floor":54,"key":"Centennial Puzzle"}],"event_choices":[{"damage_healed":0,"gold_gain":0,"player_choice":"Ignored","damage_taken":0,"max_hp_gain":0,"max_hp_loss":0,"event_name":"Liars Game","floor":5,"gold_loss":0},{"damage_healed":0,"gold_gain":0,"player_choice":"Grow","damage_taken":0,"max_hp_gain":0,"max_hp_loss":0,"event_name":"Living Wall","floor":12,"gold_loss":0,"cards_upgraded":["ats:Healing Strengthening"]},{"damage_healed":0,"gold_gain":0,"player_choice":"Fought Mushrooms","damage_taken":0,"max_hp_gain":0,"max_hp_loss":0,"event_name":"Mushrooms","floor":14,"gold_loss":0},{"damage_healed":0,"gold_gain":99,"player_choice":"Stole From Cult","damage_taken":0,"max_hp_gain":0,"max_hp_loss":0,"event_name":"Nest","floor":21,"gold_loss":0},{"cards_removed":["ats:Defend"],"damage_healed":0,"gold_gain":0,"player_choice":"Gave Gold","damage_taken":0,"max_hp_gain":0,"max_hp_loss":0,"event_name":"Beggar","floor":28,"gold_loss":75},{"damage_healed":0,"gold_gain":0,"player_choice":"Fight","damage_taken":0,"max_hp_gain":0,"max_hp_loss":0,"event_name":"MindBloom","floor":37,"gold_loss":0},{"cards_removed":["ats:Strike S"],"damage_healed":0,"gold_gain":0,"player_choice":"Purged","damage_taken":0,"max_hp_gain":0,"max_hp_loss":0,"event_name":"Purifier","floor":39,"gold_loss":0},{"damage_healed":0,"gold_gain":0,"player_choice":"Ignored","damage_taken":0,"max_hp_gain":0,"max_hp_loss":0,"event_name":"Tomb of Lord Red Mask","floor":46,"gold_loss":0},{"damage_healed":0,"gold_gain":0,"player_choice":"Embrace Madness","damage_taken":22,"max_hp_gain":0,"max_hp_loss":0,"event_name":"Winding Halls","floor":47,"gold_loss":0,"cards_obtained":["Madness","Madness"]},{"cards_removed":["ats:Defend"],"damage_healed":0,"gold_gain":0,"player_choice":"Removed Skill","damage_taken":0,"max_hp_gain":0,"max_hp_loss":0,"event_name":"Falling","floor":48,"gold_loss":0}],"is_beta":false,"boss_relics":[{"not_picked":["Ectoplasm","Snecko Eye"],"picked":"Calling Bell"},{"not_picked":["Velvet Choker","Runic Pyramid"],"picked":"REME_DuelDisc"}],"items_purged_floors":[53],"is_endless":false,"potions_floor_spawned":[1,6,11,14,22,24,27,33,36,38,44],"ascension_level":0}}