{"host":"10hinapzqlh39548","time":1612704314,"event":{"mods":["BaseMod","Colored Powertips","Minty Spire (QoL Compilation)","MostiFishMod","Reliquary","Replay The Spire","Spire Arcade","StSLib"],"gold_per_floor":[114,114,114,126,51,80,80,95,95,105,122,74,105,122,122,220,220,237,137,147,166,265,294,294,323,323,357,632,642,449,462,462,560,560,578,578,578,592,592,592,622,641,641,641,676,526,576,576,576,576,576,576,128,161,161],"floor_reached":56,"language":"ENG","playtime":4022,"items_purged":["Strike_G","Strike_G","Regret","Defend_G"],"score":1165,"play_id":"215d9151-fde7-4705-9961-59980798f0ba","local_time":"20210207142514","is_ascension_mode":true,"campfire_choices":[{"data":"MostiFishMod:SpreadingSpore","floor":7.0,"key":"SMITH"},{"data":"Pot Of Greed","floor":15.0,"key":"SMITH"},{"data":"Pot Of Greed","floor":24.0,"key":"SMITH"},{"floor":32.0,"key":"RECALL"},{"data":"Madness","floor":40.0,"key":"SMITH"},{"data":"Pot Of Greed","floor":44.0,"key":"SMITH"},{"data":"Madness","floor":49.0,"key":"SMITH"},{"data":"Footwork","floor":52.0,"key":"SMITH"}],"circlet_count":0,"master_deck":["Defend_G","Defend_G","Defend_G","Survivor","Neutralize","MostiFishMod:SpreadingSpore+1","Poisoned Stab+1","Blur","Dash","After Image+1","Bane","ReplayTheSpireMod:Speed Training","Dagger Spray+1","ReplayTheSpireMod:Speed Training","Pot Of Greed+1","Pot Of Greed+1","PiercingWail","MostiFishMod:Confrontation+1","PiercingWail+1","Footwork+1","Pot Of Greed+1","Footwork","Catalyst+1","Noxious Fumes+1","MostiFishMod:SpreadingSpore+1","Madness+1","Madness+1"],"relics":["Ring of the Snake","DaveBox","ExusiaiGun","SynthV:TestCard","Golden Egg","Grinning Jar","Empty Cage","StrikeDummy","Mercury Hourglass","MealTicket","Pantograph","Busted Crown","reliquary:PurpleTingedLeaf","reliquary:Stiletto","Juzu Bracelet","PreservedInsect","Ice Cream","Vajra","HandDrill","ReplayTheSpireMod:TigerMarble","Ninja Scroll"],"acts_visited":["TheCity","TheBeyond","TheEnding"],"potions_floor_usage":[55,55],"damage_taken":[{"damage":0.0,"enemies":"Jaw Worm","floor":1.0,"turns":1.0},{"damage":0.0,"enemies":"Small Slimes","floor":4.0,"turns":1.0},{"damage":0.0,"enemies":"3 Sentries","floor":6.0,"turns":3.0},{"damage":0.0,"enemies":"Cultist","floor":8.0,"turns":1.0},{"damage":0.0,"enemies":"Looter","floor":10.0,"turns":1.0},{"damage":0.0,"enemies":"Blue Slaver","floor":11.0,"turns":2.0},{"damage":0.0,"enemies":"Gremlin Nob","floor":13.0,"turns":1.0},{"damage":0.0,"enemies":"3 Louse","floor":14.0,"turns":1.0},{"damage":1.0,"enemies":"The Guardian","floor":16.0,"turns":7.0},{"damage":0.0,"enemies":"Spheric Guardian","floor":18.0,"turns":2.0},{"damage":0.0,"enemies":"Chosen","floor":20.0,"turns":3.0},{"damage":9.0,"enemies":"Snake Plant","floor":21.0,"turns":6.0},{"damage":76.0,"enemies":"Gremlin Leader","floor":23.0,"turns":16.0},{"damage":25.0,"enemies":"Slavers","floor":25.0,"turns":11.0},{"damage":0.0,"enemies":"Gremlin Leader","floor":27.0,"turns":6.0},{"damage":5.0,"enemies":"Sentry and Sphere","floor":29.0,"turns":3.0},{"damage":0.0,"enemies":"Snecko","floor":31.0,"turns":5.0},{"damage":56.0,"enemies":"Collector","floor":33.0,"turns":6.0},{"damage":4.0,"enemies":"Orb Walker","floor":35.0,"turns":4.0},{"damage":16.0,"enemies":"3 Shapes","floor":38.0,"turns":1.0},{"damage":5.0,"enemies":"Giant Head","floor":41.0,"turns":8.0},{"damage":17.0,"enemies":"Spire Growth","floor":42.0,"turns":6.0},{"damage":67.0,"enemies":"Reptomancer","floor":45.0,"turns":4.0},{"damage":0.0,"enemies":"Mind Bloom Boss Battle","floor":47.0,"turns":8.0},{"damage":27.0,"enemies":"Replay:Hell Engine","floor":50.0,"turns":8.0},{"damage":14.0,"enemies":"Shield and Spear","floor":54.0,"turns":4.0},{"damage":40,"enemies":"The Heart","floor":55,"turns":8}],"seed_played":"-4165117674727700654","potions_obtained":[{"floor":6.0,"key":"ColorlessPotion"},{"floor":8.0,"key":"Toxic Potion"},{"floor":13.0,"key":"FairyPotion"},{"floor":16.0,"key":"Poison Potion"},{"floor":20.0,"key":"Dexterity Potion"}],"is_trial":false,"path_per_floor":["M","?","?","M","$","E","R","M","T","M","M","$","E","M","R","B",null,"M","$","M","M","?","E","R","E","T","E","?","M","$","M","R","B",null,"M","?","?","M","T","R","E","M","T","R","E","$","?","?","R","B",null,"R","$","E","B",null],"character_chosen":"THE_SILENT","items_purchased":["Dagger Spray","Catalyst","Vajra","HandDrill","ReplayTheSpireMod:TigerMarble"],"campfire_rested":0,"item_purchase_floors":[12,30,53,53,53],"current_hp_per_floor":[70,63,63,63,63,63,63,63,63,66,69,69,69,69,69,68,70,70,70,70,70,70,41,41,45,45,63,63,58,70,70,70,17,70,70,70,61,45,45,45,70,70,70,70,11,26,70,70,70,70,70,70,70,62,69],"gold":161,"neow_bonus":"ONE_RANDOM_RARE_CARD","is_daily":false,"chose_seed":false,"campfire_upgraded":7,"win_rate":0.0,"timestamp":1612704314,"path_taken":["M","?","?","M","$","E","R","M","T","M","M","?","E","M","R","BOSS","M","$","M","M","?","E","R","E","T","E","?","M","$","?","R","BOSS","M","?","?","M","?","R","E","M","T","R","E","$","?","?","R","BOSS","R","$","E","BOSS"],"items_purchased_type":["Card","Card","Relic","Relic","Relic"],"build_version":"2020-12-22","purchased_purges":4,"victory":true,"max_hp_per_floor":[70,70,70,70,70,70,70,70,70,70,70,70,70,70,70,70,70,70,70,70,70,70,70,70,70,70,70,70,70,70,70,70,70,70,70,70,70,70,70,70,70,70,70,70,70,70,70,70,70,70,70,70,70,70,70],"card_choices":[{"not_picked":["Bane","Deflect"],"picked":"Poisoned Stab","floor":1.0},{"not_picked":["Backstab","Slice","Quick Slash","Acrobatics"],"picked":"Blur","floor":4.0},{"not_picked":["Reflex","Prepared","Bane","Replay:Poison Smokescreen"],"picked":"Dash","floor":6.0},{"not_picked":["Dodge and Roll","Underhanded Strike","Backflip","PiercingWail"],"picked":"After Image","floor":8.0},{"not_picked":["Dagger Throw","Blur","Concentrate","Catalyst"],"picked":"Bane","floor":10.0},{"not_picked":["Dagger Throw","Underhanded Strike","Noxious Fumes","Flechettes"],"picked":"ReplayTheSpireMod:Speed Training","floor":11.0},{"not_picked":["Malaise","Poisoned Stab","PiercingWail","Acrobatics"],"picked":"ReplayTheSpireMod:Speed Training","floor":13.0},{"not_picked":["Dodge and Roll","Sneak Up","Flechettes","MostiFishMod:FrostNova"],"picked":"PiercingWail","floor":14.0},{"not_picked":["MostiFishMod:ShivMaster","Poison Darts","Tools of the Trade","Phantasmal Killer"],"picked":"MostiFishMod:Confrontation","floor":16.0},{"not_picked":["Dodge and Roll+1","Cloak And Dagger+1","Backstab","Slice","ReplayTheSpireMod:Shiv Toss"],"picked":"SKIP","floor":18.0},{"not_picked":["Cloak And Dagger","MostiFishMod:ShivMaster","Blade Dance","Dagger Spray+1","Acrobatics"],"picked":"SKIP","floor":20.0},{"not_picked":["Hidden Blade+1","Dagger Spray+1","Caltrops","Flying Knee"],"picked":"PiercingWail+1","floor":21.0},{"not_picked":["Acrobatics","Distraction","Eviscerate","Bane","Dagger Spray"],"picked":"SKIP","floor":23.0},{"not_picked":["Dagger Throw","Outmaneuver","Concentrate","Acrobatics","Burst"],"picked":"SKIP","floor":25.0},{"not_picked":["Backflip","Backstab","Blade Dance","Prepared"],"picked":"Footwork","floor":27.0},{"not_picked":["Noxious Fumes","Outmaneuver","Distraction","ReplayTheSpireMod:Scrap Shanks"],"picked":"Footwork","floor":29.0},{"not_picked":["Deflect+1","PiercingWail+1","Dagger Spray","MostiFishMod:VineMother"],"picked":"Noxious Fumes+1","floor":31.0},{"not_picked":["Night Terror","MostiFishMod:FullyArmed","MostiFishMod:Listen","A Thousand Cuts"],"picked":"MostiFishMod:SpreadingSpore","floor":33.0},{"not_picked":["Reflex+1","Quick Slash+1","Hidden Blade"],"picked":"SKIP","floor":35.0},{"not_picked":["Deflect","Choke+1","Blade Dance"],"picked":"SKIP","floor":38.0},{"not_picked":["PiercingWail","Eviscerate","Bane+1"],"picked":"SKIP","floor":41.0},{"not_picked":["Prepared","Poisoned Stab","Dagger Spray+1"],"picked":"SKIP","floor":42.0},{"not_picked":["Backstab+1","MostiFishMod:Listen","Deflect"],"picked":"SKIP","floor":45.0},{"not_picked":["MostiFishMod:VineMother+1","Bane","ReplayTheSpireMod:The Works"],"picked":"SKIP","floor":54.0}],"player_experience":1164250,"relics_obtained":[{"floor":1.0,"key":"SynthV:TestCard"},{"floor":6.0,"key":"Golden Egg"},{"floor":13.0,"key":"Grinning Jar"},{"floor":23.0,"key":"StrikeDummy"},{"floor":25.0,"key":"Mercury Hourglass"},{"floor":26.0,"key":"MealTicket"},{"floor":27.0,"key":"Pantograph"},{"floor":39.0,"key":"reliquary:PurpleTingedLeaf"},{"floor":41.0,"key":"reliquary:Stiletto"},{"floor":43.0,"key":"Juzu Bracelet"},{"floor":45.0,"key":"PreservedInsect"},{"floor":47.0,"key":"Ice Cream"},{"floor":54.0,"key":"Ninja Scroll"}],"event_choices":[{"cards_removed":["Strike_G"],"damage_healed":0.0,"max_hp_gain":0.0,"max_hp_loss":0.0,"gold_gain":0.0,"event_name":"Golden Wing","player_choice":"Card Removal","floor":2.0,"gold_loss":0.0,"damage_taken":7.0},{"damage_healed":0.0,"max_hp_gain":0.0,"max_hp_loss":0.0,"gold_gain":99.0,"event_name":"Nest","player_choice":"Stole From Cult","floor":22.0,"gold_loss":0.0,"damage_taken":0.0},{"damage_healed":0.0,"max_hp_gain":0.0,"max_hp_loss":0.0,"gold_gain":275.0,"event_name":"Golden Shrine","player_choice":"Desecrate","floor":28.0,"gold_loss":0.0,"damage_taken":0.0,"cards_obtained":["Regret"]},{"damage_healed":0.0,"max_hp_gain":0.0,"max_hp_loss":0.0,"gold_gain":0.0,"event_name":"Winding Halls","player_choice":"Embrace Madness","floor":37.0,"gold_loss":0.0,"damage_taken":9.0,"cards_obtained":["Madness","Madness"]},{"damage_healed":0.0,"max_hp_gain":0.0,"max_hp_loss":0.0,"gold_gain":0.0,"event_name":"MindBloom","player_choice":"Fight","floor":47.0,"gold_loss":0.0,"damage_taken":0.0},{"cards_removed":["Defend_G"],"damage_healed":0.0,"max_hp_gain":0.0,"max_hp_loss":0.0,"gold_gain":0.0,"event_name":"Falling","player_choice":"Removed Skill","floor":48.0,"gold_loss":0.0,"damage_taken":0.0}],"is_beta":false,"boss_relics":[{"not_picked":["Snecko Scales","Snecko Eye"],"picked":"Empty Cage"},{"not_picked":["GreenFoldingFan","RhineFirstAidKit"],"picked":"Busted Crown"}],"items_purged_floors":[5,19,30,46],"is_endless":false,"potions_floor_spawned":[6,8,13,16,20,25,33,38,42,45],"ascension_level":1}}