{"host":"gj3450u0c4def4mj","time":1612727955,"event":{"mods":["Act Like it!","BaseMod","Gensokyo","Koishi","Minty Spire (QoL Compilation)","StSLib"],"gold_per_floor":[115,115,126,141,38,67,67,67,91,101,101,114,10,10,10,10,10],"floor_reached":16,"language":"ENG","playtime":909,"items_purged":[],"score":154,"play_id":"5a971628-48b0-46e6-be59-49a448ad61db","local_time":"20210207145915","is_ascension_mode":true,"campfire_choices":[{"floor":7,"key":"REST"},{"data":"Koishi:DNAsFlaw","floor":11,"key":"SMITH"},{"data":"Koishi:VengefulSpirit","floor":15,"key":"SMITH"}],"circlet_count":0,"master_deck":["AscendersBane","Koishi:BasicStrike","Koishi:BasicStrike","Koishi:BasicDefend","Koishi:BasicDefend+1","Koishi:BasicDefend","Koishi:BasicDefend+1","Koishi:Provoke","Koishi:HauntingSlash","Koishi:PhantomStrike","Koishi:DNAsFlaw+1","Koishi:SpiritedAway","Koishi:FleetingPhantom","Koishi:Whimsy","Koishi:PhantomStrike","Koishi:SpiritedAway","Koishi:PhantomBarrier","Koishi:VengefulSpirit+1","Pain"],"relics":["Koishi:ImaginaryFriend","MealTicket","War Paint","Gensokyo:LunaticRedEyes"],"acts_visited":["Gensokyo:Gensokyo"],"potions_floor_usage":[10],"damage_taken":[{"damage":16,"enemies":"Gensokyo:Gryphon","floor":1,"turns":5},{"damage":12,"enemies":"Gensokyo:3_Fairies","floor":3,"turns":8},{"damage":8,"enemies":"Gensokyo:2_Kodama","floor":4,"turns":4},{"damage":1,"enemies":"Gensokyo:Mamizou","floor":6,"turns":10},{"damage":0,"enemies":"Gensokyo:5_Fairies","floor":10,"turns":4},{"damage":6,"enemies":"Gensokyo:2_Rabbits","floor":12,"turns":5},{"damage":63,"enemies":"Gensokyo:Yukari","floor":16,"turns":12}],"seed_played":"3529903549689564707","potions_obtained":[{"floor":1,"key":"SteroidPotion"},{"floor":3,"key":"Explosive Potion"}],"is_trial":false,"path_per_floor":["M","?","M","M","$","E","R","?","T","M","R","M","$","?","R","B"],"character_chosen":"KOISHI","items_purchased":["Koishi:Whimsy","Koishi:PhantomStrike","Koishi:PhantomBarrier","Koishi:VengefulSpirit"],"campfire_rested":1,"item_purchase_floors":[5,5,13,13],"current_hp_per_floor":[40,40,29,23,23,26,44,44,44,44,44,38,53,53,53,0,0],"gold":10,"neow_bonus":"TRANSFORM_CARD","is_daily":false,"chose_seed":false,"campfire_upgraded":2,"win_rate":0.0,"timestamp":1612727955,"path_taken":["M","?","M","?","$","E","R","?","T","M","R","M","$","?","R","BOSS"],"items_purchased_type":["Card","Card","Card","Card"],"build_version":"2020-12-22","purchased_purges":0,"victory":false,"max_hp_per_floor":[60,60,60,60,60,60,60,60,60,60,60,60,60,60,60,60,60],"card_choices":[{"not_picked":["Koishi:Bloodlust","Koishi:TraumaticStroke"],"picked":"Koishi:DNAsFlaw","floor":1},{"not_picked":["Koishi:SubterraneanRose","Koishi:YoukaiPolygraph"],"picked":"Koishi:SpiritedAway","floor":3},{"not_picked":["Koishi:SubconsciousSweep","Koishi:Prune"],"picked":"Koishi:FleetingPhantom","floor":4},{"not_picked":["Koishi:JumpScare","Koishi:UnconsciousUprising"],"picked":"Koishi:SpiritedAway","floor":6},{"not_picked":["Koishi:Jaunt","Koishi:ReflexRadar","Koishi:BloodcurdlingScream"],"picked":"SKIP","floor":10},{"not_picked":["Koishi:StingingMind","Koishi:Catatonia","Koishi:MindStellarRelief"],"picked":"SKIP","floor":12}],"player_experience":104249,"relics_obtained":[{"floor":6,"key":"MealTicket"},{"floor":9,"key":"War Paint"}],"event_choices":[],"is_beta":false,"boss_relics":[],"items_purged_floors":[],"is_endless":false,"potions_floor_spawned":[1,3,6],"killed_by":"Gensokyo:Yukari","ascension_level":12}}