{"host":"dcj2yvrgcvh5dl2s","time":1612690124,"event":{"mods":["BaseMod","Bestiary","Better Note","Block Reminder","Colored Powertips","Curses Come First","DeckTracker","Minty Spire (QoL Compilation)","Quick Restart","Rare Cards Sparkle","Relic Stats","StSLib"],"gold_per_floor":[115,133,283,300,314,314,314,314,314],"floor_reached":8,"language":"ENG","playtime":211,"items_purged":[],"score":96,"play_id":"890af6d5-8873-47e5-a298-fa63d99b04f7","local_time":"20210207192844","is_ascension_mode":true,"campfire_choices":[{"data":"Pommel Strike","floor":6,"key":"SMITH"}],"circlet_count":0,"master_deck":["AscendersBane","Strike_R","Strike_R","Strike_R","Strike_R","Strike_R","Defend_R","Defend_R","Defend_R","Defend_R","Bash","Pommel Strike+1","Shrug It Off","Doubt","Battle Trance","Thunderclap"],"relics":["Burning Blood","NeowsBlessing","Ginger"],"acts_visited":[],"potions_floor_usage":[5],"damage_taken":[{"damage":0,"enemies":"2 Louse","floor":1,"turns":1},{"damage":0,"enemies":"Small Slimes","floor":2,"turns":1},{"damage":0,"enemies":"Jaw Worm","floor":4,"turns":1},{"damage":17,"enemies":"Gremlin Gang","floor":5,"turns":4},{"damage":39,"enemies":"Gremlin Nob","floor":8,"turns":4}],"seed_played":"-7601232277905627560","potions_obtained":[{"floor":4,"key":"ColorlessPotion"}],"is_trial":false,"path_per_floor":["M","M","?","M","M","R","?","E"],"character_chosen":"IRONCLAD","items_purchased":[],"campfire_rested":0,"item_purchase_floors":[],"current_hp_per_floor":[74,75,75,75,64,64,59,20,20],"gold":314,"neow_bonus":"THREE_ENEMY_KILL","is_daily":false,"chose_seed":false,"campfire_upgraded":1,"win_rate":0.0,"timestamp":1612690124,"path_taken":["M","M","?","M","M","R","?","E"],"items_purchased_type":[],"build_version":"2020-12-22","purchased_purges":0,"victory":false,"max_hp_per_floor":[75,75,75,75,75,75,75,75,75],"relic_stats":{"counters":[5,11],"Ginger":[1],"obtain_stats":[{"NeowsBlessing":0,"Ginger":7,"Burning Blood":0},{"NeowsBlessing":0,"Ginger":4,"Burning Blood":0},{"NeowsBlessing":0,"Ginger":7,"Burning Blood":0}],"Burning Blood":13},"card_choices":[{"not_picked":["Iron Wave","Clash"],"picked":"Pommel Strike","floor":1},{"not_picked":["Flame Barrier","Battle Trance"],"picked":"Shrug It Off","floor":2},{"not_picked":["Spot Weakness","Intimidate"],"picked":"Battle Trance","floor":4},{"not_picked":["Flame Barrier","Clothesline"],"picked":"Thunderclap","floor":5}],"player_experience":2332150,"relics_obtained":[],"event_choices":[{"damage_healed":0,"gold_gain":150,"player_choice":"AGREE","damage_taken":0,"max_hp_gain":0,"max_hp_loss":0,"event_name":"Liars Game","floor":3,"gold_loss":0,"cards_obtained":["Doubt"]},{"damage_healed":0,"gold_gain":0,"player_choice":"Success","damage_taken":5,"relics_obtained":["Ginger"],"max_hp_gain":0,"max_hp_loss":0,"event_name":"Scrap Ooze","floor":7,"gold_loss":0}],"is_beta":false,"boss_relics":[],"items_purged_floors":[],"is_endless":false,"potions_floor_spawned":[4],"killed_by":"Gremlin Nob","ascension_level":20}}