{"host":"jt62yzdgnrkmwwqv","time":1612675867,"event":{"mods":["AchievementEnabler","Arknights","BaseMod","CapriCore","Colored Map","Colored Powertips","GungeonMod","Lobotomy","LobotomyExtend","Minty Spire (QoL Compilation)","Replay The Spire","StSLib","SuperFastMode","The Dragon Tamer"],"gold_per_floor":[114,133,146,159,177,204,217,227,279,4591,4591,4591,4766,4792,4792,4896,4896,4916,4896,4896,4896],"floor_reached":20,"language":"KOR","playtime":866,"items_purged":["ats:Strike V"],"score":261,"play_id":"6f728a32-0c9d-4175-b4af-af529c5f4582","local_time":"20210207143107","is_ascension_mode":false,"campfire_choices":[{"floor":11,"key":"RECALL"},{"floor":15,"key":"REST"}],"circlet_count":0,"master_deck":["ats:Strike C","ats:Strike G","ats:Strike S","ats:Armor Crushing Shot","ats:Defend","ats:Defend","ats:Defend","ats:Defend","ats:Emotion Absorption","OldLady","ats:Shell Defense","UniverseFragment","ats:Disruption Kick","MeatLantern","ats:Red Shift","QueenOfHatred","ats:Leaping Hammer","ats:Explosion Area Strengthen","ats:Leaping Hammer","SnowQueen","ats:Red Shift","ats:Wolf Pack","ats:Thermite Blade","Doubt","PunishingBird","ats:Neurotoxin","ats:Echo Reverb","ats:Magnetic Hammer"],"relics":["ats:Sanity","CogitoBucket","RabbitCall","LetterFromLob","ats:Originium","DemoMod:MeltedRock","BackwardClock","Bag of Marbles","Shuriken","ats:Cure","Sundial","ats:Tactical Delivery"],"acts_visited":["Exordium","TheCity"],"potions_floor_usage":[],"damage_taken":[{"damage":1,"enemies":"Cultist","floor":1,"turns":4},{"damage":0,"enemies":"Small Slimes","floor":2,"turns":3},{"damage":0,"enemies":"2 Louse","floor":3,"turns":3},{"damage":0,"enemies":"Red Slaver","floor":4,"turns":3},{"damage":0,"enemies":"Large Slime","floor":5,"turns":6},{"damage":17,"enemies":"Gremlin Nob","floor":6,"turns":6},{"damage":12,"enemies":"3 Louse","floor":7,"turns":4},{"damage":12,"enemies":"Exordium Thugs","floor":8,"turns":2},{"damage":22,"enemies":"Lagavulin","floor":14,"turns":7},{"damage":48,"enemies":"Slime Boss","floor":16,"turns":10},{"damage":9,"enemies":"Spheric Guardian","floor":18,"turns":5},{"damage":79,"enemies":"2 Thieves","floor":20,"turns":4}],"seed_played":"-4491530061218504438","potions_obtained":[{"floor":1,"key":"Strength Potion"},{"floor":5,"key":"Milkshake"},{"floor":7,"key":"ats:Emergency Sanity Potion"},{"floor":18,"key":"SkillPotion"}],"is_trial":false,"path_per_floor":["M","M","M","M","M","E","M","M","T","$","R","E","?","E","R","B",null,"M","?","M"],"character_chosen":"DOCTOR_CLASS","items_purchased":["Shuriken","ats:Wolf Pack","ats:Thermite Blade","ats:Cure"],"campfire_rested":1,"item_purchase_floors":[10,10,10,10],"current_hp_per_floor":[71,71,71,71,72,57,54,48,48,48,48,48,48,32,53,22,72,65,65,0,0],"gold":4896,"neow_bonus":"","is_daily":false,"chose_seed":false,"campfire_upgraded":0,"win_rate":0.0,"timestamp":1612675867,"path_taken":["M","M","?","M","?","E","M","M","T","$","R","E","?","E","R","BOSS","M","?","M"],"items_purchased_type":["Relic","Card","Card","Relic"],"build_version":"2020-12-22","purchased_purges":1,"victory":false,"max_hp_per_floor":[72,72,72,72,72,72,72,72,72,72,72,72,72,72,72,72,72,72,72,72,72],"card_choices":[{"not_picked":["Murderer","LaLuna","BeautyBeast"],"picked":"Singing Bowl","floor":1},{"not_picked":["GreedKing","LongBird"],"picked":"OldLady","floor":1},{"not_picked":["ats:Encircling Forest","ats:Soul Absorption"],"picked":"ats:Shell Defense","floor":1},{"not_picked":["LaLuna","MHz"],"picked":"UniverseFragment","floor":2},{"not_picked":["ats:Hook Shot","ats:Revitalization"],"picked":"ats:Disruption Kick","floor":2},{"not_picked":["MHz","BeautyBeast","HappyTeddy"],"picked":"Singing Bowl","floor":3},{"not_picked":["CherryBlossoms","HappyTeddy"],"picked":"MeatLantern","floor":3},{"not_picked":["ats:Guard Mode","ats:Cat Scratch"],"picked":"ats:Red Shift","floor":3},{"not_picked":["Mercenary","Wellcheers","Variant"],"picked":"Singing Bowl","floor":4},{"not_picked":["SpiderBud","LaLuna"],"picked":"QueenOfHatred","floor":4},{"not_picked":["ats:Burning Ground","ats:Song Of Battle"],"picked":"ats:Leaping Hammer","floor":4},{"not_picked":["OSAHOGD","WallGazer","CherryBlossoms"],"picked":"Singing Bowl","floor":5},{"not_picked":["ats:Revitalization","ats:Thorns"],"picked":"ats:Explosion Area Strengthen","floor":5},{"not_picked":["MHz","Wellcheers","CrumblingArmor"],"picked":"Singing Bowl","floor":6},{"not_picked":["ats:Beaten Up","ats:Fractured Body"],"picked":"ats:Leaping Hammer","floor":6},{"not_picked":["Bloodbath","Yin","CherryBlossoms"],"picked":"Singing Bowl","floor":7},{"not_picked":["CherryBlossoms","FairyFestival"],"picked":"SnowQueen","floor":7},{"not_picked":["ats:Ignite","ats:Disruption Kick","ats:Support Order"],"picked":"SKIP","floor":7},{"not_picked":["Bloodbath","LaLuna","Funeral"],"picked":"Singing Bowl","floor":8},{"not_picked":["ats:Spore Proliferation","ats:Poison Spread"],"picked":"ats:Red Shift","floor":8},{"not_picked":["Wellcheers","FairyFestival","Murderer"],"picked":"Singing Bowl","floor":14},{"not_picked":["Porccubus","BlackSwan"],"picked":"PunishingBird","floor":14},{"not_picked":["ats:Poison Spread","ats:Absolute Focus"],"picked":"ats:Neurotoxin","floor":14},{"not_picked":["FairyFestival","BigBadWolf","Rudolta"],"picked":"Singing Bowl","floor":16},{"not_picked":["ats:Disruption Kick","ats:Rat Pack"],"picked":"ats:Echo Reverb","floor":16},{"not_picked":["Bloodbath","Wellcheers","OSAHOGD"],"picked":"Singing Bowl","floor":18},{"not_picked":["ats:Leaping Hammer","ats:Cat Scratch"],"picked":"ats:Magnetic Hammer","floor":18}],"player_experience":188870,"relics_obtained":[{"floor":1,"key":"LetterFromLob"},{"floor":6,"key":"ats:Originium"},{"floor":6,"key":"DemoMod:MeltedRock"},{"floor":9,"key":"Bag of Marbles"},{"floor":14,"key":"ats:Originium"},{"floor":14,"key":"Sundial"}],"event_choices":[{"damage_healed":0,"gold_gain":175,"player_choice":"AGREE","damage_taken":0,"max_hp_gain":0,"max_hp_loss":0,"event_name":"Liars Game","floor":13,"gold_loss":0,"cards_obtained":["Doubt"]},{"damage_healed":0,"gold_gain":0,"player_choice":"Bought 1 Potion","damage_taken":0,"max_hp_gain":0,"max_hp_loss":0,"event_name":"The Woman in Blue","floor":19,"gold_loss":0}],"is_beta":false,"boss_relics":[{"not_picked":["ReplayTheSpireMod:DimensionalGlitch","Pandora\u0027s Box"],"picked":"ats:Tactical Delivery"}],"items_purged_floors":[10],"is_endless":false,"potions_floor_spawned":[1,5,7,14,18],"killed_by":"2 Thieves","ascension_level":0}}