{"host":"daa8jqyg4gqfaysm","time":1612737270,"event":{"mods":["BaseMod","Colored Powertips","Minty Spire (QoL Compilation)","StSLib"],"gold_per_floor":[115,115,115,132,145,145,164,200,225,250,250,293,307,339,339,421,421,433,452,479,529,545,545,578,578,631,631,38,38,53,86,86,172,172,197,197,481,508,70,70,107,107,107,107,107],"floor_reached":44,"language":"ENG","playtime":1206,"items_purged":["Strike_R"],"score":1053,"play_id":"120f53d8-f629-4794-9150-0205d2e4bdae","local_time":"20210207173430","is_ascension_mode":true,"campfire_choices":[{"data":"Demon Form","floor":6,"key":"SMITH"},{"data":"Bash","floor":11,"key":"SMITH"},{"floor":15,"key":"REST"},{"floor":23,"key":"REST"},{"data":"Pommel Strike","floor":27,"key":"SMITH"},{"data":"Ghostly","floor":32,"key":"SMITH"},{"data":"Ghostly","floor":40,"key":"SMITH"},{"data":"Flame Barrier","floor":42,"key":"SMITH"}],"circlet_count":0,"master_deck":["AscendersBane","Strike_R","Strike_R","Defend_R","Defend_R","Defend_R","Defend_R","Bash+1","Twin Strike","Demon Form+1","Reckless Charge","Cleave","Headbutt","Flame Barrier+1","Pommel Strike+1","Armaments","Immolate","Battle Trance","Ghostly+1","Ghostly+1","Ghostly+1","Immolate","Regret","True Grit+1","Shrug It Off","Spot Weakness"],"relics":["Burning Blood","NeowsBlessing","CeramicFish","Regal Pillow","Blue Candle","Sozu","Kunai","Boot","Meat on the Bone","FossilizedHelix","Turnip","Runic Pyramid","Bag of Marbles","Medical Kit","Centennial Puzzle","Toxic Egg 2"],"acts_visited":["Exordium","TheCity","TheBeyond"],"potions_floor_usage":[12,13,14,14,16,19,29],"damage_taken":[{"damage":0,"enemies":"Jaw Worm","floor":1,"turns":1},{"damage":0,"enemies":"2 Louse","floor":4,"turns":1},{"damage":0,"enemies":"Cultist","floor":5,"turns":1},{"damage":12,"enemies":"2 Fungi Beasts","floor":7,"turns":3},{"damage":25,"enemies":"Lagavulin","floor":8,"turns":6},{"damage":17,"enemies":"3 Louse","floor":10,"turns":5},{"damage":24,"enemies":"Gremlin Nob","floor":12,"turns":4},{"damage":6,"enemies":"Exordium Thugs","floor":13,"turns":4},{"damage":30,"enemies":"3 Sentries","floor":14,"turns":7},{"damage":28,"enemies":"Slime Boss","floor":16,"turns":6},{"damage":37,"enemies":"Spheric Guardian","floor":18,"turns":6},{"damage":36,"enemies":"2 Thieves","floor":19,"turns":4},{"damage":10,"enemies":"Snake Plant","floor":22,"turns":5},{"damage":23,"enemies":"Gremlin Leader","floor":24,"turns":5},{"damage":3,"enemies":"Book of Stabbing","floor":29,"turns":4},{"damage":13,"enemies":"Centurion and Healer","floor":30,"turns":6},{"damage":17,"enemies":"Slavers","floor":31,"turns":4},{"damage":22,"enemies":"Collector","floor":33,"turns":9},{"damage":0,"enemies":"3 Shapes","floor":35,"turns":5},{"damage":35,"enemies":"3 Darklings","floor":38,"turns":3},{"damage":3,"enemies":"Nemesis","floor":41,"turns":9},{"damage":46,"enemies":"Transient","floor":44,"turns":6}],"seed_played":"1723263721791585701","potions_obtained":[{"floor":4,"key":"Ancient Potion"},{"floor":7,"key":"Explosive Potion"},{"floor":12,"key":"EntropicBrew"},{"floor":13,"key":"Regen Potion"},{"floor":16,"key":"BloodPotion"}],"is_trial":false,"path_per_floor":["M","?","?","M","M","R","M","E","T","M","R","E","M","E","R","B",null,"M","M","?","?","M","R","E","?","T","R","$","E","M","E","R","B",null,"M","?","?","M","$","R","E","R","T","M"],"character_chosen":"IRONCLAD","items_purchased":["Meat on the Bone","FossilizedHelix","Shrug It Off","Bag of Marbles","Medical Kit"],"campfire_rested":2,"item_purchase_floors":[28,28,39,39,39],"current_hp_per_floor":[74,67,67,73,75,75,69,50,50,39,39,21,21,12,49,27,63,32,17,17,17,13,37,20,20,20,20,20,35,28,29,29,25,34,37,37,37,20,20,20,35,35,35,0,0],"gold":107,"neow_bonus":"THREE_ENEMY_KILL","is_daily":false,"chose_seed":false,"campfire_upgraded":6,"win_rate":0.0,"timestamp":1612737270,"path_taken":["M","?","?","?","M","R","M","E","T","M","R","E","M","E","R","BOSS","M","M","?","?","M","R","E","?","T","R","$","E","M","E","R","BOSS","M","?","?","?","$","R","E","R","T","M"],"items_purchased_type":["Relic","Relic","Card","Relic","Relic"],"build_version":"2020-12-22","purchased_purges":1,"victory":false,"max_hp_per_floor":[75,75,75,75,75,75,75,75,75,75,75,75,75,75,75,75,75,75,75,37,37,37,37,37,37,37,37,37,37,37,37,37,37,37,37,37,37,37,37,37,37,37,37,37,37],"card_choices":[{"not_picked":["Havoc","Warcry"],"picked":"Twin Strike","floor":1},{"not_picked":["Havoc","Metallicize"],"picked":"Reckless Charge","floor":4},{"not_picked":["Warcry","Disarm"],"picked":"Cleave","floor":5},{"not_picked":["True Grit","Perfected Strike"],"picked":"Headbutt","floor":7},{"not_picked":["Rage","Double Tap"],"picked":"Flame Barrier","floor":8},{"not_picked":["Wild Strike","Evolve"],"picked":"Pommel Strike","floor":10},{"not_picked":["Dual Wield","True Grit"],"picked":"Armaments","floor":12},{"not_picked":["Seeing Red","Cleave","Clash"],"picked":"SKIP","floor":13},{"not_picked":["Wild Strike","Dual Wield","Hemokinesis"],"picked":"SKIP","floor":14},{"not_picked":["Brutality","Exhume"],"picked":"Immolate","floor":16},{"not_picked":["Carnage","Flex","Anger"],"picked":"SKIP","floor":18},{"not_picked":["Rampage","Rage"],"picked":"Battle Trance","floor":19},{"not_picked":["Wild Strike","Havoc","Warcry"],"picked":"SKIP","floor":22},{"not_picked":["True Grit","Rampage","Dark Embrace"],"picked":"SKIP","floor":24},{"not_picked":["Anger","Clash","Wild Strike"],"picked":"SKIP","floor":30},{"not_picked":["Carnage","Thunderclap","Headbutt"],"picked":"SKIP","floor":31},{"not_picked":["Brutality","Berserk"],"picked":"Immolate","floor":33},{"not_picked":["Flex","Inflame"],"picked":"Havoc+1","floor":35},{"not_picked":["Thunderclap+1","Armaments+1"],"picked":"True Grit+1","floor":38},{"not_picked":["Searing Blow","Iron Wave+1"],"picked":"Spot Weakness","floor":41}],"player_experience":864246,"relics_obtained":[{"floor":8,"key":"CeramicFish"},{"floor":12,"key":"Regal Pillow"},{"floor":14,"key":"Blue Candle"},{"floor":24,"key":"Kunai"},{"floor":26,"key":"Boot"},{"floor":31,"key":"Turnip"},{"floor":41,"key":"Centennial Puzzle"},{"floor":43,"key":"Toxic Egg 2"}],"event_choices":[{"cards_removed":["Strike_R"],"damage_healed":0,"gold_gain":0,"player_choice":"Card Removal","damage_taken":7,"max_hp_gain":0,"max_hp_loss":0,"event_name":"Golden Wing","floor":2,"gold_loss":0},{"damage_healed":0,"gold_gain":0,"cards_transformed":["Strike_R"],"player_choice":"Transformed","damage_taken":0,"max_hp_gain":0,"max_hp_loss":0,"event_name":"Transmorgrifier","floor":3,"gold_loss":0,"cards_obtained":["Demon Form"]},{"damage_healed":0,"gold_gain":0,"player_choice":"Became a Ghost","damage_taken":0,"max_hp_gain":0,"max_hp_loss":38,"event_name":"Ghosts","floor":20,"gold_loss":0,"cards_obtained":["Ghostly","Ghostly","Ghostly"]},{"damage_healed":0,"gold_gain":50,"player_choice":"Stole From Cult","damage_taken":0,"max_hp_gain":0,"max_hp_loss":0,"event_name":"Nest","floor":21,"gold_loss":0},{"damage_healed":0,"gold_gain":0,"player_choice":"Forge","damage_taken":0,"max_hp_gain":0,"max_hp_loss":0,"event_name":"Accursed Blacksmith","floor":25,"gold_loss":0,"cards_upgraded":["Ghostly"]},{"cards_removed":["Havoc"],"damage_healed":0,"gold_gain":0,"player_choice":"Removed Skill","damage_taken":0,"max_hp_gain":0,"max_hp_loss":0,"event_name":"Falling","floor":36,"gold_loss":0},{"damage_healed":0,"gold_gain":275,"player_choice":"Desecrate","damage_taken":0,"max_hp_gain":0,"max_hp_loss":0,"event_name":"Golden Shrine","floor":37,"gold_loss":0,"cards_obtained":["Regret"]}],"is_beta":false,"boss_relics":[{"not_picked":["Busted Crown","Tiny House"],"picked":"Sozu"},{"not_picked":["SlaversCollar","Coffee Dripper"],"picked":"Runic Pyramid"}],"items_purged_floors":[39],"is_endless":false,"potions_floor_spawned":[4,7,12,13,16,19,22,30,33,41],"killed_by":"Transient","ascension_level":20}}