{"host":"ao4lxi9bhtts409i","time":1612724622,"event":{"mods":["AchievementEnabler","BaseMod","Colored Map","Colored Powertips","Minty Spire (QoL Compilation)","SuperFastMode"],"gold_per_floor":[113,40,53,70,70,70,97,115,115,115,126,76,95,35,35,132,132,144,156,156,38,53,53,0,0,0,0,0,0,25,25,25,125,125,138,152,172,192,66,66,66,66,91,119,59,59,0,14,14,14],"floor_reached":51,"language":"ENG","playtime":1941,"items_purged":["Strike_B"],"score":847,"play_id":"37964daa-eb41-49b7-9a19-8b68331c91c7","local_time":"20210207200342","is_ascension_mode":true,"campfire_choices":[{"data":"Electrodynamics","floor":6,"key":"SMITH"},{"data":"White Noise","floor":10,"key":"SMITH"},{"data":"Zap","floor":15,"key":"SMITH"},{"data":"Defragment","floor":23,"key":"SMITH"},{"data":"Defragment","floor":25,"key":"SMITH"},{"data":"Echo Form","floor":27,"key":"SMITH"},{"data":"Self Repair","floor":29,"key":"SMITH"},{"floor":32,"key":"REST"},{"data":"Seek","floor":40,"key":"SMITH"},{"data":"Chill","floor":42,"key":"SMITH"},{"data":"Seek","floor":46,"key":"SMITH"},{"floor":49,"key":"REST"}],"circlet_count":0,"master_deck":["Zap+1","Dualcast","Electrodynamics+1","FTL+1","White Noise+1","BootSequence","Cold Snap+1","Rebound","Self Repair+1","Echo Form+1","Chill+1","Streamline+1","Defragment+1","Defragment+1","Rebound+1","Defragment+1","Seek+1","Leap","Coolheaded","Fusion","Coolheaded","Reinforced Body","Chill","Hello World+1","Turbo+1","Hologram+1","Seek+1","Electrodynamics","Doubt","Capacitor","Stack+1"],"relics":["Cracked Core","NeowsBlessing","Matryoshka","The Courier","Bottled Lightning","Philosopher\u0027s Stone","DollysMirror","Bag of Marbles","Pantograph","Art of War","Pandora\u0027s Box","DataDisk","Whetstone","Smiling Mask"],"acts_visited":["Exordium","TheCity","TheBeyond"],"potions_floor_usage":[18,18,18,48,48],"damage_taken":[{"damage":0,"enemies":"Cultist","floor":1,"turns":1},{"damage":0,"enemies":"2 Louse","floor":3,"turns":1},{"damage":0,"enemies":"Small Slimes","floor":4,"turns":1},{"damage":12,"enemies":"Lagavulin","floor":7,"turns":7},{"damage":3,"enemies":"Blue Slaver","floor":8,"turns":3},{"damage":0,"enemies":"Large Slime","floor":11,"turns":3},{"damage":5,"enemies":"2 Fungi Beasts","floor":13,"turns":3},{"damage":33,"enemies":"The Guardian","floor":16,"turns":11},{"damage":27,"enemies":"3 Byrds","floor":18,"turns":3},{"damage":9,"enemies":"2 Thieves","floor":19,"turns":2},{"damage":10,"enemies":"Snake Plant","floor":22,"turns":3},{"damage":27,"enemies":"Gremlin Leader","floor":30,"turns":7},{"damage":29,"enemies":"Collector","floor":33,"turns":9},{"damage":4,"enemies":"3 Shapes","floor":35,"turns":2},{"damage":0,"enemies":"Orb Walker","floor":36,"turns":3},{"damage":52,"enemies":"Spire Growth","floor":37,"turns":7},{"damage":0,"enemies":"Writhing Mass","floor":38,"turns":7},{"damage":9,"enemies":"Giant Head","floor":44,"turns":10},{"damage":25,"enemies":"Transient","floor":48,"turns":5},{"damage":31,"enemies":"Time Eater","floor":50,"turns":12}],"seed_played":"-2601751518290851185","potions_obtained":[{"floor":3,"key":"SteroidPotion"},{"floor":8,"key":"EntropicBrew"},{"floor":13,"key":"Weak Potion"},{"floor":19,"key":"Fire Potion"},{"floor":30,"key":"SpeedPotion"},{"floor":33,"key":"SkillPotion"}],"is_trial":false,"path_per_floor":["M","$","M","M","?","R","E","M","T","R","M","?","M","$","R","B",null,"M","M","?","$","M","R","?","R","T","R","$","R","E","?","R","B",null,"M","M","M","M","$","R","?","R","T","E","?","R","$","M","R","B",null],"character_chosen":"DEFECT","items_purchased":["Electrodynamics","DollysMirror","DataDisk","Capacitor"],"campfire_rested":2,"item_purchase_floors":[2,21,39,47],"current_hp_per_floor":[75,75,75,75,80,80,68,65,65,65,65,65,60,60,60,34,80,60,51,51,51,55,55,55,55,55,55,55,55,38,38,62,61,80,76,80,38,58,58,58,58,58,58,59,59,59,59,44,67,56],"gold":14,"neow_bonus":"THREE_ENEMY_KILL","is_daily":false,"chose_seed":false,"campfire_upgraded":10,"win_rate":0.0,"timestamp":1612724622,"path_taken":["M","?","M","?","?","R","E","M","T","R","M","?","M","?","R","BOSS","M","M","?","$","M","R","?","R","T","R","?","R","E","?","R","BOSS","M","?","?","?","$","R","?","R","T","E","?","R","$","?","R","BOSS"],"items_purchased_type":["Card","Relic","Relic","Card"],"build_version":"2020-12-22","purchased_purges":1,"victory":true,"max_hp_per_floor":[75,75,75,75,80,80,80,80,80,80,80,80,80,80,80,80,80,80,80,80,80,80,80,80,80,80,80,80,80,80,80,80,80,80,80,80,80,80,80,80,80,80,80,80,77,77,77,77,77,77],"card_choices":[{"not_picked":["Go for the Eyes","Storm"],"picked":"Streamline","floor":1},{"not_picked":["Streamline","Doom and Gloom"],"picked":"FTL","floor":3},{"not_picked":["Cold Snap","Coolheaded"],"picked":"White Noise","floor":4},{"not_picked":["Turbo","Hologram"],"picked":"BootSequence","floor":7},{"not_picked":["Gash","Beam Cell"],"picked":"Cold Snap","floor":8},{"not_picked":["Redo","Rainbow"],"picked":"Rebound","floor":11},{"not_picked":["Glacier","Gash"],"picked":"Self Repair","floor":13},{"not_picked":["All For One","Core Surge"],"picked":"Echo Form","floor":16},{"not_picked":["Steam","Coolheaded"],"picked":"Chill","floor":18},{"not_picked":["Genetic Algorithm","Cold Snap"],"picked":"Streamline+1","floor":19},{"not_picked":["Cold Snap","Blizzard"],"picked":"Rebound+1","floor":22},{"not_picked":["FTL","Doom and Gloom","Redo+1"],"picked":"SKIP","floor":30},{"not_picked":["Meteor Strike","Creative AI"],"picked":"Seek","floor":33},{"not_picked":["Heatsinks","Scrape+1","Barrage"],"picked":"SKIP","floor":35},{"not_picked":["Barrage","Consume"],"picked":"Hello World+1","floor":36},{"not_picked":["Leap+1","Skim+1"],"picked":"Turbo+1","floor":37},{"not_picked":["Turbo+1","Ball Lightning"],"picked":"Hologram+1","floor":38},{"not_picked":["Genetic Algorithm+1","Ball Lightning+1"],"picked":"Seek","floor":44},{"not_picked":["Self Repair","Leap+1"],"picked":"Stack+1","floor":48}],"player_experience":280697,"relics_obtained":[{"floor":7,"key":"Matryoshka"},{"floor":9,"key":"The Courier"},{"floor":9,"key":"Bottled Lightning"},{"floor":26,"key":"Bag of Marbles"},{"floor":26,"key":"Pantograph"},{"floor":30,"key":"Art of War"},{"floor":43,"key":"Whetstone"},{"floor":44,"key":"Smiling Mask"}],"event_choices":[{"damage_healed":0,"gold_gain":0,"player_choice":"Donut","damage_taken":0,"max_hp_gain":5,"max_hp_loss":0,"event_name":"Big Fish","floor":5,"gold_loss":0},{"cards_removed":["Strike_B"],"damage_healed":0,"gold_gain":0,"player_choice":"Card Removal","damage_taken":0,"max_hp_gain":0,"max_hp_loss":0,"event_name":"The Cleric","floor":12,"gold_loss":50},{"damage_healed":0,"gold_gain":0,"player_choice":"Read","damage_taken":0,"max_hp_gain":0,"max_hp_loss":0,"event_name":"The Library","floor":20,"gold_loss":0,"cards_obtained":["Defragment"]},{"damage_healed":0,"gold_gain":0,"player_choice":"Paid Fearfully","damage_taken":0,"max_hp_gain":0,"max_hp_loss":0,"event_name":"Masked Bandits","floor":24,"gold_loss":53},{"damage_healed":0,"gold_gain":0,"player_choice":"Copied","damage_taken":0,"max_hp_gain":0,"max_hp_loss":0,"event_name":"Duplicator","floor":31,"gold_loss":0,"cards_obtained":["Defragment"]},{"damage_healed":0,"gold_gain":0,"player_choice":"Memory 1","damage_taken":0,"max_hp_gain":0,"max_hp_loss":0,"event_name":"SensoryStone","floor":41,"gold_loss":0},{"damage_healed":0,"gold_gain":0,"cards_transformed":["Streamline","Parasite"],"player_choice":"Transformed Cards","damage_taken":0,"max_hp_gain":0,"max_hp_loss":0,"event_name":"Designer","floor":45,"gold_loss":60,"cards_obtained":["Electrodynamics","Doubt"]}],"is_beta":false,"boss_relics":[{"not_picked":["FrozenCore","Ectoplasm"],"picked":"Philosopher\u0027s Stone"},{"not_picked":["Calling Bell","Coffee Dripper"],"picked":"Pandora\u0027s Box"}],"items_purged_floors":[14],"is_endless":false,"potions_floor_spawned":[3,8,13,19,30,33,35,38],"ascension_level":4}}