{"host":"ml2ro5l6hu6y0pll","time":1612741636,"event":{"mods":["AchievementEnabler","BaseMod","Colored Map","Colored Powertips","Custom Start","Downfall","Googly Eyes","Minty Spire (QoL Compilation)","Quick Restart","Rare Cards Sparkle","Relic Stats","StSLib","everything is the same but u backflip on backflip"],"gold_per_floor":[113,26,26,37,54,54,85,98,98,127,140,160,189,189,189,282,282,302,37,37,58,81,125,125,125,125,160,160,184,184,223,223,318,318,334,93,107,123,456,485,485,519,519,519,549,360,371,402,402,402,402,402,402,85,111,111],"floor_reached":57,"language":"ENG","playtime":2024,"items_purged":["Strike_R"],"score":3321,"play_id":"ad36be93-4792-4731-9c52-d8206ac7507a","local_time":"20210207234716","is_ascension_mode":true,"campfire_choices":[{"data":"1","floor":6,"key":"LIFT"},{"data":"2","floor":15,"key":"LIFT"},{"data":"3","floor":24,"key":"LIFT"},{"data":"Limit Break","floor":28,"key":"SMITH"},{"data":"Rupture","floor":30,"key":"SMITH"},{"data":"Rupture","floor":32,"key":"SMITH"},{"floor":41,"key":"RECALL"},{"floor":49,"key":"REST"},{"floor":53,"key":"REST"}],"circlet_count":0,"master_deck":["Combust","Offering","Flame Barrier","Ghostly Armor","Shrug It Off","Defend_R","Defend_R","Defend_R","Thunderclap","Anger","Bash+1","Whirlwind","Spot Weakness","Rupture+1","Rupture+1","Fiend Fire+1","Shrug It Off+1","Battle Trance","Juggernaut","Limit Break+1","Impervious","Heavy Blade+1","Reaper+1","Exhume","Shrug It Off"],"relics":["Burning Blood","Chemical X","Ice Cream","Girya","Membership Card","Sling","Mercury Hourglass","Meat on the Bone","Question Card","Lizard Tail","Sozu","Bag of Preparation","Champion Belt","MutagenicStrength","CaptainsWheel","Molten Egg 2","Paper Frog","Fusion Hammer","Akabeko","WingedGreaves","Pen Nib","Strawberry","White Beast Statue","MawBank","Bronze Scales","Shuriken","Kunai","Whetstone","Toolbox","Incense Burner"],"acts_visited":["Exordium","TheCity","TheBeyond","TheEnding"],"potions_floor_usage":[11,56],"damage_taken":[{"damage":0,"enemies":"2 Louse","floor":1,"turns":2},{"damage":1,"enemies":"Cultist","floor":4,"turns":3},{"damage":7,"enemies":"Jaw Worm","floor":5,"turns":2},{"damage":13,"enemies":"Lagavulin","floor":7,"turns":5},{"damage":8,"enemies":"Large Slime","floor":8,"turns":3},{"damage":6,"enemies":"3 Sentries","floor":10,"turns":1},{"damage":4,"enemies":"Gremlin Gang","floor":11,"turns":3},{"damage":1,"enemies":"Blue Slaver","floor":12,"turns":3},{"damage":7,"enemies":"Gremlin Nob","floor":13,"turns":2},{"damage":19,"enemies":"Hexaghost","floor":16,"turns":5},{"damage":19,"enemies":"Shell Parasite","floor":18,"turns":4},{"damage":8,"enemies":"Spheric Guardian","floor":21,"turns":2},{"damage":14,"enemies":"Snake Plant","floor":22,"turns":4},{"damage":9,"enemies":"Book of Stabbing","floor":23,"turns":4},{"damage":6,"enemies":"Slavers","floor":27,"turns":1},{"damage":0,"enemies":"3 Cultists","floor":29,"turns":2},{"damage":6,"enemies":"Gremlin Leader","floor":31,"turns":3},{"damage":40,"enemies":"Automaton","floor":33,"turns":6},{"damage":6,"enemies":"3 Shapes","floor":35,"turns":4},{"damage":0,"enemies":"Orb Walker","floor":37,"turns":4},{"damage":6,"enemies":"Sphere and 2 Shapes","floor":38,"turns":1},{"damage":21,"enemies":"Reptomancer","floor":40,"turns":3},{"damage":0,"enemies":"Nemesis","floor":42,"turns":1},{"damage":19,"enemies":"Reptomancer","floor":45,"turns":3},{"damage":33,"enemies":"4 Shapes","floor":47,"turns":5},{"damage":8,"enemies":"Giant Head","floor":48,"turns":4},{"damage":45,"enemies":"Time Eater","floor":50,"turns":5},{"damage":18,"enemies":"Awakened One","floor":51,"turns":6},{"damage":57,"enemies":"Shield and Spear","floor":55,"turns":6},{"damage":118,"enemies":"The Heart","floor":56,"turns":8}],"seed_played":"-785671882852812409","potions_obtained":[{"floor":4,"key":"DistilledChaos"},{"floor":5,"key":"ElixirPotion"},{"floor":12,"key":"BlessingOfTheForge"},{"floor":16,"key":"EssenceOfSteel"}],"is_trial":true,"path_per_floor":["M","$","?","M","M","R","E","M","T","E","M","M","E","?","R","B",null,"M","$","?","M","M","E","R","?","T","E","R","M","R","E","R","B",null,"M","$","M","M","?","E","R","E","T","?","E","$","M","E","R","B","B",null,"R","$","E","B",null],"character_chosen":"IRONCLAD","items_purchased":["Sling","Bag of Preparation","Champion Belt","Battle Trance","Akabeko","WingedGreaves","Bronze Scales","Exhume","Kunai","Whetstone","Shrug It Off","Toolbox"],"campfire_rested":2,"item_purchase_floors":[2,19,19,19,36,36,46,46,54,54,54,54],"current_hp_per_floor":[74,74,74,75,74,74,67,65,65,65,67,72,71,45,45,44,67,54,54,54,52,44,53,53,53,53,53,53,59,59,59,59,37,66,66,66,72,72,72,57,57,70,70,70,57,57,80,78,82,82,70,79,82,82,79,44],"gold":111,"neow_bonus":"","is_daily":false,"chose_seed":false,"campfire_upgraded":3,"win_rate":0.0,"timestamp":1612741636,"path_taken":["M","$","?","M","M","R","E","M","T","E","?","M","E","?","R","BOSS","M","$","?","M","M","E","R","?","T","E","R","M","R","E","R","BOSS","M","$","?","M","?","E","R","E","T","?","E","$","M","E","R","BOSS","BOSS","R","$","E","BOSS"],"items_purchased_type":["Relic","Relic","Relic","Card","Relic","Relic","Relic","Card","Relic","Relic","Card","Relic"],"build_version":"2020-12-22","purchased_purges":1,"victory":true,"max_hp_per_floor":[75,75,75,75,75,75,75,75,75,75,75,75,75,75,75,75,75,75,75,75,75,75,75,75,75,75,75,75,75,75,75,75,75,75,75,75,75,75,75,75,75,82,82,82,82,82,82,82,82,82,82,82,82,82,82,82],"relic_stats":{"counters":[30,104],"Pen Nib":[3],"Bag of Preparation":[38],"Whetstone":["Bash","Fiend Fire"],"Question Card":21,"MawBank":12,"Burning Blood":170,"Mercury Hourglass":[398],"Sozu":10,"Lizard Tail":0,"Shuriken":[2],"Bronze Scales":[180],"Chemical X":[31],"Champion Belt":[24],"Kunai":[0],"obtain_stats":[{"Ice Cream":0,"Bag of Preparation":19,"Incense Burner":55,"Whetstone":54,"Sling":2,"Burning Blood":0,"Sozu":17,"Lizard Tail":13,"Strawberry":42,"Toolbox":54,"Fusion Hammer":34,"WingedGreaves":36,"Chemical X":0,"Kunai":54,"Paper Frog":31,"Girya":0,"Golden Idol":14,"Pen Nib":40,"Question Card":10,"MawBank":45,"Akabeko":36,"White Beast Statue":44,"Mercury Hourglass":7,"CaptainsWheel":26,"Shuriken":48,"MutagenicStrength":20,"Bronze Scales":46,"Molten Egg 2":27,"Membership Card":0,"Champion Belt":19,"Meat on the Bone":9},{"Ice Cream":0,"Bag of Preparation":11,"Incense Burner":29,"Whetstone":28,"Sling":1,"Burning Blood":0,"Sozu":10,"Lizard Tail":9,"Strawberry":23,"Toolbox":28,"Fusion Hammer":18,"WingedGreaves":19,"Chemical X":0,"Kunai":28,"Paper Frog":17,"Girya":0,"Golden Idol":9,"Pen Nib":22,"Question Card":6,"MawBank":24,"Akabeko":19,"White Beast Statue":23,"Mercury Hourglass":4,"CaptainsWheel":14,"Shuriken":26,"MutagenicStrength":11,"Bronze Scales":24,"Molten Egg 2":15,"Membership Card":0,"Champion Belt":11,"Meat on the Bone":5},{"Ice Cream":0,"Bag of Preparation":33,"Incense Burner":96,"Whetstone":90,"Sling":2,"Burning Blood":0,"Sozu":29,"Lizard Tail":24,"Strawberry":67,"Toolbox":90,"Fusion Hammer":54,"WingedGreaves":58,"Chemical X":0,"Kunai":90,"Paper Frog":48,"Girya":0,"Golden Idol":24,"Pen Nib":66,"Question Card":16,"MawBank":70,"Akabeko":58,"White Beast Statue":67,"Mercury Hourglass":12,"CaptainsWheel":42,"Shuriken":79,"MutagenicStrength":33,"Bronze Scales":70,"Molten Egg 2":43,"Membership Card":0,"Champion Belt":33,"Meat on the Bone":15}],"Meat on the Bone":48},"card_choices":[{"not_picked":["Thunderclap","Headbutt"],"picked":"Rupture","floor":1},{"not_picked":["Sever Soul","Iron Wave","Entrench"],"picked":"SKIP","floor":4},{"not_picked":["Seeing Red","Armaments","Ghostly Armor"],"picked":"SKIP","floor":5},{"not_picked":["Spot Weakness","Clash"],"picked":"Rupture","floor":7},{"not_picked":["Spot Weakness","Combust","Iron Wave"],"picked":"SKIP","floor":8},{"not_picked":["Twin Strike","Inflame","Spot Weakness"],"picked":"SKIP","floor":10},{"not_picked":["Pommel Strike","Fire Breathing","Anger","Whirlwind"],"picked":"SKIP","floor":11},{"not_picked":["Cleave","Headbutt","Rage","Burning Pact"],"picked":"SKIP","floor":12},{"not_picked":["Infernal Blade","Shrug It Off","Reckless Charge","Havoc"],"picked":"SKIP","floor":13},{"not_picked":["Bludgeon","Berserk","Double Tap"],"picked":"Fiend Fire","floor":16},{"not_picked":["Twin Strike","Thunderclap","Immolate"],"picked":"Shrug It Off+1","floor":18},{"not_picked":["Flex","Searing Blow","Body Slam","Havoc+1"],"picked":"SKIP","floor":21},{"not_picked":["Thunderclap","Wild Strike","Ghostly Armor","Rage"],"picked":"SKIP","floor":22},{"not_picked":["Perfected Strike","Havoc","Flex","Clash"],"picked":"SKIP","floor":23},{"not_picked":["Perfected Strike+1","Ghostly Armor","Clash+1"],"picked":"Limit Break","floor":27},{"not_picked":["Warcry","Shrug It Off+1","Iron Wave+1","Cleave+1"],"picked":"SKIP","floor":29},{"not_picked":["Flex","Juggernaut","Pommel Strike+1","Perfected Strike+1"],"picked":"SKIP","floor":31},{"not_picked":["Exhume","Berserk","Corruption"],"picked":"Impervious","floor":33},{"not_picked":["Warcry","Pommel Strike+1","Shockwave+1","Armaments"],"picked":"SKIP","floor":35},{"not_picked":["Clothesline+1","Power Through","Pommel Strike+1"],"picked":"Heavy Blade+1","floor":37},{"not_picked":["Searing Blow+1","Sword Boomerang+1","Clothesline+1","Shrug It Off+1"],"picked":"SKIP","floor":38},{"not_picked":["Searing Blow+1","Reckless Charge+1","Heavy Blade+1","Sword Boomerang+1"],"picked":"SKIP","floor":40},{"not_picked":["Sword Boomerang+1","Clothesline+1","Blood for Blood+1","Spot Weakness"],"picked":"SKIP","floor":42},{"not_picked":["Metallicize","Rampage+1","Armaments"],"picked":"Reaper+1","floor":45},{"not_picked":["Carnage+1","Inflame","Evolve","Battle Trance"],"picked":"SKIP","floor":47},{"not_picked":["Flex","Spot Weakness","Entrench","Thunderclap+1"],"picked":"SKIP","floor":48},{"not_picked":["Feel No Pain","Havoc","Body Slam+1","Perfected Strike+1"],"picked":"SKIP","floor":55}],"player_experience":993066,"relics_obtained":[{"floor":7,"key":"Mercury Hourglass"},{"floor":9,"key":"Meat on the Bone"},{"floor":10,"key":"Question Card"},{"floor":13,"key":"Lizard Tail"},{"floor":26,"key":"CaptainsWheel"},{"floor":27,"key":"Molten Egg 2"},{"floor":31,"key":"Paper Frog"},{"floor":40,"key":"Pen Nib"},{"floor":42,"key":"Strawberry"},{"floor":45,"key":"MawBank"},{"floor":48,"key":"Shuriken"},{"floor":55,"key":"Incense Burner"}],"event_choices":[{"cards_removed":["Strike_R"],"damage_healed":0,"gold_gain":0,"player_choice":"Offered Basic","damage_taken":0,"max_hp_gain":0,"max_hp_loss":0,"event_name":"Bonfire Elementals","floor":3,"gold_loss":0},{"damage_healed":0,"gold_gain":0,"player_choice":"Take Damage","damage_taken":26,"relics_obtained":["Golden Idol"],"max_hp_gain":0,"max_hp_loss":0,"event_name":"Golden Idol","floor":14,"gold_loss":0},{"damage_healed":0,"gold_gain":0,"player_choice":"Inject Mutagens","damage_taken":0,"relics_obtained":["MutagenicStrength"],"max_hp_gain":0,"max_hp_loss":0,"event_name":"Drug Dealer","floor":20,"gold_loss":0},{"damage_healed":0,"gold_gain":0,"player_choice":"1 cards matched","damage_taken":0,"max_hp_gain":0,"max_hp_loss":0,"event_name":"Match and Keep!","floor":25,"gold_loss":0,"cards_obtained":["Juggernaut"]},{"damage_healed":0,"gold_gain":333,"player_choice":"Gave Idol","damage_taken":0,"max_hp_gain":0,"max_hp_loss":0,"event_name":"The Moai Head","floor":39,"relics_lost":["Golden Idol"],"gold_loss":0},{"damage_healed":0,"gold_gain":0,"player_choice":"Gave Potion","damage_taken":0,"relics_obtained":["White Beast Statue"],"max_hp_gain":0,"max_hp_loss":0,"event_name":"WeMeetAgain","floor":44,"gold_loss":0}],"is_beta":false,"boss_relics":[{"not_picked":["Cursed Key","Black Star"],"picked":"Sozu"},{"not_picked":["Busted Crown","Tiny House"],"picked":"Fusion Hammer"}],"items_purged_floors":[46],"is_endless":false,"potions_floor_spawned":[4,5,8,12,16,21,22,31,33,35,38,42,45,47,48,55],"ascension_level":20}}