{"host":"ormi09wwzv7sq47a","time":1612662785,"event":{"mods":["2.2 Compatiblity","AchievementEnabler","Act Like it!","BaseMod","Bestiary","Better Altar","Better Note","Better Sensory Stone","Better Silent Start","Better Skull","Better Third Choice","Better Vampires","BetterRewards","Block Reminder","Card Forge","Colored Map","Colored Powertips","Curses Come First","DeckTracker","Downfall","Highlight Path","Minty Spire (QoL Compilation)","Permanent Neow","Quick Restart","Rare Cards Sparkle","Relic Stats","Shop Mod","StSLib","The Jungle"],"gold_per_floor":[116,129,129,141,156,156,172,172,195,208,220,232,232,242,242,321,321,333,34,49,59,59,59,91,103,138,168,192,304,316,343,355,438,500,529,541,70,80,80,80,99,99,149,149,2,22,22,73,73,73,73],"floor_reached":50,"language":"ENG","playtime":1725,"items_purged":["Strike_R"],"score":1094,"play_id":"aca9a7c8-2b06-47b4-beae-588c265e761b","local_time":"20210206235305","is_ascension_mode":true,"campfire_choices":[{"data":"Whirlwind","floor":6.0,"key":"SMITH"},{"data":"Sadistic Nature","floor":8.0,"key":"SMITH"},{"data":"Perfected Strike","floor":13.0,"key":"SMITH"},{"data":"Bludgeon","floor":15.0,"key":"SMITH"},{"data":"Offering","floor":23.0,"key":"SMITH"},{"data":"Disarm","floor":25,"key":"SMITH"},{"data":"Corruption","floor":30,"key":"SMITH"},{"data":"Dark Embrace","floor":32,"key":"SMITH"},{"data":"Demon Form","floor":40,"key":"SMITH"},{"data":"Offering","floor":42,"key":"SMITH"},{"data":"Disarm","floor":44,"key":"SMITH"},{"floor":49,"key":"RECALL"}],"circlet_count":0,"master_deck":["AscendersBane","Strike_R","Strike_R","Strike_R","Defend_R","Defend_R","Defend_R","Defend_R+1","Bash","Sadistic Nature+1","Iron Wave","Whirlwind+1","Perfected Strike+1","Bludgeon+1","Uppercut","Seeing Red","Offering+1","Disarm+1","Double Tap","Double Tap","Shrug It Off","Corruption+1","Havoc+1","Dark Embrace+1","Disarm+1","Disarm","Demon Form+1","Shrug It Off","Ghostly Armor+1","Disarm","Offering+1","Feel No Pain","Entrench"],"relics":["Burning Blood","Hammer of Thor","Seething Fire","Anvil of the Gods","Champion Belt","sneckomod:BlankCard","Coffee Dripper","Bag of Marbles","Du-Vu Doll","Sundial","Lantern","Shuriken","MerchantsRug","Nunchaku","Membership Card","Calipers"],"acts_visited":["Exordium","TheCity","TheBeyond"],"potions_floor_usage":[24,28,29,33,38,41,48,50],"damage_taken":[{"damage":12.0,"enemies":"Jaw Worm","floor":1.0,"turns":4.0},{"damage":0.0,"enemies":"Cultist","floor":2.0,"turns":2.0},{"damage":3.0,"enemies":"2 Louse","floor":4.0,"turns":2.0},{"damage":16.0,"enemies":"Lots of Slimes","floor":5.0,"turns":2.0},{"damage":5.0,"enemies":"2 Fungi Beasts","floor":7.0,"turns":4.0},{"damage":16.0,"enemies":"Exordium Thugs","floor":10.0,"turns":3.0},{"damage":1.0,"enemies":"Red Slaver","floor":11.0,"turns":3.0},{"damage":1.0,"enemies":"Looter","floor":12.0,"turns":3.0},{"damage":0.0,"enemies":"Large Slime","floor":14.0,"turns":2.0},{"damage":3.0,"enemies":"Slime Boss","floor":16.0,"turns":6.0},{"damage":12.0,"enemies":"2 Thieves","floor":18.0,"turns":3.0},{"damage":7.0,"enemies":"Chosen","floor":20.0,"turns":2.0},{"damage":6.0,"enemies":"Snecko","floor":21.0,"turns":2.0},{"damage":6,"enemies":"Slavers","floor":24,"turns":2},{"damage":7,"enemies":"3 Cultists","floor":27,"turns":3},{"damage":1,"enemies":"Centurion and Healer","floor":28,"turns":2},{"damage":0,"enemies":"Colosseum Slavers","floor":29,"turns":2},{"damage":2,"enemies":"Colosseum Nobs","floor":29,"turns":3},{"damage":0,"enemies":"Snake Plant","floor":31,"turns":2},{"damage":16,"enemies":"Collector","floor":33,"turns":3},{"damage":2,"enemies":"Orb Walker","floor":35,"turns":3},{"damage":0,"enemies":"3 Shapes","floor":38,"turns":2},{"damage":30,"enemies":"Writhing Mass","floor":41,"turns":2},{"damage":22,"enemies":"4 Shapes","floor":46,"turns":1},{"damage":21,"enemies":"2 Orb Walkers","floor":48,"turns":5},{"damage":46,"enemies":"Time Eater","floor":50,"turns":10}],"seed_played":"4210997372853794704","potions_obtained":[{"floor":7.0,"key":"LiquidMemories"},{"floor":11.0,"key":"Weak Potion"},{"floor":12.0,"key":"Dexterity Potion"},{"floor":20.0,"key":"EssenceOfSteel"},{"floor":21.0,"key":"SteroidPotion"},{"floor":27,"key":"Explosive Potion"},{"floor":28,"key":"SpeedPotion"},{"floor":33,"key":"DuplicationPotion"},{"floor":34,"key":"Energy Potion"},{"floor":46,"key":"Regen Potion"},{"floor":48,"key":"hexamod:SoulburnPotion"}],"is_trial":false,"path_per_floor":["M","M","?","M","M","R","M","R","T","M","M","M","R","M","R","B",null,"M","$","M","M","?","R","E","R","T","M","M","?","R","M","R","B",null,"M","?","$","M","T","R","M","R","T","R","$","M","$","?","R","B"],"character_chosen":"IRONCLAD","items_purchased":["Sadistic Nature","Disarm","Double Tap","Lantern","Shuriken","MerchantsRug","Membership Card"],"campfire_rested":0,"item_purchase_floors":[0,19,19,37,37,37,45],"current_hp_per_floor":[58,64,56,59,49,49,50,50,50,40,45,50,50,56,56,59,75,69,69,68,68,68,68,68,68,68,67,72,80,80,80,80,70,83,85,85,85,85,85,85,61,61,61,61,61,45,45,44,44,0,0],"gold":73,"neow_bonus":"","is_daily":false,"chose_seed":false,"campfire_upgraded":11,"win_rate":0.0,"timestamp":1612662785,"path_taken":["M","M","?","?","M","R","?","R","T","M","M","M","R","M","R","BOSS","M","$","M","M","?","R","E","R","T","?","M","?","R","M","R","BOSS","M","?","$","?","?","R","?","R","T","R","?","M","?","?","R","BOSS"],"items_purchased_type":["Card","Card","Card","Relic","Relic","Relic","Relic"],"build_version":"2020-12-22","purchased_purges":1,"victory":false,"max_hp_per_floor":[80,80,80,80,80,80,80,80,80,80,80,80,80,80,80,80,80,80,80,80,80,80,80,80,80,80,80,80,80,80,80,80,80,85,85,85,85,85,85,85,85,85,85,85,85,85,85,85,85,85,85],"relic_stats":{"Nunchaku":[3],"counters":[234,1017],"Sundial":[2],"Shuriken":[7],"Champion Belt":[57],"obtain_stats":[{"Tiny House":34,"Calipers":48,"Vajra":48,"Hammer of Thor":0,"Whetstone":23,"Boot":24,"Old Coin":10,"Sozu":17,"Blood Vial":41,"Centennial Puzzle":27,"DollysMirror":0,"Sundial":47,"Philosopher\u0027s Stone":34,"Prayer Wheel":36,"MealTicket":43,"Kunai":38,"Toxic Egg 2":11,"Slimebound:AggressiveSlimeRelic":38,"MerchantsRug":38,"Girya":0,"Pear":20,"Happy Flower":11,"betterAltar:BloodRelic":30,"Blue Candle":10,"Astrolabe":17,"Dead Branch":44,"Oddly Smooth Stone":27,"Velvet Choker":34,"Eternal Feather":6,"Pen Nib":21,"Guardian:PocketSentry":40,"Letter Opener":0,"War Paint":4,"Akabeko":9,"Du-Vu Doll":43,"Anvil of the Gods":0,"Brimstone":29,"Shuriken":21,"Bronze Scales":47,"Bird Faced Urn":54,"MutagenicStrength":21,"Snecko Eye":17,"Molten Egg 2":26,"Mark of Pain":17,"StrikeDummy":25,"Unceasing Top":0,"Meat on the Bone":48,"Darkstone Periapt":28,"Regal Pillow":0,"Lantern":3,"sneckomod:BlankCard":9,"Magic Flower":26,"Black Blood":17,"StoneCalendar":24,"Mango":0,"Incense Burner":0,"Empty Cage":17,"Smiling Mask":41,"Burning Blood":0,"ClockworkSouvenir":38,"Nunchaku":12,"Matryoshka":26,"TheAbacus":47,"Shovel":10,"Gambling Chip":12,"Pantograph":54,"InkBottle":11,"Paper Frog":29,"Golden Idol":3,"Self Forming Clay":28,"Thread and Needle":0,"PreservedInsect":40,"Seething Fire":0,"Odd Mushroom":14,"Orichalcum":26,"Medical Kit":0,"MawBank":24,"White Beast Statue":8,"Mercury Hourglass":54,"Peace Pipe":0,"CaptainsWheel":45,"Anchor":54,"Ornamental Fan":9,"Turnip":42,"Slimebound:AbsorbEndCombat":0,"Bag of Marbles":3,"Coffee Dripper":34,"Membership Card":0,"Bottled Lightning":41,"Champion Belt":24,"hexamod:BolsterEngine":26,"FossilizedHelix":0,"Toy Ornithopter":44,"TungstenRod":42},{"Tiny House":228,"Calipers":233,"Vajra":41,"Hammer of Thor":0,"Whetstone":30,"Boot":168,"Old Coin":23,"Sozu":10,"Blood Vial":39,"Centennial Puzzle":86,"DollysMirror":127,"Sundial":151,"Philosopher\u0027s Stone":35,"Prayer Wheel":37,"MealTicket":39,"Kunai":38,"Toxic Egg 2":23,"Slimebound:AggressiveSlimeRelic":38,"MerchantsRug":38,"Girya":127,"Pear":12,"Happy Flower":77,"betterAltar:BloodRelic":143,"Blue Candle":50,"Astrolabe":53,"Dead Branch":93,"Oddly Smooth Stone":32,"Velvet Choker":88,"Eternal Feather":4,"Pen Nib":82,"Guardian:PocketSentry":92,"Letter Opener":18,"War Paint":2,"Akabeko":5,"Du-Vu Doll":178,"Anvil of the Gods":0,"Brimstone":86,"Shuriken":109,"Bronze Scales":69,"Bird Faced Urn":72,"MutagenicStrength":166,"Snecko Eye":107,"Molten Egg 2":15,"Mark of Pain":165,"StrikeDummy":31,"Unceasing Top":18,"Meat on the Bone":41,"Darkstone Periapt":110,"Regal Pillow":18,"Lantern":20,"sneckomod:BlankCard":213,"Magic Flower":110,"Black Blood":193,"StoneCalendar":57,"Mango":183,"Incense Burner":0,"Empty Cage":26,"Smiling Mask":118,"Burning Blood":0,"ClockworkSouvenir":38,"Nunchaku":51,"Matryoshka":31,"TheAbacus":41,"Shovel":162,"Gambling Chip":24,"Pantograph":97,"InkBottle":6,"Paper Frog":169,"Golden Idol":2,"Self Forming Clay":169,"Thread and Needle":127,"PreservedInsect":177,"Seething Fire":0,"Odd Mushroom":9,"Orichalcum":168,"Medical Kit":0,"MawBank":222,"White Beast Statue":5,"Mercury Hourglass":182,"Peace Pipe":73,"CaptainsWheel":94,"Anchor":126,"Ornamental Fan":22,"Turnip":67,"Slimebound:AbsorbEndCombat":0,"Bag of Marbles":46,"Coffee Dripper":61,"Membership Card":18,"Bottled Lightning":66,"Champion Belt":110,"hexamod:BolsterEngine":57,"FossilizedHelix":44,"Toy Ornithopter":120,"TungstenRod":149},{"Tiny House":994,"Calipers":1007,"Vajra":139,"Hammer of Thor":0,"Whetstone":105,"Boot":768,"Old Coin":85,"Sozu":45,"Blood Vial":132,"Centennial Puzzle":364,"DollysMirror":536,"Sundial":685,"Philosopher\u0027s Stone":121,"Prayer Wheel":127,"MealTicket":132,"Kunai":129,"Toxic Egg 2":85,"Slimebound:AggressiveSlimeRelic":129,"MerchantsRug":129,"Girya":536,"Pear":52,"Happy Flower":333,"betterAltar:BloodRelic":643,"Blue Candle":181,"Astrolabe":198,"Dead Branch":383,"Oddly Smooth Stone":110,"Velvet Choker":369,"Eternal Feather":13,"Pen Nib":349,"Guardian:PocketSentry":380,"Letter Opener":73,"War Paint":6,"Akabeko":19,"Du-Vu Doll":809,"Anvil of the Gods":0,"Brimstone":364,"Shuriken":456,"Bronze Scales":289,"Bird Faced Urn":311,"MutagenicStrength":761,"Snecko Eye":449,"Molten Egg 2":59,"Mark of Pain":757,"StrikeDummy":108,"Unceasing Top":73,"Meat on the Bone":139,"Darkstone Periapt":460,"Regal Pillow":73,"Lantern":77,"sneckomod:BlankCard":953,"Magic Flower":460,"Black Blood":871,"StoneCalendar":219,"Mango":832,"Incense Burner":0,"Empty Cage":95,"Smiling Mask":498,"Burning Blood":0,"ClockworkSouvenir":129,"Nunchaku":186,"Matryoshka":108,"TheAbacus":139,"Shovel":740,"Gambling Chip":89,"Pantograph":402,"InkBottle":25,"Paper Frog":772,"Golden Idol":6,"Self Forming Clay":772,"Thread and Needle":536,"PreservedInsect":806,"Seething Fire":0,"Odd Mushroom":35,"Orichalcum":768,"Medical Kit":0,"MawBank":979,"White Beast Statue":19,"Mercury Hourglass":825,"Peace Pipe":319,"CaptainsWheel":386,"Anchor":528,"Ornamental Fan":81,"Turnip":279,"Slimebound:AbsorbEndCombat":0,"Bag of Marbles":164,"Coffee Dripper":245,"Membership Card":73,"Bottled Lightning":274,"Champion Belt":460,"hexamod:BolsterEngine":219,"FossilizedHelix":156,"Toy Ornithopter":504,"TungstenRod":676}],"Burning Blood":898},"card_choices":[{"not_picked":["Anger","Body Slam","Second Wind"],"picked":"SKIP","floor":1.0},{"not_picked":["True Grit","Wild Strike"],"picked":"Iron Wave","floor":2.0},{"not_picked":["Combust","Headbutt"],"picked":"Whirlwind","floor":4.0},{"not_picked":["Feel No Pain","Headbutt"],"picked":"Perfected Strike","floor":5.0},{"not_picked":["Heavy Blade","Shrug It Off"],"picked":"Bludgeon","floor":7.0},{"not_picked":["Ghostly Armor","Pommel Strike"],"picked":"Uppercut","floor":10.0},{"not_picked":["Havoc","Flex"],"picked":"Seeing Red","floor":11.0},{"not_picked":["Spot Weakness","Sword Boomerang","Body Slam"],"picked":"SKIP","floor":12.0},{"not_picked":["Body Slam","Iron Wave","Second Wind"],"picked":"SKIP","floor":14.0},{"not_picked":["Barricade","Bludgeon"],"picked":"Offering","floor":16.0},{"not_picked":["Combust","Cleave","Anger"],"picked":"SKIP","floor":18.0},{"not_picked":["Dual Wield","Sword Boomerang","Heavy Blade"],"picked":"SKIP","floor":20.0},{"not_picked":["Bloodletting","Body Slam","Heavy Blade+1"],"picked":"SKIP","floor":21.0},{"not_picked":["Metallicize","Wild Strike"],"picked":"Corruption","floor":24},{"not_picked":["Carnage","Shrug It Off"],"picked":"Havoc+1","floor":27},{"not_picked":["Headbutt","Barricade"],"picked":"Dark Embrace","floor":28},{"not_picked":["Body Slam","Reckless Charge"],"picked":"Disarm","floor":29},{"not_picked":["Wild Strike+1","Burning Pact"],"picked":"Disarm","floor":31},{"not_picked":["Corruption","Double Tap"],"picked":"Demon Form","floor":33},{"not_picked":["Flex","Blood for Blood"],"picked":"Shrug It Off","floor":34},{"not_picked":["Flex","Battle Trance+1"],"picked":"Ghostly Armor+1","floor":35},{"not_picked":["Armaments","Dark Embrace"],"picked":"Disarm","floor":38},{"not_picked":["Flex","Body Slam+1"],"picked":"Offering","floor":41},{"not_picked":["Dropkick","Headbutt"],"picked":"Feel No Pain","floor":46},{"not_picked":["Sever Soul+1","Sword Boomerang"],"picked":"Entrench","floor":48}],"player_experience":1021768,"relics_obtained":[{"floor":9.0,"key":"sneckomod:BlankCard"},{"floor":24,"key":"MawBank"},{"floor":26,"key":"Bag of Marbles"},{"floor":29,"key":"Du-Vu Doll"},{"floor":29,"key":"Sundial"},{"floor":43,"key":"Nunchaku"},{"floor":48,"key":"Calipers"}],"event_choices":[{"damage_healed":0.0,"max_hp_gain":0.0,"max_hp_loss":0.0,"gold_gain":0.0,"event_name":"Wheel of Change","player_choice":"Damaged","floor":3.0,"gold_loss":0.0,"damage_taken":8.0},{"damage_healed":0.0,"max_hp_gain":0.0,"max_hp_loss":0.0,"gold_gain":0.0,"event_name":"Match and Keep!","player_choice":"2 cards matched","floor":22.0,"gold_loss":0.0,"damage_taken":0.0,"cards_obtained":["Double Tap","Shrug It Off"]},{"damage_healed":0,"gold_gain":0,"player_choice":"Fight","damage_taken":0,"max_hp_gain":0,"max_hp_loss":0,"event_name":"Colosseum","floor":29,"gold_loss":0},{"damage_healed":0,"gold_gain":0,"player_choice":"Fought Nobs","damage_taken":0,"max_hp_gain":0,"max_hp_loss":0,"event_name":"Colosseum","floor":29,"gold_loss":0},{"cards_removed":["Strike_R"],"damage_healed":0,"gold_gain":0,"player_choice":"Purged","damage_taken":0,"max_hp_gain":0,"max_hp_loss":0,"event_name":"Purifier","floor":36,"gold_loss":0},{"damage_healed":0,"gold_gain":0,"player_choice":"Fight","damage_taken":0,"max_hp_gain":0,"max_hp_loss":0,"event_name":"Mysterious Sphere","floor":48,"gold_loss":0}],"is_beta":false,"boss_relics":[{"not_picked":["Velvet Choker","Snecko Eye"],"picked":"Coffee Dripper"},{"not_picked":["Runic Dome","Fusion Hammer"],"picked":"Tiny House"}],"items_purged_floors":[19],"is_endless":false,"potions_floor_spawned":[7,11,12,20,21,27,28,33,46,48],"killed_by":"Time Eater","ascension_level":13}}