{"host":"gc8h028r85mpey4t","time":1612724136,"event":{"mods":["BaseMod","BetterRewards","Colored Powertips","Minty Spire (QoL Compilation)","StSLib","The Senshi"],"gold_per_floor":[119,41,0,0,12,12,12,12,12,12,12,12,12,12,12,112,112,122,122,122,16,16,16,16,16,16,29,29,29,29,29,29],"floor_reached":31,"language":"ENG","playtime":1008,"items_purged":[],"score":213,"play_id":"0314082c-46af-4ed2-90c9-f42ad6829339","local_time":"20210207105536","daily_mods":["Heirloom","Time Dilation","Flight"],"is_ascension_mode":false,"campfire_choices":[{"data":"theSenshi:SupersonicWaves","floor":6,"key":"SMITH"},{"data":"theSenshi:KlutzyLuck","floor":7,"key":"SMITH"},{"data":"theSenshi:MoonTiaraMagic","floor":10,"key":"SMITH"},{"data":"theSenshi:SailorBlock","floor":11,"key":"SMITH"},{"data":"theSenshi:MoonPrismPowerMakeUp","floor":12,"key":"SMITH"},{"data":"theSenshi:SailorKick","floor":13,"key":"SMITH"},{"data":"theSenshi:SailorBlock","floor":15,"key":"SMITH"},{"data":"theSenshi:SailorCosmosAssists","floor":23,"key":"SMITH"},{"data":"theSenshi:SailorBlock","floor":25,"key":"SMITH"},{"floor":28,"key":"REST"}],"circlet_count":0,"master_deck":["theSenshi:SailorKick+1","theSenshi:SailorKick","theSenshi:SailorKick","theSenshi:SailorKick+1","theSenshi:SailorBlock+1","theSenshi:SailorBlock+1","theSenshi:SailorBlock+1","theSenshi:SailorBlock+1","theSenshi:RoseThrow","theSenshi:MoonPrismPowerMakeUp+1","theSenshi:SupersonicWaves+1","theSenshi:KlutzyLuck+1","theSenshi:MoonTiaraMagic+1","theSenshi:SailorCosmosAssists+1","theSenshi:SailorVenusAssists+1","Dramatic Entrance","theSenshi:MoonPrincessHalation","theSenshi:LunasBite"],"relics":["theSenshi:TransformationBroochRelic","Unceasing Top","The Courier","theSenshi:TiaraRelic"],"acts_visited":["Exordium","TheCity"],"potions_floor_usage":[],"damage_taken":[{"damage":2,"enemies":"2 Louse","floor":1,"turns":6},{"damage":4,"enemies":"Jaw Worm","floor":5,"turns":4},{"damage":50,"enemies":"The Guardian","floor":16,"turns":15},{"damage":35,"enemies":"Chosen","floor":18,"turns":8},{"damage":16,"enemies":"Spheric Guardian","floor":27,"turns":4},{"damage":0,"enemies":"Shelled Parasite and Fungi","floor":31,"turns":1}],"seed_played":"118538821046090038","potions_obtained":[],"is_trial":true,"path_per_floor":["M","$","?","?","M","R","R","?","T","R","R","R","R","?","R","B",null,"M","?","?","$","?","R","$","R","T","M","R","$","?","M"],"character_chosen":"THE_SENSHI","items_purchased":["theSenshi:KlutzyLuck","Dramatic Entrance","theSenshi:MoonPrincessHalation"],"campfire_rested":1,"item_purchase_floors":[2,21,21],"current_hp_per_floor":[73,73,73,73,69,69,69,69,69,69,69,69,69,54,54,4,75,40,40,31,31,31,31,31,31,31,15,37,37,23,23,23],"gold":29,"neow_bonus":"","is_daily":false,"chose_seed":true,"campfire_upgraded":9,"win_rate":0.0,"timestamp":1612724136,"path_taken":["M","$","?","?","M","R","R","?","T","R","R","R","R","?","R","BOSS","M","?","?","$","?","R","$","R","T","M","R","$","?","M"],"items_purchased_type":["Card","Card","Card"],"build_version":"2020-12-22","purchased_purges":0,"victory":false,"max_hp_per_floor":[75,75,75,75,75,75,75,75,75,75,75,75,75,75,75,75,75,75,75,75,75,75,75,75,75,75,75,75,75,80,80,80],"card_choices":[{"not_picked":["theSenshi:SchoolBag","theSenshi:SailorPlanetPower"],"picked":"theSenshi:SupersonicWaves","floor":1},{"not_picked":["theSenshi:SailorChibiMoonAssists","theSenshi:VenusGlamour"],"picked":"theSenshi:MoonTiaraMagic","floor":5},{"not_picked":["theSenshi:MoonGorgeousMeditation","theSenshi:SailorPlutoAssists"],"picked":"theSenshi:SailorCosmosAssists","floor":16},{"not_picked":["theSenshi:Overload","theSenshi:PlutosSolemnity+1"],"picked":"theSenshi:SailorVenusAssists+1","floor":18},{"not_picked":["theSenshi:OdangoHead","theSenshi:SchoolBag"],"picked":"theSenshi:LunasBite","floor":27}],"player_experience":116380,"relics_obtained":[{"floor":9,"key":"The Courier"},{"floor":26,"key":"theSenshi:TiaraRelic"}],"event_choices":[{"damage_healed":0,"gold_gain":0,"player_choice":"Left Gold","damage_taken":0,"max_hp_gain":0,"max_hp_loss":0,"event_name":"World of Goop","floor":3,"gold_loss":41},{"damage_healed":0,"gold_gain":0,"player_choice":"Ignored","damage_taken":0,"max_hp_gain":0,"max_hp_loss":0,"event_name":"Golden Wing","floor":4,"gold_loss":0},{"damage_healed":0,"gold_gain":0,"player_choice":"Searched \u00270\u0027 times","damage_taken":0,"max_hp_gain":0,"max_hp_loss":0,"event_name":"Dead Adventurer","floor":8,"gold_loss":0},{"damage_healed":0,"gold_gain":0,"player_choice":"Entered Light","damage_taken":15,"max_hp_gain":0,"max_hp_loss":0,"event_name":"Shining Light","floor":14,"gold_loss":0,"cards_upgraded":["theSenshi:SailorKick","theSenshi:SailorBlock"]},{"damage_healed":0,"gold_gain":0,"player_choice":"Ignored","damage_taken":0,"max_hp_gain":0,"max_hp_loss":0,"event_name":"Ghosts","floor":19,"gold_loss":0},{"damage_healed":0,"gold_gain":0,"player_choice":"Stopped","damage_taken":9,"max_hp_gain":0,"max_hp_loss":0,"event_name":"Cursed Tome","floor":20,"gold_loss":0},{"damage_healed":0,"gold_gain":0,"player_choice":"Ignored","damage_taken":0,"max_hp_gain":0,"max_hp_loss":0,"event_name":"Vampires","floor":22,"gold_loss":0},{"damage_healed":0,"gold_gain":0,"player_choice":"Shed Blood","damage_taken":19,"max_hp_gain":5,"max_hp_loss":0,"event_name":"Forgotten Altar","floor":30,"gold_loss":0}],"is_beta":false,"boss_relics":[{"not_picked":["Runic Pyramid","Pandora\u0027s Box","Fusion Hammer"]}],"items_purged_floors":[],"is_endless":false,"potions_floor_spawned":[],"killed_by":"Shelled Parasite and Fungi","ascension_level":0}}