{"host":"Sylvester","time":1612676889,"event":{"mods":["AchievementEnabler","BaseMod","Filter the Spire","Lobotomy","Minty Spire (QoL Compilation)","Replay The Spire","StSLib"],"gold_per_floor":[117,127,16,91,110,110,144,156,156,175,75,177,192,257,257,356,356,369,384,116,116,147,159,159],"floor_reached":23,"language":"ENG","playtime":738,"items_purged":["Defend_R","Defend_R","Strike_R"],"score":193,"play_id":"9d4e6779-5deb-4fb1-8a3f-f4f670ce20ab","local_time":"20210206214809","is_ascension_mode":false,"campfire_choices":[{"data":"Dropkick","floor":6,"key":"SMITH"},{"floor":15,"key":"REST"}],"circlet_count":0,"master_deck":["Strike_R","Strike_R","Strike_R","Defend_R","Bash","Dropkick+1","Clash+1","Warcry","Warcry","True Grit+1"],"relics":["Empty Cage","Bronze Scales","Boot","ReplayTheSpireMod:Ninjato","Black Star","Orrery","MawBank"],"acts_visited":["Exordium","TheCity"],"potions_floor_usage":[14,19],"damage_taken":[{"damage":1.0,"enemies":"Jaw Worm","floor":1.0,"turns":3.0},{"damage":1.0,"enemies":"Cultist","floor":2.0,"turns":3.0},{"damage":7,"enemies":"Small Slimes","floor":5,"turns":3},{"damage":6,"enemies":"Gremlin Nob","floor":7,"turns":3},{"damage":1,"enemies":"2 Fungi Beasts","floor":8,"turns":2},{"damage":0,"enemies":"3 Louse","floor":10,"turns":2},{"damage":11,"enemies":"Exordium Wildlife","floor":13,"turns":2},{"damage":14,"enemies":"Lagavulin Event","floor":14,"turns":3},{"damage":31,"enemies":"Fading Forest","floor":16,"turns":11},{"damage":17,"enemies":"Shell Parasite","floor":18,"turns":3},{"damage":8,"enemies":"2 Thieves","floor":19,"turns":3},{"damage":20,"enemies":"Chosen and Byrds","floor":22,"turns":4},{"damage":35,"enemies":"Slavers","floor":23,"turns":3}],"seed_played":"-787808728726762505","potions_obtained":[{"floor":5,"key":"Milkshake"},{"floor":13,"key":"Fire Potion"},{"floor":14,"key":"Block Potion"},{"floor":19,"key":"Doom Potion"}],"is_trial":false,"path_per_floor":["M","M","$","?","M","R","E","M","T","M","$","?","M","?","R","B",null,"M","M","$","?","M","E"],"character_chosen":"IRONCLAD","items_purchased":["Clash+1","Orrery"],"campfire_rested":1,"item_purchase_floors":[3,20],"current_hp_per_floor":[79,78,78,70,63,63,57,56,56,56,56,56,45,31,55,50,80,63,55,55,55,35,0,0],"gold":159,"neow_bonus":"BOSS_RELIC","is_daily":false,"chose_seed":false,"campfire_upgraded":1,"win_rate":0.0,"timestamp":1612676889,"path_taken":["M","M","$","?","M","R","E","M","T","?","$","?","M","?","R","BOSS","M","M","$","?","?","E"],"items_purchased_type":["Card","Relic"],"build_version":"2020-11-17","purchased_purges":3,"victory":false,"max_hp_per_floor":[80,80,80,80,80,80,80,80,80,80,80,80,80,80,80,80,80,80,80,80,80,80,80,80],"card_choices":[{"not_picked":["Thunderclap","Run Through","Heavy Blade"],"picked":"SKIP","floor":1.0},{"not_picked":["Anger","Sentinel"],"picked":"Dropkick","floor":2.0},{"not_picked":["Disarm","Wild Strike","Metallicize"],"picked":"SKIP","floor":5},{"not_picked":["Blood for Blood","Heavy Blade","Cleave"],"picked":"SKIP","floor":7},{"not_picked":["Feed","Evolve","Iron Wave"],"picked":"SKIP","floor":8},{"not_picked":["Run Through","ReplayTheSpireMod:Strike From Hell","Evolve"],"picked":"SKIP","floor":10},{"not_picked":["ReplayTheSpireMod:Limb From Limb","Twin Strike","Feel No Pain"],"picked":"SKIP","floor":13},{"not_picked":["Carnage","Shrug It Off","Disarm"],"picked":"SKIP","floor":18},{"not_picked":["Abandon","Body Slam","Inflame"],"picked":"SKIP","floor":19},{"not_picked":["Feel No Pain+1","Ghostly Armor"],"picked":"Warcry","floor":20},{"not_picked":["Body Slam+1","ReplayTheSpireMod:Muscle Training"],"picked":"Warcry","floor":20},{"not_picked":["Clash","Fire Breathing"],"picked":"True Grit+1","floor":22}],"player_experience":223168,"relics_obtained":[{"floor":7,"key":"Bronze Scales"},{"floor":9,"key":"Boot"},{"floor":14,"key":"ReplayTheSpireMod:Ninjato"}],"event_choices":[{"damage_healed":0,"gold_gain":75,"player_choice":"Touch","damage_taken":8,"max_hp_gain":0,"max_hp_loss":0,"event_name":"FaceTrader","floor":4,"gold_loss":0},{"damage_healed":0,"gold_gain":0,"player_choice":"Searched \u00272\u0027 times","damage_taken":0,"max_hp_gain":0,"max_hp_loss":0,"event_name":"Dead Adventurer","floor":14,"gold_loss":0},{"damage_healed":0,"gold_gain":0,"player_choice":"Gave Potion","damage_taken":0,"relics_obtained":["MawBank"],"max_hp_gain":0,"max_hp_loss":0,"event_name":"WeMeetAgain","floor":21,"gold_loss":0}],"is_beta":true,"boss_relics":[{"not_picked":["Abe\u0027s Treasure","SlaversCollar"],"picked":"Black Star"}],"items_purged_floors":[3,11,20],"is_endless":false,"potions_floor_spawned":[5,13,14,19],"killed_by":"Slavers","ascension_level":0}}