{"host":"Doisman","time":1612725015,"event":{"mods":["AchievementEnabler","BaseMod","Better Note","Curses Come First","Minty Spire (QoL Compilation)","Permanent Neow","Relic Stats","Replay The Spire","StSLib"],"gold_per_floor":[114,114,129,144,57,57,72,102,177,177,207,207,222,237,237,337,337],"floor_reached":16,"language":"ENG","playtime":584,"items_purged":[],"score":162,"play_id":"f2e50f01-e3dd-4c68-aed9-caa4a1d2a9c1","local_time":"20210207131015","daily_mods":["Heirloom","ControlledChaos","Lethality"],"is_ascension_mode":false,"campfire_choices":[{"data":"Neutralize","floor":6,"key":"SMITH"},{"data":"Cloak And Dagger","floor":10,"key":"SMITH"},{"data":"Noxious Fumes","floor":15,"key":"SMITH"}],"circlet_count":0,"master_deck":["Strike_G","Strike_G","Strike_G","Strike_G","Strike_G","Defend_G","Defend_G","Defend_G","Defend_G","Defend_G","Survivor","Neutralize+1","Backflip","Blade Dance","Dagger Spray","Noxious Fumes+1","Blade Dance","Hidden Blade","Cloak And Dagger+1","Escape Plan"],"relics":["Frozen Eye","Tough Bandages","Thread and Needle","Gremlin Food","Mirror","Pet Ghost","Sizzling Blood"],"acts_visited":["Exordium"],"potions_floor_usage":[16,16,16],"damage_taken":[{"damage":0,"enemies":"2 Louse","floor":1,"turns":3},{"damage":0,"enemies":"Jaw Worm","floor":3,"turns":3},{"damage":0,"enemies":"Cultist","floor":4,"turns":2},{"damage":0,"enemies":"Looter","floor":7,"turns":2},{"damage":8,"enemies":"Gremlin Nob","floor":8,"turns":3},{"damage":13,"enemies":"Lagavulin","floor":11,"turns":4},{"damage":0,"enemies":"Gremlin Gang","floor":13,"turns":3},{"damage":3,"enemies":"Red Slaver","floor":14,"turns":3},{"damage":31,"enemies":"The Guardian","floor":16,"turns":8}],"seed_played":"8884597751285247366","potions_obtained":[{"floor":3,"key":"SmokeBomb"},{"floor":7,"key":"Regen Potion"},{"floor":11,"key":"EntropicBrew"}],"is_trial":false,"path_per_floor":["M","?","M","M","$","R","M","E","T","R","E","?","M","M","R","B"],"character_chosen":"THE_SILENT","items_purchased":["Noxious Fumes","Blade Dance"],"campfire_rested":0,"item_purchase_floors":[5,5],"current_hp_per_floor":[70,58,58,58,58,58,58,50,50,50,37,41,45,46,46,34,34],"gold":337,"neow_bonus":"","is_daily":true,"chose_seed":false,"campfire_upgraded":3,"win_rate":0.0,"timestamp":1612725015,"path_taken":["M","?","M","M","$","R","M","E","T","R","E","?","M","?","R","BOSS"],"items_purchased_type":["Card","Card"],"build_version":"2020-12-18","purchased_purges":0,"victory":false,"max_hp_per_floor":[70,70,70,70,70,70,70,70,70,70,70,74,74,74,74,74,74],"relic_stats":{"Tough Bandages":[21],"counters":[9,31],"obtain_stats":[{"Gremlin Food":8,"Frozen Eye":0,"Tough Bandages":0,"Thread and Needle":2,"Sizzling Blood":12,"Mirror":9,"Pet Ghost":11,"Ring of the Snake":0},{"Gremlin Food":5,"Frozen Eye":0,"Tough Bandages":0,"Thread and Needle":1,"Sizzling Blood":6,"Mirror":5,"Pet Ghost":6,"Ring of the Snake":0},{"Gremlin Food":13,"Frozen Eye":0,"Tough Bandages":0,"Thread and Needle":3,"Sizzling Blood":17,"Mirror":13,"Pet Ghost":17,"Ring of the Snake":0}]},"card_choices":[{"not_picked":["Acrobatics","PiercingWail"],"picked":"Backflip","floor":1},{"not_picked":["Leg Sweep","Hidden Blade"],"picked":"Blade Dance","floor":3},{"not_picked":["Underhanded Strike","Backflip"],"picked":"Dagger Spray","floor":4},{"not_picked":["Sucker Punch","Backflip"],"picked":"Hidden Blade","floor":7},{"not_picked":["Flying Knee","Poisoned Stab"],"picked":"Cloak And Dagger","floor":8},{"not_picked":["PiercingWail","Envenom"],"picked":"Escape Plan","floor":11},{"not_picked":["Quick Slash","Replay:Poison Smokescreen","Setup"],"picked":"SKIP","floor":13},{"not_picked":["Flying Knee","Deadly Poison","Acrobatics"],"picked":"SKIP","floor":14}],"player_experience":1087947,"relics_obtained":[{"floor":8,"key":"Gremlin Food"},{"floor":9,"key":"Mirror"},{"floor":11,"key":"Pet Ghost"}],"event_choices":[{"damage_healed":0,"gold_gain":0,"player_choice":"Success","damage_taken":12,"relics_obtained":["Thread and Needle"],"max_hp_gain":0,"max_hp_loss":0,"event_name":"Scrap Ooze","floor":2,"gold_loss":0}],"is_beta":true,"boss_relics":[],"items_purged_floors":[],"is_endless":false,"potions_floor_spawned":[3,7,11],"killed_by":"The Guardian","ascension_level":0}}