{"host":"rolltorest","time":1612669703,"event":{"mods":["BaseMod","Minty Spire (QoL Compilation)","Relic Stats","Slay the Relics Exporter","StSLib"],"gold_per_floor":[116,116,136,155,40,71,71,85,132,152,185,200,200,218,218,291,291,291,291],"floor_reached":18,"language":"ENG","playtime":407,"items_purged":["Strike_G"],"score":348,"play_id":"065a0d00-589c-492c-af4b-d0093c913c7b","local_time":"20210206194823","is_ascension_mode":true,"campfire_choices":[{"data":"Predator","floor":7,"key":"SMITH"},{"data":"Dash","floor":13,"key":"SMITH"},{"floor":15,"key":"REST"}],"circlet_count":0,"master_deck":["AscendersBane","Strike_G","Strike_G","Strike_G+1","Defend_G","Defend_G","Defend_G","Defend_G","Defend_G","Survivor","Neutralize","Predator","Dash+1","Terror","Predator+1","Night Terror","Dagger Spray+1","PiercingWail","Masterful Stab","Footwork","Burst"],"relics":["Ring of the Snake","NeowsBlessing","Question Card","Whetstone","Oddly Smooth Stone","SlaversCollar"],"acts_visited":["Exordium","TheCity"],"potions_floor_usage":[],"damage_taken":[{"damage":0,"enemies":"Jaw Worm","floor":1,"turns":1},{"damage":0,"enemies":"Cultist","floor":3,"turns":1},{"damage":0,"enemies":"Small Slimes","floor":4,"turns":1},{"damage":8,"enemies":"Gremlin Nob","floor":6,"turns":3},{"damage":18,"enemies":"Exordium Thugs","floor":8,"turns":5},{"damage":10,"enemies":"Red Slaver","floor":10,"turns":2},{"damage":12,"enemies":"Lagavulin","floor":11,"turns":7},{"damage":0,"enemies":"2 Fungi Beasts","floor":12,"turns":2},{"damage":6,"enemies":"Exordium Wildlife","floor":14,"turns":2},{"damage":6,"enemies":"Slime Boss","floor":16,"turns":8},{"damage":43,"enemies":"Spheric Guardian","floor":18,"turns":9}],"seed_played":"-1989033839134815664","potions_obtained":[{"floor":1,"key":"Ancient Potion"},{"floor":4,"key":"LiquidBronze"}],"is_trial":false,"path_per_floor":["M","?","M","M","$","E","R","M","T","M","E","M","R","M","R","B",null,"M"],"character_chosen":"THE_SILENT","items_purchased":["Predator"],"campfire_rested":1,"item_purchase_floors":[5],"current_hp_per_floor":[59,59,59,59,59,51,51,33,33,23,11,11,11,5,24,18,54,11,11],"gold":291,"neow_bonus":"THREE_ENEMY_KILL","is_daily":false,"chose_seed":false,"campfire_upgraded":2,"win_rate":0.0,"timestamp":1612669703,"path_taken":["M","?","M","?","?","E","R","M","T","M","E","M","R","?","R","BOSS","M"],"items_purchased_type":["Card"],"build_version":"2020-12-18","purchased_purges":1,"victory":false,"max_hp_per_floor":[66,66,66,66,66,66,66,66,66,66,66,66,66,66,66,66,66,66,66],"relic_stats":{"counters":[11,41],"Whetstone":["Dagger Spray","Strike_G"],"Question Card":6,"obtain_stats":[{"SlaversCollar":17,"NeowsBlessing":0,"Oddly Smooth Stone":11,"Whetstone":9,"Question Card":6,"Ring of the Snake":0},{"SlaversCollar":10,"NeowsBlessing":0,"Oddly Smooth Stone":7,"Whetstone":5,"Question Card":4,"Ring of the Snake":0},{"SlaversCollar":32,"NeowsBlessing":0,"Oddly Smooth Stone":20,"Whetstone":11,"Question Card":6,"Ring of the Snake":0}],"Ring of the Snake":[22]},"card_choices":[{"not_picked":["Dagger Throw","Eviscerate"],"picked":"Predator","floor":1},{"not_picked":["Flying Knee","Outmaneuver"],"picked":"Terror","floor":3},{"not_picked":["Bane","Catalyst","Distraction"],"picked":"SKIP","floor":4},{"not_picked":["Reflex","Dagger Throw"],"picked":"Night Terror","floor":6},{"not_picked":["Poisoned Stab","Flying Knee","Terror"],"picked":"Dagger Spray","floor":8},{"not_picked":["Quick Slash","Deadly Poison","Escape Plan"],"picked":"PiercingWail","floor":10},{"not_picked":["Deflect","Bouncing Flask","Envenom","Outmaneuver"],"picked":"SKIP","floor":11},{"not_picked":["Backflip","Tactician","Outmaneuver"],"picked":"Masterful Stab","floor":12},{"not_picked":["Dodge and Roll","Envenom","Reflex"],"picked":"Footwork","floor":14},{"not_picked":["Unload","Envenom","Phantasmal Killer"],"picked":"Burst","floor":16}],"player_experience":1905354,"relics_obtained":[{"floor":6,"key":"Question Card"},{"floor":9,"key":"Whetstone"},{"floor":11,"key":"Oddly Smooth Stone"}],"event_choices":[{"damage_healed":0,"gold_gain":0,"cards_transformed":["Strike_G"],"player_choice":"Transformed","damage_taken":0,"max_hp_gain":0,"max_hp_loss":0,"event_name":"Transmorgrifier","floor":2,"gold_loss":0,"cards_obtained":["Dash"]}],"is_beta":true,"boss_relics":[{"not_picked":["HoveringKite","Pandora\u0027s Box"],"picked":"SlaversCollar"}],"items_purged_floors":[5],"is_endless":false,"potions_floor_spawned":[1,4,8,10],"killed_by":"Spheric Guardian","ascension_level":20}}