{"host":"gttgmv2wah99hzdm","time":1612715074,"event":{"mods":["AchievementEnabler","BaseMod","Bestiary","Block Reminder","Filter the Spire","Minty Spire (QoL Compilation)","Relic Stats","Weighted Paths","ojb\u0027s Info Mod"],"gold_per_floor":[113,127,72,82,82,82,112,112,112,143,159,159,178,192,192,268,268,281,281,331,251,251],"floor_reached":21,"language":"ENG","playtime":1314,"items_purged":[],"score":378,"play_id":"129db565-41fc-4b41-9203-eef2ae57899a","local_time":"20210207102434","is_ascension_mode":true,"campfire_choices":[{"data":"Sweeping Beam","floor":6,"key":"SMITH"},{"floor":8,"key":"REST"},{"floor":12,"key":"REST"},{"data":"Strike_B","floor":15,"key":"PURGE"}],"circlet_count":0,"master_deck":["AscendersBane","Strike_B","Strike_B","Strike_B","Defend_B","Defend_B","Defend_B","Defend_B","Zap","Dualcast","Cold Snap","Sweeping Beam+1","Ball Lightning","Cold Snap","BootSequence","Biased Cognition+1","Sweeping Beam","Necronomicurse"],"relics":["SacredBark","Frozen Egg 2","Mercury Hourglass","Peace Pipe","Philosopher\u0027s Stone","Necronomicon"],"acts_visited":["Exordium","TheCity"],"potions_floor_usage":[7,11,16],"damage_taken":[{"damage":14,"enemies":"Small Slimes","floor":1,"turns":5},{"damage":6,"enemies":"Cultist","floor":2,"turns":5},{"damage":7,"enemies":"Jaw Worm","floor":4,"turns":4},{"damage":15,"enemies":"3 Sentries","floor":7,"turns":4},{"damage":39,"enemies":"Gremlin Nob","floor":10,"turns":5},{"damage":0,"enemies":"Looter","floor":11,"turns":2},{"damage":9,"enemies":"Exordium Wildlife","floor":13,"turns":3},{"damage":0,"enemies":"Large Slime","floor":14,"turns":5},{"damage":9,"enemies":"Hexaghost","floor":16,"turns":8},{"damage":9,"enemies":"Shell Parasite","floor":18,"turns":5},{"damage":31,"enemies":"2 Thieves","floor":21,"turns":2}],"seed_played":"-3859795215242420095","potions_obtained":[{"floor":1,"key":"CultistPotion"},{"floor":4,"key":"FocusPotion"},{"floor":10,"key":"DistilledChaos"}],"is_trial":false,"path_per_floor":["M","M","$","M","?","R","E","R","T","E","M","R","M","M","R","B",null,"M","?","?","M"],"character_chosen":"DEFECT","items_purchased":["Block Potion"],"campfire_rested":2,"item_purchase_floors":[3],"current_hp_per_floor":[50,44,44,37,37,37,22,43,43,4,4,25,16,16,16,7,55,46,25,25,0,0],"gold":251,"neow_bonus":"BOSS_RELIC","is_daily":false,"chose_seed":false,"campfire_upgraded":1,"win_rate":0.0,"timestamp":1612715074,"path_taken":["M","M","$","M","?","R","E","R","T","E","M","R","M","?","R","BOSS","M","?","?","M"],"items_purchased_type":["Potion"],"build_version":"2020-12-22","purchased_purges":0,"victory":false,"max_hp_per_floor":[71,71,71,71,71,71,71,71,71,71,71,71,71,71,71,71,71,71,71,71,71,71],"relic_stats":{"Peace Pipe":1,"counters":[11,48],"Necronomicon":[0],"obtain_stats":[{"Peace Pipe":10,"SacredBark":0,"Philosopher\u0027s Stone":17,"Necronomicon":19,"Frozen Egg 2":7,"Cracked Core":0,"Mercury Hourglass":9},{"Peace Pipe":5,"SacredBark":0,"Philosopher\u0027s Stone":9,"Necronomicon":10,"Frozen Egg 2":4,"Cracked Core":0,"Mercury Hourglass":4},{"Peace Pipe":23,"SacredBark":0,"Philosopher\u0027s Stone":41,"Necronomicon":46,"Frozen Egg 2":18,"Cracked Core":0,"Mercury Hourglass":18}],"Mercury Hourglass":[87]},"card_choices":[{"not_picked":["Stack","Coolheaded"],"picked":"Cold Snap","floor":1},{"not_picked":["Steam","Heatsinks"],"picked":"Sweeping Beam","floor":2},{"not_picked":["Sweeping Beam","Conserve Battery"],"picked":"Ball Lightning","floor":4},{"not_picked":["Hyperbeam","Auto Shields"],"picked":"Cold Snap","floor":7},{"not_picked":["Rebound","Scrape","Steam"],"picked":"SKIP","floor":10},{"not_picked":["Gash","Leap","Hologram"],"picked":"SKIP","floor":11},{"not_picked":["Hologram","Chaos","Steam"],"picked":"SKIP","floor":13},{"not_picked":["Compile Driver","Gash"],"picked":"BootSequence","floor":14},{"not_picked":["Creative AI+1","Echo Form+1"],"picked":"Biased Cognition+1","floor":16},{"not_picked":["Blizzard","Double Energy"],"picked":"Sweeping Beam","floor":18}],"player_experience":1102992,"relics_obtained":[{"floor":7,"key":"Frozen Egg 2"},{"floor":9,"key":"Mercury Hourglass"},{"floor":10,"key":"Peace Pipe"},{"floor":19,"key":"Necronomicon"}],"event_choices":[{"damage_healed":0,"gold_gain":0,"player_choice":"0 cards matched","damage_taken":0,"max_hp_gain":0,"max_hp_loss":0,"event_name":"Match and Keep!","floor":5,"gold_loss":0,"cards_obtained":[]},{"damage_healed":0,"gold_gain":0,"player_choice":"Obtained Book","damage_taken":21,"max_hp_gain":0,"max_hp_loss":0,"event_name":"Cursed Tome","floor":19,"gold_loss":0},{"damage_healed":0,"gold_gain":50,"player_choice":"Stole From Cult","damage_taken":0,"max_hp_gain":0,"max_hp_loss":0,"event_name":"Nest","floor":20,"gold_loss":0}],"is_beta":false,"boss_relics":[{"not_picked":["Ectoplasm","Empty Cage"],"picked":"Philosopher\u0027s Stone"}],"items_purged_floors":[],"is_endless":false,"potions_floor_spawned":[1,4,10],"killed_by":"2 Thieves","ascension_level":20}}