{"host":"o9lehcdjc4u6j9un","time":1612686928,"event":{"mods":["BaseMod","Colored Map","Downfall","Hermit","Marisa£®ÏF”Í°°ƒß¿Ì…≥£©","Minty Spire (QoL Compilation)","Reimu£®≤©¿ˆ¡È√Œ£©","Remilia£®¿Ÿ√◊¿Ú—«£©","StSLib","The Runesmith","Youmu£®ªÍ∆«—˝√Œ£©"],"gold_per_floor":[99,117,77,94,105,105,105,105,117,2,15,0,0,0,14,116,116,116,219,235,249,549,549,572,587,587,587,598,625,625,640,655,655,655,655],"floor_reached":33,"language":"ZHS","playtime":1833,"items_purged":["Slimebound:Strike_Slimebound"],"score":284,"play_id":"554c1daf-535d-4009-9224-862374a30da2","local_time":"20210207163528","is_ascension_mode":false,"campfire_choices":[{"data":"Slimebound:Split","floor":1,"key":"SMITH"},{"data":"Slimebound:ForwardTackle","floor":13,"key":"SMITH"},{"data":"Slimebound:MassRepurpose","floor":18,"key":"SMITH"},{"data":"Slimebound:SplitBruiser","floor":23,"key":"SMITH"},{"data":"Slimebound:FirmFortitude","floor":27,"key":"SMITH"},{"data":"Slimebound:ComboTackle","floor":30,"key":"SMITH"}],"circlet_count":0,"master_deck":["Slimebound:Strike_Slimebound","Slimebound:Tackle","Slimebound:Defend_Slimebound","Slimebound:Split+1","Slimebound:CorrosiveSpit","Slimebound:SplitLeeching","Slimebound:SplitLeeching","Slimebound:ForwardTackle+1","Regret","Slimebound:SplitAcid","Slimebound:FirmFortitude+1","Slimebound:ComboTackle+1","Slimebound:SplitMire","Slimebound:SplitLeeching","Slimebound:SplitAcid","Slimebound:MassRepurpose+1","Slimebound:ViciousTackle+1","Slimebound:SlimeSlap+1","Slimebound:Overexert+1","Slimebound:ComboTackle+1","Slimebound:FirmFortitude","Slimebound:SplitBruiser+1","Greed_TH","Slimebound:Prepare","Slimebound:PressTheAttack","Slimebound:ForwardTackle+1","Slimebound:SlimeTap","Slimebound:Grow"],"relics":["Slimebound:AbsorbEndCombat","PaintedHorse:ReiMu","Question Card","HornCleat","Pear","Astrolabe","DollysMirror","Bronze Scales","Blue Candle","Bag of Marbles"],"acts_visited":["Exordium","TheCity"],"potions_floor_usage":[19,33,33,33],"damage_taken":[{"damage":12,"enemies":"Jaw Worm","floor":2,"turns":3},{"damage":6,"enemies":"2 Louse","floor":4,"turns":2},{"damage":2,"enemies":"Small Slimes","floor":5,"turns":4},{"damage":3,"enemies":"Exordium Wildlife","floor":9,"turns":4},{"damage":4,"enemies":"downfall:FleeingMerchant","floor":10,"turns":4},{"damage":11,"enemies":"Blue Slaver","floor":11,"turns":3},{"damage":2,"enemies":"downfall:FleeingMerchant","floor":12,"turns":4},{"damage":2,"enemies":"2 Fungi Beasts","floor":15,"turns":3},{"damage":43,"enemies":"WA_ARCHETYPE_RETAIN","floor":16,"turns":5},{"damage":9,"enemies":"downfall:FleeingMerchant","floor":19,"turns":4},{"damage":8,"enemies":"Shell Parasite","floor":20,"turns":3},{"damage":4,"enemies":"Chosen","floor":21,"turns":3},{"damage":5,"enemies":"Snake Plant","floor":25,"turns":3},{"damage":0,"enemies":"Sentry and Sphere","floor":28,"turns":3},{"damage":8,"enemies":"Book of Stabbing","floor":29,"turns":3},{"damage":11,"enemies":"Snecko","floor":31,"turns":4},{"damage":2,"enemies":"Centurion and Healer","floor":32,"turns":3},{"damage":59,"enemies":"DF_ARCHETYPE_CLAW","floor":33,"turns":5}],"seed_played":"-725115707032499283","potions_obtained":[{"floor":2,"key":"Block Potion"},{"floor":15,"key":"SmokeBomb"},{"floor":21,"key":"ColorlessPotion"},{"floor":32,"key":"EssenceOfSteel"}],"is_trial":false,"path_per_floor":["R","M","?","M","M","?","T","?","M","$","M","$","R","?","M","B",null,"R","$","M","M","?","R","T","M","?","R","M","E","R","M","M","B"],"character_chosen":"SLIMEBOUND","items_purchased":["Slimebound:ComboTackle","Energy Potion","DollysMirror"],"campfire_rested":0,"item_purchase_floors":[10,10,19],"current_hp_per_floor":[71,63,63,59,59,59,59,59,60,58,49,51,51,49,47,8,81,81,74,68,70,70,70,70,65,60,60,60,52,52,41,39,0,0,0],"gold":655,"neow_bonus":"TEN_PERCENT_HP_BONUS","is_daily":false,"chose_seed":false,"campfire_upgraded":6,"win_rate":0.0,"timestamp":1612686928,"path_taken":["R","M","?","M","M","?","T","?","M","$","M","?","R","?","M","BOSS","R","$","M","M","?","R","T","M","?","R","M","E","R","M","M","BOSS"],"items_purchased_type":["Card","Potion","Relic"],"build_version":"2020-12-22","purchased_purges":1,"victory":false,"max_hp_per_floor":[71,71,71,71,71,71,71,71,71,71,71,71,71,81,81,81,81,81,81,81,81,81,81,81,81,81,81,81,81,81,81,81,81,81,81],"card_choices":[{"not_picked":["Slimebound:FormOfPuddle","Slimebound:LeechEnergy"],"picked":"Slimebound:SplitLeeching","floor":2},{"not_picked":["Slimebound:HauntingLick","Slimebound:ComboTackle"],"picked":"Slimebound:SplitLeeching","floor":4},{"not_picked":["Slimebound:GoopSpray","Slimebound:Replication"],"picked":"Slimebound:ForwardTackle","floor":5},{"not_picked":["Slimebound:LeechingTouch","Slimebound:GoopTackle","Slimebound:TongueLash"],"picked":"Slimebound:SplitAcid","floor":9},{"not_picked":["Slimebound:SplitMire","Slimebound:LeechingTouch","Slimebound:SlimeBarrage"],"picked":"Slimebound:FirmFortitude","floor":10},{"not_picked":["Slimebound:SamplingLick","Slimebound:SlimeSpikes","Slimebound:PressTheAttack"],"picked":"Slimebound:SplitMire","floor":11},{"not_picked":["Slimebound:Replication","Slimebound:ProtectTheBoss","Slimebound:HauntingLick"],"picked":"Slimebound:SplitLeeching","floor":12},{"not_picked":["Slimebound:FlameTackle","Slimebound:SpikyOuterGoop","Slimebound:RainOfGoop"],"picked":"Slimebound:SplitAcid","floor":15},{"not_picked":["Slimebound:OneTwoCombo","Slimebound:Overexert","Slimebound:DuplicatedForm"],"picked":"Slimebound:MassRepurpose","floor":16},{"not_picked":["Slimebound:ProtectTheBoss","Slimebound:OozeBath","Slimebound:SlimeSpikes"],"picked":"Slimebound:ComboTackle+1","floor":19},{"not_picked":["Slimebound:FinishingTackle","Slimebound:Gluttony","Slimebound:RollThrough+1","Slimebound:Chomp+1"],"picked":"SKIP","floor":20},{"not_picked":["Slimebound:ItLooksTasty+1","Slimebound:GoopTackle+1","Slimebound:Overexert"],"picked":"Slimebound:SplitBruiser","floor":21},{"not_picked":["Slimebound:GrowthPunch+1","Slimebound:HauntingLick","Slimebound:SlimeSpikes"],"picked":"Slimebound:Prepare","floor":25},{"not_picked":["Slimebound:Prepare+1","Slimebound:GoopTackle","Slimebound:Nibble"],"picked":"Slimebound:PressTheAttack","floor":28},{"not_picked":["Slimebound:SplitAcid","Slimebound:GoopTackle","Slimebound:Prepare"],"picked":"Slimebound:ForwardTackle+1","floor":29},{"not_picked":["Slimebound:LivingWall","Slimebound:LeadByExample+1","Slimebound:SplitAcid"],"picked":"Slimebound:SlimeTap","floor":31},{"not_picked":["Slimebound:MassRepurpose","Slimebound:Prepare","Slimebound:GoopSpray+1"],"picked":"Slimebound:Grow","floor":32}],"player_experience":111045,"relics_obtained":[{"floor":7,"key":"HornCleat"},{"floor":24,"key":"Bronze Scales"},{"floor":29,"key":"Bag of Marbles"}],"event_choices":[{"damage_healed":0,"gold_gain":0,"player_choice":"»˚«Æ","damage_taken":0,"relics_obtained":["PaintedHorse:ReiMu"],"max_hp_gain":0,"max_hp_loss":0,"event_name":"yidonshenshe","floor":3,"gold_loss":40},{"damage_healed":0,"gold_gain":0,"player_choice":"Box","damage_taken":0,"relics_obtained":["Question Card"],"max_hp_gain":0,"max_hp_loss":0,"event_name":"Big Fish","floor":6,"gold_loss":0,"cards_obtained":["Regret"]},{"cards_removed":["Slimebound:Defend_Slimebound"],"damage_healed":0,"gold_gain":0,"player_choice":"Forget","damage_taken":0,"max_hp_gain":0,"max_hp_loss":0,"event_name":"Living Wall","floor":8,"gold_loss":0},{"damage_healed":0,"gold_gain":0,"player_choice":"Success","damage_taken":12,"relics_obtained":["Pear"],"max_hp_gain":0,"max_hp_loss":0,"event_name":"Scrap Ooze","floor":14,"gold_loss":0}],"is_beta":false,"boss_relics":[{"not_picked":["Snecko Eye","Velvet Choker"],"picked":"Astrolabe"}],"items_purged_floors":[19],"is_endless":false,"potions_floor_spawned":[2,15,16,21,31,32],"killed_by":"DF_ARCHETYPE_CLAW","ascension_level":0}}