{"host":"g4s2zlagidtu703b","time":1612667278,"event":{"mods":["BaseMod","Colored Map","Colored Powertips","Lobotomy","Minty Spire (QoL Compilation)","StSLib"],"gold_per_floor":[117,130,149,163,176,205,224,224,275,275,307,317,330,28,28,126,126,137,62,80,80,96,121,121,136,136,61,81,134,134,162,162,259,259,276,292,309,355,373,398,2,2,25,40,90,105,105,121,121,9,9],"floor_reached":50,"language":"ENG","playtime":8501,"items_purged":["Strike_B"],"score":610,"play_id":"10ec9abc-55ea-4c25-9b44-dc3944a9734a","local_time":"20210207010758","is_ascension_mode":false,"campfire_choices":[{"data":"Reprogram","floor":8.0,"key":"SMITH"},{"data":"Dualcast","floor":15.0,"key":"SMITH"},{"data":"Echo Form","floor":24.0,"key":"SMITH"},{"data":"J.A.X.","floor":30.0,"key":"SMITH"},{"data":"Turbo","floor":32.0,"key":"SMITH"},{"data":"Echo Form","floor":42.0,"key":"SMITH"},{"data":"Zap","floor":49.0,"key":"SMITH"}],"circlet_count":0,"master_deck":["Strike_B","Defend_B","Defend_B","Defend_B","Zap+1","Dualcast+1","OSAHOGD","Turbo+1","Scorched","OldLady","Reprogram+1","ShyLook","DreamingCurrent","Echo Form+1","UniverseFragment","Turbo+1","J.A.X.+1","Hologram+1","MeatLantern","Variant","Echo Form+1","Rip and Tear+1","Funeral","MeltingLove","HeroicMonk","Recycle+1","Finesse","Freischutz"],"relics":["Cracked Core","CogitoBucket","RabbitCall","Art of War","Theresia","Blood Vial","Ornamental Fan","Akabeko","TheAbacus","Coffee Dripper","SkinProphecy","Kunai","Orichalcum","AtMidnight","BehaviorAdjustment","Tiny Chest","Red Mask","Philosopher\u0027s Stone","Turnip","Vajra","Bag of Preparation","ClockworkSouvenir","Omamori","TungstenRod","Regal Pillow"],"acts_visited":["Exordium","TheCity","TheBeyond"],"potions_floor_usage":[50,50,50],"damage_taken":[{"damage":0.0,"enemies":"Small Slimes","floor":1.0,"turns":3.0},{"damage":6.0,"enemies":"Jaw Worm","floor":2.0,"turns":3.0},{"damage":4.0,"enemies":"2 Louse","floor":3.0,"turns":3.0},{"damage":0.0,"enemies":"Large Slime","floor":4.0,"turns":5.0},{"damage":2.0,"enemies":"Blue Slaver","floor":5.0,"turns":2.0},{"damage":2.0,"enemies":"Gremlin Nob","floor":6.0,"turns":3.0},{"damage":0.0,"enemies":"Looter","floor":7.0,"turns":1.0},{"damage":8.0,"enemies":"Lagavulin","floor":11.0,"turns":4.0},{"damage":0.0,"enemies":"2 Fungi Beasts","floor":12.0,"turns":2.0},{"damage":0.0,"enemies":"Large Slime","floor":13.0,"turns":3.0},{"damage":33.0,"enemies":"The Guardian","floor":16.0,"turns":11.0},{"damage":22.0,"enemies":"Shell Parasite","floor":18.0,"turns":5.0},{"damage":0.0,"enemies":"Chosen","floor":20.0,"turns":4.0},{"damage":3.0,"enemies":"Centurion and Healer","floor":22.0,"turns":3.0},{"damage":10.0,"enemies":"Gremlin Leader","floor":23.0,"turns":4.0},{"damage":9.0,"enemies":"Snake Plant","floor":25.0,"turns":3.0},{"damage":38.0,"enemies":"Sentry and Sphere","floor":28.0,"turns":23.0},{"damage":0.0,"enemies":"Masked Bandits","floor":31.0,"turns":3.0},{"damage":52.0,"enemies":"Collector","floor":33.0,"turns":8.0},{"damage":26.0,"enemies":"3 Darklings","floor":35.0,"turns":3.0},{"damage":1.0,"enemies":"3 Shapes","floor":36.0,"turns":2.0},{"damage":3.0,"enemies":"Spire Growth","floor":37.0,"turns":4.0},{"damage":28.0,"enemies":"2 Orb Walkers","floor":38.0,"turns":4.0},{"damage":30.0,"enemies":"Writhing Mass","floor":39.0,"turns":6.0},{"damage":59.0,"enemies":"Nemesis","floor":40.0,"turns":7.0},{"damage":37.0,"enemies":"Maw","floor":44.0,"turns":8.0},{"damage":34.0,"enemies":"Mind Bloom Boss Battle","floor":45.0,"turns":6.0},{"damage":7.0,"enemies":"Spire Growth","floor":46.0,"turns":5.0},{"damage":10.0,"enemies":"Sphere and 2 Shapes","floor":48.0,"turns":4.0},{"damage":130,"enemies":"Time Eater","floor":50,"turns":3}],"seed_played":"-2447979109574182690","potions_obtained":[{"floor":2.0,"key":"Block Potion"},{"floor":3.0,"key":"DuplicationPotion"},{"floor":4.0,"key":"EssenceOfSteel"},{"floor":12.0,"key":"Fire Potion"},{"floor":13.0,"key":"FocusPotion"},{"floor":23.0,"key":"PotionOfCapacity"},{"floor":25.0,"key":"CultistPotion"},{"floor":28.0,"key":"SneckoOil"},{"floor":33.0,"key":"Swift Potion"}],"is_trial":false,"path_per_floor":["M","M","M","M","M","E","M","R","T","?","E","M","M","$","R","B",null,"M","$","M","?","M","E","R","M","T","?","M","T","R","?","R","B",null,"M","M","M","?","M","E","$","R","T","M","?","M","T","M","R","B"],"character_chosen":"DEFECT","items_purchased":["Akabeko","TheAbacus","Bag of Preparation","ClockworkSouvenir","Finesse"],"campfire_rested":0,"item_purchase_floors":[14,14,41,41,41],"current_hp_per_floor":[75,69,65,65,63,61,61,61,61,54,48,50,52,52,52,21,75,75,75,77,77,79,81,81,80,80,80,87,87,87,89,89,72,91,79,82,97,98,101,87,87,87,87,105,107,109,109,111,111,0,0],"gold":9,"neow_bonus":"","is_daily":false,"chose_seed":false,"campfire_upgraded":7,"win_rate":0.0,"timestamp":1612667278,"path_taken":["M","M","M","M","M","E","M","R","T","?","E","M","M","$","R","BOSS","M","$","M","?","M","E","R","M","T","?","M","?","R","?","R","BOSS","M","M","M","?","M","E","$","R","T","M","?","M","?","M","R","BOSS"],"items_purchased_type":["Relic","Relic","Relic","Relic","Card"],"build_version":"2020-12-22","purchased_purges":1,"victory":false,"max_hp_per_floor":[75,75,75,75,75,75,75,75,75,75,75,75,75,75,75,75,75,75,75,77,77,79,81,81,83,83,83,87,87,87,89,89,91,91,93,95,97,99,101,103,103,103,103,105,107,109,109,111,111,115,115],"card_choices":[{"not_picked":["Go for the Eyes","Barrage","Ball Lightning"],"picked":"SKIP","floor":1.0},{"not_picked":["Murderer","Variant"],"picked":"OSAHOGD","floor":2.0},{"not_picked":["Redo","Cold Snap"],"picked":"Turbo","floor":2.0},{"not_picked":["WallGazer","NakedNest"],"picked":"Scorched","floor":3.0},{"not_picked":["Go for the Eyes","Beam Cell","Scrape"],"picked":"SKIP","floor":3.0},{"not_picked":["Streamline","Aggregate","Rebound"],"picked":"SKIP","floor":4.0},{"not_picked":["VoidDream","PunishingBird"],"picked":"OldLady","floor":5.0},{"not_picked":["Conserve Battery","Go for the Eyes"],"picked":"Reprogram","floor":5.0},{"not_picked":["MHz","CherryBlossoms"],"picked":"ShyLook","floor":6.0},{"not_picked":["Redo","Conserve Battery","Rebound"],"picked":"SKIP","floor":6.0},{"not_picked":["Hologram","Cold Snap","Darkness"],"picked":"SKIP","floor":7.0},{"not_picked":["Hello World","Chaos","Chill"],"picked":"SKIP","floor":11.0},{"not_picked":["Static Discharge","Leap","Rip and Tear"],"picked":"SKIP","floor":12.0},{"not_picked":["Streamline","Cold Snap","Heatsinks"],"picked":"SKIP","floor":13.0},{"not_picked":["SpiderBud","VoidDream"],"picked":"DreamingCurrent","floor":16.0},{"not_picked":["Creative AI","Reboot"],"picked":"Echo Form","floor":16.0},{"not_picked":["Blizzard","Loop","Gash"],"picked":"SKIP","floor":18.0},{"not_picked":["MHz","BlackArmy"],"picked":"UniverseFragment","floor":20.0},{"not_picked":["Consume","Steam Power+1"],"picked":"Turbo+1","floor":20.0},{"not_picked":["Redo","Beam Cell"],"picked":"Hologram+1","floor":22.0},{"not_picked":["All For One","Redo+1","Stack"],"picked":"SKIP","floor":23.0},{"not_picked":["PunishingBird","Wellcheers"],"picked":"MeatLantern","floor":25.0},{"not_picked":["Streamline+1","Rebound","Hello World"],"picked":"SKIP","floor":25.0},{"not_picked":["Ball Lightning","Redo+1","Streamline"],"picked":"SKIP","floor":28.0},{"not_picked":["Funeral","Alriune"],"picked":"Variant","floor":31.0},{"not_picked":["Hyperbeam","Machine Learning"],"picked":"Echo Form","floor":33.0},{"not_picked":["Genetic Algorithm","Redo+1"],"picked":"Rip and Tear+1","floor":35.0},{"not_picked":["Alriune","LongBird"],"picked":"Funeral","floor":36.0},{"not_picked":["Streamline+1","Scrape+1","Leap"],"picked":"SKIP","floor":36.0},{"not_picked":["SilentOrchestra","VoidDream"],"picked":"MeltingLove","floor":37.0},{"not_picked":["Rainbow","Self Repair+1","Barrage+1"],"picked":"SKIP","floor":37.0},{"not_picked":["Streamline+1","Chaos","Redo"],"picked":"SKIP","floor":39.0},{"not_picked":["Alriune","GalaxyChild"],"picked":"HeroicMonk","floor":40.0},{"not_picked":["Fusion","Hologram+1"],"picked":"Recycle+1","floor":40.0},{"not_picked":["Hello World","Reinforced Body+1","Cold Snap"],"picked":"SKIP","floor":44.0},{"not_picked":["WhitesApple","Scarecrow"],"picked":"Freischutz","floor":46.0},{"not_picked":["Echo Form","Recycle","Sweeping Beam+1"],"picked":"SKIP","floor":46.0},{"not_picked":["Cold Snap","Conserve Battery","BootSequence+1"],"picked":"SKIP","floor":48.0}],"player_experience":168492,"relics_obtained":[{"floor":6.0,"key":"Art of War"},{"floor":9.0,"key":"Blood Vial"},{"floor":11.0,"key":"Ornamental Fan"},{"floor":23.0,"key":"Kunai"},{"floor":26.0,"key":"Orichalcum"},{"floor":28.0,"key":"AtMidnight"},{"floor":29.0,"key":"Tiny Chest"},{"floor":31.0,"key":"Red Mask"},{"floor":38.0,"key":"Turnip"},{"floor":40.0,"key":"Vajra"},{"floor":43.0,"key":"Omamori"},{"floor":45.0,"key":"TungstenRod"},{"floor":47.0,"key":"Regal Pillow"}],"event_choices":[{"cards_removed":["Strike_B"],"damage_healed":0.0,"max_hp_gain":0.0,"max_hp_loss":0.0,"gold_gain":0.0,"event_name":"Golden Wing","player_choice":"Card Removal","floor":10.0,"gold_loss":0.0,"damage_taken":7.0},{"damage_healed":0.0,"max_hp_gain":0.0,"max_hp_loss":0.0,"gold_gain":0.0,"event_name":"Drug Dealer","player_choice":"Obtain J.A.X.","floor":21.0,"gold_loss":0.0,"damage_taken":0.0,"cards_obtained":["J.A.X."]},{"cards_removed":["Defend_B"],"damage_healed":0.0,"max_hp_gain":0.0,"max_hp_loss":0.0,"gold_gain":0.0,"event_name":"Beggar","player_choice":"Gave Gold","floor":27.0,"gold_loss":75.0,"damage_taken":0.0},{"damage_healed":0.0,"max_hp_gain":0.0,"max_hp_loss":0.0,"gold_gain":0.0,"event_name":"Masked Bandits","player_choice":"Fought Bandits","floor":31.0,"gold_loss":0.0,"damage_taken":0.0},{"damage_healed":0.0,"max_hp_gain":0.0,"max_hp_loss":0.0,"gold_gain":0.0,"event_name":"Mysterious Sphere","player_choice":"Fight","floor":38.0,"gold_loss":0.0,"damage_taken":0.0},{"damage_healed":0.0,"max_hp_gain":0.0,"max_hp_loss":0.0,"gold_gain":0.0,"event_name":"MindBloom","player_choice":"Fight","floor":45.0,"gold_loss":0.0,"damage_taken":0.0}],"is_beta":false,"boss_relics":[{"not_picked":["Pandora\u0027s Box","Empty Cage"],"picked":"Coffee Dripper"},{"not_picked":["Inserter","Runic Dome"],"picked":"Philosopher\u0027s Stone"}],"items_purged_floors":[19],"is_endless":false,"potions_floor_spawned":[2,3,4,12,13,23,25,28,33,38,39,46,48],"killed_by":"Time Eater","ascension_level":0}}