{"host":"1hzg86ju9fvxh562","time":1612667204,"event":{"mods":["AchievementEnabler","Act Like it!","AlwaysNeverKeys","BaseMod","Bestiary","Better Altar","Better Match","Better Note","Better Sensory Stone","Better Skull","Better Third Choice","Colored Map","Colored Powertips","Curses Come First","Displayed Cursed Tome","Filter the Spire","Highlight Path","Keyboard Shortcuts","Minty Spire (QoL Compilation)","Rare Cards Sparkle","Relic Sorter","Relic Stats","ShortenTheSpire","Spicy Shops","StSLib","everything is the same but u backflip on backflip","slay the spire mod where everything is the same but ironclad has a cowboy hat"],"gold_per_floor":[119,119,135,148,128,128,160,171,171,187,42,42,52,80,80,80,80],"floor_reached":16,"language":"ENG","playtime":1052,"items_purged":[],"score":174,"play_id":"b217e882-b9ce-4845-b667-9fd1f16714cb","local_time":"20210207010644","is_ascension_mode":true,"campfire_choices":[{"data":"Seeing Red","floor":6.0,"key":"SMITH"},{"data":"Bash","floor":12,"key":"SMITH"},{"data":"Feel No Pain","floor":15,"key":"SMITH"}],"circlet_count":0,"master_deck":["AscendersBane","Strike_R","Strike_R","Defend_R","Defend_R+1","Defend_R+1","Defend_R","Bash+1","Evolve+1","Entrench+1","Second Wind+1","Clothesline","Shockwave","Seeing Red+1","Feel No Pain+1","Burning Pact","Immolate"],"relics":["Astrolabe","Paper Frog","WingedGreaves","Lee\u0027s Waffle","Peace Pipe"],"acts_visited":["Exordium"],"potions_floor_usage":[16,16],"damage_taken":[{"damage":8.0,"enemies":"Jaw Worm","floor":1.0,"turns":7.0},{"damage":0.0,"enemies":"2 Louse","floor":3.0,"turns":3.0},{"damage":2.0,"enemies":"Cultist","floor":4.0,"turns":6.0},{"damage":33.0,"enemies":"Gremlin Nob","floor":7.0,"turns":5.0},{"damage":0.0,"enemies":"Red Slaver","floor":8.0,"turns":3.0},{"damage":2.0,"enemies":"Exordium Wildlife","floor":10.0,"turns":6.0},{"damage":6,"enemies":"Blue Slaver","floor":13,"turns":4},{"damage":37,"enemies":"Lagavulin","floor":14,"turns":10},{"damage":61,"enemies":"The Guardian","floor":16,"turns":14}],"seed_played":"-380225509795056871","potions_obtained":[{"floor":3.0,"key":"ElixirPotion"},{"floor":4.0,"key":"LiquidBronze"},{"floor":8.0,"key":"Swift Potion"},{"floor":13,"key":"ElixirPotion"}],"is_trial":false,"path_per_floor":["M","?","M","M","?","R","E","M","T","M","$","R","M","E","R","B"],"character_chosen":"IRONCLAD","items_purchased":["Lee\u0027s Waffle"],"campfire_rested":0,"item_purchase_floors":[11],"current_hp_per_floor":[64,48,48,46,46,46,13,13,13,11,87,87,81,44,44,0,0],"gold":80,"neow_bonus":"BOSS_RELIC","is_daily":false,"chose_seed":false,"campfire_upgraded":3,"win_rate":0.0,"timestamp":1612667204,"path_taken":["M","?","M","M","?","R","E","M","T","?","?","R","?","E","R","BOSS"],"items_purchased_type":["Relic"],"build_version":"2020-12-22","purchased_purges":0,"victory":false,"max_hp_per_floor":[80,80,80,80,80,80,80,80,80,80,87,87,87,87,87,87,87],"relic_stats":{"Peace Pipe":0,"Lee\u0027s Waffle":76,"counters":[9,58],"Astrolabe":["Evolve","Entrench","Second Wind"],"obtain_stats":[{"Peace Pipe":14,"Lee\u0027s Waffle":11,"Astrolabe":0,"WingedGreaves":9,"Burning Blood":0,"Paper Frog":7},{"Peace Pipe":8,"Lee\u0027s Waffle":6,"Astrolabe":0,"WingedGreaves":5,"Burning Blood":0,"Paper Frog":4},{"Peace Pipe":44,"Lee\u0027s Waffle":30,"Astrolabe":0,"WingedGreaves":24,"Burning Blood":0,"Paper Frog":21}]},"card_choices":[{"not_picked":["Clash","Havoc"],"picked":"Clothesline","floor":1.0},{"not_picked":["Body Slam","Perfected Strike"],"picked":"Shockwave","floor":3.0},{"not_picked":["Evolve","Body Slam"],"picked":"Seeing Red","floor":4.0},{"not_picked":["Combust","Iron Wave"],"picked":"Feel No Pain","floor":7.0},{"not_picked":["Shockwave","Reckless Charge","Iron Wave"],"picked":"SKIP","floor":8.0},{"not_picked":["Thunderclap","Fire Breathing"],"picked":"Burning Pact","floor":10.0},{"not_picked":["Clash","Iron Wave","Havoc"],"picked":"SKIP","floor":13},{"not_picked":["Flame Barrier","Body Slam"],"picked":"Immolate","floor":14}],"player_experience":523003,"relics_obtained":[{"floor":7.0,"key":"Paper Frog"},{"floor":9.0,"key":"WingedGreaves"},{"floor":14,"key":"Peace Pipe"}],"event_choices":[{"damage_healed":64.0,"max_hp_gain":0.0,"max_hp_loss":80.0,"gold_gain":0.0,"event_name":"betterThird:BetterShining","player_choice":"Upgrade","floor":2.0,"gold_loss":0.0,"damage_taken":16.0,"cards_upgraded":["Defend_R","Defend_R"]},{"damage_healed":0.0,"max_hp_gain":0.0,"max_hp_loss":0.0,"gold_gain":0.0,"event_name":"The Woman in Blue","player_choice":"Bought 1 Potion","floor":5.0,"gold_loss":0.0,"damage_taken":0.0}],"is_beta":false,"boss_relics":[],"items_purged_floors":[],"is_endless":false,"potions_floor_spawned":[3,4,8,13],"killed_by":"The Guardian","ascension_level":11}}