{"host":"kn32u0f2pym5bozc","time":1612692284,"event":{"mods":["2.2 Compatiblity","BaseMod","Better Third Choice","Minty Spire (QoL Compilation)","Permanent Neow","Relic Stats","StSLib","The Animator"],"gold_per_floor":[112,187,187,60,60,60,96,96,96,96,111,88,88,112,112,224,224,224,224],"floor_reached":18,"language":"ENG","playtime":910,"items_purged":[],"score":285,"play_id":"2e4a78ca-acdc-40d6-887d-f59968e6f87f","local_time":"20210207050444","is_ascension_mode":true,"campfire_choices":[{"data":"animator:Demiurge","floor":6,"key":"SMITH"},{"data":"animator:Evileye","floor":8,"key":"SMITH"},{"floor":13,"key":"REST"},{"data":"animator:Mikaela","floor":15,"key":"SMITH"}],"circlet_count":0,"master_deck":["AscendersBane","animator:Strike_Overlord","animator:Defend_Overlord","animator:Strike","animator:Strike+1","animator:Defend","animator:Defend","animator:Cocytus","animator:Demiurge+1","animator:Shuna","animator:GuildGirl","animator:HiiragiShinya","animator:Evileye+1","Pain","animator:Kaijin","animator:Shion","animator:Mikaela+1","animator:Eris"],"relics":["animator:TheMissingPiece","animator:PurgingStone","Empty Cage","Golden Idol","WarpedTongs","Mark of Pain"],"acts_visited":["Exordium","TheCity"],"potions_floor_usage":[16,16],"damage_taken":[{"damage":0,"enemies":"Cultist","floor":1,"turns":4},{"damage":7,"enemies":"Jaw Worm","floor":7,"turns":6},{"damage":1,"enemies":"2 Louse","floor":11,"turns":3},{"damage":21,"enemies":"Exordium Thugs","floor":12,"turns":6},{"damage":1,"enemies":"Exordium Wildlife","floor":14,"turns":4},{"damage":23,"enemies":"The Guardian","floor":16,"turns":9},{"damage":18,"enemies":"Shell Parasite","floor":18,"turns":3}],"seed_played":"-9061462798768065184","potions_obtained":[{"floor":11,"key":"Weak Potion"},{"floor":14,"key":"DistilledChaos"}],"is_trial":false,"path_per_floor":["M","?","?","$","?","R","M","R","T","?","M","M","R","M","R","B",null,"M"],"character_chosen":"THE_ANIMATOR","items_purchased":["animator:GuildGirl","animator:HiiragiShinya"],"campfire_rested":1,"item_purchase_floors":[4,4],"current_hp_per_floor":[54,43,43,43,38,38,31,31,31,31,30,9,25,24,24,1,41,23,23],"gold":224,"neow_bonus":"BOSS_RELIC","is_daily":false,"chose_seed":false,"campfire_upgraded":3,"win_rate":0.0,"timestamp":1612692284,"path_taken":["M","?","?","$","?","R","M","R","T","?","M","M","R","M","R","BOSS","M"],"items_purchased_type":["Card","Card"],"build_version":"2020-12-22","purchased_purges":0,"victory":false,"max_hp_per_floor":[60,60,54,54,54,54,54,54,54,54,54,54,54,54,54,54,54,54,54],"relic_stats":{"counters":[7,35],"Golden Idol":34,"obtain_stats":[{"animator:PurgingStone":0,"Golden Idol":3,"animator:TheMissingPiece":0,"animator:LivingPicture":0,"Mark of Pain":17,"Empty Cage":0,"WarpedTongs":10},{"animator:PurgingStone":0,"Golden Idol":1,"animator:TheMissingPiece":0,"animator:LivingPicture":0,"Mark of Pain":6,"Empty Cage":0,"WarpedTongs":2},{"animator:PurgingStone":0,"Golden Idol":4,"animator:TheMissingPiece":0,"animator:LivingPicture":0,"Mark of Pain":32,"Empty Cage":0,"WarpedTongs":10}],"WarpedTongs":[25]},"card_choices":[{"not_picked":["animator:ElricEdward","animator:WinryRockbell"],"picked":"animator:Shuna","floor":1},{"not_picked":["animator:Shuna","animator:Tet"],"picked":"animator:Evileye","floor":7},{"not_picked":["animator:FielNirvalen","animator:Vanir"],"picked":"animator:Kaijin","floor":11},{"not_picked":["animator:Vesta","animator:Kaijin"],"picked":"animator:Shion","floor":12},{"not_picked":["animator:EmiyaShirou","animator:Vanir"],"picked":"animator:Mikaela","floor":14},{"not_picked":["animator:Greed","animator:FeridBathory"],"picked":"animator:Eris","floor":16}],"player_experience":909409,"relics_obtained":[],"event_choices":[{"damage_healed":0,"gold_gain":75,"player_choice":"Gold","damage_taken":11,"max_hp_gain":0,"max_hp_loss":0,"event_name":"betterThird:BetterGoop","floor":2,"gold_loss":0},{"damage_healed":0,"gold_gain":0,"player_choice":"Lose Max HP","damage_taken":0,"relics_obtained":["Golden Idol"],"max_hp_gain":0,"max_hp_loss":6,"event_name":"Golden Idol","floor":3,"gold_loss":0},{"damage_healed":0,"gold_gain":0,"player_choice":"LEAVE","damage_taken":5,"max_hp_gain":0,"max_hp_loss":0,"event_name":"betterThird:BetterScrap","floor":5,"gold_loss":0,"cards_obtained":["Tantrum"]},{"damage_healed":0,"gold_gain":0,"player_choice":"Rummage","damage_taken":0,"relics_obtained":["WarpedTongs"],"max_hp_gain":0,"max_hp_loss":0,"event_name":"Accursed Blacksmith","floor":10,"gold_loss":0,"cards_obtained":["Pain"]}],"is_beta":false,"boss_relics":[{"not_picked":["SacredBark","Runic Dome"],"picked":"Mark of Pain"}],"items_purged_floors":[],"is_endless":false,"potions_floor_spawned":[11,14],"killed_by":"Shell Parasite","ascension_level":18}}