{"host":"tgnam0g96qraiyqx","time":1612729820,"event":{"mods":["Always Whale","Aspiration","Bartender","BaseMod","BetterRewards","CapriCore","CatGirl Mod","Chen","Colored Map","Colored Powertips","Decade(???)","Dio Mod","Downfall","Ekko","Energized Spire","Glutton Mod","Hermit","HexUI Lib","Highlight Path","HornydragonMod","Hubris","Jorbs\u0027s Wanderer Trilogy","Kalas","KinomotoSakuraMod(????)","Koishi","Kratos Character Expansion","Minty Spire (QoL Compilation)","Permanent Neow","Pikachu Mod","Potionbrewer","Prisma Mod","QueenMod","Railgun Mod","Random Character Button","Reimu??????","Replay The Spire","SCP261 Mod","Shade Mod","Shedinja","Shop Mod","Somnambulant","StSLib","The Alterego","The Bladedancer","The Cursed","The Death Knight","The Druid","The Hayseed","The Immortal","The Judge","The Juggle","The Jungle","The Kombatant","The Showman","The Warrior","The Wild Card","TheFirefly","TheVacant","Warlord Emblem","[IsaacMod]????"],"gold_per_floor":[99,111,111,130,130,130,130,148,183,183,183,14,14,49,63,162,162,162,172,1,11,26,26,52,63,83,97,97,124,124,144,154,259,259,259,277,187,197,52,63,89,103,103,116,130,159,159,159,176,176],"floor_reached":51,"language":"FRA","playtime":9939,"items_purged":["ekkoTheBoyWhoShatteredTime:Defend","ekkoTheBoyWhoShatteredTime:Defend"],"score":1038,"play_id":"eb185c0c-10fc-4446-933f-bc92aeefadd5","local_time":"20210207213020","is_ascension_mode":false,"campfire_choices":[{"data":"ekkoTheBoyWhoShatteredTime:TimeMaster","floor":1,"key":"SMITH"},{"data":"ekkoTheBoyWhoShatteredTime:IcebornGauntlet","floor":11,"key":"SMITH"},{"data":"ekkoTheBoyWhoShatteredTime:WaitForKeyTiming","floor":13,"key":"SMITH"},{"data":"ekkoTheBoyWhoShatteredTime:DuplicateTimelines","floor":18,"key":"SMITH"},{"data":"ekkoTheBoyWhoShatteredTime:SpHit","floor":23,"key":"SMITH"},{"data":"ekkoTheBoyWhoShatteredTime:IcebornGauntlet","floor":28,"key":"SMITH"},{"data":"ekkoTheBoyWhoShatteredTime:WaitForKeyTiming","floor":30,"key":"SMITH"},{"data":"ekkoTheBoyWhoShatteredTime:URF","floor":35,"key":"SMITH"},{"data":"ekkoTheBoyWhoShatteredTime:LichBane","floor":47,"key":"SMITH"}],"circlet_count":0,"master_deck":["ekkoTheBoyWhoShatteredTime:Strike","ekkoTheBoyWhoShatteredTime:Strike","ekkoTheBoyWhoShatteredTime:Strike","ekkoTheBoyWhoShatteredTime:Strike","ekkoTheBoyWhoShatteredTime:Defend","ekkoTheBoyWhoShatteredTime:Defend","ekkoTheBoyWhoShatteredTime:IcebornGauntlet+1","ekkoTheBoyWhoShatteredTime:AfterimageBait+1","hubris:DuctTapeCard+2","ekkoTheBoyWhoShatteredTime:Dash","ekkoTheBoyWhoShatteredTime:WaitForKeyTiming+1","ekkoTheBoyWhoShatteredTime:SpHit+1","ekkoTheBoyWhoShatteredTime:DuplicateTimelines+1","ekkoTheBoyWhoShatteredTime:IcebornGauntlet+1","ekkoTheBoyWhoShatteredTime:LichBane+1","ekkoTheBoyWhoShatteredTime:WaitForKeyTiming+1","ekkoTheBoyWhoShatteredTime:Leap+1","ekkoTheBoyWhoShatteredTime:URF+1","ekkoTheBoyWhoShatteredTime:AfterimageTease+1","ekkoTheBoyWhoShatteredTime:Playful+1"],"relics":["ekkoTheBoyWhoShatteredTime:zDriveResonance","HushsDoor","BookofShadows","Turnip","Pen Nib","hubris:DuctTape","White Beast Statue","Lee\u0027s Waffle","Blood Vial","Philosopher\u0027s Stone","Guide Book","Gremlin Food","KratosMod:minohorn","ChewingGum","Mastiff:ReiMu","Ornamental Fan","Happy Flower","hubris:Towel","hubris:CuriousFeather"],"acts_visited":["Exordium","TheCity","TheBeyond"],"potions_floor_usage":[14,16,16,19,22,27,29,33,33,37,39,40,42,44,50,50],"damage_taken":[{"damage":1,"enemies":"Jaw Worm","floor":2,"turns":5},{"damage":0,"enemies":"2 Louse","floor":4,"turns":2},{"damage":7,"enemies":"Small Slimes","floor":8,"turns":5},{"damage":0,"enemies":"3 Sentries","floor":9,"turns":1},{"damage":0,"enemies":"downfall:FleeingMerchant","floor":12,"turns":4},{"damage":1,"enemies":"Gremlin Nob","floor":14,"turns":5},{"damage":10,"enemies":"Gremlin Gang","floor":15,"turns":6},{"damage":13,"enemies":"WA_ARCHETYPE_RETAIN","floor":16,"turns":5},{"damage":7,"enemies":"3 Byrds","floor":19,"turns":7},{"damage":0,"enemies":"downfall:FleeingMerchant","floor":20,"turns":4},{"damage":0,"enemies":"3 Cultists","floor":21,"turns":5},{"damage":0,"enemies":"Snecko","floor":22,"turns":5},{"damage":0,"enemies":"Centurion and Healer","floor":25,"turns":6},{"damage":0,"enemies":"3 Cultists","floor":26,"turns":2},{"damage":14,"enemies":"Snake Plant","floor":27,"turns":3},{"damage":4,"enemies":"Book of Stabbing","floor":29,"turns":7},{"damage":4,"enemies":"Sentry and Sphere","floor":31,"turns":5},{"damage":24,"enemies":"Cultist and Chosen","floor":32,"turns":6},{"damage":0,"enemies":"SI_MIRROR_ARCHETYPE","floor":33,"turns":7},{"damage":2,"enemies":"Orb Walker","floor":36,"turns":4},{"damage":6,"enemies":"downfall:FleeingMerchant","floor":37,"turns":4},{"damage":24,"enemies":"3 Shapes","floor":38,"turns":5},{"damage":0,"enemies":"downfall:FleeingMerchant","floor":39,"turns":3},{"damage":0,"enemies":"Maw","floor":40,"turns":6},{"damage":8,"enemies":"4 Shapes","floor":42,"turns":5},{"damage":2,"enemies":"Sphere and 2 Shapes","floor":44,"turns":5},{"damage":0,"enemies":"Spire Growth","floor":45,"turns":3},{"damage":0,"enemies":"Giant Head","floor":46,"turns":5},{"damage":0,"enemies":"Transient","floor":49,"turns":5},{"damage":0,"enemies":"IC_BLOCK_ARCHETYPE","floor":50,"turns":4}],"seed_played":"3187010804024174018","potions_obtained":[{"floor":2,"key":"Regen Potion"},{"floor":4,"key":"PowerPotion"},{"floor":12,"key":"sneckomod:MuddlingPotion"},{"floor":14,"key":"SpeedPotion"},{"floor":15,"key":"CultistPotion"},{"floor":16,"key":"Adrenaline Potion"},{"floor":19,"key":"FairyPotion"},{"floor":20,"key":"Reflective Coating"},{"floor":25,"key":"potionbrewer:DiscountPotion"},{"floor":27,"key":"sneckomod:MuddlingPotion"},{"floor":29,"key":"potionbrewer:NoxiousPotion"},{"floor":32,"key":"potionbrewer:EndurancePotion"},{"floor":33,"key":"Fire Potion"},{"floor":36,"key":"Explosive Potion"},{"floor":37,"key":"Weak Potion"},{"floor":39,"key":"champ:CounterPotion"},{"floor":40,"key":"SkillPotion"},{"floor":42,"key":"potionbrewer:CleansingPotion"},{"floor":44,"key":"Flashbang"}],"is_trial":false,"path_per_floor":["R","M","?","M","?","?","T","M","E","T","R","$","R","E","M","B",null,"R","M","$","M","M","R","T","M","M","M","R","E","R","M","M","B",null,"R","M","$","M","$","M","T","M","?","M","M","E","R","?","M","B",null],"character_chosen":"EKKO_THE_BOY_WHO_SHATTERED_TIME","items_purchased":["Lee\u0027s Waffle","Guide Book","Mastiff:ReiMu","Ornamental Fan"],"campfire_rested":0,"item_purchase_floors":[12,20,39,39],"current_hp_per_floor":[57,56,56,56,56,56,56,49,49,49,49,85,85,84,75,64,85,85,78,80,82,84,84,84,85,85,71,71,69,69,67,45,62,85,85,83,79,57,59,61,61,55,55,55,57,59,59,59,61,63],"gold":176,"neow_bonus":"ONE_RARE_RELIC","is_daily":false,"chose_seed":false,"campfire_upgraded":9,"win_rate":0.0,"timestamp":1612729820,"path_taken":["R","M","?","M","?","?","T","?","E","?","R","$","R","E","M","BOSS","R","M","$","M","?","R","T","M","M","M","R","E","R","M","M","BOSS","R","M","$","M","$","M","T","M","?","?","M","E","R","?","M","BOSS"],"items_purchased_type":["Relic","Relic","Relic","Relic"],"build_version":"2020-12-22","purchased_purges":2,"victory":true,"max_hp_per_floor":[78,78,78,78,78,78,78,78,78,78,78,85,85,85,85,85,85,85,85,85,85,85,85,85,85,85,85,85,85,85,85,85,85,85,85,85,85,85,85,85,85,85,85,85,85,85,85,85,85,85],"card_choices":[{"not_picked":["ekkoTheBoyWhoShatteredTime:NeedlesslyLargeRod","ekkoTheBoyWhoShatteredTime:WaitForKeyTiming"],"picked":"ekkoTheBoyWhoShatteredTime:IcebornGauntlet","floor":2},{"not_picked":["ekkoTheBoyWhoShatteredTime:AfterimageBait","ekkoTheBoyWhoShatteredTime:QuickBreak"],"picked":"Bomb","floor":4},{"not_picked":["Bomb","ekkoTheBoyWhoShatteredTime:Confident"],"picked":"ekkoTheBoyWhoShatteredTime:AfterimageBait","floor":8},{"not_picked":["ekkoTheBoyWhoShatteredTime:QuickBreak","ekkoTheBoyWhoShatteredTime:AfterimageTease"],"picked":"ekkoTheBoyWhoShatteredTime:Dash","floor":9},{"not_picked":["ekkoTheBoyWhoShatteredTime:Chronobreak","ekkoTheBoyWhoShatteredTime:MicCheck"],"picked":"ekkoTheBoyWhoShatteredTime:WaitForKeyTiming","floor":12},{"not_picked":["ekkoTheBoyWhoShatteredTime:NaggingBlow","ekkoTheBoyWhoShatteredTime:PhaseDive"],"picked":"ekkoTheBoyWhoShatteredTime:SpHit","floor":14},{"not_picked":["ekkoTheBoyWhoShatteredTime:SneakHit","ekkoTheBoyWhoShatteredTime:HextechProtobelt","ekkoTheBoyWhoShatteredTime:PlayTheBeat"],"picked":"SKIP","floor":15},{"not_picked":["ekkoTheBoyWhoShatteredTime:Unleashed","ekkoTheBoyWhoShatteredTime:ZhonyasHourglass"],"picked":"ekkoTheBoyWhoShatteredTime:DuplicateTimelines","floor":16},{"not_picked":["ekkoTheBoyWhoShatteredTime:Greed","ekkoTheBoyWhoShatteredTime:DodgeTraining","ekkoTheBoyWhoShatteredTime:QuickBreak"],"picked":"SKIP","floor":19},{"not_picked":["ekkoTheBoyWhoShatteredTime:NaggingBlow+1","ekkoTheBoyWhoShatteredTime:Process","ekkoTheBoyWhoShatteredTime:SpHit"],"picked":"SKIP","floor":20},{"not_picked":["ekkoTheBoyWhoShatteredTime:QuickBreak","ekkoTheBoyWhoShatteredTime:HextechProtobelt","ekkoTheBoyWhoShatteredTime:NaggingBlow"],"picked":"SKIP","floor":21},{"not_picked":["ekkoTheBoyWhoShatteredTime:RecallingPunch","ekkoTheBoyWhoShatteredTime:Acceleration","ekkoTheBoyWhoShatteredTime:CommittedStrike"],"picked":"SKIP","floor":22},{"not_picked":["ekkoTheBoyWhoShatteredTime:PhaseDive+1","ekkoTheBoyWhoShatteredTime:NaggingBlow+1"],"picked":"ekkoTheBoyWhoShatteredTime:IcebornGauntlet","floor":25},{"not_picked":["ekkoTheBoyWhoShatteredTime:NaggingBlow","ekkoTheBoyWhoShatteredTime:AfterimageTease","ekkoTheBoyWhoShatteredTime:QuickBreak+1"],"picked":"SKIP","floor":26},{"not_picked":["ekkoTheBoyWhoShatteredTime:TimeRecall","ekkoTheBoyWhoShatteredTime:LoadUp"],"picked":"ekkoTheBoyWhoShatteredTime:LichBane","floor":27},{"not_picked":["ekkoTheBoyWhoShatteredTime:QuickBreak+1","ekkoTheBoyWhoShatteredTime:DefensiveStance"],"picked":"ekkoTheBoyWhoShatteredTime:WaitForKeyTiming","floor":29},{"not_picked":["ekkoTheBoyWhoShatteredTime:FeelIt","ekkoTheBoyWhoShatteredTime:LichBane","ekkoTheBoyWhoShatteredTime:DefensiveStance"],"picked":"SKIP","floor":31},{"not_picked":["ekkoTheBoyWhoShatteredTime:WideSlice","ekkoTheBoyWhoShatteredTime:DelayedWork"],"picked":"ekkoTheBoyWhoShatteredTime:Leap+1","floor":32},{"not_picked":["ekkoTheBoyWhoShatteredTime:SandstormSympathy","ekkoTheBoyWhoShatteredTime:TrickOrTreatTrend"],"picked":"ekkoTheBoyWhoShatteredTime:URF","floor":33},{"not_picked":["ekkoTheBoyWhoShatteredTime:SpHit","ekkoTheBoyWhoShatteredTime:SneakHit+1","ekkoTheBoyWhoShatteredTime:Backtrack+1"],"picked":"SKIP","floor":36},{"not_picked":["ekkoTheBoyWhoShatteredTime:FeelIt+1","ekkoTheBoyWhoShatteredTime:WaitForKeyTiming+1"],"picked":"ekkoTheBoyWhoShatteredTime:AfterimageTease+1","floor":37},{"not_picked":["ekkoTheBoyWhoShatteredTime:AfterimageTease+1","ekkoTheBoyWhoShatteredTime:Playful","ekkoTheBoyWhoShatteredTime:NeedlesslyLargeRod"],"picked":"SKIP","floor":38},{"not_picked":["ekkoTheBoyWhoShatteredTime:FeelIt+1","ekkoTheBoyWhoShatteredTime:Disturblast+1","ekkoTheBoyWhoShatteredTime:NaggingBlow"],"picked":"SKIP","floor":39},{"not_picked":["ekkoTheBoyWhoShatteredTime:AfterimageTimeWrap","ekkoTheBoyWhoShatteredTime:Resocharge","ekkoTheBoyWhoShatteredTime:TimeIndustry"],"picked":"SKIP","floor":40},{"not_picked":["ekkoTheBoyWhoShatteredTime:TimeRecall","ekkoTheBoyWhoShatteredTime:KneeNSwordCombo+1","ekkoTheBoyWhoShatteredTime:NaggingBlow"],"picked":"SKIP","floor":42},{"not_picked":["ekkoTheBoyWhoShatteredTime:FeelIt+1","ekkoTheBoyWhoShatteredTime:Acceleration","ekkoTheBoyWhoShatteredTime:AfterimageDualStroke+1"],"picked":"SKIP","floor":44},{"not_picked":["ekkoTheBoyWhoShatteredTime:NaggingBlow","ekkoTheBoyWhoShatteredTime:Dash+1","ekkoTheBoyWhoShatteredTime:ParallelConvergence"],"picked":"SKIP","floor":45},{"not_picked":["ekkoTheBoyWhoShatteredTime:FeelIt","ekkoTheBoyWhoShatteredTime:Dash"],"picked":"ekkoTheBoyWhoShatteredTime:Playful+1","floor":46},{"not_picked":["ekkoTheBoyWhoShatteredTime:AfterimageHit","ekkoTheBoyWhoShatteredTime:PhaseDive","ekkoTheBoyWhoShatteredTime:TimeRecall+1"],"picked":"SKIP","floor":49}],"player_experience":2686401,"relics_obtained":[{"floor":7,"key":"Pen Nib"},{"floor":9,"key":"hubris:DuctTape"},{"floor":10,"key":"White Beast Statue"},{"floor":14,"key":"Blood Vial"},{"floor":24,"key":"Gremlin Food"},{"floor":29,"key":"KratosMod:minohorn"},{"floor":41,"key":"Happy Flower"},{"floor":46,"key":"hubris:CuriousFeather"}],"event_choices":[],"is_beta":false,"boss_relics":[{"not_picked":["ekkoTheBoyWhoShatteredTime:zDriveAcademy","ekkoTheBoyWhoShatteredTime:zDriveTrueDamage"],"picked":"Philosopher\u0027s Stone"},{"not_picked":[]},{"not_picked":["Fusion Hammer","potionbrewer:BhaskarasWheel"],"picked":"ChewingGum"},{"not_picked":[]}],"items_purged_floors":[37,39],"is_endless":false,"potions_floor_spawned":[2,4,12,14,15,16,19,20,21,22,25,26,27,29,31,32,33,36,37,38,39,40,42,44,45,46,49],"ascension_level":0}}