{"host":"1focbxb2e8qu7ccd","time":1612667991,"event":{"mods":["AchievementEnabler","BaseMod","Bestiary","Highlight Path","Minty Spire (QoL Compilation)","Relic Stats"],"gold_per_floor":[210,221,38,48,64,64,92,92,147,179,179,194,194,210,210,287,287,303,303,322,336,71,99,24,35,61,72,72,72,90,122,122,122,122],"floor_reached":33,"language":"ENG","playtime":2433,"items_purged":["Strike_G"],"score":648,"play_id":"90291593-bcdc-42c3-9ac7-392c85069b6b","local_time":"20210206221951","is_ascension_mode":true,"campfire_choices":[{"data":"Bouncing Flask","floor":6.0,"key":"SMITH"},{"floor":15.0,"key":"REST"},{"floor":28,"key":"REST"},{"floor":32,"key":"REST"}],"circlet_count":0,"master_deck":["AscendersBane","Survivor","Neutralize","Flying Knee","Deadly Poison","Bane+1","Poisoned Stab","Bouncing Flask+1","Dagger Throw","Noxious Fumes","Deflect","Calculated Gamble+1","Slice","Burst","Noxious Fumes","Backflip","Prepared","Concentrate","Dodge and Roll","Dagger Throw","Tools of the Trade","Ghostly","Ghostly","Ghostly","PiercingWail+1","Outmaneuver+1","PiercingWail","Tactician","PiercingWail","Burst"],"relics":["Ring of the Snake","White Beast Statue","Orichalcum","Snake Skull","Pandora\u0027s Box","Paper Crane","Sundial","Dream Catcher","Meat on the Bone"],"acts_visited":["Exordium","TheCity"],"potions_floor_usage":[16,21,30,30,31],"damage_taken":[{"damage":2.0,"enemies":"Jaw Worm","floor":1.0,"turns":5.0},{"damage":0.0,"enemies":"Cultist","floor":2.0,"turns":4.0},{"damage":3.0,"enemies":"Small Slimes","floor":4.0,"turns":3.0},{"damage":8.0,"enemies":"Blue Slaver","floor":5.0,"turns":5.0},{"damage":32.0,"enemies":"3 Sentries","floor":7.0,"turns":9.0},{"damage":7.0,"enemies":"Lagavulin","floor":10.0,"turns":4.0},{"damage":6.0,"enemies":"Exordium Wildlife","floor":12.0,"turns":4.0},{"damage":9.0,"enemies":"Exordium Thugs","floor":14.0,"turns":3.0},{"damage":17,"enemies":"Slime Boss","floor":16,"turns":9},{"damage":6,"enemies":"Chosen","floor":18,"turns":3},{"damage":6,"enemies":"Shell Parasite","floor":20,"turns":4},{"damage":16,"enemies":"Shelled Parasite and Fungi","floor":21,"turns":5},{"damage":0,"enemies":"Gremlin Leader","floor":23,"turns":6},{"damage":0,"enemies":"Chosen and Byrds","floor":25,"turns":5},{"damage":4,"enemies":"Snecko","floor":27,"turns":4},{"damage":0,"enemies":"Snake Plant","floor":30,"turns":4},{"damage":6,"enemies":"Slavers","floor":31,"turns":7},{"damage":23,"enemies":"Champ","floor":33,"turns":10}],"seed_played":"971773084573126168","potions_obtained":[{"floor":2.0,"key":"Block Potion"},{"floor":7.0,"key":"SkillPotion"},{"floor":10.0,"key":"SteroidPotion"},{"floor":12.0,"key":"DuplicationPotion"},{"floor":16,"key":"Strength Potion"},{"floor":18,"key":"DistilledChaos"},{"floor":21,"key":"AttackPotion"},{"floor":30,"key":"Strength Potion"},{"floor":31,"key":"Explosive Potion"}],"is_trial":false,"path_per_floor":["M","M","$","M","M","R","E","?","T","E","?","M","?","M","R","B",null,"M","?","M","M","$","E","?","M","T","M","R","?","M","E","R","B"],"character_chosen":"THE_SILENT","items_purchased":["Bane","Poisoned Stab","Paper Crane"],"campfire_rested":3,"item_purchase_floors":[3,3,22],"current_hp_per_floor":[57,57,57,54,46,46,14,36,36,29,29,23,16,7,26,9,52,46,33,27,11,11,11,11,11,11,7,16,16,16,10,19,0,0],"gold":122,"neow_bonus":"HUNDRED_GOLD","is_daily":false,"chose_seed":false,"campfire_upgraded":1,"win_rate":0.0,"timestamp":1612667991,"path_taken":["M","M","$","M","M","R","E","?","T","E","?","?","?","M","R","BOSS","M","?","M","M","$","E","?","M","T","?","R","?","?","E","R","BOSS"],"items_purchased_type":["Card","Card","Relic"],"build_version":"2020-12-22","purchased_purges":1,"victory":false,"max_hp_per_floor":[66,66,66,66,66,66,66,66,66,66,66,66,66,66,66,66,66,66,33,33,33,33,33,33,33,33,33,33,33,33,33,33,33,33],"relic_stats":{"Dream Catcher":2,"counters":[18,94],"Sundial":[2],"Pandora\u0027s Box":["Noxious Fumes","Backflip","Prepared","Concentrate","Dodge and Roll","Dagger Throw","Eviscerate","Tools of the Trade"],"Snake Skull":[139],"Orichalcum":[264],"obtain_stats":[{"Dream Catcher":26,"Sundial":23,"Pandora\u0027s Box":17,"Snake Skull":10,"Orichalcum":9,"Paper Crane":22,"White Beast Statue":7,"Ring of the Snake":0,"Meat on the Bone":31},{"Dream Catcher":14,"Sundial":13,"Pandora\u0027s Box":9,"Snake Skull":6,"Orichalcum":5,"Paper Crane":12,"White Beast Statue":5,"Ring of the Snake":0,"Meat on the Bone":17},{"Dream Catcher":69,"Sundial":64,"Pandora\u0027s Box":46,"Snake Skull":30,"Orichalcum":26,"Paper Crane":58,"White Beast Statue":26,"Ring of the Snake":0,"Meat on the Bone":84}],"Ring of the Snake":[36],"Meat on the Bone":0},"card_choices":[{"not_picked":["Prepared","Calculated Gamble"],"picked":"Flying Knee","floor":1.0},{"not_picked":["Quick Slash","Prepared"],"picked":"Deadly Poison","floor":2.0},{"not_picked":["Heel Hook","Dodge and Roll"],"picked":"Bouncing Flask","floor":4.0},{"not_picked":["Footwork","Poisoned Stab"],"picked":"Dagger Throw","floor":5.0},{"not_picked":["Grand Finale","Acrobatics"],"picked":"Noxious Fumes","floor":7.0},{"not_picked":["Blade Dance","Deadly Poison"],"picked":"Deflect","floor":10.0},{"not_picked":["Predator","Blur"],"picked":"Calculated Gamble","floor":12.0},{"not_picked":["Concentrate","Noxious Fumes"],"picked":"Slice","floor":14.0},{"not_picked":["Die Die Die","Corpse Explosion"],"picked":"Burst","floor":16},{"not_picked":["Bouncing Flask+1","Underhanded Strike","Expertise"],"picked":"SKIP","floor":18},{"not_picked":["Prepared","Quick Slash"],"picked":"PiercingWail+1","floor":20},{"not_picked":["Deflect","Riddle With Holes","Cloak And Dagger+1"],"picked":"SKIP","floor":21},{"not_picked":["Poisoned Stab","Flying Knee"],"picked":"Outmaneuver+1","floor":23},{"not_picked":["Dodge and Roll+1","Phantasmal Killer","Expertise"],"picked":"SKIP","floor":25},{"not_picked":["Deflect","Choke"],"picked":"PiercingWail","floor":27},{"not_picked":["Bane","Quick Slash"],"picked":"Tactician","floor":28},{"not_picked":["Masterful Stab","Underhanded Strike"],"picked":"PiercingWail","floor":30},{"not_picked":["Blade Dance","Bouncing Flask"],"picked":"Burst","floor":31}],"player_experience":890418,"relics_obtained":[{"floor":7.0,"key":"White Beast Statue"},{"floor":9.0,"key":"Orichalcum"},{"floor":10.0,"key":"Snake Skull"},{"floor":23,"key":"Sundial"},{"floor":26,"key":"Dream Catcher"},{"floor":31,"key":"Meat on the Bone"}],"event_choices":[{"damage_healed":22.0,"max_hp_gain":0.0,"max_hp_loss":0.0,"gold_gain":0.0,"event_name":"Big Fish","player_choice":"Banana","floor":8.0,"gold_loss":0.0,"damage_taken":0.0},{"damage_healed":0.0,"max_hp_gain":0.0,"max_hp_loss":0.0,"gold_gain":0.0,"event_name":"Upgrade Shrine","player_choice":"Upgraded","floor":11.0,"gold_loss":0.0,"damage_taken":0.0,"cards_upgraded":["Bane"]},{"cards_removed":["Strike_G"],"damage_healed":0.0,"max_hp_gain":0.0,"max_hp_loss":0.0,"gold_gain":0.0,"event_name":"Golden Wing","player_choice":"Card Removal","floor":13.0,"gold_loss":0.0,"damage_taken":7.0},{"damage_healed":0,"gold_gain":0,"player_choice":"Became a Ghost","damage_taken":0,"max_hp_gain":0,"max_hp_loss":33,"event_name":"Ghosts","floor":19,"gold_loss":0,"cards_obtained":["Ghostly","Ghostly","Ghostly"]},{"cards_removed":["Eviscerate"],"damage_healed":0,"gold_gain":0,"player_choice":"Gave Gold","damage_taken":0,"max_hp_gain":0,"max_hp_loss":0,"event_name":"Beggar","floor":24,"gold_loss":75},{"damage_healed":0,"gold_gain":0,"player_choice":"Upgraded","damage_taken":0,"max_hp_gain":0,"max_hp_loss":0,"event_name":"Upgrade Shrine","floor":29,"gold_loss":0,"cards_upgraded":["Calculated Gamble"]}],"is_beta":false,"boss_relics":[{"not_picked":["Ring of the Serpent","Busted Crown"],"picked":"Pandora\u0027s Box"}],"items_purged_floors":[3],"is_endless":false,"potions_floor_spawned":[2,7,10,12,14,16,18,20,21,23,25,27,30,31],"killed_by":"Champ","ascension_level":20}}