{"host":"u0hb5we0hmj7y3yv","time":1612702405,"event":{"mods":["BaseMod","Colored Powertips","Conspire","KinomotoSakuraMod(Ä¾Ö®±¾Ó£)","Minty Spire (QoL Compilation)"],"gold_per_floor":[15,29,39,52,64,64,64,94,120,148,148,163,163,182,182,256,256,272,159,174,174,193,193,292,321,321,352,371,401,326,360,360,437,437,457,367,378,122,136,168,187,119,145,145,145,158,158,183,183,183,183,183,29,57,57],"floor_reached":56,"language":"ZHS","playtime":2833,"items_purged":["ClowCardTheShield","ClowCardTheShield"],"score":2395,"play_id":"fcb25213-e989-4724-a14f-4021da9b307c","local_time":"20210207205325","is_ascension_mode":true,"campfire_choices":[{"data":"ClowCardTheArrow","floor":6.0,"key":"SMITH"},{"data":"ClowCardTheEarthy","floor":13.0,"key":"SMITH"},{"data":"ClowCardTheRain","floor":15.0,"key":"SMITH"},{"data":"ClowCardTheMove","floor":23.0,"key":"SMITH"},{"data":"ClowCardTheLight","floor":32.0,"key":"SMITH"},{"floor":44.0,"key":"RECALL"},{"floor":49.0,"key":"REST"},{"floor":52.0,"key":"REST"}],"circlet_count":0,"master_deck":["SakuraCardTheWatery+","SakuraCardTheBig+","SakuraCardTheSword+","AscendersBane","SpellCardRelease","ClowCardTheEarthy+1","ClowCardTheArrow+1","ClowCardTheBubbles","ClowCardTheWood","ClowCardTheGlow","ClowCardTheRain+1","ClowCardTheTwin","ClowCardTheChange","ClowCardTheFlower","ClowCardTheFlower","ClowCardTheMove+1","ClowCardTheGlow+1","ClowCardTheSnow","ClowCardTheCloud+1","ClowCardTheLight+1","ClowCardTheMaze+1","ClowCardTheDash","ClowCardTheWave+1","ClowCardTheShadow","ClowCardTheMove","ClowCardTheFloat","ClowCardTheFirey+1","ClowCardTheRain","ClowCardTheFight"],"relics":["KSMOD_SealedBook","KSMOD_SealedWand","Pear","Centennial Puzzle","Nunchaku","Philosopher\u0027s Stone","Pen Nib","KSMOD_TomoyosHeart","Letter Opener","Art of War","Fusion Hammer","HornCleat","Anchor","Kunai","Turnip","OrangePellets","conspire:Dentures"],"acts_visited":["Exordium","TheCity","TheBeyond","TheEnding"],"potions_floor_usage":[],"damage_taken":[{"damage":0.0,"enemies":"Jaw Worm","floor":1.0,"turns":2.0},{"damage":2.0,"enemies":"Small Slimes","floor":2.0,"turns":3.0},{"damage":0.0,"enemies":"2 Louse","floor":3.0,"turns":3.0},{"damage":7.0,"enemies":"Looter","floor":4.0,"turns":2.0},{"damage":0.0,"enemies":"2 Fungi Beasts","floor":5.0,"turns":4.0},{"damage":0.0,"enemies":"Lagavulin","floor":8.0,"turns":3.0},{"damage":6.0,"enemies":"3 Sentries","floor":10.0,"turns":6.0},{"damage":0.0,"enemies":"Large Slime","floor":12.0,"turns":1.0},{"damage":6.0,"enemies":"Lots of Slimes","floor":14.0,"turns":4.0},{"damage":3.0,"enemies":"Hexaghost","floor":16.0,"turns":8.0},{"damage":3.0,"enemies":"Spheric Guardian","floor":18.0,"turns":3.0},{"damage":1.0,"enemies":"Shell Parasite","floor":20.0,"turns":2.0},{"damage":0.0,"enemies":"Centurion and Healer","floor":22.0,"turns":2.0},{"damage":0.0,"enemies":"Book of Stabbing","floor":25.0,"turns":3.0},{"damage":12.0,"enemies":"Gremlin Leader","floor":27.0,"turns":6.0},{"damage":0.0,"enemies":"Shelled Parasite and Fungi","floor":28.0,"turns":2.0},{"damage":0.0,"enemies":"Book of Stabbing","floor":29.0,"turns":2.0},{"damage":22.0,"enemies":"Slavers","floor":31.0,"turns":3.0},{"damage":0.0,"enemies":"Automaton","floor":33.0,"turns":8.0},{"damage":18.0,"enemies":"3 Darklings","floor":35.0,"turns":3.0},{"damage":0.0,"enemies":"Orb Walker","floor":37.0,"turns":3.0},{"damage":3.0,"enemies":"3 Darklings","floor":39.0,"turns":2.0},{"damage":0.0,"enemies":"Reptomancer","floor":40.0,"turns":5.0},{"damage":0.0,"enemies":"Maw","floor":41.0,"turns":5.0},{"damage":2.0,"enemies":"Writhing Mass","floor":46.0,"turns":3.0},{"damage":0.0,"enemies":"Giant Head","floor":48.0,"turns":5.0},{"damage":44.0,"enemies":"conspire:OrnateMirror","floor":50.0,"turns":5.0},{"damage":16,"enemies":"Shield and Spear","floor":54,"turns":3},{"damage":0,"enemies":"The Heart","floor":55,"turns":6}],"seed_played":"-4682934179936181390","potions_obtained":[{"floor":1.0,"key":"Strength Potion"},{"floor":5.0,"key":"FearPotion"},{"floor":8.0,"key":"Energy Potion"},{"floor":16.0,"key":"SpeedPotion"},{"floor":28.0,"key":"FearPotion"},{"floor":31.0,"key":"SteroidPotion"},{"floor":35.0,"key":"AttackPotion"}],"is_trial":false,"path_per_floor":["M","M","M","M","M","R","?","E","T","E","?","M","R","M","R","B",null,"M","$","M","?","M","R","?","E","T","E","M","E","?","E","R","B",null,"M","?","M","$","M","E","M","$","T","R","?","M","T","E","R","B",null,"R","$","E","B",null],"character_chosen":"KINOMOTOSAKURA","items_purchased":["ClowCardTheFlower","ClowCardTheMove","ClowCardTheFloat","ClowCardTheWatery","OrangePellets"],"campfire_rested":2,"item_purchase_floors":[19,38,38,42,53],"current_hp_per_floor":[59,57,57,50,50,50,50,60,60,54,47,47,47,41,41,38,66,63,63,62,62,62,62,62,62,62,50,50,50,50,28,28,28,63,45,45,45,45,42,42,42,42,42,42,42,40,40,40,62,18,61,75,75,59,59],"gold":57,"neow_bonus":"REMOVE_TWO","is_daily":false,"chose_seed":false,"campfire_upgraded":5,"win_rate":0.0,"timestamp":1612702405,"path_taken":["M","M","M","M","M","R","?","E","T","E","?","M","R","M","R","BOSS","M","$","M","?","M","R","?","E","T","E","M","E","?","E","R","BOSS","M","?","M","$","?","E","M","?","T","R","?","?","?","E","R","BOSS","R","$","E","BOSS"],"items_purchased_type":["Card","Card","Card","Card","Relic"],"build_version":"2020-12-22","purchased_purges":2,"victory":true,"max_hp_per_floor":[65,65,65,65,65,65,65,75,75,75,75,75,75,75,75,75,75,75,75,75,75,75,75,75,75,75,75,75,75,75,75,75,75,75,75,75,75,75,75,75,75,75,75,75,75,75,75,75,75,75,75,75,75,75,75],"card_choices":[{"not_picked":["ClowCardTheMaze","ClowCardTheDream"],"picked":"ClowCardTheEarthy","floor":1.0},{"not_picked":["ClowCardTheCloud","ClowCardTheIllusion","ClowCardThePower"],"picked":"SKIP","floor":2.0},{"not_picked":["ClowCardTheSong","ClowCardTheSleep"],"picked":"ClowCardTheArrow","floor":3.0},{"not_picked":["ClowCardTheVoice","ClowCardTheLock"],"picked":"ClowCardTheBubbles","floor":4.0},{"not_picked":["ClowCardTheEarthy","ClowCardTheArrow","ClowCardTheLibra"],"picked":"SKIP","floor":5.0},{"not_picked":["ClowCardTheFloat","ClowCardTheWatery"],"picked":"ClowCardTheWood","floor":8.0},{"not_picked":["ClowCardTheLibra","ClowCardTheSleep"],"picked":"ClowCardTheBig","floor":10.0},{"not_picked":["ClowCardTheVoice","ClowCardTheWatery"],"picked":"ClowCardTheGlow","floor":12.0},{"not_picked":["ClowCardTheMaze","ClowCardTheArrow"],"picked":"ClowCardTheRain","floor":14.0},{"not_picked":["ClowCardTheCreate","ClowCardTheThrough"],"picked":"ClowCardTheTwin","floor":16.0},{"not_picked":["ClowCardTheSong","ClowCardThePower"],"picked":"ClowCardTheChange","floor":18.0},{"not_picked":["ClowCardTheErase","ClowCardTheIllusion"],"picked":"ClowCardTheFlower","floor":20.0},{"not_picked":["ClowCardTheWindy","ClowCardTheShot"],"picked":"ClowCardTheMove","floor":22.0},{"not_picked":["ClowCardTheWood","ClowCardTheBubbles"],"picked":"ClowCardTheGlow+1","floor":25.0},{"not_picked":["ClowCardTheStorm","ClowCardTheFreeze"],"picked":"ClowCardTheSnow","floor":27.0},{"not_picked":["ClowCardTheBig","ClowCardTheEarthy"],"picked":"ClowCardTheCloud+1","floor":28.0},{"not_picked":["ClowCardTheBig","ClowCardTheVoice"],"picked":"ClowCardTheLight","floor":29.0},{"not_picked":["ClowCardTheLibra","ClowCardTheWood+1"],"picked":"ClowCardTheMaze+1","floor":31.0},{"not_picked":["ClowCardTheLight","ClowCardTheThunder"],"picked":"ClowCardTheDash","floor":33.0},{"not_picked":["ClowCardTheMist+1","ClowCardTheFlower"],"picked":"ClowCardTheWave","floor":35.0},{"not_picked":["ClowCardTheLittle+1","ClowCardTheJump"],"picked":"ClowCardTheShadow","floor":37.0},{"not_picked":["ClowCardTheMaze","ClowCardTheArrow","ClowCardTheDream"],"picked":"SKIP","floor":39.0},{"not_picked":["ClowCardTheSweet","ClowCardTheLoop"],"picked":"ClowCardTheFirey+1","floor":40.0},{"not_picked":["ClowCardTheIllusion","ClowCardTheBubbles"],"picked":"ClowCardTheRain","floor":41.0},{"not_picked":["ClowCardTheJump","ClowCardTheBubbles","ClowCardTheCloud"],"picked":"SKIP","floor":46.0},{"not_picked":["ClowCardTheWatery","ClowCardTheThrough","ClowCardTheFlower"],"picked":"SKIP","floor":48.0},{"not_picked":["ClowCardTheFlower+1","ClowCardThePower"],"picked":"ClowCardTheFight","floor":54}],"player_experience":109542,"relics_obtained":[{"floor":8.0,"key":"Pear"},{"floor":9.0,"key":"Centennial Puzzle"},{"floor":10.0,"key":"Nunchaku"},{"floor":25.0,"key":"Pen Nib"},{"floor":27.0,"key":"KSMOD_TomoyosHeart"},{"floor":29.0,"key":"Letter Opener"},{"floor":31.0,"key":"Art of War"},{"floor":40.0,"key":"HornCleat"},{"floor":43.0,"key":"Anchor"},{"floor":47.0,"key":"Kunai"},{"floor":48.0,"key":"Turnip"},{"floor":54,"key":"conspire:Dentures"}],"event_choices":[{"damage_healed":0.0,"max_hp_gain":0.0,"max_hp_loss":0.0,"gold_gain":0.0,"event_name":"conspire:LoneGhost","player_choice":"Disagree","floor":7.0,"gold_loss":0.0,"damage_taken":0.0},{"cards_removed":["ClowCardTheSword"],"damage_healed":0.0,"max_hp_gain":0.0,"max_hp_loss":0.0,"gold_gain":0.0,"event_name":"Golden Wing","player_choice":"Card Removal","floor":11.0,"gold_loss":0.0,"damage_taken":7.0},{"damage_healed":0.0,"max_hp_gain":0.0,"max_hp_loss":0.0,"gold_gain":0.0,"event_name":"Vampires","player_choice":"Ignored","floor":21.0,"gold_loss":0.0,"damage_taken":0.0},{"damage_healed":0.0,"max_hp_gain":0.0,"max_hp_loss":0.0,"gold_gain":99.0,"event_name":"Nest","player_choice":"Stole From Cult","floor":24.0,"gold_loss":0.0,"damage_taken":0.0},{"cards_removed":["ClowCardTheShield"],"damage_healed":0.0,"max_hp_gain":0.0,"max_hp_loss":0.0,"gold_gain":0.0,"event_name":"Beggar","player_choice":"Gave Gold","floor":30.0,"gold_loss":75.0,"damage_taken":0.0},{"cards_removed":["ClowCardTheSword"],"damage_healed":0.0,"max_hp_gain":0.0,"max_hp_loss":0.0,"gold_gain":0.0,"event_name":"Designer","player_choice":"Upgrade and Remove","floor":36.0,"gold_loss":90.0,"damage_taken":0.0,"cards_upgraded":["ClowCardTheWave"]},{"cards_removed":["SpellCardSeal"],"damage_healed":0.0,"max_hp_gain":0.0,"max_hp_loss":0.0,"gold_gain":0.0,"event_name":"Bonfire Elementals","player_choice":"Offered Basic","floor":45.0,"gold_loss":0.0,"damage_taken":0.0}],"is_beta":false,"boss_relics":[{"not_picked":["conspire:RunicOctahedron","Pandora\u0027s Box"],"picked":"Philosopher\u0027s Stone"},{"not_picked":["SlaversCollar","Cursed Key"],"picked":"Fusion Hammer"}],"items_purged_floors":[19,38],"is_endless":false,"potions_floor_spawned":[1,5,8,16,22,25,28,31,35,39,46,54],"ascension_level":14}}