{"host":"f5gffvlv6a66yqkd","time":1612687967,"event":{"mods":["2.2 Compatiblity","BaseMod","Colored Map","Custom Start","DeckTracker","Keyboard Shortcuts","Minty Spire (QoL Compilation)","Permanent Neow","Quick Restart","Relic Stats","StSLib","SuperFastMode"],"gold_per_floor":[50,50,50,88,88,88,112,148,175,175,175,231,8,51,51,147,147,172,216,216,4,4,4,4,4],"floor_reached":24,"language":"KOR","playtime":519,"items_purged":["Strike_P"],"score":372,"play_id":"26776091-0856-4b97-8308-97a9420c530c","local_time":"20210207175247","is_ascension_mode":true,"campfire_choices":[{"data":"Eruption","floor":6.0,"key":"SMITH"},{"data":"TalkToTheHand","floor":11.0,"key":"SMITH"},{"data":"Ragnarok","floor":15.0,"key":"SMITH"},{"data":"Worship","floor":23,"key":"SMITH"}],"circlet_count":0,"master_deck":["AscendersBane","Strike_P","Strike_P","Strike_P","Defend_P","Defend_P","Defend_P","Defend_P","Eruption+1","Vigilance","TalkToTheHand+1","CutThroughFate","EmptyFist","Ragnarok+1","Halt","DeusExMachina","FearNoEvil","Worship+1"],"relics":["PureWater","Bloody Idol","Oddly Smooth Stone","SacredBark","Tiny Chest"],"acts_visited":["Exordium","TheCity"],"potions_floor_usage":[18],"damage_taken":[{"damage":1.0,"enemies":"2 Louse","floor":1.0,"turns":3.0},{"damage":0.0,"enemies":"Small Slimes","floor":4.0,"turns":4.0},{"damage":0.0,"enemies":"Cultist","floor":7.0,"turns":3.0},{"damage":0.0,"enemies":"2 Fungi Beasts","floor":8.0,"turns":3.0},{"damage":5.0,"enemies":"3 Louse","floor":12.0,"turns":3.0},{"damage":0.0,"enemies":"Red Slaver","floor":14.0,"turns":4.0},{"damage":3.0,"enemies":"Hexaghost","floor":16.0,"turns":4.0},{"damage":0,"enemies":"Spheric Guardian","floor":18,"turns":1},{"damage":16,"enemies":"2 Thieves","floor":19,"turns":3},{"damage":25,"enemies":"Sentry and Sphere","floor":24,"turns":5}],"seed_played":"2363624116184588830","potions_obtained":[{"floor":4.0,"key":"SneckoOil"},{"floor":7.0,"key":"PowerPotion"},{"floor":8.0,"key":"Swift Potion"},{"floor":10.0,"key":"AttackPotion"},{"floor":16.0,"key":"SteroidPotion"}],"is_trial":false,"path_per_floor":["M","?","?","M","?","R","M","M","T","?","R","M","$","M","R","B",null,"M","M","?","$","?","R","M"],"character_chosen":"WATCHER","items_purchased":["Ragnarok","Halt","Worship","SteroidPotion"],"campfire_rested":0,"item_purchase_floors":[13,13,21,21],"current_hp_per_floor":[60,37,19,19,19,19,19,19,19,19,19,14,14,14,14,11,54,54,38,38,38,38,38,13,13],"gold":4,"neow_bonus":"RANDOM_COLORLESS_2","is_daily":false,"chose_seed":false,"campfire_upgraded":4,"win_rate":0.0,"timestamp":1612687967,"path_taken":["M","?","?","M","?","R","M","M","T","?","R","?","$","M","R","BOSS","M","M","?","$","?","R","?"],"items_purchased_type":["Card","Card","Card","Potion"],"build_version":"2020-12-22","purchased_purges":1,"victory":false,"max_hp_per_floor":[68,68,68,68,68,68,68,68,68,68,68,68,68,68,68,68,68,68,68,68,68,68,68,68,68],"relic_stats":{"counters":[10,33],"Bloody Idol":0,"Tiny Chest":0,"obtain_stats":[{"Golden Idol":2,"SacredBark":17,"Bloody Idol":20,"Oddly Smooth Stone":3,"Tiny Chest":22,"PureWater":0},{"Golden Idol":1,"SacredBark":7,"Bloody Idol":9,"Oddly Smooth Stone":1,"Tiny Chest":9,"PureWater":0},{"Golden Idol":3,"SacredBark":24,"Bloody Idol":28,"Oddly Smooth Stone":3,"Tiny Chest":28,"PureWater":0}]},"card_choices":[{"not_picked":["The Bomb","Master of Strategy"],"picked":"HandOfGreed","floor":0.0},{"not_picked":["EmptyMind","EmptyFist"],"picked":"TalkToTheHand","floor":1.0},{"not_picked":["ClearTheMind","FollowUp"],"picked":"CutThroughFate","floor":4.0},{"not_picked":["FollowUp","EmptyBody","PathToVictory"],"picked":"SKIP","floor":7.0},{"not_picked":["CrushJoints","DeusExMachina"],"picked":"EmptyFist","floor":8.0},{"not_picked":["JustLucky","Indignation","Wireheading"],"picked":"SKIP","floor":12.0},{"not_picked":["ThirdEye","Meditate","Fasting2"],"picked":"SKIP","floor":14.0},{"not_picked":["ThirdEye","Meditate","Fasting2"],"picked":"SKIP","floor":14.0},{"not_picked":["ConjureBlade","Omniscience"],"picked":"DeusExMachina","floor":16.0},{"not_picked":["EmptyFist","ClearTheMind+1"],"picked":"FearNoEvil","floor":18},{"not_picked":["FollowUp","Evaluate","FlurryOfBlows"],"picked":"SKIP","floor":19}],"player_experience":1694932,"relics_obtained":[],"event_choices":[{"damage_healed":0.0,"max_hp_gain":0.0,"max_hp_loss":0.0,"gold_gain":0.0,"event_name":"Golden Idol","player_choice":"Take Damage","floor":2.0,"gold_loss":0.0,"damage_taken":23.0,"relics_obtained":["Golden Idol"]},{"damage_healed":0.0,"max_hp_gain":0.0,"max_hp_loss":0.0,"gold_gain":0.0,"event_name":"Scrap Ooze","player_choice":"Success","floor":3.0,"gold_loss":0.0,"damage_taken":18.0,"relics_obtained":["Oddly Smooth Stone"]},{"damage_healed":0.0,"max_hp_gain":0.0,"max_hp_loss":0.0,"gold_gain":0.0,"event_name":"Liars Game","player_choice":"Ignored","floor":5.0,"gold_loss":0.0,"damage_taken":0.0},{"damage_healed":0.0,"max_hp_gain":0.0,"max_hp_loss":0.0,"gold_gain":0.0,"event_name":"Lab","player_choice":"Got Potions","floor":10.0,"gold_loss":0.0,"damage_taken":0.0},{"damage_healed":0,"gold_gain":0,"player_choice":"Gave Idol","damage_taken":0,"relics_obtained":["Bloody Idol"],"max_hp_gain":0,"max_hp_loss":0,"event_name":"Forgotten Altar","floor":20,"relics_lost":["Golden Idol"],"gold_loss":0},{"cards_removed":["HandOfGreed"],"damage_healed":0,"gold_gain":0,"player_choice":"Gave Card","damage_taken":0,"relics_obtained":["Tiny Chest"],"max_hp_gain":0,"max_hp_loss":0,"event_name":"WeMeetAgain","floor":22,"gold_loss":0}],"is_beta":false,"boss_relics":[{"not_picked":["Calling Bell","Philosopher\u0027s Stone"],"picked":"SacredBark"}],"items_purged_floors":[21],"is_endless":false,"potions_floor_spawned":[4,7,8,16],"killed_by":"Sentry and Sphere","ascension_level":20}}