{"host":"vgmhxp0kxvybuvcq","time":1612670795,"event":{"mods":["BaseMod","Minty Spire (QoL Compilation)","Replay The Spire","StSLib"],"gold_per_floor":[110,110,122,141,8,43,62,62,88,88,101,176,176,193,193,193,193],"floor_reached":16,"language":"ENG","playtime":864,"items_purged":["Strike_G"],"score":158,"play_id":"fc6eb102-d978-45a3-956c-e0b659b333e7","local_time":"20210206200635","is_ascension_mode":true,"campfire_choices":[{"data":"Replay:Poison Smokescreen","floor":10,"key":"SMITH"},{"floor":13,"key":"REST"},{"floor":15,"key":"REST"}],"circlet_count":0,"master_deck":["AscendersBane","Strike_G","Strike_G","Strike_G","Defend_G","Defend_G","Defend_G","Defend_G","Survivor","Neutralize","Blade Dance","Skewer","Replay:Poison Smokescreen+1","Concentrate+1","Blur","Eviscerate","Storm of Steel+1","Skewer","Crippling Poison"],"relics":["Runic Pyramid","Smiling Mask","Blue Doll"],"acts_visited":["Exordium"],"potions_floor_usage":[16,16],"damage_taken":[{"damage":1,"enemies":"Small Slimes","floor":1,"turns":5},{"damage":3,"enemies":"2 Louse","floor":3,"turns":3},{"damage":2,"enemies":"Jaw Worm","floor":4,"turns":5},{"damage":23,"enemies":"3 Sentries","floor":6,"turns":9},{"damage":0,"enemies":"Looter","floor":7,"turns":3},{"damage":13,"enemies":"Lots of Slimes","floor":11,"turns":5},{"damage":7,"enemies":"Large Slime","floor":14,"turns":4},{"damage":54,"enemies":"Fading Forest","floor":16,"turns":9}],"seed_played":"-6692405183627852248","potions_obtained":[{"floor":3,"key":"BlessingOfTheForge"},{"floor":11,"key":"Energy Potion"}],"is_trial":false,"path_per_floor":["M","?","M","M","$","E","M","?","T","R","M","?","R","M","R","B"],"character_chosen":"THE_SILENT","items_purchased":["Concentrate+1"],"campfire_rested":2,"item_purchase_floors":[5],"current_hp_per_floor":[62,62,59,57,57,34,34,34,34,34,21,10,31,24,45,0,0],"gold":193,"neow_bonus":"BOSS_RELIC","is_daily":false,"chose_seed":false,"campfire_upgraded":1,"win_rate":0.0,"timestamp":1612670795,"path_taken":["M","?","M","M","$","E","M","?","T","R","M","?","R","M","R","BOSS"],"items_purchased_type":["Card"],"build_version":"2020-12-22","purchased_purges":1,"victory":false,"max_hp_per_floor":[70,70,70,70,70,70,70,70,70,70,70,70,70,70,70,70,70],"card_choices":[{"not_picked":["Leg Sweep","PiercingWail"],"picked":"Blade Dance","floor":1},{"not_picked":["Dagger Spray","Well Laid Plans"],"picked":"Skewer","floor":3},{"not_picked":["Cloak And Dagger","Riddle With Holes"],"picked":"Replay:Poison Smokescreen","floor":4},{"not_picked":["Dagger Spray","Blade Dance"],"picked":"Blur","floor":6},{"not_picked":["Prepared","Slice"],"picked":"Eviscerate","floor":7},{"not_picked":["A Thousand Cuts","Sucker Punch"],"picked":"Skewer","floor":11},{"not_picked":["Slice","PiercingWail"],"picked":"Crippling Poison","floor":14}],"player_experience":307839,"relics_obtained":[{"floor":6,"key":"Smiling Mask"},{"floor":9,"key":"Blue Doll"}],"event_choices":[{"cards_removed":["Defend_G"],"damage_healed":0,"gold_gain":0,"player_choice":"Forget","damage_taken":0,"max_hp_gain":0,"max_hp_loss":0,"event_name":"Living Wall","floor":2,"gold_loss":0},{"damage_healed":0,"gold_gain":75,"player_choice":"Gather Gold","damage_taken":11,"max_hp_gain":0,"max_hp_loss":0,"event_name":"World of Goop","floor":12,"gold_loss":0}],"is_beta":false,"boss_relics":[],"items_purged_floors":[5],"is_endless":false,"potions_floor_spawned":[3,11,14],"killed_by":"Fading Forest","ascension_level":11}}