{"host":"yrtk68ixj64vhhh3","time":1612690008,"event":{"mods":["2.2 Compatiblity","AchievementEnabler","Aspiration","BaseMod","Better Altar","Better Match","Better Note","Better Silent Start","Better Skull","Better Third Choice","Colored Map","Colored Powertips","Conspire","Dio Mod","Downfall","Energized Spire","Hubris","Infinite Spire","Minty Spire (QoL Compilation)","Prisma Mod","RNG Fix","StSLib","Steal the Spire","Td1madao Mod","The Animator","The Poker Player","The Wild Card","TheBandit","TheHero"],"gold_per_floor":[111,129,129,129,140,151,151,166,193,158,158,171,190,210,210,306,306,317,267,18,32,32,32,32],"floor_reached":23,"language":"ENG","playtime":1390,"items_purged":[],"score":185,"play_id":"b16d5a4c-4861-49f3-a9be-1159509384d4","local_time":"20210207222648","is_ascension_mode":false,"campfire_choices":[{"floor":7,"key":"REST"},{"floor":11,"key":"RECALL"},{"floor":15,"key":"REST"}],"circlet_count":0,"master_deck":["Strike_C","Strike_C","Strike_C","Strike_C","Defend_C","Defend_C","Defend_C","Defend_C","Knight Kick","Chip","Twin Teeth","Fire Up","WreathOfFlame","Fire Blade","Light Attack","Three Hit","Machining","Black Spear","Black Shadow","Furious","Gravity Defend","Magnetism","Black Execution","Preloading","Fixing+1"],"relics":["Apod","Lsj Skin","infinitespire:Eraser","conspire:SpecialSausage"],"acts_visited":["Exordium","TheCity"],"potions_floor_usage":[16,16,16,23],"damage_taken":[{"damage":4,"enemies":"conspire:RoseBush","floor":1,"turns":3},{"damage":3,"enemies":"Cultist","floor":2,"turns":3},{"damage":10,"enemies":"Jaw Worm","floor":5,"turns":2},{"damage":5,"enemies":"Large Slime","floor":6,"turns":4},{"damage":3,"enemies":"Red Slaver","floor":8,"turns":3},{"damage":9,"enemies":"Blue Slaver","floor":12,"turns":3},{"damage":0,"enemies":"Large Slime","floor":13,"turns":4},{"damage":3,"enemies":"Red Slaver","floor":14,"turns":3},{"damage":48,"enemies":"The Guardian","floor":16,"turns":7},{"damage":10,"enemies":"Spheric Guardian","floor":18,"turns":3},{"damage":14,"enemies":"2 Thieves","floor":21,"turns":4},{"damage":50,"enemies":"conspire:Head Lice","floor":23,"turns":5}],"seed_played":"-5667974028672978611","potions_obtained":[{"floor":5,"key":"SteroidPotion"},{"floor":6,"key":"conspire:TimeTravelPotion"},{"floor":12,"key":"SteroidPotion"},{"floor":14,"key":"DuplicationPotion"},{"floor":18,"key":"Block Potion"},{"floor":21,"key":"FearPotion"}],"is_trial":false,"path_per_floor":["M","M","?","?","M","M","R","M","T","?","R","M","M","M","R","B",null,"M","?","$","M","$","E"],"character_chosen":"TD1MADAO_CLASS","items_purchased":["Magnetism","Black Execution","Preloading"],"campfire_rested":2,"item_purchase_floors":[20,20,20],"current_hp_per_floor":[66,63,36,59,49,44,65,62,62,70,70,61,61,58,70,38,70,60,60,60,46,46,0,0],"gold":32,"neow_bonus":"RANDOM_COMMON_RELIC","is_daily":false,"chose_seed":false,"campfire_upgraded":0,"win_rate":0.0,"timestamp":1612690008,"path_taken":["M","M","?","?","?","M","R","?","T","?","R","?","M","M","R","BOSS","M","?","$","M","$","E"],"items_purchased_type":["Card","Card","Card"],"build_version":"2020-12-22","purchased_purges":0,"victory":false,"max_hp_per_floor":[70,70,70,70,70,70,70,70,70,70,70,70,70,70,70,70,70,70,70,70,70,70,70,70],"card_choices":[{"not_picked":["Rupture","Sudden Beat"],"picked":"Twin Teeth","floor":1},{"not_picked":["Sub Weapons","Fixing"],"picked":"Fire Up","floor":2},{"not_picked":["Sudden Beat","Black Shadow"],"picked":"Fire Blade","floor":5},{"not_picked":["Oblique Hack","Winding Magic"],"picked":"Light Attack","floor":6},{"not_picked":["Load Balancing","Energy Supply"],"picked":"Three Hit","floor":8},{"not_picked":["Sudden Beat","Afterwards"],"picked":"Machining","floor":12},{"not_picked":["Winding Magic","Break Into"],"picked":"Black Spear","floor":13},{"not_picked":["Resistance","Floating Swing Kick"],"picked":"Black Shadow","floor":14},{"not_picked":["Black Warm Hole","Optimization"],"picked":"Furious","floor":16},{"not_picked":["Floating Swing Kick","White Contract"],"picked":"Gravity Defend","floor":18},{"not_picked":["Fire Up","Money Cant Rescue"],"picked":"Fixing+1","floor":21}],"player_experience":739212,"relics_obtained":[],"event_choices":[{"damage_healed":23,"gold_gain":0,"player_choice":"Banana","damage_taken":0,"max_hp_gain":0,"max_hp_loss":0,"event_name":"Big Fish","floor":4,"gold_loss":0},{"damage_healed":17,"gold_gain":0,"player_choice":"Healed","damage_taken":0,"max_hp_gain":0,"max_hp_loss":0,"event_name":"The Cleric","floor":10,"gold_loss":35},{"damage_healed":0,"gold_gain":0,"player_choice":"Bet on Murderer","damage_taken":0,"max_hp_gain":0,"max_hp_loss":0,"event_name":"The Joust","floor":19,"gold_loss":50}],"is_beta":false,"boss_relics":[{"not_picked":["infinitespire:Cupcake","hubris:HollowSoul"],"picked":"conspire:SpecialSausage"}],"items_purged_floors":[],"is_endless":false,"potions_floor_spawned":[5,6,12,14,18,21],"killed_by":"conspire:Head Lice","ascension_level":0}}