{"host":"l2dnabsh5e0fsksb","time":1612680037,"event":{"mods":["2.2 Compatiblity","BaseMod","Downfall","Minty Spire (QoL Compilation)","Quick Restart","StSLib"],"gold_per_floor":[99,99,99,99,99,199,226,259,271,93,123,35,76,102,131,220,232,244,268,230,242,254,83,83,83,83,83,6,6,6,6,17,17,17,17],"floor_reached":33,"language":"ENG","playtime":769,"items_purged":["Writhe"],"score":485,"play_id":"1bda2fb9-e207-4bb6-8951-fdfbb3274965","local_time":"20210207171037","is_ascension_mode":true,"campfire_choices":[{"floor":1.0,"key":"RECALL"},{"floor":12.0,"key":"REST"},{"data":"bronze:RecursiveStrike","floor":18.0,"key":"SMITH"},{"data":"bronze:Iterate","floor":25.0,"key":"SMITH"},{"floor":27.0,"key":"REST"},{"data":"bronze:Fortify","floor":30.0,"key":"SMITH"}],"circlet_count":0,"master_deck":["AscendersBane","bronze:Strike","bronze:Strike","bronze:Strike","bronze:Strike","bronze:Defend","bronze:Defend+1","bronze:Defend","bronze:Defend+1","bronze:Replicate","bronze:Invalidate+1","bronze:Iterate+1","bronze:RecursiveStrike+1","bronze:Constructor","bronze:ItsAFeature+1","bronze:Iterate+1","bronze:Verify+1","bronze:Optimize+1","bronze:DelayedGuard","bronze:DelayedSlice","bronze:Fortify+1","bronze:BuggyMess+1","bronze:BugBarrage"],"relics":["bronze:BronzeCore","downfall:HeartsMalice","Frozen Egg 2","Bronze Scales","Matryoshka","Sling","MawBank","downfall:HeartBlessingRed","Dream Catcher","Busted Crown","The Courier","Membership Card","bronze:BronzeIdol","StrikeDummy","Nilry\u0027s Codex","ClockworkSouvenir","Anchor","Letter Opener","Omamori","Prayer Wheel","Strawberry","champ:DuelingGlove"],"acts_visited":["Exordium","TheCity"],"potions_floor_usage":[33],"damage_taken":[{"damage":0.0,"enemies":"2 Louse","floor":2.0,"turns":1.0},{"damage":0.0,"enemies":"Small Slimes","floor":3.0,"turns":1.0},{"damage":0.0,"enemies":"downfall:Heads","floor":6.0,"turns":1.0},{"damage":20.0,"enemies":"Lagavulin","floor":8.0,"turns":4.0},{"damage":0.0,"enemies":"Jaw Worm","floor":9.0,"turns":2.0},{"damage":0.0,"enemies":"downfall:FleeingMerchant","floor":10.0,"turns":4.0},{"damage":24.0,"enemies":"3 Sentries","floor":11.0,"turns":6.0},{"damage":8.0,"enemies":"Gremlin Nob","floor":13.0,"turns":3.0},{"damage":0.0,"enemies":"2 Fungi Beasts","floor":14.0,"turns":2.0},{"damage":6.0,"enemies":"3 Louse","floor":15.0,"turns":2.0},{"damage":6.0,"enemies":"IC_STATUS_ARCHETYPE","floor":16.0,"turns":8.0},{"damage":18.0,"enemies":"3 Byrds","floor":19.0,"turns":2.0},{"damage":7.0,"enemies":"downfall:FleeingMerchant","floor":23.0,"turns":4.0},{"damage":10.0,"enemies":"downfall:FleeingMerchant","floor":28.0,"turns":3.0},{"damage":4.0,"enemies":"Chosen","floor":32.0,"turns":3.0},{"damage":47,"enemies":"DF_ARCHETYPE_CLAW","floor":33,"turns":5}],"seed_played":"-6377836239512303366","potions_obtained":[{"floor":6.0,"key":"CultistPotion"},{"floor":8.0,"key":"hexamod:SoulburnPotion"},{"floor":14.0,"key":"AttackPotion"},{"floor":32.0,"key":"bronze:BurnAndBuffPotion"}],"is_trial":false,"path_per_floor":["R","M","M","?","?","?","T","E","M","$","E","R","E","M","M","B",null,"R","M","?","?","?","$","T","R","?","R","$","?","R","T","M","B"],"character_chosen":"THE_AUTOMATON","items_purchased":["Sling","Membership Card","ClockworkSouvenir","Anchor","Letter Opener","Omamori","Prayer Wheel"],"campfire_rested":2,"item_purchase_floors":[10,23,28,28,28,28,28],"current_hp_per_floor":[57,57,57,52,52,52,52,32,32,32,8,26,18,18,12,6,49,49,31,63,63,63,56,56,56,35,53,43,43,43,50,46,0,0,0],"gold":17,"neow_bonus":"THREE_ENEMY_KILL","is_daily":false,"chose_seed":false,"campfire_upgraded":3,"win_rate":0.0,"timestamp":1612680037,"path_taken":["R","M","M","?","?","?","T","E","M","$","E","R","E","M","M","BOSS","R","M","?","?","?","$","T","R","?","R","$","?","R","?","M","BOSS"],"items_purchased_type":["Relic","Relic","Relic","Relic","Relic","Relic","Relic"],"build_version":"2020-12-22","purchased_purges":1,"victory":false,"max_hp_per_floor":[63,63,63,63,63,63,63,63,63,63,63,63,63,63,63,63,63,63,63,63,63,63,63,63,63,63,63,63,63,63,70,70,70,70,70],"card_choices":[{"not_picked":["bronze:FineTuning","bronze:BugBarrage"],"picked":"bronze:Invalidate","floor":2.0},{"not_picked":["bronze:DelayedSlice","bronze:FineTuning"],"picked":"bronze:Iterate","floor":3.0},{"not_picked":["bronze:Refactor","bronze:BuggyMess"],"picked":"bronze:Constructor","floor":6.0},{"not_picked":["bronze:CloningBeam","bronze:Format"],"picked":"bronze:ItsAFeature+1","floor":8.0},{"not_picked":["bronze:ChosenStrike","bronze:DelayedGuard"],"picked":"bronze:Iterate","floor":9.0},{"not_picked":["bronze:Boost","bronze:Overheat"],"picked":"bronze:Verify+1","floor":10.0},{"not_picked":["bronze:ShipIt","bronze:DigitalCarnage"],"picked":"bronze:Optimize+1","floor":11.0},{"not_picked":["bronze:ForLoop","bronze:Constructor"],"picked":"bronze:DelayedGuard","floor":13.0},{"not_picked":["bronze:Allocate","bronze:BugBarrage"],"picked":"bronze:DelayedSlice","floor":14.0},{"not_picked":["bronze:Branch","bronze:DigitalCarnage"],"picked":"bronze:Fortify","floor":15.0},{"not_picked":["bronze:Allocate"],"picked":"SKIP","floor":19.0},{"not_picked":[],"picked":"bronze:BuggyMess+1","floor":23.0},{"not_picked":["bronze:Branch"],"picked":"SKIP","floor":28.0},{"not_picked":[],"picked":"bronze:BugBarrage","floor":32.0},{"not_picked":["bronze:DigitalCarnage"],"picked":"SKIP","floor":32.0}],"player_experience":1911392,"relics_obtained":[{"floor":7.0,"key":"Bronze Scales"},{"floor":8.0,"key":"Matryoshka"},{"floor":11.0,"key":"MawBank"},{"floor":13.0,"key":"Dream Catcher"},{"floor":24.0,"key":"bronze:BronzeIdol"},{"floor":24.0,"key":"StrikeDummy"},{"floor":26.0,"key":"Nilry\u0027s Codex"},{"floor":31.0,"key":"Strawberry"},{"floor":31.0,"key":"champ:DuelingGlove"}],"event_choices":[{"damage_healed":0.0,"max_hp_gain":0.0,"max_hp_loss":0.0,"gold_gain":0.0,"event_name":"Scrap Ooze","player_choice":"Success","floor":4.0,"gold_loss":0.0,"damage_taken":5.0,"relics_obtained":["Frozen Egg 2"]},{"damage_healed":0.0,"max_hp_gain":0.0,"max_hp_loss":0.0,"gold_gain":0.0,"event_name":"Vampires","player_choice":"Ignored","floor":29.0,"gold_loss":0.0,"damage_taken":0.0}],"is_beta":false,"boss_relics":[{"not_picked":["Sozu","Runic Dome"],"picked":"Busted Crown"}],"items_purged_floors":[23],"is_endless":false,"potions_floor_spawned":[6,8,14,32],"killed_by":"DF_ARCHETYPE_CLAW","ascension_level":18}}