{"host":"vm8b3ptwl81uq21f","time":1612719031,"event":{"mods":["Act Like it!","Aspiration","BaseMod","BetterRewards","Colored Map","Colored Powertips","GifTheSpireLib","Googly Eyes","GungeonMod","Halation","Hallownest","Hubris","Infinite Spire","Minty Spire (QoL Compilation)","Quick Restart","Rare Cards Sparkle","Replay The Spire","Shop Mod","Spicy Shops","StSLib","Stuff the Spire","The IronCluck","[IsaacMod]????"],"gold_per_floor":[116,132,147,165,165,165,220,237,237,237,262,279,313,324,324,396,396,407,407,422,15,34,34,34,60,60,60,60,93,147,164,164,164,164],"floor_reached":33,"language":"ENG","playtime":1454,"items_purged":["Strike_G","Strike_G","Strike_G","Defend_G","Defend_G"],"score":905,"play_id":"35d7f351-03c9-4b15-bf8e-a750381474e3","local_time":"20210207123031","is_ascension_mode":true,"campfire_choices":[{"data":"Catalyst","floor":6,"key":"SMITH"},{"floor":10,"key":"REST"},{"data":"Setup","floor":15,"key":"SMITH"},{"data":"Secret Technique","floor":23,"key":"SMITH"},{"data":"Bane","floor":28,"key":"SMITH"},{"data":"hubris:Fate","floor":32,"key":"SMITH"}],"circlet_count":0,"master_deck":["AscendersBane","Strike_G","Strike_G","Defend_G+1","Defend_G+1","Defend_G","Survivor","Neutralize","Catalyst+1","StuffTheSpire:Injection","Setup+1","Bouncing Flask","Backflip","Deadly Poison","StuffTheSpire:Injection","Secret Technique+1","Bane+1","hubris:Fate","hubris:Fate+1"],"relics":["Ring of the Snake","HushsDoor","BelialBook","HandDrill","hubris:Zylophone","MerchantsRug","Happy Flower","DemoMod:PoisonVial","hubris:TenFootPole","DemoMod:SerJunkan","GuppysHairball","halation:NonexistentMirror","DemoMod:Junk","hubris:TinFlute","DemoMod:GlassGuonStoneRelic"],"acts_visited":["Exordium","Exordium"],"potions_floor_usage":[7],"damage_taken":[{"damage":7,"enemies":"Small Slimes","floor":1,"turns":4},{"damage":0,"enemies":"Cultist","floor":2,"turns":3},{"damage":4,"enemies":"2 Louse","floor":3,"turns":3},{"damage":0,"enemies":"Looter","floor":4,"turns":2},{"damage":1,"enemies":"Gremlin Nob","floor":7,"turns":3},{"damage":5,"enemies":"Exordium Wildlife","floor":8,"turns":4},{"damage":0,"enemies":"Gremlin Nob","floor":11,"turns":2},{"damage":5,"enemies":"Blue Slaver","floor":12,"turns":3},{"damage":0,"enemies":"Replay:BlueRogue","floor":13,"turns":3},{"damage":0,"enemies":"3 Louse","floor":14,"turns":4},{"damage":0,"enemies":"The Guardian","floor":16,"turns":3},{"damage":13,"enemies":"Hallownest:Flukemon_and_Top","floor":18,"turns":7},{"damage":2,"enemies":"Hallownest:Guard_and_Sentry","floor":20,"turns":3},{"damage":0,"enemies":"Hallownest:monsterMisterMushroom","floor":22,"turns":3},{"damage":0,"enemies":"Hallownest:Nosk","floor":25,"turns":3},{"damage":7,"enemies":"Hallownest:eliteSoulWarrior","floor":29,"turns":5},{"damage":0,"enemies":"Hallownest:Glutton_and_Coward","floor":30,"turns":2},{"damage":30,"enemies":"Hallownest:3_Mistakes","floor":31,"turns":4},{"damage":0,"enemies":"Hallownest:BossMantisLord","floor":33,"turns":1}],"seed_played":"2535174738476839319","potions_obtained":[{"floor":2,"key":"DistilledChaos"},{"floor":4,"key":"Poison Potion"},{"floor":11,"key":"Strength Potion"},{"floor":22,"key":"AttackPotion"},{"floor":29,"key":"Fire Potion"}],"is_trial":false,"path_per_floor":["M","M","M","M","?","R","?","M","T","R","E","M","E","M","R","B",null,"M","?","M","$","M","R","AVR","E","T","?","R","E","M","M","R","B"],"character_chosen":"THE_SILENT","items_purchased":["HandDrill","Catalyst","hubris:Zylophone","StuffTheSpire:Injection","MerchantsRug","Happy Flower","War Paint","BargainBundle","Weak Potion","Energy Potion","DemoMod:LeadSkinPotion","Setup","GuppysHairball","Secret Technique"],"campfire_rested":1,"item_purchase_floors":[0,0,0,0,0,0,0,0,0,0,0,0,17,21],"current_hp_per_floor":[13,13,9,9,9,9,8,3,3,22,22,17,17,17,17,17,43,30,30,28,28,28,28,28,43,43,43,43,44,44,14,14,14,14],"gold":164,"neow_bonus":"","is_daily":false,"chose_seed":false,"campfire_upgraded":5,"win_rate":0.0,"timestamp":1612719031,"path_taken":["M","M","M","M","?","R","?","M","T","R","E","M","E","M","R","BOSS","M","?","M","$","M","R","AVR","E","T","?","R","E","?","M","R","BOSS"],"items_purchased_type":["Relic","Card","Relic","Card","Relic","Relic","Relic","Relic","Potion","Potion","Undefined","Card","Relic","Card"],"build_version":"2020-12-22","purchased_purges":5,"victory":false,"max_hp_per_floor":[66,66,66,66,66,66,66,66,66,66,66,66,66,66,66,66,51,51,51,51,51,51,51,51,51,51,51,51,51,51,51,51,51,51],"card_choices":[{"not_picked":["ReplayTheSpireMod:Speed Training","Prepared"],"picked":"Bouncing Flask","floor":1},{"not_picked":["Hidden Blade","Deflect","ReplayTheSpireMod:Exploit Weakness"],"picked":"SKIP","floor":2},{"not_picked":["PiercingWail","Sucker Punch"],"picked":"Backflip","floor":3},{"not_picked":["Sucker Punch","hubris:Sniper"],"picked":"Deadly Poison","floor":4},{"not_picked":["StuffTheSpire:ClusterCrunch","Outmaneuver","Poisoned Stab"],"picked":"SKIP","floor":8},{"not_picked":["Flying Knee","Underhanded Strike","Expertise"],"picked":"SKIP","floor":11},{"not_picked":["hubris:SlightOfHand","Dagger Spray","StuffTheSpire:Incantation"],"picked":"SKIP","floor":12},{"not_picked":["StuffTheSpire:Repulse","Dagger Spray","Footwork"],"picked":"SKIP","floor":13},{"not_picked":["Fluid Movement","Predator","Footwork"],"picked":"SKIP","floor":14},{"not_picked":["Deflect","ReplayTheSpireMod:Tripwire","PiercingWail"],"picked":"SKIP","floor":18},{"not_picked":["Sucker Punch","StuffTheSpire:Injection","StuffTheSpire:BumpUp"],"picked":"SKIP","floor":20},{"not_picked":["Cloak And Dagger","Prepared"],"picked":"Bane","floor":22},{"not_picked":["Sucker Punch","Backflip","Blade Dance+1"],"picked":"SKIP","floor":25},{"not_picked":["Deflect","Quick Slash","Fluid Movement"],"picked":"SKIP","floor":29},{"not_picked":["Acrobatics","StuffTheSpire:Repulse","Leg Sweep"],"picked":"SKIP","floor":30},{"not_picked":["Backflip","Setup","Distraction"],"picked":"SKIP","floor":31}],"player_experience":396561,"relics_obtained":[{"floor":7,"key":"DemoMod:PoisonVial"},{"floor":9,"key":"halation:PromiseList"},{"floor":11,"key":"StuffTheSpire:Tea"},{"floor":13,"key":"hubris:TenFootPole"},{"floor":25,"key":"DemoMod:Junk"},{"floor":26,"key":"hubris:TinFlute"},{"floor":29,"key":"DemoMod:Junk"}],"event_choices":[{"damage_healed":0,"gold_gain":0,"player_choice":"Searched \u00271\u0027 times","damage_taken":0,"max_hp_gain":0,"max_hp_loss":0,"event_name":"Dead Adventurer","floor":7,"gold_loss":0}],"is_beta":false,"boss_relics":[{"not_picked":["hubris:CrackedHourglass","Sozu"],"picked":"hubris:Backtick"},{"not_picked":[]}],"items_purged_floors":[0,17,21,21,24],"is_endless":false,"potions_floor_spawned":[2,4,11,12,14,16,20,22,29],"killed_by":"Hallownest:BossMantisLord","ascension_level":14}}