{"host":"sc0o2qwpf9j16a4i","time":1612709300,"event":{"mods":["AchievementEnabler","BaseMod","BetterRewards","Block Reminder","Colored Map","Colored Powertips","Custom Start","Highlight Path","Minty Spire (QoL Compilation)","Relic Stats"],"gold_per_floor":[115,131,131,142,317,346,346,363,438,448,448,448,448],"floor_reached":12,"language":"ENG","playtime":329,"items_purged":[],"score":105,"play_id":"4819f18c-a476-4821-8b5e-957e14e6bba9","local_time":"20210207164820","daily_mods":["Specialized","Blue Cards","Terminal"],"is_ascension_mode":false,"campfire_choices":[{"data":"Recycle","floor":7,"key":"SMITH"}],"circlet_count":0,"master_deck":["Strike_R+1","Strike_R","Strike_R","Strike_R","Strike_R","Defend_R","Defend_R","Defend_R","Defend_R","Bash","Sweeping Beam","Sweeping Beam","Sweeping Beam","Sweeping Beam","Sweeping Beam","Anger+1","Infernal Blade","Doubt","Recycle+1","Armaments","Sword Boomerang"],"relics":["Burning Blood","TungstenRod","Tiny Chest","Gremlin Horn"],"acts_visited":["Exordium"],"potions_floor_usage":[6,8],"damage_taken":[{"damage":0,"enemies":"Cultist","floor":1,"turns":4},{"damage":0,"enemies":"2 Louse","floor":2,"turns":2},{"damage":0,"enemies":"Jaw Worm","floor":4,"turns":3},{"damage":7,"enemies":"3 Sentries","floor":6,"turns":6},{"damage":5,"enemies":"Exordium Wildlife","floor":8,"turns":3},{"damage":0,"enemies":"Blue Slaver","floor":10,"turns":4},{"damage":7,"enemies":"Lagavulin","floor":12,"turns":7}],"seed_played":"-3204001427487277329","potions_obtained":[{"floor":4,"key":"FearPotion"},{"floor":6,"key":"SpeedPotion"},{"floor":8,"key":"Ancient Potion"},{"floor":10,"key":"Strength Potion"}],"is_trial":true,"path_per_floor":["M","M","?","M","?","E","R","M","T","M","?","E"],"character_chosen":"IRONCLAD","items_purchased":[],"campfire_rested":0,"item_purchase_floors":[],"current_hp_per_floor":[78,77,59,65,65,64,64,65,65,69,56,49,49],"gold":448,"neow_bonus":"","is_daily":false,"chose_seed":false,"campfire_upgraded":1,"win_rate":0.0,"timestamp":1612709300,"path_taken":["M","M","?","M","?","E","R","M","T","M","?","E"],"items_purchased_type":[],"build_version":"2020-12-22","purchased_purges":0,"victory":false,"max_hp_per_floor":[78,77,76,75,74,73,72,71,70,69,68,68,68],"relic_stats":{"Gremlin Horn":[0,0],"counters":[7,29],"Tiny Chest":0,"obtain_stats":[{"Gremlin Horn":9,"Tiny Chest":6,"Burning Blood":0,"TungstenRod":3},{"Gremlin Horn":5,"Tiny Chest":4,"Burning Blood":0,"TungstenRod":2},{"Gremlin Horn":18,"Tiny Chest":15,"Burning Blood":0,"TungstenRod":6}],"Burning Blood":23,"TungstenRod":5},"card_choices":[{"not_picked":["Pommel Strike","Shrug It Off"],"picked":"Anger","floor":1},{"not_picked":["Compile Driver","Leap"],"picked":"Infernal Blade","floor":2},{"not_picked":["Clash","Lockon","Shrug It Off"],"picked":"SKIP","floor":4},{"not_picked":["Streamline","Sword Boomerang"],"picked":"Recycle","floor":6},{"not_picked":["Thunder Strike","Chaos"],"picked":"Armaments","floor":8},{"not_picked":["Ball Lightning","Coolheaded"],"picked":"Sword Boomerang","floor":10}],"player_experience":1265970,"relics_obtained":[{"floor":6,"key":"Tiny Chest"},{"floor":9,"key":"Gremlin Horn"}],"event_choices":[{"damage_healed":0,"gold_gain":0,"player_choice":"Success","damage_taken":18,"relics_obtained":["TungstenRod"],"max_hp_gain":0,"max_hp_loss":0,"event_name":"Scrap Ooze","floor":3,"gold_loss":0},{"damage_healed":0,"gold_gain":175,"player_choice":"AGREE","damage_taken":0,"max_hp_gain":0,"max_hp_loss":0,"event_name":"Liars Game","floor":5,"gold_loss":0,"cards_obtained":["Doubt"]},{"damage_healed":0,"gold_gain":0,"player_choice":"Entered Light","damage_taken":14,"max_hp_gain":0,"max_hp_loss":0,"event_name":"Shining Light","floor":11,"gold_loss":0,"cards_upgraded":["Anger","Strike_R"]}],"is_beta":false,"boss_relics":[],"items_purged_floors":[],"is_endless":false,"potions_floor_spawned":[4,6,8,10],"killed_by":"Lagavulin","ascension_level":0}}