{"host":"0nndazl0keusavit","time":1612676245,"event":{"mods":["AchievementEnabler","BaseMod","Colored Map","Curses Come First","Highlight Path","Minty Spire (QoL Compilation)","Relic Stats","StSLib"],"gold_per_floor":[113,191,211,223,242,242,274,274,274,289,299,319,101,135,135,135,135],"floor_reached":16,"language":"ENG","playtime":949,"items_purged":["Doubt"],"score":228,"play_id":"ea72cd55-542a-4991-a552-c86d329deb7b","local_time":"20210207003725","is_ascension_mode":true,"campfire_choices":[{"floor":6,"key":"REST"},{"floor":8,"key":"REST"},{"floor":15,"key":"REST"}],"circlet_count":0,"master_deck":["AscendersBane","Strike_G","Strike_G","Strike_G","Strike_G","Strike_G","Defend_G","Defend_G","Defend_G","Defend_G","Defend_G","Survivor","Neutralize","Envenom","Riddle With Holes","All Out Attack","Adrenaline","Blade Dance","Blade Dance","Dash","Bouncing Flask","Cloak And Dagger","Well Laid Plans+1","Dodge and Roll"],"relics":["Ring of the Snake","Bottled Flame","Frozen Egg 2","Happy Flower","Smiling Mask"],"acts_visited":["Exordium"],"potions_floor_usage":[7,14,16],"damage_taken":[{"damage":16.0,"enemies":"Cultist","floor":1.0,"turns":6.0},{"damage":6.0,"enemies":"2 Louse","floor":3.0,"turns":2.0},{"damage":4.0,"enemies":"Small Slimes","floor":4.0,"turns":4.0},{"damage":5,"enemies":"Gremlin Gang","floor":5,"turns":6},{"damage":36,"enemies":"Lagavulin","floor":7,"turns":9},{"damage":5,"enemies":"Red Slaver","floor":10,"turns":4},{"damage":1,"enemies":"Blue Slaver","floor":11,"turns":2},{"damage":7,"enemies":"Lots of Slimes","floor":12,"turns":4},{"damage":16,"enemies":"3 Sentries","floor":14,"turns":6},{"damage":25,"enemies":"Slime Boss","floor":16,"turns":5}],"seed_played":"-581647217372354971","potions_obtained":[{"floor":4.0,"key":"Weak Potion"},{"floor":7,"key":"FearPotion"},{"floor":10,"key":"DistilledChaos"}],"is_trial":false,"path_per_floor":["M","T","M","M","M","R","E","R","T","M","M","M","$","E","R","B"],"character_chosen":"THE_SILENT","items_purchased":["Cloak And Dagger","Well Laid Plans+1"],"campfire_rested":3,"item_purchase_floors":[13,13],"current_hp_per_floor":[43,43,37,33,28,47,11,30,30,25,24,17,17,1,20,0,0],"gold":135,"neow_bonus":"THREE_RARE_CARDS","is_daily":false,"chose_seed":false,"campfire_upgraded":0,"win_rate":0.0,"timestamp":1612676245,"path_taken":["M","?","M","?","M","R","E","R","T","M","M","?","$","E","R","BOSS"],"items_purchased_type":["Card","Card"],"build_version":"2020-12-22","purchased_purges":1,"victory":false,"max_hp_per_floor":[66,66,66,66,66,66,66,66,66,66,66,66,66,66,66,66,66],"relic_stats":{"Happy Flower":[7],"counters":[10,48],"Smiling Mask":0,"obtain_stats":[{"Bottled Flame":2,"Happy Flower":9,"Frozen Egg 2":7,"Smiling Mask":14,"Ring of the Snake":0},{"Bottled Flame":1,"Happy Flower":5,"Frozen Egg 2":5,"Smiling Mask":9,"Ring of the Snake":0},{"Bottled Flame":6,"Happy Flower":27,"Frozen Egg 2":27,"Smiling Mask":43,"Ring of the Snake":0}],"Ring of the Snake":[20]},"card_choices":[{"not_picked":["Malaise","Wraith Form v2"],"picked":"Envenom","floor":0.0},{"not_picked":["Acrobatics","Backflip"],"picked":"Riddle With Holes","floor":1.0},{"not_picked":["Dodge and Roll","Leg Sweep"],"picked":"All Out Attack","floor":3.0},{"not_picked":["Acrobatics","Riddle With Holes","Outmaneuver"],"picked":"SKIP","floor":4.0},{"not_picked":["Acrobatics","Riddle With Holes","Outmaneuver"],"picked":"SKIP","floor":4.0},{"not_picked":["Finisher","Acrobatics"],"picked":"Adrenaline","floor":5},{"not_picked":["Riddle With Holes","Deadly Poison"],"picked":"Blade Dance","floor":7},{"not_picked":["Calculated Gamble","Outmaneuver"],"picked":"Blade Dance","floor":10},{"not_picked":["Prepared","Poisoned Stab"],"picked":"Dash","floor":11},{"not_picked":["Tools of the Trade+1","PiercingWail"],"picked":"Bouncing Flask","floor":12},{"not_picked":["Dash","Predator"],"picked":"Dodge and Roll","floor":14}],"player_experience":906459,"relics_obtained":[{"floor":2.0,"key":"Bottled Flame"},{"floor":7,"key":"Frozen Egg 2"},{"floor":9,"key":"Happy Flower"},{"floor":14,"key":"Smiling Mask"}],"event_choices":[],"is_beta":false,"boss_relics":[],"items_purged_floors":[13],"is_endless":false,"potions_floor_spawned":[4,7,10,11],"killed_by":"Slime Boss","ascension_level":20}}