{"host":"d76q0rb9a0s9bgr5","time":1612702902,"event":{"mods":["BaseMod","Downfall","Hubris","Minty Spire (QoL Compilation)","StSLib"],"gold_per_floor":[99,99,99,99,160,179,206,206,206,225,225,256,13,32,42,42,42,42],"floor_reached":16,"language":"ENG","playtime":1004,"items_purged":["Guardian:Strike_Guardian"],"score":98,"play_id":"a7b36b94-6a56-4db7-9548-316747700754","local_time":"20210207140142","is_ascension_mode":false,"campfire_choices":[{"data":"Guardian:CurlUp","floor":1,"key":"SMITH"},{"data":"Guardian:TwinSlam","floor":11,"key":"SMITH"}],"circlet_count":0,"master_deck":["Guardian:Strike_Guardian","Guardian:Strike_Guardian","Guardian:Defend_Guardian","Guardian:Defend_Guardian","Guardian:Defend_Guardian","Guardian:CurlUp+1","Guardian:TwinSlam+1","Guardian:TimeCapacitor","Guardian:PrismaticBeam","Guardian:Gem_Cyan","Guardian:Recover","Guardian:Gem_Red"],"relics":["Guardian:ModeShifter","downfall:HeartsMalice","downfall:BrokenWingStatue","Question Card","Toy Ornithopter","Ice Cream","Guardian:PickAxe"],"acts_visited":["Exordium"],"potions_floor_usage":[12,16],"damage_taken":[{"damage":0,"enemies":"2 Louse","floor":2,"turns":1},{"damage":0,"enemies":"Small Slimes","floor":3,"turns":1},{"damage":0,"enemies":"Gremlin Nob","floor":5,"turns":1},{"damage":6,"enemies":"Jaw Worm","floor":6,"turns":5},{"damage":22,"enemies":"Exordium Thugs","floor":10,"turns":10},{"damage":26,"enemies":"Gremlin Nob","floor":12,"turns":5},{"damage":0,"enemies":"downfall:FleeingMerchant","floor":13,"turns":4},{"damage":4,"enemies":"Blue Slaver","floor":14,"turns":5},{"damage":0,"enemies":"3 Louse","floor":15,"turns":3},{"damage":22,"enemies":"IC_STATUS_ARCHETYPE","floor":16,"turns":10}],"seed_played":"-2550859801482580480","potions_obtained":[{"floor":5,"key":"DuplicationPotion"},{"floor":10,"key":"SmokeBomb"},{"floor":15,"key":"sneckomod:MuddlingPotion"}],"is_trial":false,"path_per_floor":["R","M","M","?","?","M","T","?","?","M","R","E","$","M","M","B"],"character_chosen":"GUARDIAN","items_purchased":["Guardian:PickAxe"],"campfire_rested":0,"item_purchase_floors":[13],"current_hp_per_floor":[80,80,80,80,80,74,74,74,74,52,52,31,31,27,27,10,10,10],"gold":42,"neow_bonus":"THREE_ENEMY_KILL","is_daily":false,"chose_seed":false,"campfire_upgraded":2,"win_rate":0.0,"timestamp":1612702902,"path_taken":["R","M","M","?","?","M","T","?","?","M","R","E","$","M","M","BOSS"],"items_purchased_type":["Relic"],"build_version":"2020-12-22","purchased_purges":1,"victory":false,"max_hp_per_floor":[80,80,80,80,80,80,80,80,80,80,80,80,80,80,80,80,80,80],"card_choices":[{"not_picked":["Guardian:Harden","Guardian:RollAttack"],"picked":"Guardian:TimeCapacitor","floor":2},{"not_picked":["Guardian:Emergency","Guardian:Reroute"],"picked":"Guardian:Gem_Cyan","floor":3},{"not_picked":["Guardian:Reroute","Guardian:ChargeCore"],"picked":"Guardian:Gem_Blue","floor":5},{"not_picked":["Guardian:Suspension","Guardian:Gem_Purple","Guardian:Gem_Lightblue","Guardian:PolyBeam"],"picked":"SKIP","floor":6},{"not_picked":["Guardian:Recover","Guardian:Gem_Green","Guardian:WalkerClaw","Guardian:Gem_Crimson"],"picked":"SKIP","floor":10},{"not_picked":["Guardian:Gem_Blue","Guardian:TemporalShield","Guardian:ChargeCore"],"picked":"Guardian:PrismaticBeam","floor":12},{"not_picked":["Guardian:Gem_Crimson","Guardian:FastForward","Guardian:CrystalBeam"],"picked":"Guardian:Gem_Cyan","floor":13},{"not_picked":["Guardian:ShieldCharger","Guardian:DonusPower","Guardian:FloatingOrbs"],"picked":"Guardian:Recover","floor":14},{"not_picked":["Guardian:Emergency","Guardian:VentSteam","Guardian:Preprogram"],"picked":"Guardian:Gem_Red","floor":15}],"player_experience":106927,"relics_obtained":[{"floor":5,"key":"Question Card"},{"floor":7,"key":"Toy Ornithopter"},{"floor":12,"key":"Ice Cream"}],"event_choices":[{"cards_removed":["Guardian:Defend_Guardian"],"damage_healed":0,"gold_gain":0,"player_choice":"Forget","damage_taken":0,"max_hp_gain":0,"max_hp_loss":0,"event_name":"Living Wall","floor":9,"gold_loss":0}],"is_beta":false,"boss_relics":[],"items_purged_floors":[13],"is_endless":false,"potions_floor_spawned":[5,10,15],"killed_by":"IC_STATUS_ARCHETYPE","ascension_level":0}}