{"host":"f5gffvlv6a66yqkd","time":1612690805,"event":{"mods":["2.2 Compatiblity","BaseMod","Colored Map","Custom Start","DeckTracker","Keyboard Shortcuts","Minty Spire (QoL Compilation)","Permanent Neow","Quick Restart","Relic Stats","StSLib","SuperFastMode"],"gold_per_floor":[110,110,110,129,145,145,156,156,156,204,204,222,55,65,65,136,186,200,200,227,227,246,246,246,246],"floor_reached":24,"language":"KOR","playtime":543,"items_purged":[],"score":372,"play_id":"b4d68a44-718e-4b93-a3b4-b7b513c44675","local_time":"20210207184005","is_ascension_mode":true,"campfire_choices":[{"data":"Eruption","floor":6.0,"key":"SMITH"},{"data":"WheelKick","floor":8.0,"key":"SMITH"},{"data":"TalkToTheHand","floor":11.0,"key":"SMITH"},{"data":"Tantrum","floor":15.0,"key":"SMITH"},{"data":"Adaptation","floor":23,"key":"SMITH"}],"circlet_count":0,"master_deck":["AscendersBane","Defend_P","Defend_P","Eruption+1","Vigilance","BowlingBash","TalkToTheHand+1","EmptyMind","DeceiveReality","MentalFortress+1","WheelKick+1","Tantrum+1","Adaptation+1","FearNoEvil","Scrawl","Wireheading","DevaForm","Blasphemy"],"relics":["PureWater","Omamori","Akabeko","Tiny House","Red Mask"],"acts_visited":["Exordium","TheCity"],"potions_floor_usage":[20,24],"damage_taken":[{"damage":0.0,"enemies":"2 Louse","floor":1.0,"turns":2.0},{"damage":12.0,"enemies":"Jaw Worm","floor":4.0,"turns":2.0},{"damage":0.0,"enemies":"Small Slimes","floor":5.0,"turns":5.0},{"damage":0.0,"enemies":"Looter","floor":7.0,"turns":3.0},{"damage":0.0,"enemies":"Large Slime","floor":12.0,"turns":2.0},{"damage":0.0,"enemies":"Gremlin Gang","floor":14.0,"turns":3.0},{"damage":9.0,"enemies":"Hexaghost","floor":16.0,"turns":5.0},{"damage":3.0,"enemies":"Chosen","floor":18.0,"turns":3.0},{"damage":0,"enemies":"Masked Bandits","floor":20,"turns":2},{"damage":7,"enemies":"Shell Parasite","floor":22,"turns":3},{"damage":53,"enemies":"Slavers","floor":24,"turns":4}],"seed_played":"4827768130355096637","potions_obtained":[{"floor":5.0,"key":"Fire Potion"},{"floor":12.0,"key":"Strength Potion"},{"floor":16.0,"key":"SpeedPotion"},{"floor":18.0,"key":"FearPotion"},{"floor":22,"key":"FearPotion"}],"is_trial":false,"path_per_floor":["M","?","?","M","M","R","M","R","T","T","R","M","$","M","R","B",null,"M","?","?","?","M","R","E"],"character_chosen":"WATCHER","items_purchased":["Adaptation","FearNoEvil"],"campfire_rested":0,"item_purchase_floors":[13,13],"current_hp_per_floor":[61,61,61,49,49,49,49,49,49,49,49,49,49,49,49,40,62,59,59,59,59,52,52,0,0],"gold":246,"neow_bonus":"TRANSFORM_TWO_CARDS","is_daily":false,"chose_seed":false,"campfire_upgraded":5,"win_rate":0.0,"timestamp":1612690805,"path_taken":["M","?","?","M","M","R","M","R","T","?","R","M","$","M","R","BOSS","M","?","?","?","M","R","E"],"items_purchased_type":["Card","Card"],"build_version":"2020-12-22","purchased_purges":0,"victory":false,"max_hp_per_floor":[62,62,62,62,62,62,62,62,62,62,62,62,62,62,62,62,67,67,67,67,67,67,67,67,67],"relic_stats":{"counters":[11,34],"obtain_stats":[{"Tiny House":17,"Omamori":9,"Red Mask":20,"PureWater":0,"Akabeko":10},{"Tiny House":7,"Omamori":4,"Red Mask":9,"PureWater":0,"Akabeko":4},{"Tiny House":22,"Omamori":12,"Red Mask":27,"PureWater":0,"Akabeko":12}]},"card_choices":[{"not_picked":["ClearTheMind","WaveOfTheHand","Vengeance"],"picked":"SKIP","floor":1.0},{"not_picked":["PathToVictory","Wireheading"],"picked":"DeceiveReality","floor":4.0},{"not_picked":["Halt","BattleHymn"],"picked":"MentalFortress","floor":5.0},{"not_picked":["ForeignInfluence","Prostrate"],"picked":"WheelKick","floor":7.0},{"not_picked":["JustLucky","WreathOfFlame"],"picked":"Tantrum","floor":12.0},{"not_picked":["BowlingBash","EmptyBody","Omniscience"],"picked":"SKIP","floor":14.0},{"not_picked":["ConjureBlade","Alpha"],"picked":"Scrawl","floor":16.0},{"not_picked":["CrushJoints","EmptyBody","PathToVictory"],"picked":"SKIP","floor":18.0},{"not_picked":["CrushJoints","EmptyBody","PathToVictory"],"picked":"SKIP","floor":18.0},{"not_picked":["BowlingBash","ClearTheMind","ReachHeaven+1"],"picked":"SKIP","floor":22}],"player_experience":1697540,"relics_obtained":[{"floor":9.0,"key":"Omamori"},{"floor":10.0,"key":"Akabeko"},{"floor":20,"key":"Red Mask"}],"event_choices":[{"damage_healed":0.0,"max_hp_gain":0.0,"max_hp_loss":0.0,"gold_gain":0.0,"cards_transformed":["Defend_P"],"event_name":"Living Wall","player_choice":"Change","floor":2.0,"gold_loss":0.0,"damage_taken":0.0,"cards_obtained":["EmptyMind"]},{"damage_healed":0.0,"max_hp_gain":0.0,"max_hp_loss":0.0,"gold_gain":0.0,"event_name":"Liars Game","player_choice":"Ignored","floor":3.0,"gold_loss":0.0,"damage_taken":0.0},{"damage_healed":0.0,"max_hp_gain":0.0,"max_hp_loss":0.0,"gold_gain":0.0,"cards_transformed":["Strike_P","Strike_P"],"event_name":"Drug Dealer","player_choice":"Became Test Subject","floor":19.0,"gold_loss":0.0,"damage_taken":0.0,"cards_obtained":["Wireheading","DevaForm"]},{"damage_healed":0,"gold_gain":0,"player_choice":"Fought Bandits","damage_taken":0,"max_hp_gain":0,"max_hp_loss":0,"event_name":"Masked Bandits","floor":20,"gold_loss":0},{"damage_healed":0,"gold_gain":0,"cards_transformed":["Strike_P"],"player_choice":"Transformed","damage_taken":0,"max_hp_gain":0,"max_hp_loss":0,"event_name":"Transmorgrifier","floor":21,"gold_loss":0,"cards_obtained":["Blasphemy"]}],"is_beta":false,"boss_relics":[{"not_picked":["Velvet Choker","Cursed Key"],"picked":"Tiny House"}],"items_purged_floors":[],"is_endless":false,"potions_floor_spawned":[5,12,16,18,22],"killed_by":"Slavers","ascension_level":20}}