{"host":"l5zfpd2l2htson6l","time":1612697949,"event":{"mods":["AchievementEnabler","BaseMod","Colored Map","Colored Powertips","Minty Spire (QoL Compilation)","Permanent Neow","Quick Restart","Rare Cards Sparkle","Relic Stats","SuperFastMode"],"gold_per_floor":[113,188,199,212,212,212,237,237,237,252,252,252],"floor_reached":11,"language":"ENG","playtime":491,"items_purged":[],"score":146,"play_id":"b9a40e29-3701-4dec-b725-7ddee9bc451a","local_time":"20210207033909","is_ascension_mode":true,"campfire_choices":[{"data":"Hemokinesis","floor":6,"key":"SMITH"},{"floor":8,"key":"REST"}],"circlet_count":0,"master_deck":["AscendersBane","Strike_R","Strike_R","Strike_R","Strike_R","Strike_R","Defend_R","Defend_R","Defend_R","Defend_R","Bash","Wild Strike","Shrug It Off","Ghostly Armor","Hemokinesis+1","Rage","Infernal Blade"],"relics":["SlaversCollar","Mummified Hand","Blue Candle"],"acts_visited":[],"potions_floor_usage":[11],"damage_taken":[{"damage":9.0,"enemies":"Jaw Worm","floor":1.0,"turns":5.0},{"damage":7.0,"enemies":"Small Slimes","floor":3.0,"turns":3.0},{"damage":0.0,"enemies":"Cultist","floor":4.0,"turns":2.0},{"damage":21,"enemies":"3 Sentries","floor":7,"turns":10},{"damage":3,"enemies":"Large Slime","floor":10,"turns":5},{"damage":39,"enemies":"Lagavulin","floor":11,"turns":7}],"seed_played":"2076113718340618302","potions_obtained":[{"floor":1.0,"key":"DistilledChaos"},{"floor":3.0,"key":"Dexterity Potion"},{"floor":7,"key":"PowerPotion"}],"is_trial":false,"path_per_floor":["M","?","M","M","?","R","E","R","T","M","E"],"character_chosen":"IRONCLAD","items_purchased":[],"campfire_rested":1,"item_purchase_floors":[],"current_hp_per_floor":[59,48,41,41,41,41,20,42,42,39,0,0],"gold":252,"neow_bonus":"BOSS_RELIC","is_daily":false,"chose_seed":false,"campfire_upgraded":1,"win_rate":0.0,"timestamp":1612697949,"path_taken":["M","?","M","M","?","R","E","R","T","M","E"],"items_purchased_type":[],"build_version":"2020-12-22","purchased_purges":0,"victory":false,"max_hp_per_floor":[75,75,75,75,75,75,75,75,75,75,75,75],"relic_stats":{"counters":[6,32],"Mummified Hand":[1],"Blue Candle":[0],"obtain_stats":[{"SlaversCollar":0,"Mummified Hand":7,"Blue Candle":9,"Burning Blood":0},{"SlaversCollar":0,"Mummified Hand":4,"Blue Candle":4,"Burning Blood":0},{"SlaversCollar":0,"Mummified Hand":20,"Blue Candle":20,"Burning Blood":0}]},"card_choices":[{"not_picked":["Flame Barrier","Clash"],"picked":"Wild Strike","floor":1.0},{"not_picked":["Disarm","Thunderclap"],"picked":"Shrug It Off","floor":3.0},{"not_picked":["Entrench","Disarm"],"picked":"Ghostly Armor","floor":4.0},{"not_picked":["Iron Wave","Anger"],"picked":"Rage","floor":7},{"not_picked":["Body Slam","Warcry"],"picked":"Infernal Blade","floor":10}],"player_experience":942596,"relics_obtained":[{"floor":7,"key":"Mummified Hand"},{"floor":9,"key":"Blue Candle"}],"event_choices":[{"damage_healed":0.0,"max_hp_gain":0.0,"max_hp_loss":0.0,"gold_gain":75.0,"event_name":"World of Goop","player_choice":"Gather Gold","floor":2.0,"gold_loss":0.0,"damage_taken":11.0},{"damage_healed":0,"gold_gain":0,"player_choice":"1 cards matched","damage_taken":0,"max_hp_gain":0,"max_hp_loss":0,"event_name":"Match and Keep!","floor":5,"gold_loss":0,"cards_obtained":["Hemokinesis"]}],"is_beta":false,"boss_relics":[],"items_purged_floors":[],"is_endless":false,"potions_floor_spawned":[1,3,7],"killed_by":"Lagavulin","ascension_level":20}}