{"host":"i70yit5z0kpl303k","time":1612735653,"event":{"mods":["2.2 Compatiblity","Act Like it!","BaseMod","BetterRewards","Evolution","Infinite Spire","Ironclad Rager","Koishi","Marked Mod","Minty Spire (QoL Compilation)","Relic Stats","Reliquary","Replay The Spire","StSLib","The Blue Laboratory","The Marked"],"gold_per_floor":[114,189,364,380,395,424,424,438,438,472,487,487,504,469,469,572,572,591,591,506,525,624,624,641,351,351,351,368,379,379,446,446,547,547,561,610,707,707,707,707],"floor_reached":39,"language":"ENG","playtime":1437,"items_purged":["Doubt"],"score":568,"play_id":"a86502a8-fde1-42f0-95d8-91c9be0c600c","local_time":"20210207140733","is_ascension_mode":false,"campfire_choices":[{"floor":7,"key":"REST"},{"data":"A Thousand Cuts","floor":12,"key":"SMITH"},{"floor":15,"key":"REST"},{"floor":23,"key":"REST"},{"floor":27,"key":"REST"},{"floor":32,"key":"REST"}],"circlet_count":0,"master_deck":["Dagger Spray","Strike_G","Strike_G","Strike_G","Strike_G","Defend_G","Defend_G","Defend_G","Defend_G","Defend_G","Survivor","Neutralize","A Thousand Cuts+1","Dagger Spray","Slice","Underhanded Strike","Prepared","Backflip","Deflect","A Thousand Cuts","Deadly Poison","infinitespire:Neurotoxin","Heel Hook","PiercingWail+1","Replay:Poison Smokescreen","Underhanded Strike+1","Replay:Poison Smokescreen+1","Noxious Fumes+1","Replay:Bag of Tricks+1","Backflip+1","Terror+1","Toxin Wave+1"],"relics":["Ring of the Snake","EVO:Axolotl","Gremlin Horn","Mercury Hourglass","Incense Burner","reliquary:WritOfMandamus","Sozu","Thread and Needle","Smiling Mask","Toxic Egg 2","Eternal Feather","SsserpentHead","Philosopher\u0027s Stone","infinitespire:EvilPickle","Replay:Arrowhead","Omamori","Calling Bell","Regal Pillow","Quantum Egg","Prayer Wheel"],"acts_visited":["Exordium","TheCity","TheBeyond"],"potions_floor_usage":[10,13,37,39],"damage_taken":[{"damage":1,"enemies":"Cultist","floor":1,"turns":4},{"damage":5,"enemies":"Jaw Worm","floor":4,"turns":4},{"damage":0,"enemies":"2 Louse","floor":5,"turns":2},{"damage":23,"enemies":"3 Sentries","floor":6,"turns":8},{"damage":2,"enemies":"Large Slime","floor":8,"turns":6},{"damage":20,"enemies":"Gremlin Nob","floor":10,"turns":5},{"damage":2,"enemies":"Looter","floor":11,"turns":3},{"damage":8,"enemies":"Exordium Thugs","floor":13,"turns":4},{"damage":46,"enemies":"The Guardian","floor":16,"turns":10},{"damage":23,"enemies":"Spheric Guardian","floor":18,"turns":4},{"damage":25,"enemies":"2 Thieves","floor":21,"turns":3},{"damage":26,"enemies":"Centurion and Healer","floor":24,"turns":5},{"damage":11,"enemies":"Snake Plant","floor":28,"turns":3},{"damage":18,"enemies":"Snecko","floor":29,"turns":4},{"damage":7,"enemies":"Shelled Parasite and Fungi","floor":31,"turns":3},{"damage":50,"enemies":"Pondfish","floor":33,"turns":10},{"damage":3,"enemies":"3 Darklings","floor":35,"turns":3},{"damage":3,"enemies":"Orb Walker","floor":36,"turns":3},{"damage":93,"enemies":"2 Orb Walkers","floor":37,"turns":6},{"damage":13,"enemies":"Jaw Worm Horde","floor":39,"turns":2}],"seed_played":"4324762866057242674","potions_obtained":[{"floor":4,"key":"blueLaboratory:NullPotion"},{"floor":5,"key":"Flashbang"},{"floor":8,"key":"blueLaboratory:BubblePotion"},{"floor":11,"key":"blueLaboratory:ForbiddenFruitJuice"},{"floor":18,"key":"Reflective Coating"}],"is_trial":false,"path_per_floor":["M","?","?","M","M","E","R","M","T","E","M","R","M","?","R","B",null,"M","AVR","?","M","?","R","M","$","T","R","M","M","?","M","R","B",null,"M","M","?","AVR","M"],"character_chosen":"THE_SILENT","items_purchased":["Toxic Egg 2"],"campfire_rested":5,"item_purchase_floors":[25],"current_hp_per_floor":[69,58,58,53,53,30,51,49,49,29,27,27,19,36,57,11,70,47,47,47,22,22,43,17,17,17,53,42,24,24,17,53,3,70,67,64,5,5,0,0],"gold":707,"neow_bonus":"ONE_RANDOM_RARE_CARD","is_daily":false,"chose_seed":false,"campfire_upgraded":1,"win_rate":0.0,"timestamp":1612735653,"path_taken":["M","?","?","M","?","E","R","M","T","E","M","R","M","?","R","BOSS","M","AVR","?","M","?","R","?","$","T","R","M","M","?","?","R","BOSS","M","M","?","AVR","M"],"items_purchased_type":["Relic"],"build_version":"2020-12-22","purchased_purges":1,"victory":false,"max_hp_per_floor":[70,70,70,70,70,70,70,70,70,70,70,70,70,70,70,70,70,70,70,70,70,70,70,70,70,70,70,70,70,70,70,70,70,70,70,70,60,60,60,60],"relic_stats":{"Sozu":3,"SsserpentHead":100,"Regal Pillow":0,"Gremlin Horn":[11,11],"counters":[20,91],"Eternal Feather":30,"Prayer Wheel":0,"Smiling Mask":25,"obtain_stats":[{"Regal Pillow":38,"Gremlin Horn":6,"Quantum Egg":38,"Thread and Needle":19,"Eternal Feather":26,"Incense Burner":10,"Omamori":38,"EVO:Axolotl":0,"Smiling Mask":20,"Replay:Arrowhead":37,"Mercury Hourglass":9,"Sozu":19,"infinitespire:EvilPickle":35,"Calling Bell":38,"SsserpentHead":30,"Philosopher\u0027s Stone":34,"Prayer Wheel":38,"reliquary:WritOfMandamus":17,"Toxic Egg 2":25,"Ring of the Snake":0},{"Regal Pillow":19,"Gremlin Horn":4,"Quantum Egg":19,"Thread and Needle":10,"Eternal Feather":12,"Incense Burner":6,"Omamori":19,"EVO:Axolotl":0,"Smiling Mask":10,"Replay:Arrowhead":19,"Mercury Hourglass":5,"Sozu":10,"infinitespire:EvilPickle":17,"Calling Bell":19,"SsserpentHead":14,"Philosopher\u0027s Stone":16,"Prayer Wheel":19,"reliquary:WritOfMandamus":9,"Toxic Egg 2":12,"Ring of the Snake":0},{"Regal Pillow":89,"Gremlin Horn":18,"Quantum Egg":89,"Thread and Needle":49,"Eternal Feather":57,"Incense Burner":29,"Omamori":89,"EVO:Axolotl":0,"Smiling Mask":49,"Replay:Arrowhead":89,"Mercury Hourglass":24,"Sozu":49,"infinitespire:EvilPickle":80,"Calling Bell":89,"SsserpentHead":64,"Philosopher\u0027s Stone":77,"Prayer Wheel":89,"reliquary:WritOfMandamus":45,"Toxic Egg 2":57,"Ring of the Snake":0}],"Ring of the Snake":[40],"Mercury Hourglass":[247]},"card_choices":[{"not_picked":["Underhanded Strike","Well Laid Plans"],"picked":"Dagger Spray","floor":1},{"not_picked":["Toxin Wave","Masterful Stab"],"picked":"Slice","floor":4},{"not_picked":["Riddle With Holes","PiercingWail"],"picked":"Underhanded Strike","floor":5},{"not_picked":["Choke","Outmaneuver"],"picked":"Prepared","floor":6},{"not_picked":["Dodge and Roll","Sneak Up"],"picked":"Backflip","floor":8},{"not_picked":["Well Laid Plans","Eviscerate"],"picked":"Deflect","floor":10},{"not_picked":["Poisoned Stab","Dagger Spray"],"picked":"A Thousand Cuts","floor":11},{"not_picked":["Flying Knee","Hidden Blade"],"picked":"Deadly Poison","floor":13},{"not_picked":["Bullet Time","Die Die Die"],"picked":"infinitespire:Neurotoxin","floor":16},{"not_picked":["Endless Agony","Quick Slash"],"picked":"Heel Hook","floor":18},{"not_picked":["Masterful Stab","Hidden Blade"],"picked":"PiercingWail+1","floor":21},{"not_picked":["Hidden Blade","Backflip"],"picked":"Replay:Poison Smokescreen","floor":24},{"not_picked":["Dagger Spray","Heel Hook"],"picked":"Underhanded Strike+1","floor":28},{"not_picked":["Poisoned Stab","Dagger Spray+1"],"picked":"Replay:Poison Smokescreen+1","floor":29},{"not_picked":["Phantasmal Killer+1","Sucker Punch"],"picked":"Noxious Fumes+1","floor":31},{"not_picked":["Night Terror+1","Tools of the Trade"],"picked":"Replay:Bag of Tricks+1","floor":33},{"not_picked":["Eviscerate","Choke"],"picked":"Backflip+1","floor":35},{"not_picked":["Flechettes","Hidden Blade+1"],"picked":"Terror+1","floor":36},{"not_picked":["Tactician+1","Flying Knee+1"],"picked":"Toxin Wave+1","floor":37}],"player_experience":256628,"relics_obtained":[{"floor":6,"key":"Gremlin Horn"},{"floor":9,"key":"Mercury Hourglass"},{"floor":10,"key":"Incense Burner"},{"floor":26,"key":"Eternal Feather"},{"floor":37,"key":"Replay:Arrowhead"},{"floor":38,"key":"Regal Pillow"},{"floor":38,"key":"Quantum Egg"},{"floor":38,"key":"Prayer Wheel"}],"event_choices":[{"damage_healed":0,"gold_gain":75,"player_choice":"Gather Gold","damage_taken":11,"max_hp_gain":0,"max_hp_loss":0,"event_name":"World of Goop","floor":2,"gold_loss":0},{"damage_healed":0,"gold_gain":175,"player_choice":"AGREE","damage_taken":0,"max_hp_gain":0,"max_hp_loss":0,"event_name":"Liars Game","floor":3,"gold_loss":0,"cards_obtained":["Doubt"]},{"damage_healed":17,"gold_gain":0,"player_choice":"Healed","damage_taken":0,"max_hp_gain":0,"max_hp_loss":0,"event_name":"The Cleric","floor":14,"gold_loss":35},{"damage_healed":0,"gold_gain":0,"player_choice":"Obtained Relic","damage_taken":0,"relics_obtained":["Smiling Mask"],"max_hp_gain":0,"max_hp_loss":0,"event_name":"Addict","floor":20,"gold_loss":85},{"damage_healed":0,"gold_gain":99,"player_choice":"Stole From Cult","damage_taken":0,"max_hp_gain":0,"max_hp_loss":0,"event_name":"Nest","floor":22,"gold_loss":0},{"damage_healed":0,"gold_gain":0,"player_choice":"Trade","damage_taken":0,"relics_obtained":["SsserpentHead"],"max_hp_gain":0,"max_hp_loss":0,"event_name":"FaceTrader","floor":30,"gold_loss":0},{"damage_healed":0,"gold_gain":0,"player_choice":"Fight","damage_taken":0,"max_hp_gain":0,"max_hp_loss":0,"event_name":"Mysterious Sphere","floor":37,"gold_loss":0}],"is_beta":false,"boss_relics":[{"not_picked":["ReplayTheSpireMod:SealedPack","Ectoplasm"],"picked":"reliquary:WritOfMandamus"},{"not_picked":["Snecko Eye","reliquary:KinkedSpring"],"picked":"Philosopher\u0027s Stone"}],"items_purged_floors":[25],"is_endless":false,"potions_floor_spawned":[4,5,8,11,18,21,24,35],"killed_by":"Jaw Worm Horde","ascension_level":0}}