{"host":"g3eueebv62qighx3","time":1612666201,"event":{"mods":["AchievementEnabler","BaseMod","BetterRewards","Colored Map","Downfall","Duelist Mod","Hermit","Hubris","Infinite Spire","Marisa????????","Minty Spire (QoL Compilation)","Remilia??????","Replay The Spire","StSLib","The Animator","The Bug Knight","The Construct","The Cursed","The Necromancer","The Runesmith","The Servant 0.9.4"],"gold_per_floor":[213,213,226,226,243,243,568,581,581,581,601,99,113,113,113,216,216,226,325,325,325,325,325,354,369,369,385,403,403,413,73,73,172,172,185,239,252,272,272,272,288,288,288,288,288],"floor_reached":44,"language":"ENG","playtime":1649,"items_purged":[],"score":532,"play_id":"fdecfd59-193f-49b3-ab2b-c980bcd337f8","local_time":"20210206215001","is_ascension_mode":false,"campfire_choices":[{"data":"Noxious Fumes","floor":6.0,"key":"SMITH"},{"floor":10.0,"key":"REST"},{"data":"Noxious Fumes","floor":15.0,"key":"SMITH"},{"data":"Crippling Poison","floor":23.0,"key":"SMITH"},{"floor":32.0,"key":"REST"},{"floor":40.0,"key":"REST"}],"circlet_count":0,"master_deck":["Strike_G+1","Strike_G+1","Strike_G+1","Strike_G+1","Strike_G+1","Defend_G+1","Defend_G+1","Defend_G+1","Defend_G+1","Defend_G+1","Survivor","Neutralize","Noxious Fumes+1","Noxious Fumes+1","Accuracy","Crippling Poison+1","Bane+1","Phantasmal Killer","Infinite Blades","Die Die Die+1","Dagger Spray+1","Writhe","Predator+1","PiercingWail+1","Deadly Poison+1","Blur","Noxious Fumes+1","Noxious Fumes+1","Distraction","Bullet Time","Catalyst","Dagger Spray+1","Backflip+1","After Image","Escape Plan","Slice+1","Dramatic Entrance+1"],"relics":["Ring of the Snake","Pen Nib","Old Coin","Molten Egg 2","CaptainsWheel","Snake Skull","SacredBark","Ornamental Fan","Gambling Chip","Bag of Preparation","Mercury Hourglass","HoveringKite","Lizard Tail","InkBottle"],"acts_visited":[],"potions_floor_usage":[],"damage_taken":[{"damage":2.0,"enemies":"Small Slimes","floor":1.0,"turns":3.0},{"damage":0.0,"enemies":"Jaw Worm","floor":3.0,"turns":5.0},{"damage":7.0,"enemies":"Cultist","floor":5.0,"turns":4.0},{"damage":17.0,"enemies":"3 Sentries","floor":7.0,"turns":6.0},{"damage":0.0,"enemies":"Large Slime","floor":8.0,"turns":5.0},{"damage":1.0,"enemies":"2 Fungi Beasts","floor":11.0,"turns":4.0},{"damage":8.0,"enemies":"Exordium Wildlife","floor":13.0,"turns":4.0},{"damage":21.0,"enemies":"Hexaghost","floor":16.0,"turns":8.0},{"damage":12.0,"enemies":"2 Thieves","floor":18.0,"turns":3.0},{"damage":24.0,"enemies":"Book of Stabbing","floor":24.0,"turns":6.0},{"damage":0.0,"enemies":"Chosen","floor":25.0,"turns":4.0},{"damage":8.0,"enemies":"Shelled Parasite and Fungi","floor":27.0,"turns":4.0},{"damage":4.0,"enemies":"Centurion and Healer","floor":28.0,"turns":5.0},{"damage":10.0,"enemies":"Sentry and Sphere","floor":30.0,"turns":6.0},{"damage":21.0,"enemies":"Champ","floor":33.0,"turns":9.0},{"damage":3.0,"enemies":"3 Darklings","floor":35.0,"turns":4.0},{"damage":60.0,"enemies":"2 Orb Walkers","floor":36.0,"turns":5.0},{"damage":0.0,"enemies":"Orb Walker","floor":37.0,"turns":2.0},{"damage":16.0,"enemies":"Maw","floor":38.0,"turns":5.0},{"damage":5.0,"enemies":"Transient","floor":41.0,"turns":5.0},{"damage":25.0,"enemies":"3 Darklings","floor":44.0,"turns":4.0}],"seed_played":"-8259583051206676012","potions_obtained":[{"floor":5.0,"key":"Block Potion"},{"floor":7.0,"key":"EntropicBrew"},{"floor":11.0,"key":"SteroidPotion"},{"floor":35.0,"key":"FearPotion"},{"floor":36.0,"key":"Energy Potion"}],"is_trial":false,"path_per_floor":["M","?","M","?","M","R","E","M","T","R","M","$","M","?","R","B",null,"M","?","?","?","?","R","E","M","T","M","M","?","M","$","R","B",null,"M","?","M","M","?","R","M","?","T","M"],"character_chosen":"THE_SILENT","items_purchased":["CaptainsWheel","Snake Skull","Phantasmal Killer","Mercury Hourglass","Distraction"],"campfire_rested":3,"item_purchase_floors":[12,12,12,31,31],"current_hp_per_floor":[68,65,65,70,63,63,46,46,46,67,66,66,58,70,70,49,70,58,58,58,58,58,58,34,34,34,26,22,22,12,12,33,12,70,67,7,7,35,35,56,51,51,51,26,26],"gold":288,"neow_bonus":"HUNDRED_GOLD","is_daily":false,"chose_seed":false,"campfire_upgraded":3,"win_rate":0.0,"timestamp":1612666201,"path_taken":["M","?","M","?","?","R","E","M","T","R","M","$","M","?","R","BOSS","M","?","?","?","?","R","E","?","T","?","M","?","?","$","R","BOSS","M","?","M","M","?","R","?","?","T","M"],"items_purchased_type":["Relic","Relic","Card","Relic","Card"],"build_version":"2020-12-22","purchased_purges":0,"victory":false,"max_hp_per_floor":[70,70,70,70,70,70,70,70,70,70,70,70,70,70,70,70,70,70,70,70,70,70,70,70,70,70,70,70,70,70,70,70,70,70,70,70,70,70,70,70,70,70,70,70,70],"card_choices":[{"not_picked":["Flying Knee","Well Laid Plans"],"picked":"Footwork","floor":1.0},{"not_picked":["Infinite Blades","Flying Knee"],"picked":"Noxious Fumes","floor":3.0},{"not_picked":["Endless Agony","Dodge and Roll"],"picked":"Noxious Fumes","floor":5.0},{"not_picked":["Dodge and Roll","Deflect"],"picked":"Accuracy","floor":7.0},{"not_picked":["Underhanded Strike","Skewer"],"picked":"Crippling Poison","floor":8.0},{"not_picked":["Dagger Throw+1","Endless Agony+1"],"picked":"Bane+1","floor":11.0},{"not_picked":["Doppelganger","Dagger Throw+1"],"picked":"Infinite Blades","floor":13.0},{"not_picked":["Tools of the Trade","Phantasmal Killer"],"picked":"Die Die Die+1","floor":16.0},{"not_picked":["PiercingWail","Infinite Blades"],"picked":"Dagger Spray+1","floor":18.0},{"not_picked":["Tactician","Underhanded Strike+1"],"picked":"Predator+1","floor":24.0},{"not_picked":["Backstab+1","Accuracy+1"],"picked":"PiercingWail+1","floor":25.0},{"not_picked":["Backflip+1","Infinite Blades"],"picked":"Deadly Poison+1","floor":27.0},{"not_picked":["Sucker Punch+1","Cloak And Dagger"],"picked":"Blur","floor":28.0},{"not_picked":["Glass Knife+1","Outmaneuver"],"picked":"Noxious Fumes+1","floor":30.0},{"not_picked":["Night Terror","Adrenaline"],"picked":"Bullet Time","floor":33.0},{"not_picked":["Dagger Spray+1","Poisoned Stab+1"],"picked":"Catalyst","floor":35.0},{"not_picked":["Dagger Throw+1","Endless Agony+1"],"picked":"Dagger Spray+1","floor":36.0},{"not_picked":["Flechettes+1","Dagger Spray+1"],"picked":"Backflip+1","floor":37.0},{"not_picked":["Prepared","Backflip+1"],"picked":"After Image","floor":38.0},{"not_picked":["Escape Plan","Dodge and Roll"],"picked":"Slice+1","floor":41.0},{"not_picked":["Jack Of All Trades","Blind"],"picked":"Dramatic Entrance+1","floor":42.0}],"player_experience":130474,"relics_obtained":[{"floor":7.0,"key":"Old Coin"},{"floor":9.0,"key":"Molten Egg 2"},{"floor":24.0,"key":"Gambling Chip"},{"floor":26.0,"key":"Bag of Preparation"},{"floor":36.0,"key":"Lizard Tail"},{"floor":43.0,"key":"InkBottle"}],"event_choices":[{"damage_healed":0.0,"max_hp_gain":0.0,"max_hp_loss":0.0,"gold_gain":0.0,"event_name":"Scrap Ooze","player_choice":"Success","floor":2.0,"gold_loss":0.0,"damage_taken":3.0,"relics_obtained":["Pen Nib"]},{"cards_removed":["Footwork"],"damage_healed":5.0,"max_hp_gain":0.0,"max_hp_loss":0.0,"gold_gain":0.0,"event_name":"Bonfire Elementals","player_choice":"Offered Uncommon","floor":4.0,"gold_loss":0.0,"damage_taken":0.0},{"damage_healed":23.0,"max_hp_gain":0.0,"max_hp_loss":0.0,"gold_gain":0.0,"event_name":"Big Fish","player_choice":"Banana","floor":14.0,"gold_loss":0.0,"damage_taken":0.0},{"damage_healed":0.0,"max_hp_gain":0.0,"max_hp_loss":0.0,"gold_gain":99.0,"event_name":"Nest","player_choice":"Stole From Cult","floor":19.0,"gold_loss":0.0,"damage_taken":0.0},{"damage_healed":0.0,"max_hp_gain":0.0,"max_hp_loss":0.0,"gold_gain":0.0,"event_name":"Vampires","player_choice":"Ignored","floor":20.0,"gold_loss":0.0,"damage_taken":0.0},{"damage_healed":0.0,"max_hp_gain":0.0,"max_hp_loss":0.0,"gold_gain":0.0,"event_name":"Back to Basics","player_choice":"Simplicity","floor":21.0,"gold_loss":0.0,"damage_taken":0.0,"cards_upgraded":["Strike_G","Strike_G","Strike_G","Strike_G","Strike_G","Defend_G","Defend_G","Defend_G","Defend_G","Defend_G"]},{"damage_healed":0.0,"max_hp_gain":0.0,"max_hp_loss":0.0,"gold_gain":0.0,"event_name":"The Mausoleum","player_choice":"Opened","floor":22.0,"gold_loss":0.0,"damage_taken":0.0,"relics_obtained":["Ornamental Fan"],"cards_obtained":["Writhe"]},{"damage_healed":0.0,"max_hp_gain":0.0,"max_hp_loss":0.0,"gold_gain":0.0,"event_name":"Duplicator","player_choice":"Copied","floor":29.0,"gold_loss":0.0,"damage_taken":0.0,"cards_obtained":["Noxious Fumes"]},{"damage_healed":0.0,"max_hp_gain":0.0,"max_hp_loss":0.0,"gold_gain":0.0,"event_name":"Mysterious Sphere","player_choice":"Fight","floor":36.0,"gold_loss":0.0,"damage_taken":0.0},{"damage_healed":0.0,"max_hp_gain":0.0,"max_hp_loss":0.0,"gold_gain":0.0,"event_name":"Match and Keep!","player_choice":"1 cards matched","floor":39.0,"gold_loss":0.0,"damage_taken":0.0,"cards_obtained":["Escape Plan"]},{"damage_healed":0.0,"max_hp_gain":0.0,"max_hp_loss":0.0,"gold_gain":0.0,"event_name":"SensoryStone","player_choice":"Memory 1","floor":42.0,"gold_loss":0.0,"damage_taken":0.0}],"is_beta":false,"boss_relics":[{"not_picked":["Sozu","Fusion Hammer"],"picked":"SacredBark"},{"not_picked":["Empty Cage","Ring of the Serpent"],"picked":"HoveringKite"}],"items_purged_floors":[],"is_endless":false,"potions_floor_spawned":[5,7,11,16,28,30,35,36],"killed_by":"3 Darklings","ascension_level":0}}