{"host":"l5zfpd2l2htson6l","time":1612692852,"event":{"mods":["AchievementEnabler","BaseMod","Colored Map","Colored Powertips","Minty Spire (QoL Compilation)","Permanent Neow","Quick Restart","Rare Cards Sparkle","Relic Stats","SuperFastMode"],"gold_per_floor":[367,380,380,380,28,28,28,62,87,106,106,76,76,93,93,93,93],"floor_reached":16,"language":"ENG","playtime":407,"items_purged":[],"score":216,"play_id":"9f68ec8f-9ade-4ba6-bcef-6c32325acc14","local_time":"20210207021412","is_ascension_mode":true,"campfire_choices":[{"floor":7,"key":"REST"},{"data":"Hemokinesis","floor":11,"key":"SMITH"},{"data":"Bash","floor":13,"key":"SMITH"},{"floor":15,"key":"REST"}],"circlet_count":0,"master_deck":["AscendersBane","Strike_R","Strike_R","Strike_R","Strike_R","Strike_R","Defend_R","Defend_R+1","Defend_R+1","Defend_R","Bash+1","Armaments+1","Hemokinesis+1","Blood for Blood","Seeing Red"],"relics":["Burning Blood","Tiny Chest","HornCleat","Calipers","War Paint"],"acts_visited":["Exordium"],"potions_floor_usage":[6,16,16],"damage_taken":[{"damage":6,"enemies":"2 Louse","floor":1,"turns":4},{"damage":4,"enemies":"Small Slimes","floor":2,"turns":4},{"damage":2,"enemies":"Gremlin Nob","floor":6,"turns":3},{"damage":39,"enemies":"3 Sentries","floor":8,"turns":9},{"damage":0,"enemies":"Cultist","floor":10,"turns":4},{"damage":12,"enemies":"Lots of Slimes","floor":14,"turns":5},{"damage":71,"enemies":"Slime Boss","floor":16,"turns":8}],"seed_played":"-3137168314706810368","potions_obtained":[{"floor":2,"key":"SmokeBomb"},{"floor":10,"key":"FairyPotion"},{"floor":12,"key":"EntropicBrew"}],"is_trial":false,"path_per_floor":["M","M","?","?","$","E","R","E","T","M","R","?","R","M","R","B"],"character_chosen":"IRONCLAD","items_purchased":["HornCleat","Blood for Blood"],"campfire_rested":2,"item_purchase_floors":[5,5],"current_hp_per_floor":[68,68,23,23,23,27,47,14,14,20,20,20,20,14,34,0,0],"gold":93,"neow_bonus":"TWO_FIFTY_GOLD","is_daily":false,"chose_seed":false,"campfire_upgraded":2,"win_rate":0.0,"timestamp":1612692852,"path_taken":["M","M","?","?","$","E","R","E","T","M","R","?","R","M","R","BOSS"],"items_purchased_type":["Relic","Card"],"build_version":"2020-12-22","purchased_purges":0,"victory":false,"max_hp_per_floor":[68,68,68,68,68,68,68,68,68,68,68,68,68,68,68,68,68],"relic_stats":{"counters":[7,37],"Tiny Chest":0,"War Paint":["Defend_R","Defend_R"],"obtain_stats":[{"HornCleat":5,"Calipers":8,"Tiny Chest":3,"War Paint":9,"Burning Blood":0},{"HornCleat":2,"Calipers":4,"Tiny Chest":2,"War Paint":4,"Burning Blood":0},{"HornCleat":8,"Calipers":20,"Tiny Chest":8,"War Paint":20,"Burning Blood":0}],"Burning Blood":34},"card_choices":[{"not_picked":["Havoc","Dark Embrace"],"picked":"Armaments","floor":1},{"not_picked":["Headbutt","Feel No Pain"],"picked":"Hemokinesis","floor":2},{"not_picked":["Dark Embrace","Second Wind"],"picked":"Seeing Red","floor":8},{"not_picked":["Searing Blow","Thunderclap","Carnage"],"picked":"SKIP","floor":10},{"not_picked":["Uppercut","Perfected Strike","Wild Strike"],"picked":"SKIP","floor":14}],"player_experience":941475,"relics_obtained":[{"floor":8,"key":"Calipers"},{"floor":9,"key":"War Paint"}],"event_choices":[{"damage_healed":0,"gold_gain":0,"player_choice":"Success","damage_taken":45,"relics_obtained":["Tiny Chest"],"max_hp_gain":0,"max_hp_loss":0,"event_name":"Scrap Ooze","floor":3,"gold_loss":0},{"damage_healed":0,"gold_gain":0,"player_choice":"Grow","damage_taken":0,"max_hp_gain":0,"max_hp_loss":0,"event_name":"Living Wall","floor":4,"gold_loss":0,"cards_upgraded":["Armaments"]},{"damage_healed":0,"gold_gain":0,"player_choice":"Bought 2 Potions","damage_taken":0,"max_hp_gain":0,"max_hp_loss":0,"event_name":"The Woman in Blue","floor":12,"gold_loss":0}],"is_beta":false,"boss_relics":[],"items_purged_floors":[],"is_endless":false,"potions_floor_spawned":[2,6,10,14],"killed_by":"Slime Boss","ascension_level":20}}