{"host":"o3b7ow6d1xe49css","time":1612696309,"event":{"mods":["Act Like it!","Aspiration","BaseMod","Bestiary","Better Altar","Better Match","Better Note","Better Sensory Stone","Better Skull","Better Third Choice","Colored Powertips","Conspire","Energized Spire","Force Act Four","GifTheSpireLib","Halation","Hermit","Hubris","Infinite Spire","Lobotomy","Minty Spire (QoL Compilation)","Quick Restart","Rare Cards Sparkle","Relic Filter Mod","Reliquary","Replay The Spire","Spicy Shops","Spikes Relics","Spire Arcade","StSLib","Stuff the Spire","The Blue Laboratory","Wandering Minibosses"],"gold_per_floor":[119,133,151,151,326,326,326],"floor_reached":6,"language":"ENG","playtime":257,"items_purged":[],"score":45,"play_id":"19c95952-5f8a-4fd6-8d90-00f3e75d9d69","local_time":"20210207021149","daily_mods":["Heirloom","Flight"],"is_ascension_mode":true,"campfire_choices":[],"circlet_count":0,"master_deck":["Strike_P","Strike_P","Strike_P","Strike_P","Defend_P","Defend_P","Defend_P","Defend_P","Eruption","Vigilance","Regret","Doubt"],"relics":["PureWater","Ring of Chaos","Replay:PocketPolymizer","CogitoBucket","StuffTheSpire:RedRose"],"acts_visited":["Exordium"],"potions_floor_usage":[6,6],"damage_taken":[{"damage":0,"enemies":"conspire:RoseBush","floor":1,"turns":2},{"damage":3,"enemies":"Small Slimes","floor":2,"turns":4},{"damage":7,"enemies":"2 Louse","floor":3,"turns":3},{"damage":20,"enemies":"Replay:BlueRogue","floor":6,"turns":4}],"seed_played":"-8432784141563274915","potions_obtained":[{"floor":1,"key":"SkillPotion"},{"floor":3,"key":"blueLaboratory:RecallPotion"}],"is_trial":true,"path_per_floor":["M","M","M","?","?","E"],"character_chosen":"WATCHER","items_purchased":[],"campfire_rested":0,"item_purchase_floors":[],"current_hp_per_floor":[72,69,62,62,62,42,42],"gold":326,"neow_bonus":"","is_daily":false,"chose_seed":false,"campfire_upgraded":0,"win_rate":0.0,"timestamp":1612696309,"path_taken":["M","M","M","?","?","E"],"items_purchased_type":[],"build_version":"2020-12-22","purchased_purges":0,"victory":false,"max_hp_per_floor":[72,72,72,72,72,72,72],"card_choices":[{"not_picked":["Variant","Wellcheers","CherryBlossoms"],"picked":"Singing Bowl","floor":1},{"not_picked":["PathToVictory","Crescendo","EmptyBody"],"picked":"SKIP","floor":1},{"not_picked":["LittleHelper","BigBadWolf","CherryBlossoms"],"picked":"Singing Bowl","floor":2},{"not_picked":["Replay:Hum","WheelKick","BowlingBash"],"picked":"SKIP","floor":2},{"not_picked":["CrumblingArmor","ShyLook","Wellcheers"],"picked":"Singing Bowl","floor":3},{"not_picked":["JustLucky","Replay:AtTheReady","EmptyFist"],"picked":"SKIP","floor":3}],"player_experience":1316699,"relics_obtained":[],"event_choices":[{"damage_healed":0,"gold_gain":175,"player_choice":"AGREE","damage_taken":151,"max_hp_gain":0,"max_hp_loss":0,"event_name":"betterThird:BetterSerpent","floor":5,"gold_loss":0}],"is_beta":false,"boss_relics":[],"items_purged_floors":[],"is_endless":false,"potions_floor_spawned":[1,3],"killed_by":"Replay:BlueRogue","ascension_level":5}}