{"host":"i1jfmzuw7df2nlxn","time":1612741303,"event":{"mods":["BaseMod","DeckTracker","Minty Spire (QoL Compilation)","Permanent Neow","StSLib","The Wild Card"],"gold_per_floor":[118,293,310,310,327,327,347,364,364,376,389,408,422,436,436,436,436],"floor_reached":16,"language":"ENG","playtime":900,"items_purged":[],"score":100,"play_id":"ba8d303f-2987-4534-9a6a-1f2da7e6f71d","local_time":"20210207184143","is_ascension_mode":false,"campfire_choices":[{"data":"Fission","floor":6,"key":"SMITH"},{"floor":15,"key":"REST"}],"circlet_count":0,"master_deck":["Strike_B","Strike_B","Strike_B","Strike_B","Defend_B","Defend_B","Defend_B","Defend_B","Zap","Dualcast","Fission+1","Doubt","Heatsinks","BootSequence","White Noise","Chaos+1","Aggregate+1","Seek+1","Self Repair","Tempest+1"],"relics":["Cracked Core","Toxic Egg 2"],"acts_visited":["Exordium"],"potions_floor_usage":[7],"damage_taken":[{"damage":1,"enemies":"Cultist","floor":1,"turns":3},{"damage":2,"enemies":"2 Louse","floor":3,"turns":3},{"damage":11,"enemies":"Jaw Worm","floor":5,"turns":4},{"damage":2,"enemies":"Large Slime","floor":7,"turns":5},{"damage":0,"enemies":"Looter","floor":8,"turns":3},{"damage":4,"enemies":"Blue Slaver","floor":10,"turns":4},{"damage":1,"enemies":"Large Slime","floor":11,"turns":6},{"damage":22,"enemies":"Exordium Wildlife","floor":12,"turns":6},{"damage":0,"enemies":"3 Louse","floor":13,"turns":2},{"damage":7,"enemies":"Looter","floor":14,"turns":4},{"damage":0,"enemies":"Slime Boss","floor":16,"turns":3}],"seed_played":"-8627564664505979862","potions_obtained":[{"floor":1,"key":"Fire Potion"},{"floor":3,"key":"Ancient Potion"},{"floor":7,"key":"PowerPotion"},{"floor":12,"key":"PowerPotion"},{"floor":14,"key":"AttackPotion"}],"is_trial":false,"path_per_floor":["M","?","M","?","M","R","M","M","T","M","M","M","M","M","R","B"],"character_chosen":"DEFECT","items_purchased":[],"campfire_rested":1,"item_purchase_floors":[],"current_hp_per_floor":[74,74,72,77,66,66,64,64,64,60,59,37,37,37,61,61,61],"gold":436,"neow_bonus":"ONE_RANDOM_RARE_CARD","is_daily":false,"chose_seed":false,"campfire_upgraded":1,"win_rate":0.0,"timestamp":1612741303,"path_taken":["M","?","M","?","M","R","M","M","T","M","M","M","M","M","R","BOSS"],"items_purchased_type":[],"build_version":"2020-12-22","purchased_purges":0,"victory":false,"max_hp_per_floor":[75,75,75,80,80,80,80,80,80,80,80,80,80,80,80,80,80],"card_choices":[{"not_picked":["Doom and Gloom","Streamline","Stack"],"picked":"SKIP","floor":1},{"not_picked":["Scrape","Turbo","Melter"],"picked":"SKIP","floor":3},{"not_picked":["Sunder","Steam"],"picked":"Heatsinks","floor":5},{"not_picked":["Coolheaded","Chaos"],"picked":"BootSequence","floor":7},{"not_picked":["Coolheaded","Go for the Eyes"],"picked":"White Noise","floor":8},{"not_picked":["Ball Lightning","Turbo+1"],"picked":"Chaos+1","floor":10},{"not_picked":["Hologram+1","Compile Driver"],"picked":"Aggregate+1","floor":11},{"not_picked":["Redo+1","Gash"],"picked":"Seek+1","floor":12},{"not_picked":["Cold Snap","Auto Shields+1"],"picked":"Self Repair","floor":13},{"not_picked":["Steam+1","Cold Snap"],"picked":"Tempest+1","floor":14}],"player_experience":56149,"relics_obtained":[{"floor":9,"key":"Toxic Egg 2"}],"event_choices":[{"damage_healed":0,"gold_gain":175,"player_choice":"AGREE","damage_taken":0,"max_hp_gain":0,"max_hp_loss":0,"event_name":"Liars Game","floor":2,"gold_loss":0,"cards_obtained":["Doubt"]},{"damage_healed":0,"gold_gain":0,"player_choice":"Donut","damage_taken":0,"max_hp_gain":5,"max_hp_loss":0,"event_name":"Big Fish","floor":4,"gold_loss":0}],"is_beta":false,"boss_relics":[],"items_purged_floors":[],"is_endless":false,"potions_floor_spawned":[1,3,7,12,14],"killed_by":"Slime Boss","ascension_level":0}}