{"host":"baymyijz6sxaqj5s","time":1612708070,"event":{"mods":["AchievementEnabler","BaseMod","Colored Map","Colored Powertips","DeckTracker","Highlight Path","KOR Keyword Fix","Keyboard Shortcuts","Minty Spire (QoL Compilation)","StSLib","SuperFastMode","everything is the same but u backflip on backflip"],"gold_per_floor":[112,131,141,141,141,141,156,156,156,167,187,187,198,209,209,209,209],"floor_reached":16,"language":"KOR","playtime":336,"items_purged":[],"score":108,"play_id":"d2b831e0-0c66-43d7-add8-15b2d631e76e","local_time":"20210207232750","is_ascension_mode":true,"campfire_choices":[{"data":"Heavy Blade","floor":6,"key":"SMITH"},{"data":"Thunderclap","floor":8,"key":"SMITH"},{"floor":12,"key":"REST"},{"floor":15,"key":"REST"}],"circlet_count":0,"master_deck":["Strike_R","Strike_R","Strike_R","Strike_R+1","Strike_R","Defend_R","Defend_R+1","Defend_R","Defend_R","Bash","Heavy Blade+1","Thunderclap+1","Shrug It Off","Inflame","Seeing Red"],"relics":["Burning Blood","Molten Egg 2","Odd Mushroom"],"acts_visited":["Exordium"],"potions_floor_usage":[11,16],"damage_taken":[{"damage":17,"enemies":"Small Slimes","floor":1,"turns":4},{"damage":8,"enemies":"Jaw Worm","floor":2,"turns":4},{"damage":1,"enemies":"Cultist","floor":3,"turns":3},{"damage":15,"enemies":"3 Louse","floor":7,"turns":4},{"damage":12,"enemies":"Exordium Wildlife","floor":10,"turns":4},{"damage":7,"enemies":"The Mushroom Lair","floor":11,"turns":3},{"damage":11,"enemies":"Blue Slaver","floor":13,"turns":4},{"damage":20,"enemies":"Exordium Thugs","floor":14,"turns":4},{"damage":78,"enemies":"The Guardian","floor":16,"turns":13}],"seed_played":"1492973415237792205","potions_obtained":[{"floor":1,"key":"FearPotion"},{"floor":11,"key":"SpeedPotion"},{"floor":14,"key":"FairyPotion"}],"is_trial":false,"path_per_floor":["M","M","M","?","?","R","M","R","T","M","?","R","M","M","R","B"],"character_chosen":"IRONCLAD","items_purchased":[],"campfire_rested":2,"item_purchase_floors":[],"current_hp_per_floor":[77,75,80,62,62,62,53,53,53,47,46,72,67,53,79,1,1],"gold":209,"neow_bonus":"TEN_PERCENT_HP_BONUS","is_daily":false,"chose_seed":false,"campfire_upgraded":2,"win_rate":0.0,"timestamp":1612708070,"path_taken":["M","M","M","?","?","R","M","R","T","M","?","R","M","M","R","BOSS"],"items_purchased_type":[],"build_version":"2020-12-22","purchased_purges":0,"victory":false,"max_hp_per_floor":[88,88,88,88,88,88,88,88,88,88,88,88,88,88,88,88,88],"card_choices":[{"not_picked":["Dual Wield","Pommel Strike"],"picked":"Heavy Blade","floor":1},{"not_picked":["Flex","Intimidate","Shockwave"],"picked":"SKIP","floor":2},{"not_picked":["Rampage","Hemokinesis","Evolve"],"picked":"SKIP","floor":3},{"not_picked":["Cleave","Iron Wave"],"picked":"Thunderclap","floor":7},{"not_picked":["Wild Strike+1","Flex","Thunderclap+1"],"picked":"SKIP","floor":10},{"not_picked":["Barricade","Power Through"],"picked":"Shrug It Off","floor":11},{"not_picked":["Flex","Anger+1"],"picked":"Inflame","floor":13},{"not_picked":["Pummel+1","Havoc"],"picked":"Seeing Red","floor":14}],"player_experience":79002,"relics_obtained":[{"floor":9,"key":"Molten Egg 2"},{"floor":11,"key":"Odd Mushroom"}],"event_choices":[{"damage_healed":0,"gold_gain":0,"player_choice":"Entered Light","damage_taken":18,"max_hp_gain":0,"max_hp_loss":0,"event_name":"Shining Light","floor":4,"gold_loss":0,"cards_upgraded":["Strike_R","Defend_R"]},{"damage_healed":0,"gold_gain":0,"player_choice":"Ignored","damage_taken":0,"max_hp_gain":0,"max_hp_loss":0,"event_name":"Golden Idol","floor":5,"gold_loss":0},{"damage_healed":0,"gold_gain":0,"player_choice":"Fought Mushrooms","damage_taken":0,"max_hp_gain":0,"max_hp_loss":0,"event_name":"Mushrooms","floor":11,"gold_loss":0}],"is_beta":false,"boss_relics":[],"items_purged_floors":[],"is_endless":false,"potions_floor_spawned":[1,11,14],"killed_by":"The Guardian","ascension_level":3}}