{"host":"l029r2dqxfiqiq5i","time":1612715151,"event":{"mods":["Act Like it!","Arknights","BaseMod","Minty Spire (QoL Compilation)","StSLib","óô»ðÖ¸ÄÏ"],"gold_per_floor":[111,124,124,138,63,92,92,118,118,135,85,105,105,124,124,227,227,247,263,263,263],"floor_reached":20,"language":"ZHS","playtime":1046,"items_purged":["Doubt"],"score":186,"play_id":"02ae7a8a-31cd-46f2-90eb-24cdf7492515","local_time":"20210208002551","is_ascension_mode":false,"campfire_choices":[{"data":"ats:Part Time Job","floor":7,"key":"SMITH"},{"data":"ats:Thorns","floor":13,"key":"SMITH"},{"floor":15,"key":"REST"}],"circlet_count":0,"master_deck":["ats:Strike C","ats:Strike G","ats:Strike V","ats:Armor Crushing Shot","ats:Defend","ats:Defend","ats:Defend","ats:Defend","ats:Emotion Absorption","ats:Part Time Job+1","ats:Cat Scratch","ats:Shell Defense","ats:Thorns+1","ats:Magnetic Hammer","ats:Echo Reverb","ats:Demon Strength"],"relics":["ats:Sanity","Dead Branch","ats:Originium","Dream Catcher","Sundial","ats:Spiritual Recovery"],"acts_visited":["Exordium","TheCity"],"potions_floor_usage":[6],"damage_taken":[{"damage":6.0,"enemies":"Jaw Worm","floor":1.0,"turns":6.0},{"damage":9.0,"enemies":"ats:Genji","floor":2.0,"turns":6.0},{"damage":12.0,"enemies":"Small Slimes","floor":4.0,"turns":6.0},{"damage":6,"enemies":"Gremlin Nob","floor":6,"turns":3},{"damage":32,"enemies":"3 Sentries","floor":8,"turns":5},{"damage":18,"enemies":"Exordium Thugs","floor":10,"turns":8},{"damage":0,"enemies":"Blue Slaver","floor":12,"turns":6},{"damage":6,"enemies":"Exordium Wildlife","floor":14,"turns":4},{"damage":65,"enemies":"Slime Boss","floor":16,"turns":14},{"damage":24,"enemies":"Spheric Guardian","floor":18,"turns":6},{"damage":49,"enemies":"Chosen","floor":19,"turns":8},{"damage":33,"enemies":"3 Cultists","floor":20,"turns":4}],"seed_played":"-1589140993326627765","potions_obtained":[{"floor":1.0,"key":"Block Potion"},{"floor":2.0,"key":"Strength Potion"},{"floor":10,"key":"Weak Potion"},{"floor":14,"key":"BlessingOfTheForge"},{"floor":18,"key":"SkillPotion"}],"is_trial":false,"path_per_floor":["M","M","?","M","$","E","R","E","T","M","?","M","R","M","R","B",null,"M","M","M"],"character_chosen":"DOCTOR_CLASS","items_purchased":[],"campfire_rested":1,"item_purchase_floors":[],"current_hp_per_floor":[66,63,63,57,57,51,51,25,25,29,29,41,41,42,63,35,72,59,25,0,0],"gold":263,"neow_bonus":"ONE_RARE_RELIC","is_daily":false,"chose_seed":false,"campfire_upgraded":2,"win_rate":0.0,"timestamp":1612715151,"path_taken":["M","M","?","M","$","E","R","E","T","M","?","M","R","?","R","BOSS","M","M","M"],"items_purchased_type":[],"build_version":"2020-12-22","purchased_purges":1,"victory":false,"max_hp_per_floor":[72,72,72,72,72,72,72,72,72,72,72,72,72,72,72,72,72,72,72,72,72],"card_choices":[{"not_picked":["ats:Phantom","ats:Ignite"],"picked":"ats:Part Time Job","floor":1.0},{"not_picked":["ats:Very Hot Blade","ats:Absolute Focus","ats:Assault Order"],"picked":"SKIP","floor":2.0},{"not_picked":["ats:Poison Spread","ats:Mental Burst"],"picked":"ats:Cat Scratch","floor":4.0},{"not_picked":["ats:Hook Shot","ats:Very Hot Blade"],"picked":"ats:Shell Defense","floor":6},{"not_picked":["ats:Wolf Pack","ats:Ignite","ats:Closed Bolt Burst Fire"],"picked":"SKIP","floor":8},{"not_picked":["ats:Cat Scratch","ats:Overload"],"picked":"ats:Thorns","floor":10},{"not_picked":["ats:LN2 Cannon","ats:Serious Mode"],"picked":"ats:Magnetic Hammer","floor":12},{"not_picked":["ats:Guard Mode","ats:Explosion Area Strengthen","ats:Cat Scratch"],"picked":"SKIP","floor":14},{"not_picked":["ats:Ambush","ats:Rat Pack"],"picked":"ats:Echo Reverb","floor":16},{"not_picked":["ats:Consecutive Shot Auto","ats:Song Of Battle","ats:Flame Of Heaven"],"picked":"SKIP","floor":18},{"not_picked":["ats:Explosion Area Strengthen","ats:Flexible Camouflage+1"],"picked":"ats:Demon Strength","floor":19}],"player_experience":189092,"relics_obtained":[{"floor":6,"key":"ats:Originium"},{"floor":6,"key":"Dream Catcher"},{"floor":8,"key":"ats:Originium"},{"floor":8,"key":"Sundial"},{"floor":9,"key":"ats:Spiritual Recovery"}],"event_choices":[{"damage_healed":0.0,"max_hp_gain":0.0,"max_hp_loss":0.0,"gold_gain":0.0,"event_name":"Liars Game","player_choice":"Ignored","floor":3.0,"gold_loss":0.0,"damage_taken":0.0},{"cards_removed":["ats:Strike S"],"damage_healed":0,"gold_gain":0,"player_choice":"Card Removal","damage_taken":0,"max_hp_gain":0,"max_hp_loss":0,"event_name":"The Cleric","floor":11,"gold_loss":50}],"is_beta":false,"boss_relics":[{"not_picked":["Runic Dome","Ectoplasm","Philosopher\u0027s Stone"]}],"items_purged_floors":[5],"is_endless":false,"potions_floor_spawned":[1,2,10,14,18],"killed_by":"3 Cultists","ascension_level":0}}