{"host":"o1ndfqgj1hos0w7t","time":1612740077,"event":{"mods":["Act Like it!","BaseMod","Bestiary","Better Match","Colored Powertips","Conspire","Downfall","Duelist Mod","Hallownest","Hubris","Infinite Spire","Marisa????????","Mimic Mod","Minty Spire (QoL Compilation)","Reliquary","Replay The Spire","StSLib","The Bladedancer","The Bug Knight","The Cursed","The Disciple","The Marked","The Runesmith","The Servant 0.9.4"],"gold_per_floor":[99,99,99,99,99,99,99,124,153,170,183,201,201,220,233,233,233],"floor_reached":16,"language":"ENG","playtime":1252,"items_purged":[],"score":90,"play_id":"97830963-a312-4557-96fb-b6b3ab92ad28","local_time":"20210207162117","is_ascension_mode":false,"campfire_choices":[{"floor":1,"key":"DIG"},{"data":"Slimebound:CorrosiveSpit","floor":6,"key":"SMITH"},{"floor":13,"key":"REST"}],"circlet_count":0,"master_deck":["Slimebound:Strike_Slimebound","Slimebound:Strike_Slimebound","Slimebound:Strike_Slimebound","Slimebound:Tackle","Slimebound:Defend_Slimebound","Slimebound:Defend_Slimebound","Slimebound:Defend_Slimebound","Slimebound:Defend_Slimebound","Slimebound:Split","Slimebound:CorrosiveSpit+1","Slimebound:LeadByExample","Slimebound:FinishingTackle","Slimebound:ComboTackle","Slimebound:OozeBath","Slimebound:RollThrough","Slimebound:ViciousTackle","Slimebound:SlimeSpikes","Slimebound:Gluttony"],"relics":["Slimebound:AbsorbEndCombat","downfall:HeartsMalice","Runesmith:Nanobots","Blue Candle","Blue Doll","Question Card"],"acts_visited":["Exordium"],"potions_floor_usage":[12,15,16,16],"damage_taken":[{"damage":0,"enemies":"Jaw Worm","floor":2,"turns":1},{"damage":0,"enemies":"infinitespire:Voidling","floor":3,"turns":1},{"damage":0,"enemies":"Cultist","floor":5,"turns":1},{"damage":36,"enemies":"conspire:MimicChest","floor":9,"turns":5},{"damage":18,"enemies":"Large Slime","floor":10,"turns":4},{"damage":7,"enemies":"Blue Slaver","floor":11,"turns":4},{"damage":4,"enemies":"Gremlin Gang","floor":12,"turns":4},{"damage":21,"enemies":"conspire:2 RoseBushes","floor":14,"turns":4},{"damage":8,"enemies":"Exordium Thugs","floor":15,"turns":2},{"damage":15,"enemies":"IC_STATUS_ARCHETYPE","floor":16,"turns":2}],"seed_played":"3315382258027831714","potions_obtained":[{"floor":9,"key":"AttackPotion"},{"floor":10,"key":"Fire Potion"},{"floor":11,"key":"champ:CounterPotion"},{"floor":15,"key":"champ:CounterPotion"}],"is_trial":false,"path_per_floor":["R","M","M","?","M","R","T","T","?","M","M","M","R","M","M","B"],"character_chosen":"SLIMEBOUND","items_purchased":[],"campfire_rested":1,"item_purchase_floors":[],"current_hp_per_floor":[65,65,65,65,65,65,65,65,31,17,14,12,31,14,8,0,0],"gold":233,"neow_bonus":"THREE_ENEMY_KILL","is_daily":false,"chose_seed":false,"campfire_upgraded":1,"win_rate":0.0,"timestamp":1612740077,"path_taken":["R","M","M","?","?","R","T","?","?","M","M","?","R","M","M","BOSS"],"items_purchased_type":[],"build_version":"2020-12-22","purchased_purges":0,"victory":false,"max_hp_per_floor":[65,65,65,65,65,65,65,65,65,65,65,65,65,65,65,65,65],"card_choices":[{"not_picked":["Slimebound:SplitAcid","Slimebound:SlimeBrawl"],"picked":"Slimebound:LeadByExample","floor":2},{"not_picked":["Slimebound:SplitBruiser","Slimebound:GoopTackle"],"picked":"Slimebound:FinishingTackle","floor":3},{"not_picked":["Slimebound:LivingWall","Slimebound:RollThrough"],"picked":"Slimebound:ComboTackle","floor":5},{"not_picked":["Slimebound:Dissolve","Slimebound:GoopSpray"],"picked":"Slimebound:OozeBath","floor":9},{"not_picked":["Slimebound:ItLooksTasty","Slimebound:GoopSpray","Slimebound:Gluttony"],"picked":"Slimebound:RollThrough","floor":10},{"not_picked":["Slimebound:SpikyOuterGoop","Slimebound:MassFeed","Slimebound:GrowthPunch"],"picked":"Slimebound:ViciousTackle","floor":11},{"not_picked":["Slimebound:ComboTackle","Slimebound:FinishingTackle","Slimebound:Grow"],"picked":"Slimebound:SlimeSpikes","floor":12},{"not_picked":["Slimebound:SlimeSpikes","Slimebound:Nibble","Slimebound:FinishingTackle","Slimebound:LivingWall"],"picked":"SKIP","floor":14},{"not_picked":["Slimebound:Equalize","Slimebound:SlimeBrawl","Slimebound:FinishingTackle"],"picked":"Slimebound:Gluttony","floor":15}],"player_experience":520083,"relics_obtained":[{"floor":1,"key":"Runesmith:Nanobots"},{"floor":7,"key":"Blue Candle"},{"floor":8,"key":"Blue Doll"},{"floor":9,"key":"Question Card"}],"event_choices":[{"damage_healed":0,"gold_gain":0,"player_choice":"Ignored","damage_taken":0,"max_hp_gain":0,"max_hp_loss":0,"event_name":"NoteForYourself","floor":4,"gold_loss":0}],"is_beta":false,"boss_relics":[],"items_purged_floors":[],"is_endless":false,"potions_floor_spawned":[9,10,11,15],"killed_by":"IC_STATUS_ARCHETYPE","ascension_level":0}}