{"host":"0kwl2uefibxd2nsv","time":1612725379,"event":{"mods":["Act Like it!","Aspiration","BaseMod","Better Note","BetterRewards","DeckTracker","Googly Eyes","Minty Spire (QoL Compilation)","Reliquary","StS++","StSLib"],"gold_per_floor":[111,129,8,24,37,37,37,48,75,85,59,59,69,83,83,83,83],"floor_reached":16,"language":"ENG","playtime":677,"items_purged":[],"score":144,"play_id":"c5e8a9dd-b954-4963-8a04-dcffcaa74d57","local_time":"20210207201619","is_ascension_mode":true,"campfire_choices":[{"data":"Chaos","floor":6,"key":"SMITH"},{"data":"Zap","floor":12,"key":"SMITH"},{"data":"Dualcast","floor":15,"key":"SMITH"}],"circlet_count":0,"master_deck":["AscendersBane","Strike_B","Strike_B","Strike_B","Defend_B","Defend_B","Defend_B","Defend_B","Zap+1","Dualcast+1","Sweeping Beam","Gash","Chaos+1","Cold Snap","Cold Snap","Cold Snap","Compile Driver","Gash","Leap","Streamline"],"relics":["Cracked Core","reliquary:TuningFork"],"acts_visited":["Exordium"],"potions_floor_usage":[5,16,16],"damage_taken":[{"damage":1,"enemies":"Cultist","floor":1,"turns":3},{"damage":6,"enemies":"2 Louse","floor":2,"turns":2},{"damage":12,"enemies":"Small Slimes","floor":4,"turns":3},{"damage":0,"enemies":"3 Louse","floor":5,"turns":1},{"damage":8,"enemies":"Exordium Thugs","floor":8,"turns":4},{"damage":5,"enemies":"2 Fungi Beasts","floor":10,"turns":3},{"damage":17,"enemies":"Exordium Wildlife","floor":13,"turns":3},{"damage":5,"enemies":"Large Slime","floor":14,"turns":4},{"damage":21,"enemies":"The Guardian","floor":16,"turns":8}],"seed_played":"-7000414392723291263","potions_obtained":[{"floor":2,"key":"Explosive Potion"},{"floor":8,"key":"PotionOfCapacity"},{"floor":10,"key":"LiquidMemories"},{"floor":14,"key":"Energy Potion"}],"is_trial":false,"path_per_floor":["M","M","$","M","M","R","?","M","T","M","$","R","M","M","R","B"],"character_chosen":"DEFECT","items_purchased":["Gash","Chaos","Gash"],"campfire_rested":0,"item_purchase_floors":[3,3,11],"current_hp_per_floor":[74,68,68,56,56,56,56,48,48,43,43,43,26,21,21,0,0],"gold":83,"neow_bonus":"TEN_PERCENT_HP_BONUS","is_daily":false,"chose_seed":false,"campfire_upgraded":3,"win_rate":0.0,"timestamp":1612725379,"path_taken":["M","M","$","?","?","R","?","M","T","M","?","R","M","M","R","BOSS"],"items_purchased_type":["Card","Card","Card"],"build_version":"2020-12-22","purchased_purges":0,"victory":false,"max_hp_per_floor":[82,82,82,82,82,82,82,82,82,82,82,82,82,82,82,82,82],"card_choices":[{"not_picked":["Turbo","Barrage","Stack"],"picked":"SKIP","floor":1},{"not_picked":["Beam Cell","Fusion"],"picked":"Sweeping Beam","floor":2},{"not_picked":["Steam","Barrage"],"picked":"Cold Snap","floor":4},{"not_picked":["Hologram","aspiration:Polymerization"],"picked":"Cold Snap","floor":5},{"not_picked":["Reinforced Body","Barrage"],"picked":"Cold Snap","floor":8},{"not_picked":["Coolheaded","Barrage"],"picked":"Compile Driver","floor":10},{"not_picked":["Auto Shields","Chaos"],"picked":"Leap","floor":13},{"not_picked":["Sweeping Beam","Hologram"],"picked":"Streamline","floor":14}],"player_experience":2011204,"relics_obtained":[{"floor":9,"key":"reliquary:TuningFork"}],"event_choices":[{"cards_removed":["Strike_B"],"damage_healed":0,"gold_gain":0,"player_choice":"Offered Basic","damage_taken":0,"max_hp_gain":0,"max_hp_loss":0,"event_name":"Bonfire Elementals","floor":7,"gold_loss":0}],"is_beta":false,"boss_relics":[],"items_purged_floors":[],"is_endless":false,"potions_floor_spawned":[2,8,10,14],"killed_by":"The Guardian","ascension_level":10}}