{"host":"ydg0vn0pu4pubmdt","time":1612732621,"event":{"mods":["AchievementEnabler","BaseMod","Colored Map","Gold Saver","Minty Spire (QoL Compilation)","Quick Restart","SuperFastMode"],"gold_per_floor":[1027,685,697,708,337,362,374,374,374,374,385,92,92,143,143,143,143],"floor_reached":16,"language":"KOR","playtime":254,"items_purged":["Writhe","Strike_P","Strike_P"],"score":200,"play_id":"ec0a5286-8673-4fe0-9a5d-c51e7b5668fa","local_time":"20210208061701","is_ascension_mode":true,"campfire_choices":[{"data":"MentalFortress","floor":15.0,"key":"SMITH"}],"circlet_count":0,"master_deck":["AscendersBane","Strike_P","Strike_P","Defend_P+1","Defend_P","Defend_P","Eruption","Vigilance","Judgement+1","CrushJoints","Scrawl+1","FollowUp","MentalFortress+1"],"relics":["PureWater","Toxic Egg 2","Bottled Lightning","Oddly Smooth Stone","War Paint","Medical Kit","Golden Idol","Juzu Bracelet"],"acts_visited":["Exordium"],"potions_floor_usage":[16],"damage_taken":[{"damage":0.0,"enemies":"Cultist","floor":1.0,"turns":3.0},{"damage":0.0,"enemies":"Jaw Worm","floor":3.0,"turns":1.0},{"damage":0.0,"enemies":"2 Louse","floor":4.0,"turns":2.0},{"damage":29.0,"enemies":"3 Sentries","floor":6.0,"turns":7.0},{"damage":12.0,"enemies":"Large Slime","floor":7.0,"turns":5.0},{"damage":0.0,"enemies":"Looter","floor":11.0,"turns":1.0},{"damage":58,"enemies":"Slime Boss","floor":16,"turns":7}],"seed_played":"314212854354352206","potions_obtained":[{"floor":3.0,"key":"ColorlessPotion"},{"floor":7.0,"key":"SteroidPotion"},{"floor":11.0,"key":"FairyPotion"}],"is_trial":false,"path_per_floor":["M","$","M","M","$","E","M","?","T","?","M","$","?","T","R","B"],"character_chosen":"WATCHER","items_purchased":["Toxic Egg 2","Bottled Lightning","Medical Kit"],"campfire_rested":0,"item_purchase_floors":[2,5,12],"current_hp_per_floor":[61,61,61,61,61,32,20,42,42,35,35,35,35,35,35,0,0],"gold":143,"neow_bonus":"THREE_RARE_CARDS","is_daily":false,"chose_seed":false,"campfire_upgraded":1,"win_rate":0.0,"timestamp":1612732621,"path_taken":["M","$","?","M","$","E","M","?","T","?","M","$","?","?","R","BOSS"],"items_purchased_type":["Relic","Relic","Relic"],"build_version":"2020-12-22","purchased_purges":3,"victory":false,"max_hp_per_floor":[68,68,68,68,68,68,68,68,68,68,68,68,62,62,62,62,62],"card_choices":[{"not_picked":["DeusExMachina","Omniscience"],"picked":"Judgement","floor":0.0},{"not_picked":["ThirdEye","Sanctity","Prostrate"],"picked":"SKIP","floor":1.0},{"not_picked":["CarveReality","SashWhip","ThirdEye+1"],"picked":"SKIP","floor":3.0},{"not_picked":["PathToVictory+1","CutThroughFate"],"picked":"CrushJoints","floor":4.0},{"not_picked":["Worship+1","Perseverance+1"],"picked":"Scrawl+1","floor":6.0},{"not_picked":["JustLucky","ClearTheMind+1"],"picked":"FollowUp","floor":7.0},{"not_picked":["Wallop","WaveOfTheHand+1"],"picked":"MentalFortress","floor":11.0}],"player_experience":660213,"relics_obtained":[{"floor":6.0,"key":"Oddly Smooth Stone"},{"floor":9.0,"key":"War Paint"},{"floor":14.0,"key":"Juzu Bracelet"}],"event_choices":[{"damage_healed":22.0,"max_hp_gain":0.0,"max_hp_loss":0.0,"gold_gain":0.0,"event_name":"Big Fish","player_choice":"Banana","floor":8.0,"gold_loss":0.0,"damage_taken":0.0},{"cards_removed":["Defend_P"],"damage_healed":0.0,"max_hp_gain":0.0,"max_hp_loss":0.0,"gold_gain":0.0,"event_name":"Golden Wing","player_choice":"Card Removal","floor":10.0,"gold_loss":0.0,"damage_taken":7.0},{"damage_healed":0.0,"max_hp_gain":0.0,"max_hp_loss":6.0,"gold_gain":0.0,"event_name":"Golden Idol","player_choice":"Lose Max HP","floor":13.0,"gold_loss":0.0,"damage_taken":0.0,"relics_obtained":["Golden Idol"]}],"is_beta":false,"boss_relics":[],"items_purged_floors":[2,5,12],"is_endless":false,"potions_floor_spawned":[3,7,11],"killed_by":"Slime Boss","ascension_level":20}}