{"host":"1v3mnj67s3trvm6y","time":1612672954,"event":{"mods":["BaseMod","Challenge The Spire","Downfall","Minty Spire (QoL Compilation)","StSLib"],"gold_per_floor":[99,112,127,147,165,184,209,240,240,150,168,195,209,219,237,342,342,242,255,272,81,91,70,70,70,84,97,97,129,29,56,71,169,169,169,180,180,190,190,90,117,127,127,91,106,124,124,124,143,143,143,175,28,28,28,28],"floor_reached":57,"language":"ENG","playtime":6359,"items_purged":["champ:Strike","champ:Strike","champ:Strike"],"score":1212,"play_id":"aa6882cc-50ed-40b5-9bdb-ad9f8cb32fbe","local_time":"20210207134234","is_ascension_mode":false,"campfire_choices":[{"data":"champ:Taunt","floor":1,"key":"SMITH"},{"data":"champ:RapidStrikes","floor":9,"key":"SMITH"},{"data":"champ:GladiatorForm","floor":18,"key":"SMITH"},{"floor":30,"key":"REST"},{"floor":35,"key":"RECALL"},{"data":"champ:CalledShot","floor":40,"key":"SMITH"},{"data":"champ:Backstep","floor":43,"key":"SMITH"},{"data":"champ:ShieldWall","floor":47,"key":"SMITH"},{"floor":54,"key":"REST"}],"circlet_count":0,"master_deck":["champ:Strike","champ:Defend","champ:Defend","champ:Defend","champ:Defend","champ:Execute","champ:Taunt+1","champ:CheapShot","champ:Backstep+1","champ:RisingSlash","champ:RapidStrikes+1","champ:FaceSlap","champ:EnGarde","champ:DefensiveShout","champ:CalledShot+1","champ:DefensiveShout","champ:GladiatorForm+1","champ:BringItOn","champ:ArenaPreparation","champ:ViciousMockery","champ:FaceSlap","champ:Haymaker","champ:DeathBlow","champ:MurderStrike","champ:IronFortress+1","champ:GutPunch","champ:ShieldWall+1","champ:CalledShot","champ:Duel+1","champ:AdrenalArmor+1"],"relics":["champ:ChampionCrown","Bag of Preparation","Strawberry","Oddly Smooth Stone","Busted Crown","downfall:HeartBlessingGreen","Regal Pillow","Potion Belt","downfall:HeartBlessingBlue","White Beast Statue","SacredBark","Blue Candle","downfall:HeartBlessingRed","Dream Catcher","Ice Cream","Anchor","ClockworkSouvenir"],"acts_visited":["Exordium","TheCity","TheBeyond","TheEnding"],"potions_floor_usage":[8,14,38,42,46,56,56,56,56,56,56,56],"damage_taken":[{"damage":20,"enemies":"Cultist","floor":2,"turns":3},{"damage":10,"enemies":"Jaw Worm","floor":3,"turns":5},{"damage":10,"enemies":"2 Louse","floor":4,"turns":3},{"damage":17,"enemies":"Exordium Thugs","floor":5,"turns":4},{"damage":10,"enemies":"Red Slaver","floor":6,"turns":4},{"damage":19,"enemies":"Gremlin Nob","floor":8,"turns":5},{"damage":17,"enemies":"downfall:FleeingMerchant","floor":10,"turns":5},{"damage":15,"enemies":"Blue Slaver","floor":11,"turns":2},{"damage":48,"enemies":"Lagavulin","floor":12,"turns":8},{"damage":5,"enemies":"2 Fungi Beasts","floor":13,"turns":3},{"damage":8,"enemies":"Gremlin Gang","floor":14,"turns":7},{"damage":10,"enemies":"Exordium Wildlife","floor":15,"turns":4},{"damage":25,"enemies":"SI_SHIV_ARCHETYPE","floor":16,"turns":6},{"damage":38,"enemies":"3 Byrds","floor":19,"turns":6},{"damage":2,"enemies":"Spheric Guardian","floor":20,"turns":4},{"damage":40,"enemies":"downfall:FleeingMerchant","floor":21,"turns":5},{"damage":35,"enemies":"Snake Plant","floor":22,"turns":5},{"damage":55,"enemies":"downfall:FleeingMerchant","floor":23,"turns":5},{"damage":55,"enemies":"Cultist and Chosen","floor":26,"turns":4},{"damage":27,"enemies":"Shelled Parasite and Fungi","floor":27,"turns":3},{"damage":52,"enemies":"Slavers","floor":29,"turns":5},{"damage":71,"enemies":"Gremlin Leader","floor":31,"turns":8},{"damage":10,"enemies":"Snake Plant","floor":32,"turns":5},{"damage":114,"enemies":"DF_ARCHETYPE_CLAW","floor":33,"turns":10},{"damage":15,"enemies":"3 Shapes","floor":36,"turns":5},{"damage":5,"enemies":"3 Darklings","floor":38,"turns":4},{"damage":17,"enemies":"Transient","floor":42,"turns":5},{"damage":35,"enemies":"Sphere and 2 Shapes","floor":45,"turns":3},{"damage":51,"enemies":"Jaw Worm Horde","floor":46,"turns":4},{"damage":10,"enemies":"Spire Growth","floor":49,"turns":3},{"damage":148,"enemies":"IC_BLOCK_ARCHETYPE","floor":50,"turns":11},{"damage":136,"enemies":"downfall:CharBossMerchant","floor":52,"turns":7},{"damage":209,"enemies":"downfall:NeowBoss","floor":55,"turns":19},{"damage":103,"enemies":"downfall:NeowBossFinal","floor":56,"turns":7}],"seed_played":"9221297441238134436","potions_obtained":[{"floor":2,"key":"champ:CounterPotion"},{"floor":4,"key":"FearPotion"},{"floor":8,"key":"Block Potion"},{"floor":11,"key":"DuplicationPotion"},{"floor":16,"key":"SteroidPotion"},{"floor":27,"key":"Fire Potion"},{"floor":28,"key":"CultistPotion"},{"floor":29,"key":"SmokeBomb"},{"floor":31,"key":"PowerPotion"},{"floor":36,"key":"Weak Potion"},{"floor":38,"key":"CultistPotion"},{"floor":42,"key":"FairyPotion"},{"floor":45,"key":"EntropicBrew"},{"floor":46,"key":"DuplicationPotion"}],"is_trial":false,"path_per_floor":["R","M","M","M","M","M","T","E","R","$","M","E","M","M","M","B",null,"R","M","M","$","M","$","T","?","M","M","?","E","R","E","M","B",null,"R","M","?","M","?","R","T","M","R","$","M","M","R","T","M","B",null,"E","$","R","B","B",null],"character_chosen":"THE_CHAMP","items_purchased":["champ:ArenaPreparation","champ:ViciousMockery","Regal Pillow","champ:ShieldWall","ClockworkSouvenir"],"campfire_rested":2,"item_purchase_floors":[21,23,23,44,53],"current_hp_per_floor":[90,90,90,90,83,83,83,81,81,79,79,66,66,63,63,53,97,97,94,92,92,92,92,92,92,92,90,90,63,107,101,101,42,107,107,107,102,102,117,117,117,110,110,110,110,104,104,104,104,36,117,33,33,83,86,28],"gold":28,"neow_bonus":"ONE_RANDOM_RARE_CARD","is_daily":false,"chose_seed":false,"campfire_upgraded":6,"win_rate":0.0,"timestamp":1612672954,"path_taken":["R","M","M","M","M","M","T","E","R","$","M","E","M","M","M","BOSS","R","M","M","$","M","$","T","?","M","?","?","E","R","E","M","BOSS","R","M","?","M","?","R","T","?","R","$","M","M","R","?","M","BOSS","E","$","R","BOSS","BOSS"],"items_purchased_type":["Card","Card","Relic","Card","Relic"],"build_version":"2020-12-22","purchased_purges":3,"victory":true,"max_hp_per_floor":[90,90,90,90,90,90,90,97,97,97,97,97,97,97,97,97,97,97,97,97,97,97,97,97,97,97,97,97,97,107,107,107,107,107,107,107,107,107,117,117,117,117,117,117,117,117,117,117,117,117,117,117,117,117,117,117],"card_choices":[{"not_picked":["champ:GutPunch","champ:Parry"],"picked":"champ:Backstep","floor":2},{"not_picked":["champ:Encircle","champ:PerfectedStrike"],"picked":"champ:RisingSlash","floor":3},{"not_picked":["champ:PreemptiveStrike","champ:FancyFootwork"],"picked":"champ:RapidStrikes","floor":4},{"not_picked":["champ:AdrenalArmor","champ:BerserkersShout"],"picked":"champ:FaceSlap","floor":5},{"not_picked":["champ:CrownThrow","champ:BladeFlurry"],"picked":"champ:EnGarde","floor":6},{"not_picked":["champ:PerfectedStrike","champ:ShieldSlam","champ:Devastate"],"picked":"SKIP","floor":8},{"not_picked":["champ:BladeFlurry","champ:Shatter"],"picked":"champ:DefensiveShout","floor":10},{"not_picked":["champ:Circumvent","champ:Haymaker","champ:FanOfKnives"],"picked":"SKIP","floor":11},{"not_picked":["champ:StanceDance","champ:HeavySlash"],"picked":"champ:CalledShot","floor":12},{"not_picked":["champ:FlashCut","champ:CrownThrow"],"picked":"champ:DefensiveShout","floor":13},{"not_picked":["champ:FancyFootwork","champ:StanceDance"],"picked":"champ:GladiatorForm","floor":14},{"not_picked":["champ:DefensiveShout","champ:FanOfKnives","champ:PerfectedStrike"],"picked":"SKIP","floor":15},{"not_picked":["champ:MurderStrike","champ:UltimateStance"],"picked":"champ:GladiatorForm","floor":16},{"not_picked":["champ:FlashCut+1"],"picked":"SKIP","floor":19},{"not_picked":[],"picked":"champ:BringItOn","floor":20},{"not_picked":["champ:FanOfKnives+1"],"picked":"SKIP","floor":21},{"not_picked":["champ:PerfectedStrike+1"],"picked":"SKIP","floor":22},{"not_picked":["champ:SetATrap"],"picked":"SKIP","floor":23},{"not_picked":["champ:DefensiveShout"],"picked":"SKIP","floor":26},{"not_picked":[],"picked":"champ:Haymaker","floor":27},{"not_picked":["champ:TornadoPunch"],"picked":"SKIP","floor":29},{"not_picked":[],"picked":"champ:DeathBlow","floor":31},{"not_picked":["champ:Parry"],"picked":"SKIP","floor":32},{"not_picked":[],"picked":"champ:MurderStrike","floor":33},{"not_picked":["champ:DeathBlow"],"picked":"SKIP","floor":36},{"not_picked":[],"picked":"champ:IronFortress+1","floor":38},{"not_picked":[],"picked":"champ:GutPunch","floor":42},{"not_picked":[],"picked":"champ:CalledShot","floor":45},{"not_picked":[],"picked":"champ:Duel+1","floor":46},{"not_picked":["champ:PreemptiveStrike"],"picked":"SKIP","floor":49},{"not_picked":["champ:TornadoPunch+1"],"picked":"SKIP","floor":52},{"not_picked":[],"picked":"champ:AdrenalArmor+1","floor":54}],"player_experience":1690831,"relics_obtained":[{"floor":7,"key":"Bag of Preparation"},{"floor":8,"key":"Strawberry"},{"floor":12,"key":"Oddly Smooth Stone"},{"floor":29,"key":"Potion Belt"},{"floor":31,"key":"White Beast Statue"},{"floor":41,"key":"Dream Catcher"},{"floor":48,"key":"Ice Cream"},{"floor":52,"key":"Anchor"}],"event_choices":[{"cards_removed":["champ:GladiatorForm"],"damage_healed":5,"gold_gain":0,"player_choice":"Offered Rare","damage_taken":0,"max_hp_gain":10,"max_hp_loss":0,"event_name":"Bonfire Elementals","floor":39,"gold_loss":0}],"is_beta":false,"boss_relics":[{"not_picked":["Fusion Hammer","bronze:MakeshiftBattery"],"picked":"Busted Crown"},{"not_picked":["Velvet Choker","Snecko Eye"],"picked":"SacredBark"}],"items_purged_floors":[10,21,23],"is_endless":false,"potions_floor_spawned":[2,4,8,11,12,16,19,20,27,29,31,32,33,36,38,42,45,46,49,52],"ascension_level":0}}