{"host":"Jinnai","time":1612735974,"event":{"mods":["BaseMod","Bestiary","Block Reminder","Colored Map","Colored Powertips","Curses Come First","Highlight Path","Minty Spire (QoL Compilation)","Permanent Neow","Potion Indicator Mod","Quick Restart","Relic Stats","StSLib","ojb\u0027s Info Mod"],"gold_per_floor":[113,113,133,148,21,52,7,23,23,38,48,48,48,78,78,151,151,169,169,186,205,224,224,249,249,331,357,357,216,216,47,47,121,121,140,190,200,219,219,219,244,244,244,244,86,100,100,118,118,118,118],"floor_reached":50,"language":"ENG","playtime":2534,"items_purged":["Pain","Injury","Clumsy"],"score":1040,"play_id":"7caddbe4-defd-477a-a042-513a53c4517d","local_time":"20210207171254","is_ascension_mode":true,"campfire_choices":[{"floor":12.0,"key":"REST"},{"floor":15.0,"key":"REST"},{"data":"Seek","floor":23.0,"key":"SMITH"},{"data":"Fission","floor":25.0,"key":"SMITH"},{"floor":28.0,"key":"REST"},{"data":"Defragment","floor":30.0,"key":"SMITH"},{"data":"Loop","floor":32.0,"key":"SMITH"},{"floor":40,"key":"REST"},{"floor":42,"key":"REST"},{"floor":44,"key":"RECALL"},{"floor":49,"key":"REST"}],"circlet_count":0,"master_deck":["AscendersBane","Strike_B","Strike_B","Strike_B","Defend_B","Defend_B","Defend_B","Defend_B","Zap","Dualcast","Melter","Hello World","Cold Snap","Rebound","Leap","Sunder","Static Discharge","Beam Cell","Echo Form","Cold Snap","Seek+1","Loop+1","Self Repair","Ball Lightning","Skim","Fission+1","Defragment+1","Capacitor","Buffer","Thunder Strike","Master of Strategy","Ball Lightning+1"],"relics":["Cursed Key","WarpedTongs","TungstenRod","Incense Burner","Ice Cream","Nuclear Battery","Eternal Feather","Potion Belt","Fusion Hammer","Regal Pillow","Frozen Eye"],"acts_visited":["Exordium","TheCity","TheBeyond"],"potions_floor_usage":[48],"damage_taken":[{"damage":7.0,"enemies":"Small Slimes","floor":1.0,"turns":4.0},{"damage":5.0,"enemies":"Cultist","floor":3.0,"turns":4.0},{"damage":10.0,"enemies":"2 Louse","floor":4.0,"turns":2.0},{"damage":13.0,"enemies":"Lagavulin","floor":6.0,"turns":4.0},{"damage":0.0,"enemies":"Large Slime","floor":8.0,"turns":4.0},{"damage":10.0,"enemies":"Looter","floor":10.0,"turns":2.0},{"damage":10.0,"enemies":"Exordium Thugs","floor":11.0,"turns":4.0},{"damage":7.0,"enemies":"3 Sentries","floor":14.0,"turns":5.0},{"damage":5.0,"enemies":"The Guardian","floor":16.0,"turns":9.0},{"damage":7.0,"enemies":"Shell Parasite","floor":18.0,"turns":4.0},{"damage":10.0,"enemies":"3 Byrds","floor":20.0,"turns":4.0},{"damage":18.0,"enemies":"Shelled Parasite and Fungi","floor":21.0,"turns":5.0},{"damage":0.0,"enemies":"Snecko","floor":22.0,"turns":4.0},{"damage":36.0,"enemies":"Gremlin Leader","floor":24.0,"turns":6.0},{"damage":40.0,"enemies":"Book of Stabbing","floor":27.0,"turns":4.0},{"damage":30.0,"enemies":"Collector","floor":33.0,"turns":8.0},{"damage":33.0,"enemies":"3 Darklings","floor":35.0,"turns":7.0},{"damage":9.0,"enemies":"3 Shapes","floor":37.0,"turns":7.0},{"damage":1,"enemies":"Sphere and 2 Shapes","floor":38,"turns":6},{"damage":51,"enemies":"Giant Head","floor":41,"turns":7},{"damage":16,"enemies":"3 Darklings","floor":46,"turns":8},{"damage":32,"enemies":"Spire Growth","floor":48,"turns":6},{"damage":72,"enemies":"Donu and Deca","floor":50,"turns":4}],"seed_played":"-6236298510254033132","potions_obtained":[{"floor":1.0,"key":"EssenceOfSteel"},{"floor":4.0,"key":"FocusPotion"},{"floor":8.0,"key":"Swift Potion"},{"floor":14.0,"key":"Explosive Potion"},{"floor":22.0,"key":"Strength Potion"},{"floor":27.0,"key":"CultistPotion"},{"floor":33.0,"key":"SkillPotion"},{"floor":38,"key":"BlessingOfTheForge"},{"floor":41,"key":"EssenceOfSteel"}],"is_trial":false,"path_per_floor":["M","?","M","M","$","E","$","M","T","M","M","R","$","E","R","B",null,"M","?","M","M","M","R","E","R","T","E","R","$","R","$","R","B",null,"M","?","M","M","T","R","E","R","T","R","$","M","?","M","R","B"],"character_chosen":"DEFECT","items_purchased":["Rebound","Sunder","Defragment","Capacitor","Frozen Eye"],"campfire_rested":6,"item_purchase_floors":[5,7,29,31,45],"current_hp_per_floor":[57,57,52,42,42,29,29,29,29,19,9,30,30,23,44,39,63,56,56,53,42,49,49,27,42,42,2,38,38,53,53,68,45,65,39,39,37,36,36,71,27,71,71,71,71,69,60,35,71,0,0],"gold":118,"neow_bonus":"BOSS_RELIC","is_daily":false,"chose_seed":false,"campfire_upgraded":4,"win_rate":0.0,"timestamp":1612735974,"path_taken":["M","?","M","M","$","E","?","M","T","M","M","R","$","E","R","BOSS","M","?","M","M","M","R","E","R","T","E","R","$","R","$","R","BOSS","M","?","?","M","?","R","E","R","T","R","?","M","?","M","R","BOSS"],"items_purchased_type":["Card","Card","Card","Card","Relic"],"build_version":"2020-12-18","purchased_purges":3,"victory":false,"max_hp_per_floor":[71,71,71,71,71,71,71,71,71,71,71,71,71,71,71,71,71,71,71,71,71,71,71,71,71,71,71,71,71,71,71,71,71,71,71,71,71,71,71,71,71,71,71,71,71,71,71,71,71,71,71],"relic_stats":{"Regal Pillow":5,"counters":[23,118],"Eternal Feather":111,"Cursed Key":2,"obtain_stats":[{"Ice Cream":14,"Potion Belt":27,"Frozen Eye":45,"Regal Pillow":41,"Eternal Feather":24,"Fusion Hammer":34,"Incense Burner":9,"Cracked Core":0,"Cursed Key":0,"TungstenRod":6,"WarpedTongs":2,"Nuclear Battery":17},{"Ice Cream":8,"Potion Belt":15,"Frozen Eye":20,"Regal Pillow":20,"Eternal Feather":14,"Fusion Hammer":16,"Incense Burner":5,"Cracked Core":0,"Cursed Key":0,"TungstenRod":4,"WarpedTongs":1,"Nuclear Battery":9},{"Ice Cream":29,"Potion Belt":65,"Frozen Eye":100,"Regal Pillow":100,"Eternal Feather":61,"Fusion Hammer":73,"Incense Burner":18,"Cracked Core":0,"Cursed Key":0,"TungstenRod":14,"WarpedTongs":4,"Nuclear Battery":38}],"TungstenRod":68,"WarpedTongs":[114]},"card_choices":[{"not_picked":["Skim","White Noise"],"picked":"Melter","floor":1.0},{"not_picked":["Compile Driver","Double Energy"],"picked":"Hello World","floor":3.0},{"not_picked":["FTL","Sweeping Beam"],"picked":"Cold Snap","floor":4.0},{"not_picked":["Barrage","Rebound"],"picked":"Leap","floor":6.0},{"not_picked":["Auto Shields","Cold Snap"],"picked":"Static Discharge","floor":8.0},{"not_picked":["Gash","Hologram"],"picked":"Beam Cell","floor":10.0},{"not_picked":["Compile Driver","FTL"],"picked":"Echo Form","floor":11.0},{"not_picked":["Rebound","Hologram"],"picked":"Cold Snap","floor":14.0},{"not_picked":["Thunder Strike","Electrodynamics"],"picked":"Seek","floor":16.0},{"not_picked":["Conserve Battery","Redo"],"picked":"Loop","floor":18.0},{"not_picked":["Leap","Turbo"],"picked":"Ball Lightning","floor":20.0},{"not_picked":["Steam","Barrage"],"picked":"Skim","floor":21.0},{"not_picked":["Cold Snap","Go for the Eyes+1","Leap"],"picked":"SKIP","floor":22.0},{"not_picked":["Conserve Battery","Compile Driver"],"picked":"Fission","floor":24.0},{"not_picked":["Beam Cell","Conserve Battery","Auto Shields"],"picked":"SKIP","floor":27.0},{"not_picked":["Electrodynamics","Core Surge"],"picked":"Buffer","floor":33.0},{"not_picked":["Fusion+1","Tempest","Streamline"],"picked":"SKIP","floor":35.0},{"not_picked":["Hello World","BootSequence","Tempest"],"picked":"SKIP","floor":37.0},{"not_picked":["Hologram","Genetic Algorithm","Stack"],"picked":"SKIP","floor":38},{"not_picked":["Recycle","Rebound"],"picked":"Thunder Strike","floor":41},{"not_picked":["Coolheaded","Sweeping Beam","Gash"],"picked":"SKIP","floor":46},{"not_picked":["HandOfGreed","Discovery"],"picked":"Master of Strategy","floor":47},{"not_picked":["Reinforced Body","Melter"],"picked":"Ball Lightning+1","floor":48}],"player_experience":1672960,"relics_obtained":[{"floor":6.0,"key":"TungstenRod"},{"floor":9.0,"key":"Incense Burner"},{"floor":14.0,"key":"Ice Cream"},{"floor":24.0,"key":"Eternal Feather"},{"floor":27.0,"key":"Potion Belt"},{"floor":41,"key":"Regal Pillow"}],"event_choices":[{"damage_healed":0.0,"max_hp_gain":0.0,"max_hp_loss":0.0,"gold_gain":0.0,"event_name":"Accursed Blacksmith","player_choice":"Rummage","floor":2.0,"gold_loss":0.0,"damage_taken":0.0,"relics_obtained":["WarpedTongs"],"cards_obtained":["Pain"]},{"damage_healed":0.0,"max_hp_gain":0.0,"max_hp_loss":0.0,"gold_gain":0.0,"cards_transformed":["Strike_B"],"event_name":"Transmorgrifier","player_choice":"Transformed","floor":19.0,"gold_loss":0.0,"damage_taken":0.0,"cards_obtained":["Self Repair"]},{"damage_healed":0.0,"max_hp_gain":0.0,"max_hp_loss":0.0,"gold_gain":50.0,"event_name":"Golden Shrine","player_choice":"Pray","floor":36.0,"gold_loss":0.0,"damage_taken":0.0},{"damage_healed":0,"gold_gain":0,"player_choice":"Memory 3","damage_taken":10,"max_hp_gain":0,"max_hp_loss":0,"event_name":"SensoryStone","floor":47,"gold_loss":0}],"is_beta":true,"boss_relics":[{"not_picked":["Busted Crown","SlaversCollar"],"picked":"Nuclear Battery"},{"not_picked":["Philosopher\u0027s Stone","Sozu"],"picked":"Fusion Hammer"}],"items_purged_floors":[5,29,31],"is_endless":false,"potions_floor_spawned":[1,4,8,14,16,22,27,33,38,41],"killed_by":"Donu and Deca","ascension_level":20}}