{"host":"san3zorndfes7b27","time":1612664707,"event":{"mods":["BaseMod","Colored Map","Minty Spire (QoL Compilation)","Relic Stats","StSLib"],"gold_per_floor":[114,68,82,82,92,118,118,118,118,118,135,63,13,32,32,129,129,140,159,159,170,170,170,186,221,221,221,262,262,294,334,334,459,459,498,220,233,308,308,335,376,404,404,404,445,445,504,504,504,504,504,504,15,80,80,80],"floor_reached":55,"language":"ENG","playtime":6630,"items_purged":[],"score":1305,"play_id":"4de853d8-23e9-4cf0-a088-cbfeddb35e4d","local_time":"20210206212507","is_ascension_mode":true,"campfire_choices":[{"floor":7,"key":"REST"},{"data":"Pain","floor":10,"key":"PURGE"},{"data":"TalkToTheHand","floor":15,"key":"SMITH"},{"data":"Collect","floor":23,"key":"SMITH"},{"floor":27,"key":"REST"},{"data":"Fasting2","floor":29,"key":"SMITH"},{"floor":32,"key":"REST"},{"floor":46,"key":"RECALL"},{"data":"Defend_P","floor":49,"key":"PURGE"},{"data":"Wish","floor":52,"key":"SMITH"}],"circlet_count":0,"master_deck":["AscendersBane","Defend_P","Defend_P","Eruption+1","Vigilance","Fasting2+1","CutThroughFate","Consecrate","WreathOfFlame","WheelKick","Collect+1","TalkToTheHand+1","FlurryOfBlows","MasterReality","JustLucky","Wish+1","ForeignInfluence","Protect+1","Crescendo","Devotion+1","Vengeance+1","FlurryOfBlows+1","Adaptation+1","CutThroughFate+1","CrushJoints","Halt","DevaForm","Evaluate+1","Evaluate+1","EmptyFist+1","Sanctity+1","Collect+1","Scrawl","EmptyFist+1"],"relics":["PureWater","Dead Branch","WarpedTongs","Peace Pipe","Sozu","Bag of Marbles","White Beast Statue","Shuriken","MealTicket","Astrolabe","Meat on the Bone","Prayer Wheel","The Courier","Centennial Puzzle","Bottled Flame","Medical Kit","Bottled Tornado","Bronze Scales","StrikeDummy"],"acts_visited":["Exordium","TheCity","TheBeyond","TheEnding"],"potions_floor_usage":[25,25],"damage_taken":[{"damage":1,"enemies":"Cultist","floor":1,"turns":3},{"damage":0,"enemies":"Small Slimes","floor":3,"turns":2},{"damage":0,"enemies":"Jaw Worm","floor":5,"turns":1},{"damage":42,"enemies":"3 Sentries","floor":6,"turns":6},{"damage":2,"enemies":"Large Slime","floor":11,"turns":3},{"damage":6,"enemies":"Lots of Slimes","floor":14,"turns":2},{"damage":0,"enemies":"Hexaghost","floor":16,"turns":7},{"damage":1,"enemies":"3 Byrds","floor":18,"turns":4},{"damage":23,"enemies":"2 Thieves","floor":19,"turns":3},{"damage":11,"enemies":"Snake Plant","floor":21,"turns":2},{"damage":0,"enemies":"3 Cultists","floor":24,"turns":4},{"damage":17,"enemies":"Slavers","floor":25,"turns":5},{"damage":0,"enemies":"Sentry and Sphere","floor":28,"turns":3},{"damage":0,"enemies":"Gremlin Leader","floor":30,"turns":4},{"damage":4,"enemies":"Snecko","floor":31,"turns":4},{"damage":13,"enemies":"Champ","floor":33,"turns":7},{"damage":0,"enemies":"3 Shapes","floor":35,"turns":2},{"damage":2,"enemies":"3 Darklings","floor":37,"turns":2},{"damage":36,"enemies":"Mind Bloom Boss Battle","floor":38,"turns":4},{"damage":13,"enemies":"Giant Head","floor":40,"turns":6},{"damage":24,"enemies":"Transient","floor":41,"turns":5},{"damage":37,"enemies":"Reptomancer","floor":42,"turns":4},{"damage":0,"enemies":"Jaw Worm Horde","floor":45,"turns":2},{"damage":0,"enemies":"Giant Head","floor":47,"turns":4},{"damage":39,"enemies":"Awakened One","floor":50,"turns":8},{"damage":21,"enemies":"Shield and Spear","floor":54,"turns":4},{"damage":125,"enemies":"The Heart","floor":55,"turns":4}],"seed_played":"-934516306301173029","potions_obtained":[{"floor":1,"key":"BottledMiracle"},{"floor":14,"key":"SpeedPotion"},{"floor":16,"key":"FairyPotion"}],"is_trial":false,"path_per_floor":["M","$","M","?","M","E","R","?","T","R","M","$","?","M","R","B",null,"M","M","?","M","?","R","M","E","T","R","M","R","E","M","R","B",null,"M","$","M","?","?","E","M","E","T","?","M","R","E","?","R","B",null,"R","$","E","B"],"character_chosen":"WATCHER","items_purchased":["CutThroughFate","TalkToTheHand","CrushJoints","Meat on the Bone","Medical Kit","Bottled Tornado","Bronze Scales","Scrawl"],"campfire_rested":3,"item_purchase_floors":[2,12,36,36,53,53,53,53],"current_hp_per_floor":[64,64,64,64,64,22,43,43,43,43,41,41,41,35,35,35,63,62,39,39,28,28,28,28,11,11,32,32,32,32,28,49,36,63,63,72,70,46,46,45,33,33,33,33,45,45,45,45,45,18,59,59,72,51,0,0],"gold":80,"neow_bonus":"UPGRADE_CARD","is_daily":false,"chose_seed":false,"campfire_upgraded":4,"win_rate":0.0,"timestamp":1612664707,"path_taken":["M","?","M","?","M","E","R","?","T","R","?","$","?","M","R","BOSS","M","M","?","M","?","R","M","E","T","R","M","R","E","M","R","BOSS","M","?","M","?","?","E","M","E","T","?","?","R","E","?","R","BOSS","R","$","E","BOSS"],"items_purchased_type":["Card","Card","Card","Relic","Relic","Relic","Relic","Card"],"build_version":"2020-12-22","purchased_purges":0,"victory":false,"max_hp_per_floor":[72,72,72,72,72,72,72,72,72,72,72,72,72,72,72,72,72,72,72,72,72,72,72,72,72,72,72,72,72,72,72,72,72,72,72,72,72,72,72,72,72,72,72,72,72,72,72,72,72,72,72,72,72,72,72,72],"relic_stats":{"counters":[27,105],"Dead Branch":[172],"Astrolabe":["Vengeance","FlurryOfBlows","Adaptation"],"Medical Kit":[2],"WarpedTongs":[92],"Peace Pipe":2,"Sozu":15,"Centennial Puzzle":[9],"Shuriken":[59],"Bronze Scales":[12],"MealTicket":22,"Prayer Wheel":2,"obtain_stats":[{"Dead Branch":6,"Astrolabe":34,"The Courier":40,"Bottled Tornado":53,"Medical Kit":53,"White Beast Statue":25,"WarpedTongs":8,"Peace Pipe":9,"Sozu":17,"Centennial Puzzle":42,"Bottled Flame":47,"Shuriken":26,"Bronze Scales":53,"MealTicket":30,"Prayer Wheel":38,"Bag of Marbles":20,"PureWater":0,"StrikeDummy":54,"Meat on the Bone":36},{"Dead Branch":4,"Astrolabe":16,"The Courier":20,"Bottled Tornado":25,"Medical Kit":25,"White Beast Statue":12,"WarpedTongs":4,"Peace Pipe":4,"Sozu":7,"Centennial Puzzle":22,"Bottled Flame":24,"Shuriken":12,"Bronze Scales":25,"MealTicket":14,"Prayer Wheel":19,"Bag of Marbles":9,"PureWater":0,"StrikeDummy":26,"Meat on the Bone":17},{"Dead Branch":12,"Astrolabe":60,"The Courier":74,"Bottled Tornado":97,"Medical Kit":97,"White Beast Statue":42,"WarpedTongs":12,"Peace Pipe":12,"Sozu":24,"Centennial Puzzle":83,"Bottled Flame":89,"Shuriken":42,"Bronze Scales":97,"MealTicket":49,"Prayer Wheel":68,"Bag of Marbles":31,"PureWater":0,"StrikeDummy":101,"Meat on the Bone":62}],"Meat on the Bone":72},"card_choices":[{"not_picked":["Prostrate","Crescendo"],"picked":"Fasting2","floor":1},{"not_picked":["MentalFortress","Crescendo"],"picked":"Consecrate","floor":3},{"not_picked":["Sanctity","Evaluate"],"picked":"WheelKick","floor":5},{"not_picked":["ClearTheMind","Vengeance"],"picked":"CarveReality","floor":6},{"not_picked":["FlyingSleeves","Consecrate"],"picked":"Collect","floor":11},{"not_picked":["PathToVictory","Fasting2"],"picked":"FlurryOfBlows","floor":14},{"not_picked":["Brilliance","DeusExMachina"],"picked":"MasterReality","floor":16},{"not_picked":["Protect","EmptyBody","FollowUp"],"picked":"SKIP","floor":18},{"not_picked":["EmptyFist+1","BowlingBash"],"picked":"JustLucky","floor":19},{"not_picked":["Prostrate","WindmillStrike","PathToVictory"],"picked":"SKIP","floor":21},{"not_picked":["FollowUp+1","SandsOfTime+1"],"picked":"Wish","floor":24},{"not_picked":["EmptyBody","Vengeance+1"],"picked":"ForeignInfluence","floor":25},{"not_picked":["BattleHymn+1","Halt+1"],"picked":"Protect+1","floor":28},{"not_picked":["SashWhip","BowlingBash+1"],"picked":"Crescendo","floor":30},{"not_picked":["Evaluate","FollowUp","WheelKick+1"],"picked":"SKIP","floor":31},{"not_picked":["Evaluate","FollowUp","WheelKick+1"],"picked":"SKIP","floor":31},{"not_picked":["SpiritShield","MasterReality"],"picked":"Devotion","floor":33},{"not_picked":["JustLucky+1","FollowUp+1"],"picked":"CutThroughFate+1","floor":35},{"not_picked":["FlyingSleeves+1","FlurryOfBlows"],"picked":"Halt","floor":37},{"not_picked":["EmptyBody","Pray+1"],"picked":"DevaForm","floor":38},{"not_picked":["FollowUp+1","BowlingBash+1"],"picked":"Evaluate+1","floor":40},{"not_picked":["CrushJoints","WreathOfFlame+1"],"picked":"Evaluate+1","floor":41},{"not_picked":["Wireheading","InnerPeace"],"picked":"EmptyFist+1","floor":41},{"not_picked":["Vengeance","Halt","JustLucky"],"picked":"SKIP","floor":42},{"not_picked":["Evaluate","Consecrate+1"],"picked":"Sanctity+1","floor":45},{"not_picked":["LessonLearned","FlurryOfBlows"],"picked":"Collect+1","floor":45},{"not_picked":["BowlingBash","ClearTheMind","SashWhip"],"picked":"SKIP","floor":47},{"not_picked":["Omniscience","SandsOfTime"],"picked":"EmptyFist+1","floor":54}],"player_experience":1524373,"relics_obtained":[{"floor":6,"key":"Dead Branch"},{"floor":9,"key":"Peace Pipe"},{"floor":25,"key":"White Beast Statue"},{"floor":26,"key":"Shuriken"},{"floor":30,"key":"MealTicket"},{"floor":38,"key":"Prayer Wheel"},{"floor":40,"key":"The Courier"},{"floor":42,"key":"Centennial Puzzle"},{"floor":47,"key":"Bottled Flame"},{"floor":54,"key":"StrikeDummy"}],"event_choices":[{"damage_healed":0,"gold_gain":0,"cards_transformed":["Strike_P"],"player_choice":"Change","damage_taken":0,"max_hp_gain":0,"max_hp_loss":0,"event_name":"Living Wall","floor":4,"gold_loss":0,"cards_obtained":["WreathOfFlame"]},{"damage_healed":0,"gold_gain":0,"player_choice":"Rummage","damage_taken":0,"relics_obtained":["WarpedTongs"],"max_hp_gain":0,"max_hp_loss":0,"event_name":"Accursed Blacksmith","floor":8,"gold_loss":0,"cards_obtained":["Pain"]},{"cards_removed":["Strike_P"],"damage_healed":0,"gold_gain":0,"player_choice":"Card Removal","damage_taken":0,"max_hp_gain":0,"max_hp_loss":0,"event_name":"The Cleric","floor":13,"gold_loss":50},{"damage_healed":0,"gold_gain":0,"player_choice":"Opened","damage_taken":0,"relics_obtained":["Bag of Marbles"],"max_hp_gain":0,"max_hp_loss":0,"event_name":"The Mausoleum","floor":20,"gold_loss":0,"cards_obtained":["Writhe"]},{"cards_removed":["Writhe"],"damage_healed":0,"gold_gain":0,"player_choice":"Removed Curses","damage_taken":0,"max_hp_gain":0,"max_hp_loss":0,"event_name":"Fountain of Cleansing","floor":22,"gold_loss":0},{"damage_healed":0,"gold_gain":0,"player_choice":"Fight","damage_taken":0,"max_hp_gain":0,"max_hp_loss":0,"event_name":"MindBloom","floor":38,"gold_loss":0},{"cards_removed":["CarveReality"],"damage_healed":0,"gold_gain":0,"player_choice":"Removed Attack","damage_taken":0,"max_hp_gain":0,"max_hp_loss":0,"event_name":"Falling","floor":39,"gold_loss":0},{"damage_healed":0,"gold_gain":0,"player_choice":"Ignored","damage_taken":0,"max_hp_gain":0,"max_hp_loss":0,"event_name":"Mysterious Sphere","floor":44,"gold_loss":0},{"damage_healed":0,"gold_gain":0,"player_choice":"Upgraded","damage_taken":0,"max_hp_gain":0,"max_hp_loss":0,"event_name":"Upgrade Shrine","floor":48,"gold_loss":0,"cards_upgraded":["Devotion"]}],"is_beta":false,"boss_relics":[{"not_picked":["Calling Bell","SlaversCollar"],"picked":"Sozu"},{"not_picked":["Empty Cage","Snecko Eye"],"picked":"Astrolabe"}],"items_purged_floors":[],"is_endless":false,"potions_floor_spawned":[1,14,16,18,21,28,30,31,33,35,37,38,40,41,42,45,47,54],"killed_by":"The Heart","ascension_level":10}}