{"host":"l5zfpd2l2htson6l","time":1612692433,"event":{"mods":["AchievementEnabler","BaseMod","Colored Map","Colored Powertips","Minty Spire (QoL Compilation)","Permanent Neow","Quick Restart","Rare Cards Sparkle","Relic Stats","SuperFastMode"],"gold_per_floor":[112,125,142,142,153,180,145,180,180,180,199,199,218,247,247,247,247],"floor_reached":16,"language":"ENG","playtime":651,"items_purged":[],"score":294,"play_id":"6c8ed0ac-0c51-4734-85c8-53d880e61011","local_time":"20210207020713","is_ascension_mode":true,"campfire_choices":[{"data":"Perfected Strike","floor":10,"key":"SMITH"},{"data":"Battle Trance","floor":15,"key":"SMITH"}],"circlet_count":0,"master_deck":["AscendersBane","Strike_R","Strike_R","Strike_R","Strike_R","Strike_R","Defend_R","Defend_R+1","Defend_R+1","Bash","Perfected Strike+1","Pommel Strike","Battle Trance+1","Evolve","Seeing Red"],"relics":["Burning Blood","PreservedInsect","The Courier","Toy Ornithopter","Akabeko","Bottled Lightning"],"acts_visited":["Exordium"],"potions_floor_usage":[6,14,16],"damage_taken":[{"damage":11,"enemies":"Jaw Worm","floor":1,"turns":5},{"damage":12,"enemies":"Small Slimes","floor":2,"turns":4},{"damage":2,"enemies":"Cultist","floor":3,"turns":4},{"damage":21,"enemies":"Exordium Thugs","floor":5,"turns":5},{"damage":0,"enemies":"Gremlin Nob","floor":6,"turns":2},{"damage":14,"enemies":"3 Sentries","floor":8,"turns":7},{"damage":0,"enemies":"2 Fungi Beasts","floor":11,"turns":2},{"damage":15,"enemies":"Gremlin Gang","floor":13,"turns":4},{"damage":19,"enemies":"Lagavulin","floor":14,"turns":5},{"damage":29,"enemies":"Hexaghost","floor":16,"turns":7}],"seed_played":"94676017932723433","potions_obtained":[{"floor":2,"key":"Explosive Potion"},{"floor":6,"key":"PowerPotion"},{"floor":8,"key":"Strength Potion"}],"is_trial":false,"path_per_floor":["M","M","M","?","M","E","?","E","T","R","M","?","M","E","R","B"],"character_chosen":"IRONCLAD","items_purchased":[],"campfire_rested":0,"item_purchase_floors":[],"current_hp_per_floor":[63,57,61,38,23,29,47,39,39,39,45,38,29,21,21,0,0],"gold":247,"neow_bonus":"RANDOM_COMMON_RELIC","is_daily":false,"chose_seed":false,"campfire_upgraded":2,"win_rate":0.0,"timestamp":1612692433,"path_taken":["M","M","M","?","M","E","?","E","T","R","M","?","M","E","R","BOSS"],"items_purchased_type":[],"build_version":"2020-12-22","purchased_purges":0,"victory":false,"max_hp_per_floor":[75,75,75,75,75,75,75,75,75,75,75,75,75,75,75,75,75],"relic_stats":{"counters":[10,45],"PreservedInsect":85,"obtain_stats":[{"PreservedInsect":0,"The Courier":6,"Bottled Lightning":14,"Burning Blood":0,"Toy Ornithopter":8,"Akabeko":9},{"PreservedInsect":0,"The Courier":5,"Bottled Lightning":9,"Burning Blood":0,"Toy Ornithopter":6,"Akabeko":6},{"PreservedInsect":0,"The Courier":20,"Bottled Lightning":38,"Burning Blood":0,"Toy Ornithopter":27,"Akabeko":27}],"Burning Blood":54,"Toy Ornithopter":10},"card_choices":[{"not_picked":["Wild Strike","Evolve"],"picked":"Perfected Strike","floor":1},{"not_picked":["Combust","Headbutt","Sentinel"],"picked":"SKIP","floor":2},{"not_picked":["Perfected Strike","Infernal Blade"],"picked":"Pommel Strike","floor":3},{"not_picked":["Thunderclap","Havoc","Armaments"],"picked":"SKIP","floor":5},{"not_picked":["Pommel Strike","Thunderclap"],"picked":"Battle Trance","floor":6},{"not_picked":["Clothesline","Battle Trance","Dual Wield"],"picked":"SKIP","floor":8},{"not_picked":["Sever Soul","Pommel Strike","Fire Breathing"],"picked":"SKIP","floor":11},{"not_picked":["Fire Breathing","Cleave"],"picked":"Evolve","floor":13},{"not_picked":["Entrench","Reckless Charge"],"picked":"Seeing Red","floor":14}],"player_experience":940824,"relics_obtained":[{"floor":6,"key":"The Courier"},{"floor":8,"key":"Toy Ornithopter"},{"floor":9,"key":"Akabeko"},{"floor":14,"key":"Bottled Lightning"}],"event_choices":[{"damage_healed":0,"gold_gain":0,"player_choice":"Entered Light","damage_taken":23,"max_hp_gain":0,"max_hp_loss":0,"event_name":"Shining Light","floor":4,"gold_loss":0,"cards_upgraded":["Defend_R","Defend_R"]},{"damage_healed":18,"gold_gain":0,"player_choice":"Healed","damage_taken":0,"max_hp_gain":0,"max_hp_loss":0,"event_name":"The Cleric","floor":7,"gold_loss":35},{"cards_removed":["Defend_R"],"damage_healed":0,"gold_gain":0,"player_choice":"Card Removal","damage_taken":7,"max_hp_gain":0,"max_hp_loss":0,"event_name":"Golden Wing","floor":12,"gold_loss":0}],"is_beta":false,"boss_relics":[],"items_purged_floors":[],"is_endless":false,"potions_floor_spawned":[2,6,8,11],"killed_by":"Hexaghost","ascension_level":20}}