{"host":"nia1zwr35jsu5y7h","time":1612687892,"event":{"mods":["2.2 Compatiblity","Abigail Mod","Bard","BaseMod","Colored Map","Conspire","Downfall","Friendly Minions","Hermit","Highlight Path","Hubris","Infinite Spire","Kiyohime????","Koishi","Marisa????????","Minty Spire (QoL Compilation)","Quick Restart","Replay The Spire","Shade Mod","Shop Mod","StSLib","The Administrix","The Animator","The Construct","The Cursed","The Disciple","The Mystic","The Necromancer","The Servant 0.9.4"],"gold_per_floor":[18,18,29,29,29,41,41,75,75,75,75,85,85,114,134,155,155,237,237,264,264,291,181,200,200,200],"floor_reached":25,"language":"ENG","playtime":1034,"items_purged":[],"score":426,"play_id":"0693cbdc-e3ff-4d47-b671-204e58e64817","local_time":"20210207005132","is_ascension_mode":true,"campfire_choices":[{"floor":10.0,"key":"REST"},{"data":"mysticmod:GreaterInvisibility","floor":17.0,"key":"SMITH"}],"circlet_count":0,"master_deck":["AscendersBane","mysticmod:Strike_Mystic","mysticmod:Defend_Mystic+1","mysticmod:Defend_Mystic","mysticmod:Defend_Mystic","mysticmod:ArcaneDodge","mysticmod:ShockingGrasp","Mayhem","mysticmod:MightyMagic","mysticmod:Fireball","mysticmod:GreaterInvisibility+1","mysticmod:MagicWeapon","mysticmod:Grapple","mysticmod:Lunge","mysticmod:ArcaneAccuracy","mysticmod:Stoneskin","mysticmod:Spellstrike","mysticmod:ComboCaster","mysticmod:Grapple"],"relics":["mysticmod:SpellBook","mysticmod:RunicPrism","conspire:BottledYoYo","CeramicFish","hubris:VirtuousBlindfold","hubris:Icosahedron"],"acts_visited":["Exordium","TheCity"],"potions_floor_usage":[],"damage_taken":[{"damage":1.0,"enemies":"Small Slimes","floor":1.0,"turns":3.0},{"damage":1.0,"enemies":"Cultist","floor":3.0,"turns":4.0},{"damage":5.0,"enemies":"Jaw Worm","floor":6.0,"turns":4.0},{"damage":30.0,"enemies":"Lagavulin","floor":8.0,"turns":10.0},{"damage":0.0,"enemies":"2 Fungi Beasts","floor":12.0,"turns":5.0},{"damage":12.0,"enemies":"Gremlin Nob","floor":14.0,"turns":4.0},{"damage":1.0,"enemies":"Lots of Slimes","floor":15.0,"turns":3.0},{"damage":0.0,"enemies":"3 Louse","floor":16.0,"turns":1.0},{"damage":41.0,"enemies":"Fading Forest","floor":18.0,"turns":13.0},{"damage":28.0,"enemies":"2 Thieves","floor":20.0,"turns":4.0},{"damage":1.0,"enemies":"Shell Parasite","floor":22.0,"turns":5.0},{"damage":13.0,"enemies":"Snecko","floor":24.0,"turns":6.0},{"damage":11,"enemies":"Book of Stabbing","floor":25,"turns":3}],"seed_played":"3053158544397599902","potions_obtained":[{"floor":3.0,"key":"LiquidMemories"},{"floor":8.0,"key":"Strength Potion"},{"floor":16.0,"key":"Explosive Potion"}],"is_trial":false,"path_per_floor":["M","?","M","PTL","PTL","M","?","E","?","R","T","M","?","E","M","M","R","B",null,"M","?","M","?","M","E"],"character_chosen":"MYSTIC_CLASS","items_purchased":[],"campfire_rested":1,"item_purchase_floors":[],"current_hp_per_floor":[64,64,63,63,63,58,51,21,17,38,38,38,38,26,25,25,25,8,56,28,28,27,27,14,3,3],"gold":200,"neow_bonus":"RANDOM_COLORLESS_2","is_daily":false,"chose_seed":false,"campfire_upgraded":1,"win_rate":0.0,"timestamp":1612687892,"path_taken":["M","?","M","PTL","PTL","?","?","E","?","R","T","?","?","E","M","M","R","BOSS","M","?","M","?","M","E"],"items_purchased_type":[],"build_version":"2020-12-22","purchased_purges":0,"victory":false,"max_hp_per_floor":[72,72,72,72,72,72,72,72,72,72,72,72,72,72,72,72,72,72,72,72,72,72,72,72,72,72],"card_choices":[{"not_picked":["Secret Technique","The Bomb"],"picked":"Mayhem","floor":0.0},{"not_picked":["mysticmod:Snowball","mysticmod:Daze"],"picked":"mysticmod:MightyMagic","floor":1.0},{"not_picked":["mysticmod:ComponentsPouch","mysticmod:SummonFamiliar","mysticmod:SpellCombat"],"picked":"SKIP","floor":3.0},{"not_picked":["mysticmod:HeavyStrike","mysticmod:Shield"],"picked":"mysticmod:GreaterInvisibility","floor":6.0},{"not_picked":["mysticmod:SummonFamiliar","mysticmod:Sideswipe"],"picked":"mysticmod:MagicWeapon","floor":8.0},{"not_picked":["mysticmod:Daze","mysticmod:ChargedParry"],"picked":"mysticmod:Grapple","floor":12.0},{"not_picked":["mysticmod:CorrosiveTouch","mysticmod:LightningBolt","mysticmod:VorpalThrust"],"picked":"SKIP","floor":14.0},{"not_picked":["mysticmod:PureInstinct","mysticmod:PreparedCaster"],"picked":"mysticmod:ArcaneAccuracy","floor":15.0},{"not_picked":["mysticmod:Probe","mysticmod:Alacrity"],"picked":"mysticmod:Stoneskin","floor":16.0},{"not_picked":["mysticmod:SpellRecall","mysticmod:GreaterInvisibility"],"picked":"mysticmod:Spellstrike","floor":18.0},{"not_picked":["mysticmod:Snowball","mysticmod:Daze"],"picked":"mysticmod:ComboCaster","floor":20.0},{"not_picked":["mysticmod:BladeMaster","mysticmod:SuddenClarity"],"picked":"mysticmod:Grapple","floor":22.0},{"not_picked":["mysticmod:BladeMaster","mysticmod:Probe","mysticmod:RapidCaster"],"picked":"SKIP","floor":24.0}],"player_experience":2322926,"relics_obtained":[{"floor":8.0,"key":"mysticmod:RunicPrism"},{"floor":11.0,"key":"conspire:BottledYoYo"},{"floor":14.0,"key":"CeramicFish"}],"event_choices":[{"damage_healed":0.0,"max_hp_gain":0.0,"max_hp_loss":0.0,"gold_gain":0.0,"cards_transformed":["mysticmod:Strike_Mystic"],"event_name":"Transmorgrifier","player_choice":"Transformed","floor":2.0,"gold_loss":0.0,"damage_taken":0.0,"cards_obtained":["mysticmod:Fireball"]},{"cards_removed":["mysticmod:Defend_Mystic"],"damage_healed":0.0,"max_hp_gain":0.0,"max_hp_loss":0.0,"gold_gain":0.0,"event_name":"Golden Wing","player_choice":"Card Removal","floor":7.0,"gold_loss":0.0,"damage_taken":7.0},{"damage_healed":0.0,"max_hp_gain":0.0,"max_hp_loss":0.0,"gold_gain":0.0,"event_name":"The Woman in Blue","player_choice":"Bought 0 Potions","floor":9.0,"gold_loss":0.0,"damage_taken":0.0},{"damage_healed":0.0,"max_hp_gain":0.0,"max_hp_loss":0.0,"gold_gain":0.0,"cards_transformed":["mysticmod:Strike_Mystic"],"event_name":"Living Wall","player_choice":"Change","floor":13.0,"gold_loss":0.0,"damage_taken":0.0,"cards_obtained":["mysticmod:Lunge"]},{"cards_removed":["mysticmod:Strike_Mystic"],"damage_healed":0.0,"max_hp_gain":0.0,"max_hp_loss":0.0,"gold_gain":0.0,"event_name":"Designer","player_choice":"Upgrade and Remove","floor":23.0,"gold_loss":110.0,"damage_taken":0.0,"cards_upgraded":["mysticmod:Defend_Mystic"]}],"is_beta":false,"boss_relics":[{"not_picked":["ReplayTheSpireMod:DimensionalGlitch","Philosopher\u0027s Stone"],"picked":"hubris:VirtuousBlindfold"}],"items_purged_floors":[],"is_endless":false,"potions_floor_spawned":[3,8,12,16],"killed_by":"Book of Stabbing","ascension_level":20}}