{"host":"x000krxjblg8jdg4","time":1612715952,"event":{"mods":["BaseMod","Downfall","Hermit","Minty Spire (QoL Compilation)","StSLib","The Cursed","The Runesmith","The Servant 0.9.4"],"gold_per_floor":[116,136,136,136,136,136,167,185,185,216,226,244,255,0,0,102,102,122,122,122,140,140,140,174,191,191,6,6,24,0,0,0,96,96,116,116,116,136,156,156,188,188,188,219,219,14,14,33,33,33],"floor_reached":51,"language":"ENG","playtime":2919,"items_purged":[],"score":767,"play_id":"241e8e56-3615-4d73-8a2e-a4603a4e7a06","local_time":"20210207143912","is_ascension_mode":true,"campfire_choices":[{"floor":6,"key":"REST"},{"floor":15,"key":"REST"},{"data":"Creative AI","floor":23,"key":"SMITH"},{"floor":28,"key":"REST"},{"floor":32,"key":"REST"},{"data":"Storm","floor":40,"key":"SMITH"},{"data":"Zap","floor":42,"key":"SMITH"},{"data":"Double Energy","floor":45,"key":"SMITH"},{"data":"Zap","floor":47,"key":"SMITH"},{"data":"Redo","floor":49,"key":"SMITH"}],"circlet_count":0,"master_deck":["Strike_B+1","Strike_B+1","Strike_B+1","Strike_B+1","Defend_B+1","Defend_B+1","Defend_B+1","Defend_B+1","Zap+1","Dualcast+1","Conserve Battery","Cold Snap","Capacitor","Redo+1","Gash","Conserve Battery","Leap","Barrage","Storm+1","Coolheaded","Creative AI+1","Gash","Compile Driver","Chill","Self Repair","Storm","Coolheaded","Machine Learning","Glacier+1","Tempest","Zap+1","Scrape+1","Consume+1","Auto Shields+1","Double Energy+1","Melter","Barrage","Flash of Steel","Cold Snap"],"relics":["Cracked Core","Boot","Blue Candle","HornCleat","Toy Ornithopter","Letter Opener","Blood Vial","Inserter","Runesmith:Nanobots","Happy Flower","White Beast Statue","Orichalcum","Bag of Preparation","Nuclear Battery","Bottled Tornado","Frozen Egg 2","Centennial Puzzle"],"acts_visited":["Exordium","TheCity","TheBeyond"],"potions_floor_usage":[10,16,16,18,33,33,39,44,48,50,50,50],"damage_taken":[{"damage":0,"enemies":"2 Louse","floor":1,"turns":3},{"damage":0,"enemies":"Small Slimes","floor":2,"turns":3},{"damage":23,"enemies":"Gremlin Nob","floor":7,"turns":4},{"damage":0,"enemies":"Cultist","floor":8,"turns":3},{"damage":9,"enemies":"3 Sentries","floor":10,"turns":11},{"damage":6,"enemies":"Large Slime","floor":11,"turns":5},{"damage":0,"enemies":"2 Fungi Beasts","floor":12,"turns":3},{"damage":0,"enemies":"Blue Slaver","floor":13,"turns":3},{"damage":22,"enemies":"Slime Boss","floor":16,"turns":9},{"damage":13,"enemies":"Spheric Guardian","floor":18,"turns":7},{"damage":4,"enemies":"3 Byrds","floor":21,"turns":5},{"damage":53,"enemies":"Book of Stabbing","floor":24,"turns":7},{"damage":3,"enemies":"Snake Plant","floor":25,"turns":4},{"damage":21,"enemies":"3 Cultists","floor":29,"turns":6},{"damage":29,"enemies":"Automaton","floor":33,"turns":14},{"damage":11,"enemies":"3 Darklings","floor":35,"turns":7},{"damage":0,"enemies":"Orb Walker","floor":38,"turns":4},{"damage":13,"enemies":"3 Darklings","floor":39,"turns":6},{"damage":12,"enemies":"Nemesis","floor":41,"turns":6},{"damage":10,"enemies":"Giant Head","floor":44,"turns":7},{"damage":15,"enemies":"Transient","floor":48,"turns":5},{"damage":43,"enemies":"Donu and Deca","floor":50,"turns":7}],"seed_played":"-4865003164629400746","potions_obtained":[{"floor":2,"key":"EssenceOfSteel"},{"floor":7,"key":"DuplicationPotion"},{"floor":13,"key":"ColorlessPotion"},{"floor":16,"key":"SkillPotion"},{"floor":24,"key":"hexamod:SoulburnPotion"},{"floor":29,"key":"Swift Potion"},{"floor":33,"key":"Strength Potion"},{"floor":35,"key":"FocusPotion"},{"floor":38,"key":"Explosive Potion"},{"floor":39,"key":"SpeedPotion"},{"floor":44,"key":"sneckomod:MuddlingPotion"},{"floor":48,"key":"ColorlessPotion"}],"is_trial":false,"path_per_floor":["M","M","?","?","?","R","E","M","T","E","M","M","M","$","R","B",null,"M","?","?","M","T","R","E","M","T","$","R","M","?","?","R","B",null,"M","?","$","M","M","R","E","R","T","E","R","$","R","M","R","B",null],"character_chosen":"DEFECT","items_purchased":["Blood Vial","Storm","Coolheaded","Orichalcum","Storm","Melter","Barrage","Flash of Steel"],"campfire_rested":4,"item_purchase_floors":[14,14,14,27,27,46,46,46],"current_hp_per_floor":[75,75,60,55,55,75,52,52,52,48,42,42,42,42,64,53,75,62,62,62,60,60,60,9,8,8,8,30,18,18,18,40,23,75,71,71,71,75,74,74,70,70,70,72,72,72,72,67,67,41],"gold":33,"neow_bonus":"RANDOM_COMMON_RELIC","is_daily":false,"chose_seed":false,"campfire_upgraded":6,"win_rate":0.0,"timestamp":1612715952,"path_taken":["M","M","?","?","?","R","E","M","T","E","M","?","M","$","R","BOSS","M","?","?","M","?","R","E","M","T","$","R","?","?","?","R","BOSS","M","?","?","?","M","R","E","R","T","E","R","$","R","M","R","BOSS"],"items_purchased_type":["Relic","Card","Card","Relic","Card","Card","Card","Card"],"build_version":"2020-12-22","purchased_purges":0,"victory":true,"max_hp_per_floor":[75,75,75,75,75,75,75,75,75,75,75,75,75,75,75,75,75,75,75,75,75,75,75,75,75,75,75,75,75,75,75,75,75,75,75,75,75,75,75,75,75,75,75,75,75,75,75,75,75,75],"card_choices":[{"not_picked":["Beam Cell","Gash"],"picked":"Conserve Battery","floor":1},{"not_picked":["Darkness","Sweeping Beam"],"picked":"Cold Snap","floor":2},{"not_picked":["Scrape","Gash"],"picked":"Capacitor","floor":7},{"not_picked":["Aggregate","Tempest"],"picked":"Redo","floor":8},{"not_picked":["Heatsinks","Coolheaded"],"picked":"Gash","floor":10},{"not_picked":["Cold Snap","Reinforced Body"],"picked":"Conserve Battery","floor":11},{"not_picked":["Streamline","Stack"],"picked":"Leap","floor":12},{"not_picked":["Hologram","Machine Learning"],"picked":"Barrage","floor":13},{"not_picked":["Multi-Cast","Fission"],"picked":"Creative AI","floor":16},{"not_picked":["Coolheaded","Undo"],"picked":"Gash","floor":18},{"not_picked":["Barrage","Steam"],"picked":"Compile Driver","floor":21},{"not_picked":["Sweeping Beam","Reboot"],"picked":"Chill","floor":24},{"not_picked":["Force Field","Chaos+1"],"picked":"Self Repair","floor":25},{"not_picked":["Compile Driver+1","Steam"],"picked":"Coolheaded","floor":29},{"not_picked":["Reboot","Fission"],"picked":"Machine Learning","floor":33},{"not_picked":["Heatsinks","Streamline"],"picked":"Glacier+1","floor":35},{"not_picked":["BootSequence+1","Leap+1"],"picked":"Scrape+1","floor":38},{"not_picked":["Turbo","Hello World"],"picked":"Consume+1","floor":39},{"not_picked":["Melter","Coolheaded"],"picked":"Auto Shields+1","floor":41},{"not_picked":["BootSequence+1","Aggregate+1"],"picked":"Double Energy","floor":44},{"not_picked":["Hologram","Steam+1"],"picked":"Cold Snap","floor":48}],"player_experience":90081,"relics_obtained":[{"floor":7,"key":"HornCleat"},{"floor":9,"key":"Toy Ornithopter"},{"floor":10,"key":"Letter Opener"},{"floor":22,"key":"Runesmith:Nanobots"},{"floor":24,"key":"Happy Flower"},{"floor":26,"key":"White Beast Statue"},{"floor":41,"key":"Bottled Tornado"},{"floor":43,"key":"Frozen Egg 2"},{"floor":44,"key":"Centennial Puzzle"}],"event_choices":[{"damage_healed":0,"gold_gain":0,"player_choice":"Entered Light","damage_taken":15,"max_hp_gain":0,"max_hp_loss":0,"event_name":"Shining Light","floor":3,"gold_loss":0,"cards_upgraded":["Strike_B","Dualcast"]},{"damage_healed":0,"gold_gain":0,"player_choice":"Bought 0 Potions","damage_taken":0,"max_hp_gain":0,"max_hp_loss":0,"event_name":"The Woman in Blue","floor":5,"gold_loss":0},{"damage_healed":0,"gold_gain":0,"player_choice":"Simplicity","damage_taken":0,"max_hp_gain":0,"max_hp_loss":0,"event_name":"Back to Basics","floor":19,"gold_loss":0,"cards_upgraded":["Strike_B","Strike_B","Strike_B","Defend_B","Defend_B","Defend_B","Defend_B"]},{"damage_healed":0,"gold_gain":0,"player_choice":"Paid Fearfully","damage_taken":0,"max_hp_gain":0,"max_hp_loss":0,"event_name":"Masked Bandits","floor":30,"gold_loss":24},{"damage_healed":0,"gold_gain":0,"player_choice":"Opened","damage_taken":0,"relics_obtained":["Bag of Preparation"],"max_hp_gain":0,"max_hp_loss":0,"event_name":"The Mausoleum","floor":31,"gold_loss":0},{"damage_healed":0,"gold_gain":0,"player_choice":"2 cards matched","damage_taken":0,"max_hp_gain":0,"max_hp_loss":0,"event_name":"Match and Keep!","floor":36,"gold_loss":0,"cards_obtained":["Tempest","Zap"]}],"is_beta":false,"boss_relics":[{"not_picked":["Sozu","Snecko Eye"],"picked":"Inserter"},{"not_picked":["Astrolabe","Empty Cage"],"picked":"Nuclear Battery"}],"items_purged_floors":[],"is_endless":false,"potions_floor_spawned":[2,7,13,16,24,29,33,35,38,39,41,44,48],"ascension_level":1}}