{"host":"prxrhpgaxnj4om9r","time":1612665818,"event":{"mods":["AchievementEnabler","BaseMod","DeckTracker","Keyboard Shortcuts","Minty Spire (QoL Compilation)"],"gold_per_floor":[119,137,155,172,172,172,206,216,216,70,70,96,96,196,196,196,196],"floor_reached":16,"language":"KOR","playtime":707,"items_purged":[],"score":155,"play_id":"ce8a0932-dd2f-4cb2-b3f7-4b3354adaa22","local_time":"20210207114338","is_ascension_mode":true,"campfire_choices":[{"floor":6.0,"key":"REST"},{"data":"Eruption","floor":13.0,"key":"SMITH"},{"data":"ForeignInfluence","floor":15,"key":"SMITH"}],"circlet_count":0,"master_deck":["Strike_P","Strike_P","Strike_P","Strike_P","Defend_P","Defend_P","Defend_P","Defend_P","Eruption+1","Vigilance","CutThroughFate","BowlingBash","Consecrate","ForeignInfluence+1","Decay","EmptyFist","Consecrate","LikeWater"],"relics":["PureWater","Pen Nib","StrikeDummy","Lee\u0027s Waffle","Tiny Chest"],"acts_visited":["Exordium"],"potions_floor_usage":[16],"damage_taken":[{"damage":7.0,"enemies":"Cultist","floor":1.0,"turns":3.0},{"damage":0.0,"enemies":"Small Slimes","floor":2.0,"turns":3.0},{"damage":29.0,"enemies":"Jaw Worm","floor":3.0,"turns":3.0},{"damage":0.0,"enemies":"Large Slime","floor":4.0,"turns":1.0},{"damage":60.0,"enemies":"Gremlin Nob","floor":7.0,"turns":4.0},{"damage":15.0,"enemies":"Exordium Thugs","floor":8.0,"turns":3.0},{"damage":0.0,"enemies":"3 Sentries","floor":12.0,"turns":2.0},{"damage":91,"enemies":"Hexaghost","floor":16,"turns":9}],"seed_played":"-4677174175345840195","potions_obtained":[{"floor":0.0,"key":"LiquidBronze"},{"floor":0.0,"key":"FairyPotion"},{"floor":0.0,"key":"Regen Potion"},{"floor":3.0,"key":"AttackPotion"},{"floor":4.0,"key":"SpeedPotion"},{"floor":8.0,"key":"LiquidBronze"}],"is_trial":false,"path_per_floor":["M","M","M","M","?","R","E","M","T","$","?","E","R","?","R","B"],"character_chosen":"WATCHER","items_purchased":["Lee\u0027s Waffle"],"campfire_rested":1,"item_purchase_floors":[10],"current_hp_per_floor":[65,65,36,36,36,57,9,21,21,79,84,84,84,84,84,0,0],"gold":196,"neow_bonus":"THREE_SMALL_POTIONS","is_daily":false,"chose_seed":false,"campfire_upgraded":2,"win_rate":0.0,"timestamp":1612665818,"path_taken":["M","M","?","M","?","R","E","?","T","$","?","E","R","?","R","BOSS"],"items_purchased_type":["Relic"],"build_version":"2020-12-22","purchased_purges":0,"victory":false,"max_hp_per_floor":[72,72,72,72,72,72,72,72,72,79,84,84,84,84,84,84,84],"card_choices":[{"not_picked":["Evaluate","Crescendo"],"picked":"CutThroughFate","floor":1.0},{"not_picked":["FlyingSleeves","Wireheading"],"picked":"BowlingBash","floor":2.0},{"not_picked":["SashWhip","Conclude"],"picked":"Consecrate","floor":3.0},{"not_picked":["CrushJoints","InnerPeace"],"picked":"ForeignInfluence","floor":4.0},{"not_picked":["Vengeance","Weave"],"picked":"EmptyFist","floor":7.0},{"not_picked":["Vengeance","EmptyFist"],"picked":"Consecrate","floor":8.0},{"not_picked":["Indignation","ThirdEye"],"picked":"LikeWater","floor":12.0}],"player_experience":288624,"relics_obtained":[{"floor":7.0,"key":"Pen Nib"},{"floor":9.0,"key":"StrikeDummy"},{"floor":12.0,"key":"Tiny Chest"}],"event_choices":[{"damage_healed":0.0,"max_hp_gain":0.0,"max_hp_loss":0.0,"gold_gain":0.0,"event_name":"Wheel of Change","player_choice":"Cursed","floor":5.0,"gold_loss":0.0,"damage_taken":0.0,"cards_obtained":["Decay"]},{"damage_healed":0.0,"max_hp_gain":5.0,"max_hp_loss":0.0,"gold_gain":0.0,"event_name":"Big Fish","player_choice":"Donut","floor":11.0,"gold_loss":0.0,"damage_taken":0.0},{"damage_healed":0,"gold_gain":100,"player_choice":"Gold","damage_taken":0,"max_hp_gain":0,"max_hp_loss":0,"event_name":"Wheel of Change","floor":14,"gold_loss":0}],"is_beta":false,"boss_relics":[],"items_purged_floors":[],"is_endless":false,"potions_floor_spawned":[3,4,8],"killed_by":"Hexaghost","ascension_level":3}}