{"host":"17xjy7b7ubl548g2","time":1612671742,"event":{"mods":["2.2 Compatiblity","Act Like it!","Aspiration","Astrologer","Bard","BaseMod","Challenge The Spire","ChefMod","Colored Map","Colored Powertips","Conspire","Elementarium","Energized Spire","Gensokyo","GifTheSpireLib","Halation","Hallownest","Hermit","Hubris","Infinite Spire","Jedi Mod","Jorbs\u0027s Wanderer Trilogy","Marisa（霧雨　魔理沙）","Marked Mod","Menagerie","Minty Spire (QoL Compilation)","Permanent Neow","Reliquary","Replay The Spire","Robot Space Explorer","Spicy Shops","Spire Arcade","StSLib","Stuff the Spire","The Blue Laboratory","The Bug Knight","The Construct","The Disciple","The Hayseed","The Hierophant","The Marked","The Runesmith","The Sage","TheFirefly"],"gold_per_floor":[115,115,128,128,2,2,16,16,16,153,153,171,16,153,153,234,234,244,255,130,99,99,99,117,117,117,161,274,274,449,465,465,467,467],"floor_reached":33,"language":"ENG","playtime":2796,"items_purged":["StuffTheSpire:GnomedCurse"],"score":599,"play_id":"942bdcaa-93b9-447a-9714-bd2560840e62","local_time":"20210206232222","daily_mods":["Draft","Vintage"],"is_ascension_mode":true,"campfire_choices":[{"data":"Menagerie:BeastSpirit","floor":6.0,"key":"SMITH"},{"data":"Wallop","floor":8.0,"key":"SMITH"},{"data":"SashWhip","floor":11.0,"key":"SMITH"},{"data":"Meditate","floor":15.0,"key":"SMITH"},{"data":"Wish","floor":23.0,"key":"SMITH"},{"data":"EmptyFist","floor":25.0,"key":"SMITH"},{"data":"CarveReality","floor":29.0,"key":"SMITH"},{"data":"Replay:DivineShield","floor":32.0,"key":"SMITH"}],"circlet_count":0,"master_deck":["AscendersBane","Halt+1","Wallop+1","BowlingBash","EmptyBody+1","CutThroughFate+1","Replay:Cycle+1","SashWhip+1","EmptyFist+1","Prostrate+1","Conclude+1","Evaluate+1","CarveReality+1","Prostrate+1","CutThroughFate+1","Replay:DivineShield+1","Menagerie:BeastSpirit+1","SandsOfTime+1","EmptyBody+1","Meditate+1","Wish+1","Vengeance+1","ThirdEye+1","Wallop+1"],"relics":["PureWater","Ring of Chaos","infinitespire:Eraser","reliquary:PartyBalloon","ReplayTheSpireMod:CursedCoin","StuffTheSpire:TintedRock","Du-Vu Doll","reliquary:PurpleTingedLeaf","CeramicFish","Yang","reliquary:IvoryTrinket","halation:BottledLove","halation:HeavySnake","Mummified Hand","reliquary:IridiumChain","Elementarium:HuntersElixir","Damaru","Regal Pillow","Ornamental Fan","hubris:BottledRain","StuffTheSpire:SapphireSignet","construct:RocketBooster","Replay:Bandana"],"acts_visited":["Exordium","Menagerie:Menagerie"],"potions_floor_usage":[],"damage_taken":[{"damage":0.0,"enemies":"Menagerie:WhisperingWraith","floor":1.0,"turns":3.0},{"damage":0.0,"enemies":"Menagerie:2_RABBITS","floor":3.0,"turns":3.0},{"damage":0.0,"enemies":"Menagerie:MonstrousExperiment","floor":7.0,"turns":3.0},{"damage":0.0,"enemies":"Menagerie:VoidReaper","floor":10.0,"turns":4.0},{"damage":0.0,"enemies":"Menagerie:3_RABBITS","floor":12.0,"turns":3.0},{"damage":0.0,"enemies":"Menagerie:Hydra","floor":14.0,"turns":4.0},{"damage":3.0,"enemies":"Menagerie:Chimera","floor":16.0,"turns":6.0},{"damage":0.0,"enemies":"Elementarium:VoidCorruption","floor":18.0,"turns":4.0},{"damage":0.0,"enemies":"Elementarium:2_ELEMENTALS","floor":19.0,"turns":2.0},{"damage":4.0,"enemies":"Elementarium:VoidBeast","floor":24.0,"turns":3.0},{"damage":0.0,"enemies":"Elementarium:Hydrostalker","floor":27.0,"turns":4.0},{"damage":8.0,"enemies":"Elementarium:FIRE_NOBILITY","floor":28.0,"turns":4.0},{"damage":0.0,"enemies":"Elementarium:ElementalPortal","floor":30.0,"turns":3.0},{"damage":0.0,"enemies":"Elementarium:CYCLONE_AND_ORB_OF_FIRE","floor":31.0,"turns":6.0},{"damage":0,"enemies":"Elementarium:GolemEmperor","floor":33,"turns":2}],"seed_played":"8936159735888669363","potions_obtained":[{"floor":1.0,"key":"AttackPotion"},{"floor":12.0,"key":"blueLaboratory:RecallPotion"},{"floor":18.0,"key":"blueLaboratory:FruitPunch"},{"floor":24.0,"key":"blueLaboratory:LouseDecoction"}],"is_trial":true,"path_per_floor":["M","?","M","?","$","R","M","R","T","E","R","M","$","E","R","B",null,"M","M","?","$","?","R","M","R","T","M","E","R","E","M","R","B"],"character_chosen":"WATCHER","items_purchased":["ReplayTheSpireMod:CursedCoin","SandsOfTime+1","StuffTheSpire:TintedRock","reliquary:IvoryTrinket","Vengeance"],"campfire_rested":0,"item_purchase_floors":[5,5,5,13,21],"current_hp_per_floor":[61,64,64,63,63,63,63,63,63,63,63,63,63,63,63,60,62,63,65,65,65,45,45,42,42,42,44,46,46,54,56,56,57,57],"gold":467,"neow_bonus":"","is_daily":false,"chose_seed":false,"campfire_upgraded":8,"win_rate":0.0,"timestamp":1612671742,"path_taken":["M","?","?","?","$","R","M","R","T","E","R","M","?","E","R","BOSS","M","M","?","$","?","R","M","R","T","?","E","R","E","M","R","BOSS"],"items_purchased_type":["Relic","Card","Relic","Relic","Card"],"build_version":"2020-12-22","purchased_purges":1,"victory":false,"max_hp_per_floor":[68,68,68,63,63,63,63,63,63,63,63,63,63,63,63,63,63,63,65,65,65,65,65,65,65,65,65,65,65,65,65,65,65,65],"card_choices":[{"not_picked":["Evaluate","InnerPeace"],"picked":"Halt","floor":0.0},{"not_picked":["Collect","JustLucky"],"picked":"Wallop","floor":0.0},{"not_picked":["Crescendo","EmptyMind"],"picked":"BowlingBash","floor":0.0},{"not_picked":["LikeWater","FlyingSleeves"],"picked":"EmptyBody","floor":0.0},{"not_picked":["Replay:ManipulateFuture","Nirvana"],"picked":"CutThroughFate","floor":0.0},{"not_picked":["Replay:AtTheReady","WindmillStrike"],"picked":"Replay:Cycle","floor":0.0},{"not_picked":["Replay:BluntJabs","Replay:Hum"],"picked":"SashWhip","floor":0.0},{"not_picked":["Nirvana","Replay:DivineShield"],"picked":"EmptyFist","floor":0.0},{"not_picked":["FlurryOfBlows","FollowUp"],"picked":"Prostrate","floor":0.0},{"not_picked":["MarkedMod:FirstStrike","Fasting2"],"picked":"Conclude","floor":0.0},{"not_picked":["PathToVictory","EmptyBody"],"picked":"Evaluate","floor":0.0},{"not_picked":["Protect","Replay:ManipulateFuture"],"picked":"CarveReality","floor":0.0},{"not_picked":["Replay:Cycle","Evaluate"],"picked":"Prostrate","floor":0.0},{"not_picked":["EmptyFist","Halt"],"picked":"CutThroughFate","floor":0.0},{"not_picked":["MarkedMod:FirstStrike","EmptyMind"],"picked":"Replay:DivineShield","floor":0.0},{"not_picked":["MarkedMod:GracefulMovements","SignatureMove"],"picked":"EmptyBody","floor":10.0},{"not_picked":["JustLucky","EmptyFist"],"picked":"Meditate","floor":14.0},{"not_picked":["Judgement","LessonLearned"],"picked":"Wish","floor":16.0},{"not_picked":["Replay:Vibes","MarkedMod:GentlePulse"],"picked":"ThirdEye","floor":28.0},{"not_picked":["Vault","Halt+1"],"picked":"Wallop+1","floor":30.0}],"player_experience":2087627,"relics_obtained":[{"floor":1.0,"key":"infinitespire:Eraser"},{"floor":3.0,"key":"reliquary:PartyBalloon"},{"floor":7.0,"key":"Du-Vu Doll"},{"floor":9.0,"key":"reliquary:PurpleTingedLeaf"},{"floor":10.0,"key":"CeramicFish"},{"floor":12.0,"key":"Yang"},{"floor":14.0,"key":"halation:BottledLove"},{"floor":18.0,"key":"Mummified Hand"},{"floor":19.0,"key":"reliquary:IridiumChain"},{"floor":24.0,"key":"Regal Pillow"},{"floor":26.0,"key":"Ornamental Fan"},{"floor":27.0,"key":"hubris:BottledRain"},{"floor":28.0,"key":"StuffTheSpire:SapphireSignet"},{"floor":30.0,"key":"construct:RocketBooster"},{"floor":31.0,"key":"Replay:Bandana"}],"event_choices":[{"damage_healed":0.0,"max_hp_gain":0.0,"max_hp_loss":5.0,"gold_gain":0.0,"event_name":"Menagerie:BeastSpiritShrine","player_choice":"Knelt","floor":4.0,"gold_loss":0.0,"damage_taken":0.0,"cards_obtained":["Menagerie:BeastSpirit"]},{"damage_healed":0.0,"max_hp_gain":0.0,"max_hp_loss":0.0,"gold_gain":0.0,"event_name":"Elementarium:BigGameHunter","player_choice":"Sling","floor":20.0,"gold_loss":125.0,"damage_taken":0.0,"relics_obtained":["Elementarium:HuntersElixir"]}],"is_beta":false,"boss_relics":[{"not_picked":["halation:PinkAlligatorPlush","Runic Pyramid"],"picked":"halation:HeavySnake"}],"items_purged_floors":[5],"is_endless":false,"potions_floor_spawned":[1,12,18,24],"killed_by":"Elementarium:GolemEmperor","ascension_level":15}}