{"host":"mmqs5ul2bvb60kyc","time":1612661619,"event":{"mods":["AchievementEnabler","BaseMod","Colored Map","Colored Powertips","Minty Spire (QoL Compilation)","Quick Restart","StSLib"],"gold_per_floor":[115,115,135,150,166,166,198,212,212,212,227,227,254,254,272,272,346,346,361,361,376,386,3,32,32,43,77,103,137,159,159,193,193,193,274,283,296,296,305,333,135,198,540,552,578,578,578,617,628,660,660,689,689,689,689,689,79,114,114],"floor_reached":60,"language":"ZHS","playtime":4872,"items_purged":["Strike_B","Pain","Strike_B+1"],"score":2482,"play_id":"d9b30625-5273-4023-a646-2654245e7c51","local_time":"20210207093339","is_ascension_mode":true,"campfire_choices":[{"data":"Apotheosis","floor":6.0,"key":"SMITH"},{"floor":12.0,"key":"REST"},{"data":"Creative AI","floor":14.0,"key":"SMITH"},{"floor":16.0,"key":"REST"},{"floor":25.0,"key":"REST"},{"data":"Heatsinks","floor":31.0,"key":"SMITH"},{"floor":34.0,"key":"DIG"},{"floor":51,"key":"RECALL"},{"floor":53,"key":"DIG"},{"floor":56,"key":"DIG"}],"circlet_count":0,"master_deck":["AscendersBane","Defend_B","Defend_B","Defend_B","Defend_B","Zap+1","Dualcast","Apotheosis+1","Coolheaded","Turbo","BootSequence","Coolheaded","Creative AI+1","Chill+1","Conserve Battery+1","Recycle+1","Loop","Reboot+1","Streamline+1","Skim+1","Coolheaded+1","Heatsinks+1","Biased Cognition","Genetic Algorithm+1","Undo+1","Self Repair","White Noise+1","Reboot+1","CurseOfTheBell","Hologram+1","Recycle+1","Machine Learning","Turbo+1","Skim+1","Creative AI","Secret Technique+1"],"relics":["Cracked Core","Pear","Toxic Egg 2","Cables","Bottled Tornado","Black Star","Sundial","InkBottle","Molten Egg 2","Orichalcum","Juzu Bracelet","CeramicFish","Smiling Mask","Gremlin Horn","Bag of Marbles","Shovel","Prayer Wheel","Calling Bell","Potion Belt","StrikeDummy","Incense Burner","WarpedTongs","Lantern","Whetstone","Old Coin","Blood Vial","Boot","Letter Opener","Gambling Chip","Pocketwatch","Singing Bowl","Pen Nib","PreservedInsect","Centennial Puzzle","HornCleat","Membership Card","War Paint","Pantograph","Vajra","Blue Candle"],"acts_visited":["Exordium","TheCity","TheBeyond","TheEnding"],"potions_floor_usage":[59,59,59],"damage_taken":[{"damage":0.0,"enemies":"2 Louse","floor":1.0,"turns":2.0},{"damage":0.0,"enemies":"Cultist","floor":3.0,"turns":3.0},{"damage":7.0,"enemies":"Jaw Worm","floor":4.0,"turns":3.0},{"damage":0.0,"enemies":"Gremlin Gang","floor":5.0,"turns":8.0},{"damage":27.0,"enemies":"Gremlin Nob","floor":7.0,"turns":5.0},{"damage":2.0,"enemies":"3 Louse","floor":8.0,"turns":5.0},{"damage":9.0,"enemies":"Exordium Wildlife","floor":11.0,"turns":6.0},{"damage":2.0,"enemies":"3 Sentries","floor":13.0,"turns":9.0},{"damage":12.0,"enemies":"Lots of Slimes","floor":15.0,"turns":3.0},{"damage":7.0,"enemies":"The Guardian","floor":17.0,"turns":11.0},{"damage":3.0,"enemies":"2 Thieves","floor":19.0,"turns":5.0},{"damage":2.0,"enemies":"Chosen","floor":21.0,"turns":5.0},{"damage":13.0,"enemies":"Shelled Parasite and Fungi","floor":22.0,"turns":6.0},{"damage":27.0,"enemies":"Slavers","floor":24.0,"turns":4.0},{"damage":13.0,"enemies":"Centurion and Healer","floor":26.0,"turns":5.0},{"damage":0.0,"enemies":"Book of Stabbing","floor":27.0,"turns":5.0},{"damage":2.0,"enemies":"Slavers","floor":29.0,"turns":7.0},{"damage":0.0,"enemies":"Cultist and Chosen","floor":30.0,"turns":7.0},{"damage":11.0,"enemies":"Book of Stabbing","floor":32.0,"turns":6.0},{"damage":21.0,"enemies":"Collector","floor":35.0,"turns":6.0},{"damage":0.0,"enemies":"Orb Walker","floor":37.0,"turns":3.0},{"damage":6.0,"enemies":"3 Shapes","floor":40.0,"turns":5.0},{"damage":0.0,"enemies":"2 Orb Walkers","floor":42.0,"turns":7.0},{"damage":0.0,"enemies":"Reptomancer","floor":43.0,"turns":4.0},{"damage":0.0,"enemies":"Spire Growth","floor":44.0,"turns":3.0},{"damage":0.0,"enemies":"Giant Head","floor":45.0,"turns":4.0},{"damage":0.0,"enemies":"Nemesis","floor":48.0,"turns":7.0},{"damage":0.0,"enemies":"Writhing Mass","floor":49.0,"turns":3.0},{"damage":9,"enemies":"Reptomancer","floor":50,"turns":3},{"damage":11,"enemies":"4 Shapes","floor":52,"turns":3},{"damage":11,"enemies":"Donu and Deca","floor":54,"turns":5},{"damage":0,"enemies":"Shield and Spear","floor":58,"turns":4},{"damage":15,"enemies":"The Heart","floor":59,"turns":6}],"seed_played":"1936545098686684174","potions_obtained":[{"floor":7.0,"key":"ColorlessPotion"},{"floor":11.0,"key":"Energy Potion"},{"floor":13.0,"key":"DistilledChaos"},{"floor":15.0,"key":"Swift Potion"},{"floor":19.0,"key":"BlessingOfTheForge"},{"floor":24.0,"key":"LiquidBronze"},{"floor":26.0,"key":"Weak Potion"},{"floor":29.0,"key":"AttackPotion"},{"floor":40.0,"key":"AttackPotion"},{"floor":42.0,"key":"ColorlessPotion"},{"floor":48.0,"key":"PowerPotion"}],"is_trial":false,"path_per_floor":["M","?","M","M","M","R","E","M","T","T","M","R","E","R","M","R","B",null,"M","?","M","M","$","E","R","M","E","T","E","M","R","E","?","R","B",null,"M","?","?","M","$","?","E","M","E","T","T","E","M","E","R","M","R","B",null,"R","$","E","B",null],"character_chosen":"DEFECT","items_purchased":["Heatsinks","Sundial","Lantern","Membership Card","Creative AI","War Paint","Pantograph","Ancient Potion","FairyPotion","Secret Technique+1"],"campfire_rested":3,"item_purchase_floors":[23,23,41,57,57,57,57,57,57,57],"current_hp_per_floor":[46,46,46,39,39,39,22,20,20,20,11,35,33,33,21,45,38,70,67,67,65,52,52,25,49,36,36,36,34,34,34,33,33,33,22,66,76,76,76,80,80,81,81,81,81,81,81,81,85,87,87,88,88,88,89,89,89,91,83],"gold":114,"neow_bonus":"RANDOM_COLORLESS_2","is_daily":false,"chose_seed":false,"campfire_upgraded":3,"win_rate":0.0,"timestamp":1612661619,"path_taken":["M","?","M","M","?","R","E","M","T","T","M","R","E","R","M","R","BOSS","M","?","?","M","$","E","R","M","E","T","E","M","R","E","?","R","BOSS","M","?","?","M","$","?","E","M","E","T","T","E","M","E","R","M","R","BOSS","R","$","E","BOSS"],"items_purchased_type":["Card","Relic","Relic","Relic","Card","Relic","Relic","Potion","Potion","Card"],"build_version":"2020-12-22","purchased_purges":3,"victory":true,"max_hp_per_floor":[71,71,71,71,71,71,81,81,81,81,81,81,81,81,81,81,81,81,81,81,81,81,81,81,81,81,81,81,81,81,81,81,81,81,81,81,81,81,81,81,81,81,81,81,81,81,81,81,85,87,87,89,89,89,89,89,89,91,91],"card_choices":[{"not_picked":["Magnetism","Secret Technique"],"picked":"Apotheosis","floor":0.0},{"not_picked":["Stack","Turbo"],"picked":"Coolheaded","floor":1.0},{"not_picked":["Doom and Gloom","Go for the Eyes"],"picked":"Turbo","floor":3.0},{"not_picked":["Sweeping Beam","Reprogram"],"picked":"BootSequence","floor":4.0},{"not_picked":["Steam","Reprogram"],"picked":"Coolheaded","floor":5.0},{"not_picked":["Tempest","Aggregate"],"picked":"Creative AI","floor":7.0},{"not_picked":["Stack","Coolheaded"],"picked":"Chill","floor":8.0},{"not_picked":["Hello World","Coolheaded+1"],"picked":"Conserve Battery+1","floor":11.0},{"not_picked":["Conserve Battery+1","Doom and Gloom"],"picked":"Recycle+1","floor":13.0},{"not_picked":["Gash","Barrage"],"picked":"Loop","floor":15.0},{"not_picked":["Meteor Strike","Creative AI"],"picked":"Reboot+1","floor":17.0},{"not_picked":["Compile Driver+1","Lockon"],"picked":"Streamline","floor":19.0},{"not_picked":["Turbo+1","Hologram+1"],"picked":"Skim+1","floor":21.0},{"not_picked":["Rebound","Doom and Gloom"],"picked":"Coolheaded+1","floor":22.0},{"not_picked":["Force Field+1","Stack+1"],"picked":"Biased Cognition","floor":24.0},{"not_picked":["Compile Driver+1","Sweeping Beam+1","BootSequence+1"],"picked":"SKIP","floor":26.0},{"not_picked":["Hello World","Gash+1"],"picked":"Genetic Algorithm+1","floor":27.0},{"not_picked":["Coolheaded+1","Amplify+1"],"picked":"Undo+1","floor":29.0},{"not_picked":["Stack+1","Chaos+1"],"picked":"Self Repair","floor":30.0},{"not_picked":["Sweeping Beam+1","Auto Shields+1"],"picked":"White Noise+1","floor":32.0},{"not_picked":["Buffer","Creative AI"],"picked":"Reboot+1","floor":35.0},{"not_picked":["Compile Driver+1","FTL+1","Coolheaded+1"],"picked":"SKIP","floor":37.0},{"not_picked":["Multi-Cast+1","Turbo+1","Ball Lightning+1"],"picked":"SKIP","floor":37.0},{"not_picked":["Go for the Eyes+1","Defragment"],"picked":"Hologram+1","floor":40.0},{"not_picked":["Go for the Eyes+1","Beam Cell+1","Force Field+1"],"picked":"SKIP","floor":40.0},{"not_picked":["Redo+1","Defragment"],"picked":"Recycle+1","floor":42.0},{"not_picked":["Coolheaded+1","Beam Cell+1"],"picked":"Machine Learning","floor":43.0},{"not_picked":["Fusion+1","Tempest+1","Ball Lightning+1"],"picked":"SKIP","floor":44.0},{"not_picked":["Stack+1","Leap+1","Chill+1"],"picked":"SKIP","floor":44.0},{"not_picked":["Undo+1","Go for the Eyes+1","Rip and Tear+1"],"picked":"SKIP","floor":45.0},{"not_picked":["Hello World+1","Aggregate+1"],"picked":"Turbo+1","floor":48.0},{"not_picked":["Rip and Tear+1","Stack+1","Aggregate+1"],"picked":"Singing Bowl","floor":49.0},{"not_picked":["Hologram+1","Tempest+1","Recycle+1"],"picked":"Singing Bowl","floor":49.0},{"not_picked":["Melter+1","Turbo+1","Beam Cell+1"],"picked":"Singing Bowl","floor":50},{"not_picked":["Redo+1","Ball Lightning+1"],"picked":"Skim+1","floor":52},{"not_picked":["Reinforced Body+1","Leap+1","Go for the Eyes+1"],"picked":"Singing Bowl","floor":52},{"not_picked":["Steam+1","Turbo+1","Stack+1"],"picked":"Singing Bowl","floor":58}],"player_experience":335471,"relics_obtained":[{"floor":7.0,"key":"Pear"},{"floor":9.0,"key":"Toxic Egg 2"},{"floor":10.0,"key":"Cables"},{"floor":13.0,"key":"Bottled Tornado"},{"floor":24.0,"key":"InkBottle"},{"floor":24.0,"key":"Molten Egg 2"},{"floor":27.0,"key":"Orichalcum"},{"floor":27.0,"key":"Juzu Bracelet"},{"floor":29.0,"key":"CeramicFish"},{"floor":29.0,"key":"Smiling Mask"},{"floor":32.0,"key":"Gremlin Horn"},{"floor":32.0,"key":"Bag of Marbles"},{"floor":34.0,"key":"Prayer Wheel"},{"floor":36.0,"key":"Potion Belt"},{"floor":36.0,"key":"StrikeDummy"},{"floor":36.0,"key":"Incense Burner"},{"floor":43.0,"key":"Whetstone"},{"floor":43.0,"key":"Old Coin"},{"floor":45.0,"key":"Blood Vial"},{"floor":45.0,"key":"Boot"},{"floor":46.0,"key":"Letter Opener"},{"floor":47.0,"key":"Gambling Chip"},{"floor":48.0,"key":"Pocketwatch"},{"floor":48.0,"key":"Singing Bowl"},{"floor":50,"key":"Pen Nib"},{"floor":50,"key":"PreservedInsect"},{"floor":53,"key":"Centennial Puzzle"},{"floor":56,"key":"HornCleat"},{"floor":58,"key":"Vajra"},{"floor":58,"key":"Blue Candle"}],"event_choices":[{"cards_removed":["Strike_B"],"damage_healed":0.0,"max_hp_gain":0.0,"max_hp_loss":0.0,"gold_gain":0.0,"event_name":"Purifier","player_choice":"Purged","floor":2.0,"gold_loss":0.0,"damage_taken":0.0},{"damage_healed":0.0,"max_hp_gain":0.0,"max_hp_loss":0.0,"gold_gain":0.0,"cards_transformed":["Strike_B"],"event_name":"Transmorgrifier","player_choice":"Transformed","floor":20.0,"gold_loss":0.0,"damage_taken":0.0,"cards_obtained":["Compile Driver"]},{"damage_healed":0.0,"max_hp_gain":0.0,"max_hp_loss":0.0,"gold_gain":0.0,"event_name":"WeMeetAgain","player_choice":"Gave Potion","floor":33.0,"gold_loss":0.0,"damage_taken":0.0,"relics_obtained":["Shovel"]},{"cards_removed":["Compile Driver"],"damage_healed":0.0,"max_hp_gain":0.0,"max_hp_loss":0.0,"gold_gain":0.0,"event_name":"Falling","player_choice":"Removed Attack","floor":38.0,"gold_loss":0.0,"damage_taken":0.0},{"damage_healed":0.0,"max_hp_gain":0.0,"max_hp_loss":0.0,"gold_gain":0.0,"event_name":"Accursed Blacksmith","player_choice":"Rummage","floor":39.0,"gold_loss":0.0,"damage_taken":0.0,"relics_obtained":["WarpedTongs"],"cards_obtained":["Pain"]},{"damage_healed":0.0,"max_hp_gain":0.0,"max_hp_loss":0.0,"gold_gain":0.0,"event_name":"Mysterious Sphere","player_choice":"Fight","floor":42.0,"gold_loss":0.0,"damage_taken":0.0}],"is_beta":false,"boss_relics":[{"not_picked":["Runic Pyramid","Fusion Hammer"],"picked":"Black Star"},{"not_picked":["SacredBark","Tiny House"],"picked":"Calling Bell"}],"items_purged_floors":[23,41,57],"is_endless":false,"potions_floor_spawned":[7,11,13,15,17,19,24,26,29,30,40,42,48,50,52,58],"ascension_level":15}}