{"host":"enpah696raxjhbxd","time":1612700521,"event":{"mods":["BaseMod","Challenge The Spire","Chen","Colored Powertips","Friendly Minions","Minty Spire (QoL Compilation)","Replay The Spire","StSLib","TestMod","The Bladedancer","The Poker Player","UnlockEverythingMod"],"gold_per_floor":[115,135,135,135,135,162,173,204,204,180,180,132,132,143,143,238,238,258,258],"floor_reached":18,"language":"ZHS","playtime":566,"items_purged":[],"score":224,"play_id":"27113c93-a464-4132-b09d-f3a09c30ad47","local_time":"20210207202201","is_ascension_mode":true,"campfire_choices":[{"data":"blademaster:Bloodbath","floor":11.0,"key":"SMITH"},{"data":"blademaster:Slice","floor":15,"key":"SMITH"}],"circlet_count":0,"master_deck":["blademaster:Strike","blademaster:Strike","blademaster:Strike","blademaster:Strike","blademaster:Defend","blademaster:Defend","blademaster:Defend","blademaster:Defend","blademaster:RagingBlow","blademaster:HighVoltage","blademaster:Slice+1","blademaster:ThunderingOpener","blademaster:Bloodbath+1","blademaster:Safeguard","blademaster:LeechingStrike+1","blademaster:AwakeningStrike+1","blademaster:Blindside+1"],"relics":["blademaster:DancersAmulet","testmod-TestBox","testmod-BatchProcessingSystem","NeowsBlessing","testmod-InfectionSource","Quantum Egg","Eternal Feather","Molten Egg 2","testmod-NegativeEmotionEnhancer"],"acts_visited":["Exordium","TheCity"],"potions_floor_usage":[16],"damage_taken":[{"damage":0.0,"enemies":"Small Slimes","floor":1.0,"turns":2.0},{"damage":0.0,"enemies":"Jaw Worm","floor":2.0,"turns":1.0},{"damage":0.0,"enemies":"Gremlin Nob","floor":6.0,"turns":1.0},{"damage":0.0,"enemies":"Cultist","floor":7.0,"turns":3.0},{"damage":6.0,"enemies":"Replay:BlueRogue","floor":8.0,"turns":4.0},{"damage":1,"enemies":"2 Fungi Beasts","floor":14,"turns":3},{"damage":29,"enemies":"Hexaghost","floor":16,"turns":4},{"damage":1,"enemies":"Spheric Guardian","floor":18,"turns":3}],"seed_played":"-6670778544682161987","potions_obtained":[{"floor":6.0,"key":"Dexterity Potion"},{"floor":14,"key":"LiquidBronze"},{"floor":16,"key":"Dexterity Potion"},{"floor":18,"key":"Energy Potion"}],"is_trial":false,"path_per_floor":["M","M","$","?","?","E","M","E","T","?","R","$","?","M","R","B",null,"M"],"character_chosen":"THE_BLADEMASTER","items_purchased":["blademaster:LeechingStrike+1"],"campfire_rested":0,"item_purchase_floors":[12],"current_hp_per_floor":[75,75,75,75,72,72,72,66,66,66,72,72,72,75,75,51,75,76,76],"gold":258,"neow_bonus":"THREE_ENEMY_KILL","is_daily":false,"chose_seed":false,"campfire_upgraded":2,"win_rate":0.0,"timestamp":1612700521,"path_taken":["M","M","$","?","?","E","?","E","T","?","R","$","?","?","R","BOSS","M"],"items_purchased_type":["Card"],"build_version":"2020-12-22","purchased_purges":0,"victory":false,"max_hp_per_floor":[75,75,75,75,75,75,75,75,75,75,75,75,75,75,75,75,75,76,76],"card_choices":[{"not_picked":["blademaster:Frontflip","blademaster:Discharge","blademaster:Momentum"],"picked":"SKIP","floor":1.0},{"not_picked":["blademaster:CombatPrep","blademaster:AspectOfWind"],"picked":"blademaster:Slice","floor":2.0},{"not_picked":["blademaster:LightningDraw","blademaster:BloodyBlow"],"picked":"blademaster:ThunderingOpener","floor":6.0},{"not_picked":["blademaster:Quickstep","blademaster:SlyStabs"],"picked":"blademaster:Bloodbath","floor":7.0},{"not_picked":["blademaster:Discharge","blademaster:WindSlash"],"picked":"blademaster:Safeguard","floor":8.0},{"not_picked":["blademaster:ColdBlood","blademaster:Cut+1"],"picked":"blademaster:AwakeningStrike+1","floor":14},{"not_picked":["blademaster:EnchantedCuirass","blademaster:Flash+1"],"picked":"blademaster:Blindside+1","floor":16}],"player_experience":218159,"relics_obtained":[{"floor":6.0,"key":"Quantum Egg"},{"floor":6.0,"key":"blademaster:BonusComboPerk"},{"floor":8.0,"key":"Eternal Feather"},{"floor":8.0,"key":"blademaster:BleedingMoreDamagePerk"},{"floor":9.0,"key":"Molten Egg 2"}],"event_choices":[{"damage_healed":0.0,"max_hp_gain":0.0,"max_hp_loss":0.0,"gold_gain":0.0,"event_name":"给自己的盒子","player_choice":"Ignored","floor":4.0,"gold_loss":0.0,"damage_taken":0.0},{"damage_healed":0.0,"max_hp_gain":0.0,"max_hp_loss":0.0,"gold_gain":0.0,"event_name":"Scrap Ooze","player_choice":"Success","floor":5.0,"gold_loss":0.0,"damage_taken":3.0,"relics_obtained":["testmod-InfectionSource"]},{"damage_healed":0.0,"max_hp_gain":0.0,"max_hp_loss":0.0,"gold_gain":0.0,"event_name":"World of Goop","player_choice":"Left Gold","floor":10.0,"gold_loss":24.0,"damage_taken":0.0},{"damage_healed":0,"gold_gain":0,"player_choice":"Ignored","damage_taken":0,"max_hp_gain":0,"max_hp_loss":0,"event_name":"Purifier","floor":13,"gold_loss":0}],"is_beta":false,"boss_relics":[{"not_picked":["ChewingGum","Tiny House"],"picked":"testmod-NegativeEmotionEnhancer"}],"items_purged_floors":[],"is_endless":false,"potions_floor_spawned":[6,14,16,18],"killed_by":"Spheric Guardian","ascension_level":3}}