{"host":"d42v9a78iaxjks5w","time":1612659818,"event":{"mods":["BaseMod","BetterRewards","Colored Map","Colored Powertips","Downfall","Infinite Spire","Minty Spire (QoL Compilation)","Replay The Spire","StSLib"],"gold_per_floor":[99,112,112,130,280,280,280,280,293,311,311,311,114,129,148,249,249,249,263,277,292,311,311,311],"floor_reached":22,"language":"ENG","playtime":1089,"items_purged":[],"score":180,"play_id":"b89f9903-5c44-4ec4-9bf9-fa80d37e8219","local_time":"20210206190338","is_ascension_mode":false,"campfire_choices":[{"data":"hexamod:Sear","floor":1,"key":"SMITH"},{"data":"hexamod:ThermalTransfer","floor":6,"key":"SMITH"},{"data":"hexamod:Rewind","floor":12,"key":"SMITH"},{"data":"expansioncontent:StudyTheSpire","floor":18,"key":"SMITH"}],"circlet_count":0,"master_deck":["hexamod:Strike","hexamod:Strike","hexamod:Strike","hexamod:Defend","hexamod:Defend","hexamod:Defend","hexamod:Defend","hexamod:Sear+1","hexamod:ThermalTransfer","hexamod:Rewind+1","hexamod:ThermalTransfer+1","downfall:Icky","Survivor","hexamod:Hexaguard","hexamod:RadiantFlame","expansioncontent:StudyTheSpire+1","hexamod:Hexaguard","hexamod:FlamesFromBeyond","hexamod:WildfireWeapon","hexamod:DynamicBlow+1","hexamod:EmpoweredFlame"],"relics":["infinitespire:Bottled Soul","m_HexaRing","Busted Crown"],"acts_visited":["Exordium","TheCity"],"potions_floor_usage":[16,16],"damage_taken":[{"damage":10,"enemies":"Small Slimes","floor":2,"turns":4},{"damage":0,"enemies":"Cultist","floor":4,"turns":3},{"damage":1,"enemies":"2 Louse","floor":9,"turns":3},{"damage":0,"enemies":"Large Slime","floor":10,"turns":6},{"damage":0,"enemies":"downfall:FleeingMerchant","floor":13,"turns":4},{"damage":8,"enemies":"3 Louse","floor":14,"turns":4},{"damage":24,"enemies":"Lots of Slimes","floor":15,"turns":5},{"damage":11,"enemies":"DF_ARCHETYPE_STREAMLINE","floor":16,"turns":9},{"damage":18,"enemies":"3 Byrds","floor":19,"turns":5},{"damage":0,"enemies":"Chosen","floor":20,"turns":4},{"damage":29,"enemies":"3 Cultists","floor":21,"turns":5},{"damage":10,"enemies":"Snecko","floor":22,"turns":6}],"seed_played":"3028763213759802404","potions_obtained":[{"floor":4,"key":"BlessingOfTheForge"},{"floor":9,"key":"Fire Potion"},{"floor":19,"key":"LiquidBronze"}],"is_trial":false,"path_per_floor":["R","M","?","M","?","R","T","?","M","M","?","R","$","M","M","B",null,"R","M","M","M","M"],"character_chosen":"THE_SPIRIT","items_purchased":["expansioncontent:StudyTheSpire"],"campfire_rested":0,"item_purchase_floors":[13],"current_hp_per_floor":[77,67,67,67,67,67,67,67,66,66,66,66,66,58,34,23,77,77,59,59,30,20,20,20],"gold":311,"neow_bonus":"TEN_PERCENT_HP_BONUS","is_daily":false,"chose_seed":false,"campfire_upgraded":4,"win_rate":0.0,"timestamp":1612659818,"path_taken":["R","M","?","?","?","R","T","?","M","M","?","R","$","M","M","BOSS","R","M","M","M","M"],"items_purchased_type":["Card"],"build_version":"2020-12-22","purchased_purges":0,"victory":false,"max_hp_per_floor":[77,77,77,77,77,77,77,77,77,77,77,77,77,77,77,77,77,77,77,77,77,77,77,77],"card_choices":[{"not_picked":["hexamod:SecondSeal","hexamod:ShieldOfDarkness"],"picked":"hexamod:ThermalTransfer","floor":2},{"not_picked":["hexamod:DynamicBlow","hexamod:PhantomCloak"],"picked":"hexamod:ThermalTransfer","floor":4},{"not_picked":["hexamod:SpectersWail","hexamod:DynamicBlow"],"picked":"hexamod:Hexaguard","floor":9},{"not_picked":["hexamod:ThermalTransfer","hexamod:RainOfEmbers"],"picked":"hexamod:GhostflameBarrier","floor":10},{"not_picked":["hexamod:GhostShield","hexamod:HauntingEcho"],"picked":"hexamod:RadiantFlame","floor":13},{"not_picked":["hexamod:ShieldOfDarkness","hexamod:SpectersWail"],"picked":"hexamod:Hexaguard","floor":14},{"not_picked":["hexamod:SpectersWail","hexamod:GhostOfSpireFuture"],"picked":"hexamod:FlamesFromBeyond","floor":15},{"not_picked":["hexamod:TimeWarp","hexamod:SearingWound"],"picked":"hexamod:WildfireWeapon","floor":16},{"not_picked":[],"picked":"hexamod:DynamicBlow+1","floor":19},{"not_picked":[],"picked":"hexamod:EmpoweredFlame","floor":20},{"not_picked":["hexamod:Firestarter"],"picked":"SKIP","floor":21}],"player_experience":99192,"relics_obtained":[{"floor":7,"key":"infinitespire:Bottled Soul"}],"event_choices":[],"is_beta":false,"boss_relics":[{"not_picked":["Empty Cage","infinitespire:Cupcake"],"picked":"Busted Crown"}],"items_purged_floors":[],"is_endless":false,"potions_floor_spawned":[4,9,19],"killed_by":"Snecko","ascension_level":0}}