{"host":"sc0o2qwpf9j16a4i","time":1612719501,"event":{"mods":["AchievementEnabler","BaseMod","BetterRewards","Block Reminder","Colored Map","Colored Powertips","Custom Start","Highlight Path","Minty Spire (QoL Compilation)","Relic Stats"],"gold_per_floor":[147,186,240,240,291,375,375,22,48,90,138,174,270,324,324,609,609,639,639,205,175,214,319,319,319,319,376,376,409,22,58,58,58,58],"floor_reached":33,"language":"ENG","playtime":1118,"items_purged":["Defend_R"],"score":431,"play_id":"5d253bb9-ce38-4d40-b81e-ba59be9a28ca","local_time":"20210207193821","daily_mods":["Allstar","Blue Cards","Midas"],"is_ascension_mode":false,"campfire_choices":[{"floor":15,"key":"REST"},{"floor":24,"key":"REST"},{"floor":28,"key":"REST"},{"floor":32,"key":"REST"}],"circlet_count":0,"master_deck":["Strike_R","Strike_R","Strike_R","Strike_R","Strike_R","Defend_R","Defend_R","Defend_R","Bash","Dramatic Entrance","The Bomb","Purity","Secret Weapon","Flash of Steel","Iron Wave","Sweeping Beam","Scrape","Seeing Red","Clothesline","Sword Boomerang","Flex","Sweeping Beam","Thunderclap","Armaments","Feed","Go for the Eyes","Feel No Pain","Pommel Strike","Ball Lightning","Ball Lightning+1","RitualDagger","Feel No Pain+1","Armaments","Dark Embrace+1","Core Surge","Core Surge"],"relics":["Burning Blood","PreservedInsect","Nunchaku","FossilizedHelix","Dream Catcher","Self Forming Clay","Black Star","Membership Card","Potion Belt","Toy Ornithopter","Vajra","Mummified Hand","Lantern","CaptainsWheel","Frozen Egg 2"],"acts_visited":["Exordium","TheCity"],"potions_floor_usage":[5,6,13,16,18,22,22,22,22,27,31,31],"damage_taken":[{"damage":0,"enemies":"2 Louse","floor":1,"turns":1},{"damage":1,"enemies":"Cultist","floor":2,"turns":3},{"damage":1,"enemies":"Jaw Worm","floor":3,"turns":3},{"damage":5,"enemies":"Exordium Thugs","floor":5,"turns":3},{"damage":31,"enemies":"Lagavulin","floor":6,"turns":6},{"damage":0,"enemies":"3 Louse","floor":10,"turns":2},{"damage":0,"enemies":"Large Slime","floor":11,"turns":3},{"damage":7,"enemies":"Blue Slaver","floor":12,"turns":4},{"damage":0,"enemies":"3 Sentries","floor":13,"turns":3},{"damage":0,"enemies":"3 Louse","floor":14,"turns":2},{"damage":0,"enemies":"Slime Boss","floor":16,"turns":6},{"damage":12,"enemies":"2 Thieves","floor":18,"turns":4},{"damage":0,"enemies":"Chosen","floor":22,"turns":5},{"damage":46,"enemies":"Gremlin Leader","floor":23,"turns":10},{"damage":15,"enemies":"Centurion and Healer","floor":27,"turns":5},{"damage":30,"enemies":"Snecko","floor":29,"turns":7},{"damage":5,"enemies":"Snake Plant","floor":31,"turns":3},{"damage":115,"enemies":"Champ","floor":33,"turns":16}],"seed_played":"-2860801882232651372","potions_obtained":[{"floor":1,"key":"Fire Potion"},{"floor":2,"key":"Fire Potion"},{"floor":3,"key":"PowerPotion"},{"floor":11,"key":"Weak Potion"},{"floor":16,"key":"ElixirPotion"},{"floor":21,"key":"GamblersBrew"},{"floor":21,"key":"Block Potion"},{"floor":23,"key":"FearPotion"},{"floor":29,"key":"Energy Potion"},{"floor":31,"key":"LiquidBronze"}],"is_trial":true,"path_per_floor":["M","M","M","?","M","E","?","$","T","M","M","M","E","M","R","B",null,"M","?","$","?","M","E","R","?","T","M","R","M","$","M","R","B"],"character_chosen":"IRONCLAD","items_purchased":["FossilizedHelix","AttackPotion","Membership Card","Feel No Pain","Potion Belt","Toy Ornithopter","Strength Potion","Swift Potion","CaptainsWheel","Frozen Egg 2","Dark Embrace+1","Core Surge"],"campfire_rested":4,"item_purchase_floors":[8,8,20,20,20,20,20,20,30,30,30,30],"current_hp_per_floor":[80,80,80,80,80,55,52,52,52,58,64,63,69,75,80,80,80,77,61,61,61,90,54,82,76,76,75,98,74,74,85,98,0,0],"gold":58,"neow_bonus":"","is_daily":false,"chose_seed":false,"campfire_upgraded":0,"win_rate":0.0,"timestamp":1612719501,"path_taken":["M","M","M","?","M","E","?","?","T","M","M","M","E","?","R","BOSS","M","?","$","?","?","E","R","?","T","M","R","M","$","M","R","BOSS"],"items_purchased_type":["Relic","Potion","Relic","Card","Relic","Relic","Potion","Potion","Relic","Relic","Card","Card"],"build_version":"2020-12-22","purchased_purges":1,"victory":false,"max_hp_per_floor":[80,80,80,80,80,80,80,80,80,80,80,80,80,80,80,80,80,83,88,88,88,91,95,95,95,95,98,98,98,98,98,98,98,98],"relic_stats":{"Nunchaku":[18],"Dream Catcher":4,"counters":[18,86],"Self Forming Clay":[60],"Mummified Hand":[7],"PreservedInsect":78,"Black Star":1,"obtain_stats":[{"Potion Belt":20,"Lantern":26,"Self Forming Clay":13,"Vajra":23,"PreservedInsect":6,"Frozen Egg 2":30,"Burning Blood":0,"Nunchaku":7,"Dream Catcher":9,"CaptainsWheel":30,"Mummified Hand":23,"Black Star":17,"Membership Card":20,"FossilizedHelix":8,"Toy Ornithopter":20},{"Potion Belt":12,"Lantern":14,"Self Forming Clay":9,"Vajra":14,"PreservedInsect":5,"Frozen Egg 2":16,"Burning Blood":0,"Nunchaku":5,"Dream Catcher":5,"CaptainsWheel":16,"Mummified Hand":14,"Black Star":11,"Membership Card":12,"FossilizedHelix":5,"Toy Ornithopter":12},{"Potion Belt":40,"Lantern":55,"Self Forming Clay":28,"Vajra":55,"PreservedInsect":16,"Frozen Egg 2":67,"Burning Blood":0,"Nunchaku":16,"Dream Catcher":16,"CaptainsWheel":67,"Mummified Hand":55,"Black Star":36,"Membership Card":40,"FossilizedHelix":16,"Toy Ornithopter":40}],"Burning Blood":79,"Toy Ornithopter":30},"card_choices":[{"not_picked":["Storm","Blizzard"],"picked":"Iron Wave","floor":1},{"not_picked":["Leap","Capacitor"],"picked":"Sweeping Beam","floor":2},{"not_picked":["Body Slam","Turbo"],"picked":"Scrape","floor":3},{"not_picked":["Dark Embrace","Combust"],"picked":"Seeing Red","floor":5},{"not_picked":["Clash","Sever Soul"],"picked":"Clothesline","floor":6},{"not_picked":["Perfected Strike","True Grit","Reckless Charge"],"picked":"SKIP","floor":10},{"not_picked":["Barrage","Rebound"],"picked":"Sword Boomerang","floor":11},{"not_picked":["Stack","Thunder Strike"],"picked":"Flex","floor":12},{"not_picked":["Static Discharge","Leap"],"picked":"Sweeping Beam","floor":13},{"not_picked":["Sweeping Beam","Warcry"],"picked":"Thunderclap","floor":14},{"not_picked":["Auto Shields","Fiend Fire"],"picked":"Armaments","floor":15},{"not_picked":["Electrodynamics","Multi-Cast"],"picked":"Feed","floor":16},{"not_picked":["Perfected Strike","Dropkick"],"picked":"Go for the Eyes","floor":18},{"not_picked":["Hemokinesis","Cleave"],"picked":"Pommel Strike","floor":22},{"not_picked":["Lockon","Defragment+1"],"picked":"Ball Lightning","floor":23},{"not_picked":["Thunderclap","Wild Strike"],"picked":"Ball Lightning+1","floor":24},{"not_picked":["Shrug It Off","Undo+1"],"picked":"Feel No Pain+1","floor":27},{"not_picked":["Go for the Eyes","Defragment"],"picked":"Armaments","floor":29},{"not_picked":["Bloodletting","Go for the Eyes"],"picked":"Core Surge","floor":31}],"player_experience":1273215,"relics_obtained":[{"floor":6,"key":"PreservedInsect"},{"floor":9,"key":"Dream Catcher"},{"floor":13,"key":"Self Forming Clay"},{"floor":23,"key":"Vajra"},{"floor":23,"key":"Mummified Hand"},{"floor":26,"key":"Lantern"}],"event_choices":[{"damage_healed":0,"gold_gain":0,"player_choice":"Leave","damage_taken":0,"max_hp_gain":0,"max_hp_loss":0,"event_name":"The Cleric","floor":4,"gold_loss":0},{"damage_healed":0,"gold_gain":0,"player_choice":"Success","damage_taken":3,"relics_obtained":["Nunchaku"],"max_hp_gain":0,"max_hp_loss":0,"event_name":"Scrap Ooze","floor":7,"gold_loss":0},{"damage_healed":0,"gold_gain":0,"player_choice":"Shed Blood","damage_taken":21,"max_hp_gain":5,"max_hp_loss":0,"event_name":"Forgotten Altar","floor":19,"gold_loss":0},{"damage_healed":0,"gold_gain":0,"player_choice":"Bought 2 Potions","damage_taken":0,"max_hp_gain":0,"max_hp_loss":0,"event_name":"The Woman in Blue","floor":21,"gold_loss":0},{"damage_healed":0,"gold_gain":0,"player_choice":"Joined the Cult","damage_taken":6,"max_hp_gain":0,"max_hp_loss":0,"event_name":"Nest","floor":25,"gold_loss":0,"cards_obtained":["RitualDagger"]}],"is_beta":false,"boss_relics":[{"not_picked":["Runic Cube","Runic Dome"],"picked":"Black Star"}],"items_purged_floors":[20],"is_endless":false,"potions_floor_spawned":[1,2,3,11,16,23,29,31],"killed_by":"Champ","ascension_level":0}}