{"host":"gaqyve1328ta0etl","time":1612726332,"event":{"mods":["BaseMod","Colored Map","Colored Powertips","Duelist Mod","Googly Eyes","Hero for Fun","Minty Spire (QoL Compilation)","Shop Mod","StSLib","SuperFastMode","The Hierophant","The Runesmith"],"gold_per_floor":[19,35,35,47,47,47,47,47,118,130,130,130,148,148,148,274,274,288,288,288],"floor_reached":19,"language":"ENG","playtime":430,"items_purged":[],"score":251,"play_id":"0cd2b4f3-945d-4f90-8737-f125117cb973","local_time":"20210207113212","is_ascension_mode":true,"campfire_choices":[{"data":"Body Slam","floor":6,"key":"SMITH"},{"data":"Fire Breathing","floor":7,"key":"SMITH"},{"floor":8,"key":"REST"},{"floor":12,"key":"REST"},{"data":"Twin Strike","floor":15,"key":"SMITH"}],"circlet_count":0,"master_deck":["AscendersBane","Strike_R","Strike_R","Strike_R","Defend_R","Defend_R","Defend_R","Defend_R","Fire Breathing+1","Body Slam+1","Twin Strike+1","Twin Strike"],"relics":["Burning Blood","WingedGreaves","Matryoshka","Golden Idol","SlaversCollar"],"acts_visited":["Exordium","TheCity"],"potions_floor_usage":[16,16,18],"damage_taken":[{"damage":6,"enemies":"Cultist","floor":1,"turns":4},{"damage":15,"enemies":"Jaw Worm","floor":2,"turns":5},{"damage":8,"enemies":"Small Slimes","floor":4,"turns":5},{"damage":14,"enemies":"2 Fungi Beasts","floor":10,"turns":5},{"damage":10,"enemies":"Exordium Wildlife","floor":13,"turns":5},{"damage":44,"enemies":"Hexaghost","floor":16,"turns":11},{"damage":8,"enemies":"3 Byrds","floor":18,"turns":8},{"damage":67,"enemies":"Shell Parasite","floor":19,"turns":9}],"seed_played":"1767619625266979868","potions_obtained":[{"floor":1,"key":"HeartOfIron"},{"floor":13,"key":"AttackPotion"},{"floor":16,"key":"DistilledChaos"}],"is_trial":false,"path_per_floor":["M","M","$","M","?","R","R","R","T","M","?","R","M","?","R","B",null,"M","M"],"character_chosen":"IRONCLAD","items_purchased":[],"campfire_rested":2,"item_purchase_floors":[],"current_hp_per_floor":[72,63,63,61,58,58,58,80,80,72,52,76,72,72,72,34,69,67,0,0],"gold":288,"neow_bonus":"REMOVE_TWO","is_daily":false,"chose_seed":false,"campfire_upgraded":3,"win_rate":0.0,"timestamp":1612726332,"path_taken":["M","M","?","M","?","R","R","R","T","M","?","R","M","?","R","BOSS","M","M"],"items_purchased_type":[],"build_version":"2020-12-22","purchased_purges":0,"victory":false,"max_hp_per_floor":[80,80,80,80,80,80,80,80,80,80,80,80,80,80,80,80,80,80,80,80],"card_choices":[{"not_picked":["Sentinel","Evolve","Seeing Red"],"picked":"SKIP","floor":1},{"not_picked":["Warcry","Infernal Blade"],"picked":"Fire Breathing","floor":2},{"not_picked":["Havoc","Sword Boomerang"],"picked":"Body Slam","floor":4},{"not_picked":["Clash","Warcry","Shockwave"],"picked":"SKIP","floor":10},{"not_picked":["Carnage","Dual Wield"],"picked":"Twin Strike","floor":13},{"not_picked":["Dual Wield","Seeing Red"],"picked":"Twin Strike","floor":18}],"player_experience":2103985,"relics_obtained":[{"floor":9,"key":"Matryoshka"}],"event_choices":[{"damage_healed":0,"gold_gain":0,"player_choice":"Success","damage_taken":3,"relics_obtained":["WingedGreaves"],"max_hp_gain":0,"max_hp_loss":0,"event_name":"Scrap Ooze","floor":5,"gold_loss":0},{"damage_healed":0,"gold_gain":0,"player_choice":"Take Damage","damage_taken":20,"relics_obtained":["Golden Idol"],"max_hp_gain":0,"max_hp_loss":0,"event_name":"Golden Idol","floor":11,"gold_loss":0},{"cards_removed":["Strike_R"],"damage_healed":0,"gold_gain":0,"player_choice":"Forget","damage_taken":0,"max_hp_gain":0,"max_hp_loss":0,"event_name":"Living Wall","floor":14,"gold_loss":0}],"is_beta":false,"boss_relics":[{"not_picked":["Ectoplasm","Runic Cube"],"picked":"SlaversCollar"}],"items_purged_floors":[],"is_endless":false,"potions_floor_spawned":[1,13,16],"killed_by":"Shell Parasite","ascension_level":12}}