{"host":"mydft8i2zzydgggw","time":1612672150,"event":{"mods":["AchievementEnabler","BaseMod","Colored Map","Colored Powertips","DeckTracker","Keyboard Shortcuts","Minty Spire (QoL Compilation)","Rare Cards Sparkle","StSLib","SuperFastMode","everything is the same but u backflip on backflip"],"gold_per_floor":[114,128,140,158,177,203,203,238,264,264,277,290,319,330,330,330,330],"floor_reached":16,"language":"KOR","playtime":230,"items_purged":[],"score":227,"play_id":"6cbd6946-9a01-459b-aa13-ce5e36c171ea","local_time":"20210207132910","is_ascension_mode":true,"campfire_choices":[{"floor":7,"key":"REST"},{"floor":10,"key":"REST"},{"floor":15,"key":"REST"}],"circlet_count":0,"master_deck":["AscendersBane","Strike_B","Strike_B","Strike_B","Strike_B","Defend_B","Defend_B","Defend_B","Defend_B","Zap","Dualcast","Doom and Gloom","Go for the Eyes","Self Repair","Recycle","Electrodynamics","Conserve Battery","Compile Driver","Sweeping Beam","Turbo"],"relics":["Cracked Core","NeowsBlessing","MealTicket","Oddly Smooth Stone","Regal Pillow","Akabeko"],"acts_visited":["Exordium"],"potions_floor_usage":[5,8,8,13,15],"damage_taken":[{"damage":0,"enemies":"Cultist","floor":1,"turns":1},{"damage":0,"enemies":"2 Louse","floor":2,"turns":1},{"damage":0,"enemies":"Small Slimes","floor":3,"turns":1},{"damage":20,"enemies":"Blue Slaver","floor":4,"turns":5},{"damage":13,"enemies":"Gremlin Gang","floor":5,"turns":3},{"damage":35,"enemies":"Gremlin Nob","floor":6,"turns":4},{"damage":13,"enemies":"Lagavulin","floor":8,"turns":6},{"damage":7,"enemies":"Looter","floor":11,"turns":3},{"damage":18,"enemies":"Exordium Wildlife","floor":12,"turns":2},{"damage":30,"enemies":"3 Sentries","floor":13,"turns":4},{"damage":14,"enemies":"3 Louse","floor":14,"turns":2},{"damage":61,"enemies":"Hexaghost","floor":16,"turns":9}],"seed_played":"5964363171502081125","potions_obtained":[{"floor":3,"key":"ColorlessPotion"},{"floor":5,"key":"PotionOfCapacity"},{"floor":6,"key":"AttackPotion"},{"floor":11,"key":"LiquidMemories"},{"floor":14,"key":"Fruit Juice"}],"is_trial":false,"path_per_floor":["M","M","M","M","M","E","R","E","T","R","M","M","E","M","R","B"],"character_chosen":"DEFECT","items_purchased":[],"campfire_rested":3,"item_purchase_floors":[],"current_hp_per_floor":[64,64,64,51,45,17,38,32,32,68,68,50,27,20,61,0,0],"gold":330,"neow_bonus":"THREE_ENEMY_KILL","is_daily":false,"chose_seed":false,"campfire_upgraded":0,"win_rate":0.0,"timestamp":1612672150,"path_taken":["M","M","M","M","M","E","R","E","T","R","?","M","E","M","R","BOSS"],"items_purchased_type":[],"build_version":"2020-12-22","purchased_purges":0,"victory":false,"max_hp_per_floor":[71,71,71,71,71,71,71,71,71,71,71,71,71,71,76,76,76],"card_choices":[{"not_picked":["Turbo","Streamline"],"picked":"Doom and Gloom","floor":1},{"not_picked":["Steam","Storm"],"picked":"Go for the Eyes","floor":2},{"not_picked":["Skim","Conserve Battery"],"picked":"Self Repair","floor":3},{"not_picked":["Turbo","Leap"],"picked":"Recycle","floor":4},{"not_picked":["Steam","Sweeping Beam"],"picked":"Electrodynamics","floor":5},{"not_picked":["Hello World","Auto Shields"],"picked":"Conserve Battery","floor":6},{"not_picked":["Conserve Battery","Leap"],"picked":"Compile Driver","floor":8},{"not_picked":["Steam","Cold Snap"],"picked":"Sweeping Beam","floor":11},{"not_picked":["Sweeping Beam","Streamline","Compile Driver"],"picked":"SKIP","floor":12},{"not_picked":["Stack","Storm"],"picked":"Turbo","floor":13},{"not_picked":["Hello World","Stack","Hologram"],"picked":"SKIP","floor":14}],"player_experience":245801,"relics_obtained":[{"floor":6,"key":"MealTicket"},{"floor":8,"key":"Oddly Smooth Stone"},{"floor":9,"key":"Regal Pillow"},{"floor":13,"key":"Akabeko"}],"event_choices":[],"is_beta":false,"boss_relics":[],"items_purged_floors":[],"is_endless":false,"potions_floor_spawned":[3,5,6,11,14],"killed_by":"Hexaghost","ascension_level":16}}