{"host":"yqw1zpryoutrnocq","time":1612729396,"event":{"mods":["2.2 Compatiblity","AchievementEnabler","BaseMod","Colored Map","Custom Start","DeckTracker","Minty Spire (QoL Compilation)","StSLib","SuperFastMode"],"gold_per_floor":[110,385,7,21,36,36,53,85,85,102,115,115,129,147,147,147,147],"floor_reached":16,"language":"KOR","playtime":403,"items_purged":["Regret"],"score":154,"play_id":"46b0df7d-071f-4020-94c3-e6dff70b760c","local_time":"20210207142316","is_ascension_mode":true,"campfire_choices":[{"data":"Body Slam","floor":6.0,"key":"SMITH"},{"data":"Dark Embrace","floor":12.0,"key":"SMITH"},{"data":"Body Slam","floor":15.0,"key":"SMITH"}],"circlet_count":0,"master_deck":["Strike_R","Strike_R","Strike_R","Strike_R","Defend_R","Defend_R","Defend_R","Defend_R","Bash","Impervious","Dark Embrace+1","Body Slam+1","Body Slam+1","Warcry","Clothesline","Flame Barrier","Feel No Pain","Exhume"],"relics":["Burning Blood","Calipers","Potion Belt","Eternal Feather"],"acts_visited":["Exordium"],"potions_floor_usage":[16,16,16],"damage_taken":[{"damage":9.0,"enemies":"2 Louse","floor":1.0,"turns":4.0},{"damage":18.0,"enemies":"Cultist","floor":4.0,"turns":6.0},{"damage":5.0,"enemies":"Small Slimes","floor":5.0,"turns":4.0},{"damage":6.0,"enemies":"2 Fungi Beasts","floor":7.0,"turns":3.0},{"damage":20.0,"enemies":"Lagavulin","floor":8.0,"turns":5.0},{"damage":14.0,"enemies":"Looter","floor":10.0,"turns":3.0},{"damage":24.0,"enemies":"Exordium Wildlife","floor":11.0,"turns":7.0},{"damage":3.0,"enemies":"3 Louse","floor":13.0,"turns":4.0},{"damage":0.0,"enemies":"Red Slaver","floor":14.0,"turns":3.0},{"damage":45,"enemies":"Slime Boss","floor":16,"turns":10}],"seed_played":"-2718439366716768616","potions_obtained":[{"floor":1.0,"key":"SteroidPotion"},{"floor":5.0,"key":"LiquidBronze"},{"floor":10.0,"key":"SteroidPotion"},{"floor":13.0,"key":"SkillPotion"}],"is_trial":false,"path_per_floor":["M","?","$","M","M","R","M","E","T","M","M","R","M","M","R","B"],"character_chosen":"IRONCLAD","items_purchased":["Calipers"],"campfire_rested":0,"item_purchase_floors":[3],"current_hp_per_floor":[69,69,69,57,58,58,58,44,44,36,18,27,30,36,45,0,0],"gold":147,"neow_bonus":"TRANSFORM_CARD","is_daily":false,"chose_seed":false,"campfire_upgraded":3,"win_rate":0.0,"timestamp":1612729396,"path_taken":["M","?","$","?","M","R","M","E","T","M","M","R","M","M","R","BOSS"],"items_purchased_type":["Relic"],"build_version":"2020-12-22","purchased_purges":1,"victory":false,"max_hp_per_floor":[80,80,80,80,80,80,80,80,80,80,80,80,80,80,80,80,80],"card_choices":[{"not_picked":["Armaments","Cleave"],"picked":"Dark Embrace","floor":1.0},{"not_picked":["Inflame","Thunderclap"],"picked":"Body Slam","floor":4.0},{"not_picked":["Shrug It Off","Thunderclap"],"picked":"Body Slam","floor":5.0},{"not_picked":["Sword Boomerang","Anger"],"picked":"Warcry","floor":7.0},{"not_picked":["Demon Form","Dark Embrace"],"picked":"Clothesline","floor":8.0},{"not_picked":["Searing Blow","Clash"],"picked":"Flame Barrier","floor":10.0},{"not_picked":["Pommel Strike","Rage"],"picked":"Feel No Pain","floor":11.0},{"not_picked":["Body Slam","Anger","Combust"],"picked":"SKIP","floor":13.0},{"not_picked":["Dual Wield","Sever Soul"],"picked":"Exhume","floor":14.0}],"player_experience":318428,"relics_obtained":[{"floor":8.0,"key":"Potion Belt"},{"floor":9.0,"key":"Eternal Feather"}],"event_choices":[{"damage_healed":0.0,"max_hp_gain":0.0,"max_hp_loss":0.0,"gold_gain":275.0,"event_name":"Golden Shrine","player_choice":"Desecrate","floor":2.0,"gold_loss":0.0,"damage_taken":0.0,"cards_obtained":["Regret"]}],"is_beta":false,"boss_relics":[],"items_purged_floors":[3],"is_endless":false,"potions_floor_spawned":[1,5,10,13],"killed_by":"Slime Boss","ascension_level":9}}