{"host":"zksvs3x2ysy9npnz","time":1612708886,"event":{"mods":["Aspiration","BaseMod","Beaked The Cultist","BetterRewards","Clockwork Mod","Colored Map","Conspire","Downfall","Halation","Highlight Path","Hubris","Infinite Spire","Jedi Mod","Magitek Elite","Minty Spire (QoL Compilation)","Permanent Neow","Quick Restart","Relic Stats","Shop Mod","StSLib","The Runesmith","The Witch"],"gold_per_floor":[116,131,147,163,163,163,177,177,255,255,282,282,282,307,307,380,380,394,410,430,430,430,430,461,461,531,545,571,37,70,70,70,144,194,205,225,225,225,236,268,288,288,314,342,342,373,373,373,373],"floor_reached":48,"language":"FRA","playtime":4520,"items_purged":["Runesmith:Strike_RS","Runesmith:Strike_RS"],"score":1008,"play_id":"978d255c-045a-47e3-86a3-0d5e9e3e6478","local_time":"20210207154126","is_ascension_mode":true,"campfire_choices":[{"data":"Runesmith:RunicBlueprint","floor":6,"key":"SMITH"},{"floor":10,"key":"REST"},{"data":"Runesmith:HammerThrow","floor":12,"key":"SMITH"},{"data":"Runesmith:CraftObretio","floor":13,"key":"SMITH"},{"data":"Runesmith:GenerateForcefield","floor":15,"key":"SMITH"},{"data":"Runesmith:CreatorForm","floor":23,"key":"SMITH"},{"data":"Runesmith:Grindstone","floor":25,"key":"SMITH"},{"data":"Runesmith:CraftIndustria","floor":32,"key":"SMITH"},{"data":"Runesmith:LithiumIon","floor":42,"key":"SMITH"}],"circlet_count":0,"master_deck":["AscendersBane","Runesmith:Strike_RS+1","Runesmith:Defend_RS","Runesmith:Defend_RS","Runesmith:Defend_RS","Runesmith:Defend_RS","Runesmith:CraftFirestone+1","Runesmith:Fortify+1","Runesmith:CraftProtectio","Runesmith:RunicBlueprint+1","Runesmith:CraftObretio+1","Runesmith:GenerateForcefield+1","Runesmith:ReplicatingBarrier","Runesmith:NanitesCloud","Runesmith:CreatorForm+1","Runesmith:Grindstone+1","Runesmith:StaticCage","Runesmith:ChargedHammer+1","Runesmith:LithiumIon+1","Runesmith:RuneHurl+1","Runesmith:CraftIndustria+1","Runesmith:Supernova+1","Runesmith:EarthShield+1","Runesmith:Grindstone+1","infinitespire:Collect+1","aspiration:UnbridledHammer+1","infinitespire:TheBestDefense+1","Runesmith:UnlimitedPower","infinitespire:SealOfDarkness+"],"relics":["Runesmith:BrokenRuby","Slimebound:PreparedRelic","infinitespire:Bottled Soul","Blood Vial","beaked:MendingPlumage","Smiling Mask","Nloth\u0027s Gift","jedi:HeartOfTheCards","Molten Egg 2","conspire:DecoderRing","hubris:SlimyHat","Eternal Feather","aspiration:ChemicalBlood","Toxic Egg 2","Tiny House","halation:BottledHappiness","Vajra","Art of War","Tintinnabulum","halation:SelfBoilingWater","hubris:Towel"],"acts_visited":["Exordium","TheCity","TheBeyond"],"potions_floor_usage":[20,35,35,39,40,40,40,44,44,46,46,46,46,48],"damage_taken":[{"damage":17,"enemies":"infinitespire:Voidling","floor":1,"turns":5},{"damage":0,"enemies":"Jaw Worm","floor":2,"turns":6},{"damage":0,"enemies":"conspire:RoseBush","floor":3,"turns":4},{"damage":6,"enemies":"Looter","floor":4,"turns":3},{"damage":3,"enemies":"Blue Slaver","floor":7,"turns":4},{"damage":2,"enemies":"3 Sentries","floor":11,"turns":8},{"damage":4,"enemies":"Lagavulin","floor":14,"turns":7},{"damage":16,"enemies":"Slime Boss","floor":16,"turns":11},{"damage":18,"enemies":"Chosen","floor":18,"turns":7},{"damage":28,"enemies":"3 Byrds","floor":19,"turns":11},{"damage":26,"enemies":"Centurion and Healer","floor":20,"turns":16},{"damage":28,"enemies":"conspire:SneckoGhost","floor":24,"turns":10},{"damage":0,"enemies":"conspire:HollyBat","floor":27,"turns":9},{"damage":36,"enemies":"conspire:Head Lice","floor":28,"turns":16},{"damage":19,"enemies":"conspire:SneckoGhost","floor":30,"turns":15},{"damage":1,"enemies":"conspire:MysteriousRune","floor":33,"turns":11},{"damage":24,"enemies":"Orb Walker","floor":35,"turns":6},{"damage":23,"enemies":"3 Shapes","floor":36,"turns":8},{"damage":23,"enemies":"Spire Growth","floor":39,"turns":9},{"damage":34,"enemies":"beaked:SuperParasite","floor":40,"turns":17},{"damage":0,"enemies":"Maw","floor":41,"turns":12},{"damage":20,"enemies":"Nightmare","floor":44,"turns":13},{"damage":56,"enemies":"beaked:SuperParasite","floor":46,"turns":9},{"damage":77,"enemies":"Reptomancer","floor":48,"turns":2}],"seed_played":"-7844038674396184687","potions_obtained":[{"floor":2,"key":"jedi:wingpotion"},{"floor":4,"key":"Swift Potion"},{"floor":16,"key":"ColorlessPotion"},{"floor":24,"key":"SpeedPotion"},{"floor":35,"key":"Dexterity Potion"},{"floor":35,"key":"EssenceOfSteel"},{"floor":39,"key":"Strength Potion"},{"floor":40,"key":"jedi:tentaclejuice"},{"floor":40,"key":"Guardian:BlockOnCardUsePotion"},{"floor":44,"key":"champ:CounterPotion"},{"floor":44,"key":"jedi:mysterypotion"},{"floor":46,"key":"EntropicBrew"},{"floor":46,"key":"FearPotion"}],"is_trial":false,"path_per_floor":["M","M","M","M","?","R","M","?","T","R","E","R","R","E","R","B",null,"M","M","M","?","?","R","E","R","T","M","E","$","E","T","R","B",null,"M","M","AVR","?","M","E","M","R","T","NM","?","E","?","E"],"character_chosen":"RUNESMITH_CLASS","items_purchased":["Runesmith:LithiumIon","Runesmith:RuneHurl+1","hubris:SlimyHat","Eternal Feather"],"campfire_rested":1,"item_purchase_floors":[29,29,29,29],"current_hp_per_floor":[55,55,55,49,49,49,46,39,39,60,58,58,58,54,54,40,63,55,67,70,70,70,70,70,70,70,70,70,70,70,70,70,70,75,65,70,70,70,75,75,75,75,75,75,65,63,64,0,0],"gold":373,"neow_bonus":"UPGRADE_CARD","is_daily":false,"chose_seed":false,"campfire_upgraded":8,"win_rate":0.0,"timestamp":1612708886,"path_taken":["M","M","M","?","?","R","M","?","T","R","E","R","R","E","R","BOSS","M","M","M","?","?","R","E","R","T","?","E","?","E","?","R","BOSS","M","M","AVR","?","M","E","M","R","T","NM","?","E","?","E"],"items_purchased_type":["Card","Card","Relic","Relic"],"build_version":"2020-12-22","purchased_purges":2,"victory":false,"max_hp_per_floor":[70,70,70,70,70,70,70,70,70,70,70,70,70,70,70,70,70,70,70,70,70,70,70,70,70,70,70,70,70,70,70,70,70,75,75,75,75,75,75,75,75,75,75,75,75,75,75,75,75],"relic_stats":{"Blood Vial":16,"counters":[24,219],"Eternal Feather":0,"Nloth\u0027s Gift":8,"Art of War":[13],"Smiling Mask":25,"obtain_stats":[{"Runesmith:BrokenRuby":0,"Tiny House":34,"Vajra":40,"Eternal Feather":29,"halation:BottledHappiness":37,"hubris:SlimyHat":29,"hubris:Towel":47,"Smiling Mask":21,"jedi:HeartOfTheCards":24,"halation:SelfBoilingWater":46,"Blood Vial":14,"hubris:Backtick":17,"infinitespire:Bottled Soul":11,"conspire:DecoderRing":28,"Tintinnabulum":44,"Molten Egg 2":26,"Slimebound:PreparedRelic":9,"Nloth\u0027s Gift":22,"Art of War":43,"beaked:MendingPlumage":17,"Toxic Egg 2":31,"aspiration:ChemicalBlood":30},{"Runesmith:BrokenRuby":0,"Tiny House":16,"Vajra":20,"Eternal Feather":14,"halation:BottledHappiness":18,"hubris:SlimyHat":14,"hubris:Towel":23,"Smiling Mask":11,"jedi:HeartOfTheCards":12,"halation:SelfBoilingWater":23,"Blood Vial":7,"hubris:Backtick":8,"infinitespire:Bottled Soul":6,"conspire:DecoderRing":14,"Tintinnabulum":22,"Molten Egg 2":12,"Slimebound:PreparedRelic":5,"Nloth\u0027s Gift":11,"Art of War":21,"beaked:MendingPlumage":8,"Toxic Egg 2":15,"aspiration:ChemicalBlood":15},{"Runesmith:BrokenRuby":0,"Tiny House":143,"Vajra":183,"Eternal Feather":117,"halation:BottledHappiness":157,"hubris:SlimyHat":117,"hubris:Towel":217,"Smiling Mask":82,"jedi:HeartOfTheCards":92,"halation:SelfBoilingWater":217,"Blood Vial":37,"hubris:Backtick":48,"infinitespire:Bottled Soul":30,"conspire:DecoderRing":117,"Tintinnabulum":208,"Molten Egg 2":92,"Slimebound:PreparedRelic":22,"Nloth\u0027s Gift":82,"Art of War":195,"beaked:MendingPlumage":48,"Toxic Egg 2":132,"aspiration:ChemicalBlood":132}]},"card_choices":[{"not_picked":["Runesmith:Malloc","Runesmith:Empowerment"],"picked":"Runesmith:CraftProtectio","floor":1},{"not_picked":["Runesmith:Reinforce","Runesmith:EnergizedChisel"],"picked":"Runesmith:RunicBlueprint","floor":2},{"not_picked":["Runesmith:EnergizedChisel","Runesmith:Malloc"],"picked":"Runesmith:CraftObretio","floor":3},{"not_picked":["Runesmith:ShiftingStrike","Runesmith:Prism","Runesmith:NegativeSpace"],"picked":"SKIP","floor":4},{"not_picked":["Runesmith:Prism","Runesmith:UnstableHammer"],"picked":"Runesmith:HammerThrow","floor":7},{"not_picked":["Runesmith:CraftProtectio","Runesmith:HeatedChisel","Runesmith:RuneHurl"],"picked":"SKIP","floor":11},{"not_picked":["Runesmith:Superposition","Runesmith:RuneHurl"],"picked":"Runesmith:GenerateForcefield","floor":14},{"not_picked":["Runesmith:CreatorForm","Runesmith:CraftIndustria"],"picked":"Runesmith:ReplicatingBarrier","floor":16},{"not_picked":["Runesmith:RuneHurl","Runesmith:BackupBattery"],"picked":"Runesmith:NanitesCloud","floor":18},{"not_picked":["Runesmith:ShiftingStrike","Runesmith:PerfectChisel","Runesmith:MakeshiftArmor"],"picked":"SKIP","floor":19},{"not_picked":["Runesmith:EnergizedChisel","Runesmith:Refine"],"picked":"Runesmith:CreatorForm","floor":20},{"not_picked":["Runesmith:NanitesCloud","Runesmith:CraftMedicinae"],"picked":"Runesmith:Grindstone","floor":24},{"not_picked":["Runesmith:CreatorForm","Runesmith:WhiteBalance+1"],"picked":"Runesmith:StaticCage","floor":27},{"not_picked":["Runesmith:Firestorm","Runesmith:HammerAndChisel+1"],"picked":"Runesmith:ChargedHammer+1","floor":28},{"not_picked":["Runesmith:RunicBlueprint+1","Runesmith:ArcReactor"],"picked":"Runesmith:CraftIndustria","floor":30},{"not_picked":["Runesmith:CraftMedicinae+1","Runesmith:ArcReactor"],"picked":"Runesmith:Supernova+1","floor":33},{"not_picked":["Runesmith:UnstableHammer+1","Runesmith:Overpower+1"],"picked":"Runesmith:EarthShield+1","floor":35},{"not_picked":["Runesmith:ShiftingStrike+1","Runesmith:ChiselStab+1"],"picked":"Runesmith:Grindstone+1","floor":36},{"not_picked":["Runesmith:Permafrost","Runesmith:RuneHurl+1","Runesmith:NegativeSpace+1"],"picked":"SKIP","floor":39},{"not_picked":["Runesmith:NanitesCloud+1","Runesmith:Permafrost+1"],"picked":"aspiration:UnbridledHammer+1","floor":40},{"not_picked":["Runesmith:CraftProtectio+1","Runesmith:HeatedChisel+1","Runesmith:HeatExchange+1"],"picked":"SKIP","floor":41},{"not_picked":["infinitespire:Starlight","hubris:InfiniteBlow+72138"],"picked":"infinitespire:TheBestDefense","floor":44},{"not_picked":["Runesmith:HeatExchange+1","Runesmith:FieryHammer+1"],"picked":"Runesmith:UnlimitedPower","floor":44},{"not_picked":["infinitespire:Punishment","hubris:InfiniteBlow+72138"],"picked":"infinitespire:SealOfDarkness+","floor":45},{"not_picked":["Runesmith:ShiftingStrike+1","Runesmith:DoubleUp+1","Runesmith:Refine+1"],"picked":"SKIP","floor":46}],"player_experience":1854347,"relics_obtained":[{"floor":9,"key":"Slimebound:PreparedRelic"},{"floor":11,"key":"infinitespire:Bottled Soul"},{"floor":14,"key":"Blood Vial"},{"floor":21,"key":"Smiling Mask"},{"floor":24,"key":"jedi:HeartOfTheCards"},{"floor":26,"key":"Molten Egg 2"},{"floor":28,"key":"conspire:DecoderRing"},{"floor":30,"key":"aspiration:ChemicalBlood"},{"floor":31,"key":"Toxic Egg 2"},{"floor":40,"key":"Vajra"},{"floor":43,"key":"Art of War"},{"floor":44,"key":"Tintinnabulum"},{"floor":46,"key":"halation:SelfBoilingWater"}],"event_choices":[{"cards_removed":["Runesmith:Strike_RS"],"damage_healed":0,"gold_gain":0,"player_choice":"Card Removal","damage_taken":7,"max_hp_gain":0,"max_hp_loss":0,"event_name":"Golden Wing","floor":8,"gold_loss":0},{"damage_healed":0,"gold_gain":0,"player_choice":"Traded Relic","damage_taken":0,"relics_obtained":["Nloth\u0027s Gift"],"max_hp_gain":0,"max_hp_loss":0,"event_name":"N\u0027loth","floor":22,"relics_lost":["hubris:Backtick"],"gold_loss":0},{"cards_removed":["Runesmith:HammerThrow"],"damage_healed":0,"gold_gain":0,"player_choice":"Removed Attack","damage_taken":0,"max_hp_gain":0,"max_hp_loss":0,"event_name":"Falling","floor":38,"gold_loss":0}],"is_beta":false,"boss_relics":[{"not_picked":["Calling Bell","Sozu"],"picked":"hubris:Backtick"},{"not_picked":["halation:HeavySnake","jedi:battlestandard"],"picked":"Tiny House"}],"items_purged_floors":[29,37],"is_endless":false,"potions_floor_spawned":[2,4,11,16,24,27,30,33,35,40,44],"killed_by":"Reptomancer","ascension_level":13}}