{"host":"tzwikg9s6mkzv6w0","time":1612670863,"event":{"mods":["BaseMod","Good Game Mod","Minty Spire (QoL Compilation)","Spicy Shops","StSLib"],"gold_per_floor":[113,113,113,123,140,140,154,154,206,234,234,253,284,284,284,387,387,397,69,69,69,69,96,96,112,112,128,28,60,77,89,89,194,194,206,206,220,27,41,73,91,123,123,152,165,193,205,216,216,216,216,216,14,46,46],"floor_reached":56,"language":"ZHS","playtime":2397,"items_purged":["Strike_G","Strike_G","Strike_G","Strike_G","Defend_G"],"score":1669,"play_id":"253b08cc-9eaa-4745-b5c9-04170989d52b","local_time":"20210207120743","is_ascension_mode":true,"campfire_choices":[{"data":"Blade Dance","floor":6.0,"key":"SMITH"},{"data":"Eviscerate","floor":8.0,"key":"SMITH"},{"data":"Calculated Gamble","floor":11.0,"key":"SMITH"},{"floor":15.0,"key":"RECALL"},{"data":"Expertise","floor":32.0,"key":"SMITH"},{"data":"Prepared","floor":49.0,"key":"SMITH"},{"data":"Acrobatics","floor":52,"key":"SMITH"}],"circlet_count":0,"master_deck":["Defend_G","Survivor","Neutralize+1","Die Die Die+1","Eviscerate+1","Blade Dance+1","Acrobatics+1","Calculated Gamble+1","Tools of the Trade+1","Expertise+1","Acrobatics+1","Wraith Form v2+1","Envenom+1","Backflip+1","Prepared+1"],"relics":["REME:ComplimentaryCards","HoveringKite","Regal Pillow","Frozen Egg 2","Runic Dome","TheAbacus","MutagenicStrength","Enchiridion","Smiling Mask","CaptainsWheel","Orichalcum","Empty Cage","Membership Card","Medical Kit","Whetstone","Kunai","Shovel","Snake Skull","Potion Belt","ClockworkSouvenir","Lantern","Unceasing Top"],"acts_visited":["Exordium","TheCity","TheBeyond","TheEnding"],"potions_floor_usage":[55,55],"damage_taken":[{"damage":0.0,"enemies":"2 Louse","floor":1.0,"turns":3.0},{"damage":3.0,"enemies":"Small Slimes","floor":4.0,"turns":2.0},{"damage":0.0,"enemies":"Cultist","floor":5.0,"turns":3.0},{"damage":9.0,"enemies":"Red Slaver","floor":7.0,"turns":2.0},{"damage":1.0,"enemies":"3 Sentries","floor":10.0,"turns":4.0},{"damage":0.0,"enemies":"Blue Slaver","floor":12.0,"turns":3.0},{"damage":8.0,"enemies":"Gremlin Nob","floor":13.0,"turns":3.0},{"damage":35.0,"enemies":"The Guardian","floor":16.0,"turns":12.0},{"damage":0.0,"enemies":"Chosen","floor":18.0,"turns":3.0},{"damage":0.0,"enemies":"Book of Stabbing","floor":23.0,"turns":3.0},{"damage":3.0,"enemies":"2 Thieves","floor":25.0,"turns":3.0},{"damage":0.0,"enemies":"Snake Plant","floor":27.0,"turns":3.0},{"damage":0.0,"enemies":"Gremlin Leader","floor":29.0,"turns":4.0},{"damage":0.0,"enemies":"Centurion and Healer","floor":30.0,"turns":3.0},{"damage":0.0,"enemies":"3 Cultists","floor":31.0,"turns":2.0},{"damage":3.0,"enemies":"Collector","floor":33.0,"turns":4.0},{"damage":13.0,"enemies":"3 Shapes","floor":35.0,"turns":3.0},{"damage":0.0,"enemies":"3 Darklings","floor":37.0,"turns":2.0},{"damage":0.0,"enemies":"Transient","floor":39.0,"turns":5.0},{"damage":0.0,"enemies":"Nemesis","floor":40.0,"turns":5.0},{"damage":0.0,"enemies":"Sphere and 2 Shapes","floor":41.0,"turns":2.0},{"damage":0.0,"enemies":"Reptomancer","floor":42.0,"turns":3.0},{"damage":7.0,"enemies":"Nemesis","floor":44.0,"turns":5.0},{"damage":13.0,"enemies":"Writhing Mass","floor":45.0,"turns":3.0},{"damage":0.0,"enemies":"Giant Head","floor":46.0,"turns":4.0},{"damage":0.0,"enemies":"Jaw Worm Horde","floor":47.0,"turns":3.0},{"damage":0.0,"enemies":"Transient","floor":48.0,"turns":5.0},{"damage":14.0,"enemies":"Donu and Deca","floor":50.0,"turns":6.0},{"damage":0,"enemies":"Shield and Spear","floor":54,"turns":3},{"damage":53,"enemies":"The Heart","floor":55,"turns":5}],"seed_played":"9026662559744675269","potions_obtained":[{"floor":4.0,"key":"LiquidMemories"},{"floor":7.0,"key":"PowerPotion"},{"floor":12.0,"key":"ColorlessPotion"},{"floor":18.0,"key":"SkillPotion"},{"floor":23.0,"key":"AttackPotion"},{"floor":27.0,"key":"FairyPotion"},{"floor":31.0,"key":"BlessingOfTheForge"},{"floor":35.0,"key":"Regen Potion"},{"floor":44.0,"key":"Fruit Juice"},{"floor":46.0,"key":"SpeedPotion"},{"floor":47.0,"key":"Fruit Juice"},{"floor":48.0,"key":"Weak Potion"}],"is_trial":false,"path_per_floor":["M","?","?","M","M","R","M","R","T","E","R","M","E","?","R","B",null,"M","$","?","?","?","E","?","M","T","M","$","E","M","M","R","B",null,"M","?","M","$","M","E","M","E","T","E","M","E","M","M","R","B",null,"R","$","E","B",null],"character_chosen":"THE_SILENT","items_purchased":["TheAbacus","Membership Card","Medical Kit","ClockworkSouvenir","Lantern"],"campfire_rested":0,"item_purchase_floors":[19,38,38,53,53],"current_hp_per_floor":[70,75,75,72,72,72,63,63,63,62,62,62,54,54,54,19,75,75,75,75,75,59,59,59,56,56,56,56,56,56,56,56,53,75,62,62,62,62,62,62,62,62,62,74,61,61,66,66,66,52,85,85,85,85,32],"gold":46,"neow_bonus":"BOSS_RELIC","is_daily":false,"chose_seed":false,"campfire_upgraded":6,"win_rate":0.0,"timestamp":1612670863,"path_taken":["M","?","?","?","M","R","M","R","T","E","R","?","E","?","R","BOSS","M","$","?","?","?","E","?","M","T","?","?","E","M","M","R","BOSS","M","?","M","$","M","E","M","E","T","E","M","E","M","M","R","BOSS","R","$","E","BOSS"],"items_purchased_type":["Relic","Relic","Relic","Relic","Relic"],"build_version":"2020-12-22","purchased_purges":5,"victory":true,"max_hp_per_floor":[70,75,75,75,75,75,75,75,75,75,75,75,75,75,75,75,75,75,75,75,75,75,75,75,75,75,75,75,75,75,75,75,75,75,75,75,75,75,75,75,75,75,75,80,80,80,85,85,85,85,85,85,85,85,85],"card_choices":[{"not_picked":["Underhanded Strike","Well Laid Plans","Outmaneuver"],"picked":"SKIP","floor":1.0},{"not_picked":["Dagger Spray","Masterful Stab"],"picked":"Blade Dance","floor":4.0},{"not_picked":["A Thousand Cuts","Sucker Punch"],"picked":"Acrobatics","floor":5.0},{"not_picked":["Sucker Punch","Deflect","Acrobatics"],"picked":"SKIP","floor":7.0},{"not_picked":["Well Laid Plans","Deadly Poison"],"picked":"Calculated Gamble","floor":10.0},{"not_picked":["Cloak And Dagger","Flying Knee","Backflip"],"picked":"SKIP","floor":12.0},{"not_picked":["Acrobatics","Calculated Gamble","Deadly Poison"],"picked":"SKIP","floor":13.0},{"not_picked":["Malaise","Die Die Die"],"picked":"Tools of the Trade+1","floor":16.0},{"not_picked":["Dagger Throw","Bouncing Flask","Underhanded Strike+1"],"picked":"SKIP","floor":18.0},{"not_picked":["Infinite Blades+1","Well Laid Plans+1"],"picked":"Expertise","floor":23.0},{"not_picked":["Eviscerate","Backflip","Sucker Punch"],"picked":"SKIP","floor":25.0},{"not_picked":["Eviscerate","Backflip","Sucker Punch"],"picked":"SKIP","floor":25.0},{"not_picked":["Acrobatics","Dash+1","Flechettes+1"],"picked":"SKIP","floor":27.0},{"not_picked":["Cloak And Dagger","Blade Dance","Catalyst"],"picked":"SKIP","floor":29.0},{"not_picked":["Outmaneuver","Flying Knee+1","Backstab"],"picked":"SKIP","floor":30.0},{"not_picked":["Acrobatics","Deflect","Flying Knee"],"picked":"SKIP","floor":31.0},{"not_picked":["Die Die Die","Malaise"],"picked":"Wraith Form v2+1","floor":33.0},{"not_picked":["PiercingWail","Quick Slash","Dagger Throw"],"picked":"SKIP","floor":35.0},{"not_picked":["Slice","Acrobatics","Noxious Fumes+1"],"picked":"SKIP","floor":37.0},{"not_picked":["Poisoned Stab","Acrobatics+1","Quick Slash"],"picked":"SKIP","floor":39.0},{"not_picked":["Quick Slash+1","Distraction+1","Expertise+1"],"picked":"SKIP","floor":40.0},{"not_picked":["Envenom+1","Backstab","Sucker Punch"],"picked":"SKIP","floor":41.0},{"not_picked":["Backstab","Sucker Punch"],"picked":"Envenom+1","floor":41.0},{"not_picked":["Acrobatics+1","Outmaneuver+1","Underhanded Strike"],"picked":"SKIP","floor":42.0},{"not_picked":["Acrobatics","Backstab+1"],"picked":"Backflip+1","floor":44.0},{"not_picked":["Backflip","Predator+1","Flying Knee+1"],"picked":"SKIP","floor":45.0},{"not_picked":["Cloak And Dagger","Predator","Finisher+1"],"picked":"SKIP","floor":46.0},{"not_picked":["Poisoned Stab+1","Cloak And Dagger+1","Outmaneuver+1"],"picked":"SKIP","floor":47.0},{"not_picked":["Bane","Skewer+1"],"picked":"Prepared","floor":48.0},{"not_picked":["Dodge and Roll","Unload","Eviscerate"],"picked":"SKIP","floor":54}],"player_experience":58848,"relics_obtained":[{"floor":10.0,"key":"Regal Pillow"},{"floor":13.0,"key":"Frozen Egg 2"},{"floor":22.0,"key":"Enchiridion"},{"floor":23.0,"key":"Smiling Mask"},{"floor":26.0,"key":"CaptainsWheel"},{"floor":29.0,"key":"Orichalcum"},{"floor":40.0,"key":"Whetstone"},{"floor":42.0,"key":"Kunai"},{"floor":43.0,"key":"Shovel"},{"floor":44.0,"key":"Snake Skull"},{"floor":46.0,"key":"Potion Belt"},{"floor":54,"key":"Unceasing Top"}],"event_choices":[{"damage_healed":0.0,"max_hp_gain":5.0,"max_hp_loss":0.0,"gold_gain":0.0,"event_name":"Big Fish","player_choice":"Donut","floor":2.0,"gold_loss":0.0,"damage_taken":0.0},{"damage_healed":0.0,"max_hp_gain":0.0,"max_hp_loss":0.0,"gold_gain":0.0,"cards_transformed":["Strike_G"],"event_name":"Transmorgrifier","player_choice":"Transformed","floor":3.0,"gold_loss":0.0,"damage_taken":0.0,"cards_obtained":["Eviscerate"]},{"damage_healed":0.0,"max_hp_gain":0.0,"max_hp_loss":0.0,"gold_gain":0.0,"event_name":"Upgrade Shrine","player_choice":"Upgraded","floor":14.0,"gold_loss":0.0,"damage_taken":0.0,"cards_upgraded":["Acrobatics"]},{"damage_healed":0.0,"max_hp_gain":0.0,"max_hp_loss":0.0,"gold_gain":0.0,"event_name":"Drug Dealer","player_choice":"Inject Mutagens","floor":20.0,"gold_loss":0.0,"damage_taken":0.0,"relics_obtained":["MutagenicStrength"]},{"damage_healed":0.0,"max_hp_gain":0.0,"max_hp_loss":0.0,"gold_gain":0.0,"event_name":"The Mausoleum","player_choice":"Ignored","floor":21.0,"gold_loss":0.0,"damage_taken":0.0},{"damage_healed":0.0,"max_hp_gain":0.0,"max_hp_loss":0.0,"gold_gain":0.0,"event_name":"Cursed Tome","player_choice":"Obtained Book","floor":22.0,"gold_loss":0.0,"damage_taken":16.0},{"damage_healed":0.0,"max_hp_gain":0.0,"max_hp_loss":0.0,"gold_gain":0.0,"event_name":"The Library","player_choice":"Read","floor":24.0,"gold_loss":0.0,"damage_taken":0.0,"cards_obtained":["Acrobatics"]},{"cards_removed":["Defend_G"],"damage_healed":0.0,"max_hp_gain":0.0,"max_hp_loss":0.0,"gold_gain":0.0,"event_name":"Bonfire Elementals","player_choice":"Offered Basic","floor":36.0,"gold_loss":0.0,"damage_taken":0.0}],"is_beta":false,"boss_relics":[{"not_picked":["Astrolabe","Cursed Key"],"picked":"Runic Dome"},{"not_picked":["Philosopher\u0027s Stone","Fusion Hammer"],"picked":"Empty Cage"}],"items_purged_floors":[19,19,28,28,53],"is_endless":false,"potions_floor_spawned":[4,7,12,18,23,27,31,35,40,44,46,47,48],"ascension_level":3}}