{"host":"d52brwsy6af8zvaq","time":1612672715,"event":{"mods":["AchievementEnabler","BaseMod","Bestiary","Highlight Path","Minty Spire (QoL Compilation)","Quick Restart","Relic Stats","ojb\u0027s Better Paths Mod"],"gold_per_floor":[112,112,124,5,21,46,46,66,90,90,124,124,49,60,60,60,60],"floor_reached":16,"language":"ENG","playtime":575,"items_purged":["Strike_B"],"score":220,"play_id":"1849c670-16dd-4f20-9a59-1a32d151d5ae","local_time":"20210206213835","is_ascension_mode":true,"campfire_choices":[{"data":"Defragment","floor":7.0,"key":"SMITH"},{"data":"Zap","floor":10.0,"key":"SMITH"},{"data":"Dualcast","floor":12.0,"key":"SMITH"},{"data":"White Noise","floor":15.0,"key":"SMITH"}],"circlet_count":0,"master_deck":["AscendersBane","Strike_B","Strike_B","Defend_B","Defend_B","Defend_B","Defend_B","Zap+1","Dualcast+1","Defragment+1","Gash","Leap","Loop","White Noise+1","Doom and Gloom","Cold Snap","Glacier","Turbo"],"relics":["Cracked Core","Toy Ornithopter","Tiny Chest","Omamori"],"acts_visited":["Exordium"],"potions_floor_usage":[16],"damage_taken":[{"damage":0.0,"enemies":"Small Slimes","floor":1.0,"turns":3.0},{"damage":2.0,"enemies":"Cultist","floor":3.0,"turns":4.0},{"damage":2.0,"enemies":"Jaw Worm","floor":5.0,"turns":5.0},{"damage":16.0,"enemies":"3 Sentries","floor":6.0,"turns":4.0},{"damage":4.0,"enemies":"2 Fungi Beasts","floor":8.0,"turns":4.0},{"damage":15.0,"enemies":"Lagavulin","floor":11.0,"turns":5.0},{"damage":0.0,"enemies":"Blue Slaver","floor":14.0,"turns":4.0},{"damage":39,"enemies":"Slime Boss","floor":16,"turns":10}],"seed_played":"1546398167447230133","potions_obtained":[{"floor":1.0,"key":"Explosive Potion"},{"floor":6.0,"key":"Energy Potion"}],"is_trial":false,"path_per_floor":["M","?","M","$","M","E","R","M","T","R","E","R","$","M","R","B"],"character_chosen":"DEFECT","items_purchased":["Leap","Loop"],"campfire_rested":0,"item_purchase_floors":[4,4],"current_hp_per_floor":[71,71,69,69,67,51,51,47,47,47,32,32,32,32,32,0,0],"gold":60,"neow_bonus":"TEN_PERCENT_HP_BONUS","is_daily":false,"chose_seed":false,"campfire_upgraded":4,"win_rate":0.0,"timestamp":1612672715,"path_taken":["M","?","M","$","M","E","R","M","T","R","E","R","$","M","R","BOSS"],"items_purchased_type":["Card","Card"],"build_version":"2020-12-22","purchased_purges":1,"victory":false,"max_hp_per_floor":[78,78,78,78,78,78,78,78,78,78,78,78,78,78,78,78,78],"relic_stats":{"counters":[8,38],"Tiny Chest":0,"obtain_stats":[{"Tiny Chest":9,"Omamori":11,"Cracked Core":0,"Toy Ornithopter":6},{"Tiny Chest":5,"Omamori":6,"Cracked Core":0,"Toy Ornithopter":4},{"Tiny Chest":20,"Omamori":25,"Cracked Core":0,"Toy Ornithopter":16}],"Toy Ornithopter":5},"card_choices":[{"not_picked":["Coolheaded","Steam"],"picked":"Defragment","floor":1.0},{"not_picked":["Rebound","Hologram"],"picked":"Gash","floor":3.0},{"not_picked":["Beam Cell","Chill"],"picked":"White Noise","floor":5.0},{"not_picked":["Redo","Rainbow"],"picked":"Doom and Gloom","floor":6.0},{"not_picked":["Rebound","Leap"],"picked":"Cold Snap","floor":8.0},{"not_picked":["Beam Cell","Steam"],"picked":"Glacier","floor":11.0},{"not_picked":["Beam Cell","Steam"],"picked":"Turbo","floor":14.0}],"player_experience":2176250,"relics_obtained":[{"floor":6.0,"key":"Toy Ornithopter"},{"floor":9.0,"key":"Tiny Chest"},{"floor":11.0,"key":"Omamori"}],"event_choices":[{"cards_removed":["Strike_B"],"damage_healed":0.0,"max_hp_gain":0.0,"max_hp_loss":0.0,"gold_gain":0.0,"event_name":"Purifier","player_choice":"Purged","floor":2.0,"gold_loss":0.0,"damage_taken":0.0}],"is_beta":false,"boss_relics":[],"items_purged_floors":[13],"is_endless":false,"potions_floor_spawned":[1,6,8],"killed_by":"Slime Boss","ascension_level":20}}