{"host":"d9m9v0h6vo0edadb","time":1612681996,"event":{"mods":["BaseMod","Hermit","Keyboard Shortcuts","Minty Spire (QoL Compilation)","StSLib","SuperFastMode","The Cursed"],"gold_per_floor":[112,112,129,204,204,230,230,242,242,252,252,252],"floor_reached":11,"language":"KOR","playtime":121,"items_purged":[],"score":196,"play_id":"215ece88-ebc2-4244-bcb5-6cb75281601f","local_time":"20210207161316","is_ascension_mode":true,"campfire_choices":[{"data":"Adrenaline","floor":7,"key":"SMITH"}],"circlet_count":0,"master_deck":["AscendersBane","Strike_G","Strike_G","Strike_G","Strike_G","Defend_G","Defend_G","Defend_G","Defend_G","Defend_G","Survivor","Neutralize","Dagger Throw","Acrobatics","Adrenaline+1","Well Laid Plans"],"relics":["Ring of the Snake","NeowsBlessing","StoneCalendar","Mango"],"acts_visited":["Exordium"],"potions_floor_usage":[10],"damage_taken":[{"damage":0,"enemies":"2 Louse","floor":1,"turns":1},{"damage":0,"enemies":"Small Slimes","floor":3,"turns":1},{"damage":0,"enemies":"Gremlin Nob","floor":6,"turns":1},{"damage":4,"enemies":"Jaw Worm","floor":8,"turns":6},{"damage":15,"enemies":"Gremlin Gang","floor":10,"turns":5},{"damage":26,"enemies":"Lagavulin","floor":11,"turns":7}],"seed_played":"-5608989108125816340","potions_obtained":[{"floor":3,"key":"LiquidBronze"},{"floor":6,"key":"DuplicationPotion"}],"is_trial":false,"path_per_floor":["M","?","M","?","?","E","R","M","T","M","E"],"character_chosen":"THE_SILENT","items_purchased":[],"campfire_rested":0,"item_purchase_floors":[],"current_hp_per_floor":[59,59,59,48,48,48,48,44,58,43,17,17],"gold":252,"neow_bonus":"THREE_ENEMY_KILL","is_daily":false,"chose_seed":false,"campfire_upgraded":1,"win_rate":0.0,"timestamp":1612681996,"path_taken":["M","?","M","?","?","E","R","M","T","M","E"],"items_purchased_type":[],"build_version":"2020-12-22","purchased_purges":0,"victory":false,"max_hp_per_floor":[66,66,66,66,66,66,66,66,80,80,80,80],"card_choices":[{"not_picked":["Sucker Punch","Backflip"],"picked":"Dagger Throw","floor":1},{"not_picked":["Slice","Cloak And Dagger"],"picked":"Acrobatics","floor":3},{"not_picked":["Phantasmal Killer","Underhanded Strike"],"picked":"Adrenaline","floor":6},{"not_picked":["Dodge and Roll","Skewer","Sucker Punch"],"picked":"SKIP","floor":8},{"not_picked":["Footwork","Cloak And Dagger"],"picked":"Well Laid Plans","floor":10}],"player_experience":1007668,"relics_obtained":[{"floor":6,"key":"StoneCalendar"},{"floor":9,"key":"Mango"}],"event_choices":[{"damage_healed":0,"gold_gain":0,"player_choice":"Ignored","damage_taken":0,"max_hp_gain":0,"max_hp_loss":0,"event_name":"Liars Game","floor":2,"gold_loss":0},{"damage_healed":0,"gold_gain":75,"player_choice":"Gather Gold","damage_taken":11,"max_hp_gain":0,"max_hp_loss":0,"event_name":"World of Goop","floor":4,"gold_loss":0},{"cards_removed":["Strike_G"],"damage_healed":0,"gold_gain":0,"player_choice":"Forget","damage_taken":0,"max_hp_gain":0,"max_hp_loss":0,"event_name":"Living Wall","floor":5,"gold_loss":0}],"is_beta":false,"boss_relics":[],"items_purged_floors":[],"is_endless":false,"potions_floor_spawned":[3,6],"killed_by":"Lagavulin","ascension_level":20}}