{"host":"iao9zlhzdan4iyha","time":1612673516,"event":{"mods":["BaseMod","BetterRewards","Curses Come First","Downfall","Hermit","Ironclad Rager","Minty Spire (QoL Compilation)","Quick Restart","Replay The Spire","Shop Mod","StSLib","The Bug Knight","The Runesmith"],"gold_per_floor":[119,209,220,235,183,183,215,215,215,215,239,275,275,299,299,430,430,420,420,420,335,335,374,322,345,371,371,152,185,185,205,205,335,335,360,379,397,397,397],"floor_reached":38,"language":"ENG","playtime":2839,"items_purged":[],"score":494,"play_id":"58d3b706-40aa-46ba-8ae4-5cf782c6f8e7","local_time":"20210207045156","is_ascension_mode":true,"campfire_choices":[{"data":"Fire Breathing","floor":6,"key":"SMITH"},{"data":"Wild Strike","floor":10,"key":"SMITH"},{"floor":15,"key":"REST"},{"floor":27,"key":"REST"},{"floor":32,"key":"REST"}],"circlet_count":0,"master_deck":["Bash","ICR:RageStrike+1","ICR:RageStrike+1","ICR:RageStrike+1","ICR:RageStrike+1","ICR:ShieldBash+1","ICR:ShieldBash+1","ICR:ShieldBash+1","ICR:ShieldBash+1","Fire Breathing+1","ReplayTheSpireMod:Splinters","Iron Wave","Twin Strike","Wild Strike+1","Headbutt","Iron Wave","Injury","Flame Barrier+1","Disarm+1","Run Through","Seeing Red+1","Twin Strike+1","Iron Wave+1","Wild Strike","Specialist","Fire Breathing","Wild Strike","Disarm+1","Shrug It Off+1","Combust+1","Replay:Many Hands+1","Sickly","Clash+1","Replay:Many Hands+1","Anger","Rupture+1","Fire Breathing+1"],"relics":["Burning Blood","Toxic Egg 2","Golden Idol","Strawberry","Replay:Accelerometer","Ring of Chaos","sneckomod:BabySnecko","FossilizedHelix","Pet Ghost","Dream Catcher","Bottled Lightning","Astrolabe"],"acts_visited":["Exordium","TheCity","TheBeyond"],"potions_floor_usage":[7,7,12,16,33,33,38],"damage_taken":[{"damage":13,"enemies":"Jaw Worm","floor":1,"turns":4},{"damage":0,"enemies":"2 Louse","floor":3,"turns":4},{"damage":5,"enemies":"Small Slimes","floor":4,"turns":4},{"damage":0,"enemies":"HollowMod:MossKnight","floor":7,"turns":5},{"damage":16,"enemies":"Exordium Thugs","floor":11,"turns":3},{"damage":11,"enemies":"3 Sentries","floor":12,"turns":3},{"damage":12,"enemies":"Large Slime","floor":14,"turns":4},{"damage":35,"enemies":"Hexaghost","floor":16,"turns":9},{"damage":19,"enemies":"2 Thieves","floor":18,"turns":4},{"damage":18,"enemies":"HollowMod:Nosk","floor":23,"turns":8},{"damage":0,"enemies":"Chosen","floor":25,"turns":4},{"damage":9,"enemies":"Replay:Snechameleon","floor":29,"turns":6},{"damage":21,"enemies":"Shelled Parasite and Fungi","floor":31,"turns":7},{"damage":65,"enemies":"Champ","floor":33,"turns":9},{"damage":20,"enemies":"Orb Walker","floor":35,"turns":4},{"damage":30,"enemies":"3 Darklings","floor":36,"turns":4},{"damage":31,"enemies":"Sphere and 2 Shapes","floor":37,"turns":6},{"damage":40,"enemies":"Maw","floor":38,"turns":6}],"seed_played":"4357834312664155164","potions_obtained":[{"floor":1,"key":"Dexterity Potion"},{"floor":7,"key":"SteroidPotion"},{"floor":11,"key":"Dexterity Potion"},{"floor":29,"key":"CultistPotion"},{"floor":31,"key":"ElixirPotion"},{"floor":36,"key":"ElixirPotion"},{"floor":37,"key":"BlessingOfTheForge"}],"is_trial":false,"path_per_floor":["M","?","M","M","$","R","E","?","T","R","M","E","?","M","R","B",null,"M","?","$","?","?","E","$","M","T","R","$","E","?","M","R","B",null,"M","M","M","M"],"character_chosen":"IRONCLAD","items_purchased":["PowerPotion","Strength Potion","Specialist","Fire Breathing","Wild Strike"],"campfire_rested":3,"item_purchase_floors":[5,24,28,28,28],"current_hp_per_floor":[73,73,79,80,80,80,80,80,87,87,77,72,72,66,87,58,87,74,74,74,74,74,62,62,68,68,87,87,84,84,69,87,28,87,73,49,24,0,0],"gold":397,"neow_bonus":"IRONCLAD_RAGER","is_daily":false,"chose_seed":false,"campfire_upgraded":2,"win_rate":0.0,"timestamp":1612673516,"path_taken":["M","?","M","M","$","R","E","?","T","R","?","E","?","M","R","BOSS","M","?","$","?","?","E","$","M","T","R","$","E","?","?","R","BOSS","M","M","M","M"],"items_purchased_type":["Potion","Potion","Card","Card","Card"],"build_version":"2020-12-22","purchased_purges":0,"victory":false,"max_hp_per_floor":[80,80,80,80,80,80,80,80,87,87,87,87,87,87,87,87,87,87,87,87,87,87,87,87,87,87,87,87,87,87,87,87,87,87,87,87,87,87,87],"card_choices":[{"not_picked":["Inflame","Warcry"],"picked":"Fire Breathing","floor":1},{"not_picked":["Body Slam","Sentinel"],"picked":"Iron Wave","floor":2},{"not_picked":["Sentinel","Warcry"],"picked":"Twin Strike","floor":2},{"not_picked":["Body Slam","Pummel"],"picked":"Wild Strike","floor":3},{"not_picked":["Clash","Searing Blow"],"picked":"Headbutt","floor":4},{"not_picked":["Fiend Fire","Shrug It Off+1"],"picked":"Iron Wave","floor":7},{"not_picked":["True Grit+1","Body Slam"],"picked":"Uppercut","floor":11},{"not_picked":["Cleave","Perfected Strike"],"picked":"Flame Barrier+1","floor":12},{"not_picked":["Heavy Blade","True Grit+1"],"picked":"Disarm+1","floor":14},{"not_picked":["Juggernaut","Barricade"],"picked":"Offering+1","floor":16},{"not_picked":["Clash","Havoc+1"],"picked":"Run Through","floor":18},{"not_picked":["Bloodletting+1","Headbutt"],"picked":"Twin Strike+1","floor":23},{"not_picked":["Havoc+1","Uppercut"],"picked":"Iron Wave+1","floor":25},{"not_picked":["Uppercut","ReplayTheSpireMod:Limb From Limb"],"picked":"Wild Strike","floor":27},{"not_picked":["Pommel Strike+1","Flex+1"],"picked":"Disarm+1","floor":29},{"not_picked":["Flex+1","Clash"],"picked":"Shrug It Off+1","floor":31},{"not_picked":["Pommel Strike+1","True Grit+1"],"picked":"Combust+1","floor":32},{"not_picked":["Impervious+1","Juggernaut"],"picked":"Replay:Many Hands+1","floor":33},{"not_picked":["Pommel Strike+1","Heavy Blade"],"picked":"Anger","floor":35},{"not_picked":["True Grit+1","Havoc+1"],"picked":"Rupture+1","floor":36},{"not_picked":["Disarm+1","Pommel Strike"],"picked":"Fire Breathing+1","floor":37}],"player_experience":101263,"relics_obtained":[{"floor":7,"key":"Toxic Egg 2"},{"floor":9,"key":"Strawberry"},{"floor":12,"key":"Replay:Accelerometer"},{"floor":23,"key":"Pet Ghost"},{"floor":26,"key":"Dream Catcher"},{"floor":29,"key":"Bottled Lightning"}],"event_choices":[{"damage_healed":0,"gold_gain":0,"player_choice":"Take Wound","damage_taken":0,"relics_obtained":["Golden Idol"],"max_hp_gain":0,"max_hp_loss":0,"event_name":"Golden Idol","floor":8,"gold_loss":0,"cards_obtained":["Injury"]},{"damage_healed":0,"gold_gain":0,"player_choice":"Leave","damage_taken":0,"max_hp_gain":0,"max_hp_loss":0,"event_name":"The Cleric","floor":13,"gold_loss":0},{"damage_healed":0,"gold_gain":0,"player_choice":"Obtained Relic","damage_taken":0,"relics_obtained":["FossilizedHelix"],"max_hp_gain":0,"max_hp_loss":0,"event_name":"Addict","floor":21,"gold_loss":85},{"damage_healed":0,"gold_gain":0,"cards_transformed":["Offering","Uppercut"],"player_choice":"Became Test Subject","damage_taken":0,"max_hp_gain":0,"max_hp_loss":0,"event_name":"Drug Dealer","floor":22,"gold_loss":0,"cards_obtained":["Seeing Red","Replay:Undeath\u0027s Touch"]},{"damage_healed":0,"gold_gain":0,"player_choice":"Simplicity","damage_taken":0,"max_hp_gain":0,"max_hp_loss":0,"event_name":"Back to Basics","floor":30,"gold_loss":0,"cards_upgraded":["ICR:RageStrike","ICR:RageStrike","ICR:RageStrike","ICR:RageStrike","ICR:RageStrike","ICR:ShieldBash","ICR:ShieldBash","ICR:ShieldBash","ICR:ShieldBash"]}],"is_beta":false,"boss_relics":[{"not_picked":["Replay:Drink Me","Snecko Eye"],"picked":"Ring of Chaos"},{"not_picked":["Busted Crown","ReplayTheSpireMod:DimensionalGlitch"],"picked":"Astrolabe"}],"items_purged_floors":[],"is_endless":false,"potions_floor_spawned":[1,7,11,29,31,36,37],"killed_by":"Maw","ascension_level":1}}