{"host":"bi4xrs8tqq9xpuhm","time":1612664700,"event":{"mods":["AchievementEnabler","BaseMod","Colored Map","Colored Powertips","Highlight Path","Minty Spire (QoL Compilation)","Relic Stats"],"gold_per_floor":[112,128,142,92,106,106,120,147,147,147,166,166,216,216,216],"floor_reached":14,"language":"ENG","playtime":750,"items_purged":[],"score":106,"play_id":"5ab277f2-eebb-45ac-947a-231f74ca4871","local_time":"20210206212500","is_ascension_mode":true,"campfire_choices":[{"data":"Acrobatics","floor":6,"key":"SMITH"},{"floor":10,"key":"REST"},{"floor":12,"key":"REST"}],"circlet_count":0,"master_deck":["Strike_G","Strike_G","Strike_G","Strike_G","Defend_G","Defend_G","Defend_G","Defend_G","Defend_G","Survivor","Neutralize","Outmaneuver","Dagger Spray","Acrobatics+1","Tactician","Flying Knee","Infinite Blades"],"relics":["Ring of the Snake","NeowsBlessing","StoneCalendar","Happy Flower","Bag of Preparation"],"acts_visited":["Exordium"],"potions_floor_usage":[8,14],"damage_taken":[{"damage":0,"enemies":"Cultist","floor":1,"turns":1},{"damage":0,"enemies":"Jaw Worm","floor":2,"turns":1},{"damage":0,"enemies":"2 Louse","floor":3,"turns":1},{"damage":18,"enemies":"Exordium Thugs","floor":5,"turns":6},{"damage":0,"enemies":"2 Fungi Beasts","floor":7,"turns":4},{"damage":45,"enemies":"3 Sentries","floor":8,"turns":13},{"damage":6,"enemies":"Looter","floor":11,"turns":4},{"damage":43,"enemies":"Gremlin Nob","floor":14,"turns":5}],"seed_played":"7904382268421795153","potions_obtained":[{"floor":2,"key":"Dexterity Potion"},{"floor":7,"key":"Ancient Potion"},{"floor":11,"key":"Weak Potion"}],"is_trial":false,"path_per_floor":["M","M","M","?","M","R","M","E","T","R","M","R","T","E"],"character_chosen":"THE_SILENT","items_purchased":[],"campfire_rested":2,"item_purchase_floors":[],"current_hp_per_floor":[70,70,70,70,52,52,52,7,7,28,22,43,43,0,0],"gold":216,"neow_bonus":"THREE_ENEMY_KILL","is_daily":false,"chose_seed":false,"campfire_upgraded":1,"win_rate":0.0,"timestamp":1612664700,"path_taken":["M","?","M","?","M","R","M","E","T","R","M","R","?","E"],"items_purchased_type":[],"build_version":"2020-12-22","purchased_purges":0,"victory":false,"max_hp_per_floor":[70,70,70,70,70,70,70,70,70,70,70,70,70,70,70],"relic_stats":{"Happy Flower":[3],"counters":[8,35],"StoneCalendar":[0],"Bag of Preparation":[2],"obtain_stats":[{"NeowsBlessing":0,"Happy Flower":9,"StoneCalendar":8,"Bag of Preparation":13,"Ring of the Snake":0},{"NeowsBlessing":0,"Happy Flower":6,"StoneCalendar":6,"Bag of Preparation":7,"Ring of the Snake":0},{"NeowsBlessing":0,"Happy Flower":26,"StoneCalendar":26,"Bag of Preparation":30,"Ring of the Snake":0}],"Ring of the Snake":[16]},"card_choices":[{"not_picked":["Deflect","Deadly Poison"],"picked":"Outmaneuver","floor":1},{"not_picked":["Deadly Poison","Predator","Endless Agony"],"picked":"SKIP","floor":2},{"not_picked":["Cloak And Dagger","Escape Plan"],"picked":"Dagger Spray","floor":3},{"not_picked":["PiercingWail","Sucker Punch"],"picked":"Acrobatics","floor":5},{"not_picked":["Prepared","Acrobatics"],"picked":"Tactician","floor":7},{"not_picked":["Poisoned Stab","Doppelganger"],"picked":"Flying Knee","floor":8},{"not_picked":["Tactician","Outmaneuver"],"picked":"Infinite Blades","floor":11}],"player_experience":106448,"relics_obtained":[{"floor":8,"key":"StoneCalendar"},{"floor":9,"key":"Happy Flower"},{"floor":13,"key":"Bag of Preparation"}],"event_choices":[{"cards_removed":["Strike_G"],"damage_healed":0,"gold_gain":0,"player_choice":"Card Removal","damage_taken":0,"max_hp_gain":0,"max_hp_loss":0,"event_name":"The Cleric","floor":4,"gold_loss":50}],"is_beta":false,"boss_relics":[],"items_purged_floors":[],"is_endless":false,"potions_floor_spawned":[2,7,11],"killed_by":"Gremlin Nob","ascension_level":3}}