{"host":"mo324zvkdr1xwprd","time":1612741531,"event":{"mods":["BaseMod","Better Note","BetterRewards","Hermit","Highlight Path","Hubris","Minty Spire (QoL Compilation)","Quick Restart","Rare Cards Sparkle","Shop Mod","StSLib","The Cursed","The Hierophant"],"gold_per_floor":[116,133,152,176,200,200,241,275,351,376,423,449,478,528,528,621,621,653,653,682,708,708,708,385,432,432,481,71,71,111,147,147,242,242,274,274,321,353,383,432,467,522,522,422,422,21,58,92,92,92,92,92,92,12,64,64],"floor_reached":57,"language":"ENG","playtime":4228,"items_purged":[],"score":4221,"play_id":"0e4b3f56-4f76-422f-929f-6016be5c0627","local_time":"20210207234531","is_ascension_mode":true,"campfire_choices":[{"floor":6.0,"key":"REST"},{"floor":15.0,"key":"RECALL"},{"data":"TheCursedMod:AntiAging","floor":23.0,"key":"SMITH"},{"data":"TheCursedMod:SpitefulPray","floor":29.0,"key":"SMITH"},{"data":"Seeing Red","floor":32.0,"key":"SMITH"},{"data":"TheCursedMod:VoidForm","floor":45.0,"key":"SMITH"},{"floor":49.0,"key":"REST"},{"data":"TheCursedMod:ShockAndAwe","floor":53.0,"key":"SMITH"}],"circlet_count":0,"master_deck":["AscendersBane","TheCursedMod:Strike_TheCursed","TheCursedMod:Defend_TheCursed","TheCursedMod:Defend_TheCursed","TheCursedMod:Defend_TheCursed","TheCursedMod:CursedWand","TheCursedMod:CleanUpWorkshop","TheCursedMod:Dregs","TheCursedMod:CursedBlade","TheCursedMod:SpitefulPray+1","TheCursedMod:CursedBoomerang","TheCursedMod:CursedStaff","TheCursedMod:SmokeScreen","TheCursedMod:WearCloak","TheCursedMod:RapidMovement","TheCursedMod:HellsGateOpen","TheCursedMod:CursedArmor","TheCursedMod:CursedShiv","TheCursedMod:LuckyCharm","TheCursedMod:SpitefulStrike","TheCursedMod:Obscuration","Discovery","TheCursedMod:SpitefulPray","TheCursedMod:SpreadPlague","TheCursedMod:HellsGateOpen","TheCursedMod:HellsGateOpen","Trip","TheCursedMod:CursedBlade","TheCursedMod:CursedAmulet","TheCursedMod:CursedShiv","hubris:Greed","TheCursedMod:AntiAging+1","hubris:Greed","TheCursedMod:SurpriseAttack","TheCursedMod:CursedStaff","hubris:Greed","TheCursedMod:CircleOfBlood","TheCursedMod:DemonicPact","TheCursedMod:SmokeScreen","TheCursedMod:CursedSpellbook","TheCursedMod:RapidMovement","TheCursedMod:CursedBlade","TheCursedMod:ShockAndAwe+1","TheCursedMod:SurpriseAttack","Seeing Red+1","TheCursedMod:SurpriseAttack+1","TheCursedMod:SpitefulPray","Shame","TheCursedMod:CursedShiv","TheCursedMod:SmokeScreen","TheCursedMod:CursedBoomerang","Trip","TheCursedMod:SpitefulPray","TheCursedMod:VoidForm+1","TheCursedMod:CursedShiv","TheCursedMod:SurpriseAttack","Master of Strategy","TheCursedMod:CursedBoomerang","hubris:Greed","hermit:Feint","hierophant:Determination","Heavy Blade","Inflame","Swift Strike+1","Deep Breath+1","Well Laid Plans+1","TheCursedMod:ShockAndAwe","TheCursedMod:StunningStrike","TheCursedMod:AntiAging","TheCursedMod:TacticalStrike","TheCursedMod:DemonSword","Parasite","TheCursedMod:CursedShiv+1","TheCursedMod:CursedAmulet","TheCursedMod:RapidMovement","TheCursedMod:DemonSword","TheCursedMod:Wield","TheCursedMod:ReleasedStrength+1"],"relics":["TheCursedMod:BlackMagic101","Empty Cage","PreservedInsect","Orrery","Anchor","Bag of Marbles","hubris:64BitClover","Membership Card","Pen Nib","Thread and Needle","hubris:OldNail","Strawberry","hubris:AstralHammer","Lantern","Potion Belt","TheCursedMod:DemonicMark","Tiny Chest","Bronze Scales","Art of War","TheCursedMod:OminousMark","Meat on the Bone","hubris:EmptyBottle","Orichalcum","hubris:CuriousFeather","The Courier","Nunchaku","Philosopher\u0027s Stone","hubris:Icosahedron","Dream Catcher","Regal Pillow","hubris:ToyBattleship","hubris:MysteriousPyramids","MerchantsRug","TheCursedMod:Tack","Centennial Puzzle","Calipers","Vajra","Oddly Smooth Stone"],"acts_visited":["Exordium","TheCity","TheBeyond","TheEnding"],"potions_floor_usage":[56,56,56],"damage_taken":[{"damage":0.0,"enemies":"Cultist","floor":1.0,"turns":2.0},{"damage":0.0,"enemies":"Small Slimes","floor":2.0,"turns":2.0},{"damage":0.0,"enemies":"2 Louse","floor":3.0,"turns":2.0},{"damage":1.0,"enemies":"Large Slime","floor":4.0,"turns":3.0},{"damage":0.0,"enemies":"3 Louse","floor":5.0,"turns":4.0},{"damage":3.0,"enemies":"3 Sentries","floor":7.0,"turns":4.0},{"damage":0.0,"enemies":"Looter","floor":8.0,"turns":4.0},{"damage":0.0,"enemies":"Exordium Wildlife","floor":10.0,"turns":3.0},{"damage":0.0,"enemies":"Gremlin Nob","floor":11.0,"turns":3.0},{"damage":0.0,"enemies":"Large Slime","floor":12.0,"turns":6.0},{"damage":0.0,"enemies":"Looter","floor":13.0,"turns":2.0},{"damage":0.0,"enemies":"Lagavulin","floor":14.0,"turns":2.0},{"damage":11.0,"enemies":"Hexaghost","floor":16.0,"turns":5.0},{"damage":0.0,"enemies":"2 Thieves","floor":18.0,"turns":2.0},{"damage":0.0,"enemies":"Chosen","floor":20.0,"turns":4.0},{"damage":0.0,"enemies":"Snake Plant","floor":21.0,"turns":2.0},{"damage":0.0,"enemies":"Slavers","floor":25.0,"turns":2.0},{"damage":4.0,"enemies":"Book of Stabbing","floor":27.0,"turns":3.0},{"damage":0.0,"enemies":"Slavers","floor":30.0,"turns":4.0},{"damage":0.0,"enemies":"Centurion and Healer","floor":31.0,"turns":3.0},{"damage":26.0,"enemies":"hubris:MusketHawk","floor":33.0,"turns":6.0},{"damage":0.0,"enemies":"Orb Walker","floor":35.0,"turns":4.0},{"damage":14.0,"enemies":"3 Shapes","floor":38.0,"turns":4.0},{"damage":0.0,"enemies":"3 Darklings","floor":39.0,"turns":4.0},{"damage":0.0,"enemies":"Reptomancer","floor":40.0,"turns":2.0},{"damage":19.0,"enemies":"4 Shapes","floor":41.0,"turns":6.0},{"damage":7.0,"enemies":"Nemesis","floor":42.0,"turns":5.0},{"damage":1.0,"enemies":"Writhing Mass","floor":47.0,"turns":2.0},{"damage":0.0,"enemies":"Maw","floor":48.0,"turns":2.0},{"damage":21.0,"enemies":"Donu and Deca","floor":50.0,"turns":3.0},{"damage":0.0,"enemies":"hubris:GrandSnecko","floor":51.0,"turns":1.0},{"damage":0.0,"enemies":"Shield and Spear","floor":55.0,"turns":2.0},{"damage":104,"enemies":"The Heart","floor":56,"turns":4}],"seed_played":"-3647417620007003166","potions_obtained":[{"floor":3.0,"key":"TheCursedMod:DregsPotion"},{"floor":4.0,"key":"AttackPotion"},{"floor":5.0,"key":"PowerPotion"},{"floor":10.0,"key":"Energy Potion"},{"floor":11.0,"key":"LiquidMemories"},{"floor":21.0,"key":"FearPotion"},{"floor":39.0,"key":"LiquidMemories"},{"floor":41.0,"key":"DuplicationPotion"},{"floor":55.0,"key":"Fruit Juice"}],"is_trial":false,"path_per_floor":["M","M","M","M","M","R","E","M","T","M","E","M","M","E","R","B",null,"M","?","M","M","?","R","$","E","T","E","$","R","E","M","R","B",null,"M","?","T","M","M","E","M","E","T","NS","R","$","M","M","R","B","B",null,"R","$","E","B",null],"character_chosen":"THE_CURSED","items_purchased":["PreservedInsect","FairyPotion","Orrery","TheCursedMod:RapidMovement","TheCursedMod:HellsGateOpen","TheCursedMod:CursedArmor","TheCursedMod:CursedShiv","Anchor","Membership Card","Pen Nib","TheCursedMod:LuckyCharm","TheCursedMod:SpitefulStrike","TheCursedMod:Obscuration","Discovery","hubris:OldNail","TheCursedMod:SpitefulPray","TheCursedMod:SpreadPlague","Strawberry","TheCursedMod:HellsGateOpen","Lantern","TheCursedMod:HellsGateOpen","Trip","hubris:EmptyBottle","Orichalcum","TheCursedMod:CursedShiv","TheCursedMod:SmokeScreen","TheCursedMod:CursedBoomerang","Trip","Block Potion","hubris:CuriousFeather","TheCursedMod:CursedShiv","TheCursedMod:SurpriseAttack","Master of Strategy","PrismaticShard","MerchantsRug","TheCursedMod:Tack","TheCursedMod:ShockAndAwe","TheCursedMod:StunningStrike","TheCursedMod:AntiAging","Centennial Puzzle","Calipers","TheCursedMod:TacticalStrike","TheCursedMod:DemonSword","Swift Potion","TheCursedMod:DemonSword","TheCursedMod:Wield"],"campfire_rested":2,"item_purchase_floors":[0,0,0,0,0,0,0,0,0,0,0,0,0,0,0,0,0,0,0,0,0,0,24,24,24,24,24,24,24,28,28,28,28,28,46,46,46,46,46,46,46,46,46,54,54,54],"current_hp_per_floor":[29,29,29,28,30,52,51,51,51,55,57,61,67,71,71,64,83,83,83,85,87,87,87,87,87,87,86,86,86,94,97,97,76,96,99,99,99,85,89,89,73,69,69,69,69,69,68,68,111,90,90,106,106,106,116,35],"gold":64,"neow_bonus":"","is_daily":false,"chose_seed":false,"campfire_upgraded":5,"win_rate":0.0,"timestamp":1612741531,"path_taken":["M","M","M","M","M","R","E","?","T","M","E","M","M","E","R","BOSS","M","?","M","M","?","R","$","E","T","E","$","R","E","M","R","BOSS","M","?","?","?","M","E","M","E","T","NS","R","$","M","M","R","BOSS","BOSS","R","$","E","BOSS"],"items_purchased_type":["Relic","Potion","Relic","Card","Card","Card","Card","Relic","Relic","Relic","Card","Card","Card","Card","Relic","Card","Card","Relic","Card","Relic","Card","Card","Relic","Relic","Card","Card","Card","Card","Potion","Relic","Card","Card","Card","Relic","Relic","Relic","Card","Card","Card","Relic","Relic","Card","Card","Potion","Card","Card"],"build_version":"2020-12-22","purchased_purges":0,"victory":true,"max_hp_per_floor":[73,73,73,73,75,75,77,77,77,79,81,83,85,87,87,89,89,89,89,91,93,93,93,93,93,93,96,96,96,96,99,99,102,102,105,105,105,105,105,105,108,111,111,111,111,111,111,111,111,111,111,111,111,111,121,124],"card_choices":[{"not_picked":["TheCursedMod:WearCloak","TheCursedMod:CursedMace"],"picked":"TheCursedMod:SpitefulPray","floor":0.0},{"not_picked":["TheCursedMod:CircleOfAmplification","TheCursedMod:ManaCirculation"],"picked":"TheCursedMod:CursedBoomerang","floor":0.0},{"not_picked":["TheCursedMod:ManaBullet","TheCursedMod:CursedAmulet"],"picked":"TheCursedMod:CursedStaff","floor":0.0},{"not_picked":["TheCursedMod:Grudge","TheCursedMod:CircleOfFlame"],"picked":"TheCursedMod:SmokeScreen","floor":0.0},{"not_picked":["TheCursedMod:LuckyCharm","TheCursedMod:TacticalStrike"],"picked":"TheCursedMod:WearCloak","floor":0.0},{"not_picked":["TheCursedMod:CircleOfCorruption","TheCursedMod:SmokeScreen"],"picked":"TheCursedMod:CursedBlade","floor":1.0},{"not_picked":["TheCursedMod:Torture","TheCursedMod:Wield"],"picked":"TheCursedMod:CursedAmulet","floor":2.0},{"not_picked":["TheCursedMod:Grudge","TheCursedMod:LuckyCharm"],"picked":"TheCursedMod:CursedShiv","floor":3.0},{"not_picked":["TheCursedMod:CursedShiv","TheCursedMod:WearCloak"],"picked":"TheCursedMod:AntiAging","floor":4.0},{"not_picked":["TheCursedMod:Torture","TheCursedMod:CircleOfFlame"],"picked":"TheCursedMod:SurpriseAttack","floor":5.0},{"not_picked":["TheCursedMod:Torture","TheCursedMod:Wield"],"picked":"TheCursedMod:CursedStaff","floor":7.0},{"not_picked":["TheCursedMod:Stretching","TheCursedMod:Evocation"],"picked":"TheCursedMod:CircleOfBlood","floor":8.0},{"not_picked":["TheCursedMod:Torture","TheCursedMod:AshesToAshes"],"picked":"TheCursedMod:DemonicPact","floor":10.0},{"not_picked":["TheCursedMod:ManaBullet","TheCursedMod:CircleOfAmplification"],"picked":"TheCursedMod:SmokeScreen","floor":11.0},{"not_picked":["TheCursedMod:VitalStrike","TheCursedMod:SpreadPlague"],"picked":"TheCursedMod:CursedSpellbook","floor":12.0},{"not_picked":["TheCursedMod:SaltUponWound","TheCursedMod:BlessingInDisguise"],"picked":"TheCursedMod:RapidMovement","floor":13.0},{"not_picked":["TheCursedMod:FleshFromBone","TheCursedMod:SmokeScreen"],"picked":"TheCursedMod:CursedBlade","floor":14.0},{"not_picked":["TheCursedMod:UltimatePain","TheCursedMod:ParallelWorld"],"picked":"TheCursedMod:ShockAndAwe","floor":16.0},{"not_picked":["TheCursedMod:WearCloak","TheCursedMod:CursedStaff"],"picked":"TheCursedMod:SurpriseAttack","floor":18.0},{"not_picked":["TheCursedMod:CursedShiv","TheCursedMod:AshesToAshes"],"picked":"TheCursedMod:SurpriseAttack","floor":20.0},{"not_picked":["TheCursedMod:Obscuration","TheCursedMod:Torture"],"picked":"TheCursedMod:SpitefulPray","floor":21.0},{"not_picked":["TheCursedMod:AbyssShockwave","TheCursedMod:Hemoplague"],"picked":"TheCursedMod:SpitefulPray","floor":25.0},{"not_picked":["TheCursedMod:SoulReap","TheCursedMod:CursedMace"],"picked":"TheCursedMod:VoidForm","floor":27.0},{"not_picked":["hermit:HoleUp","hierophant:HammerAndAnvil"],"picked":"TheCursedMod:CursedBoomerang","floor":30.0},{"not_picked":["hierophant:PassingBell+1","hermit:HoleUp"],"picked":"hermit:Feint","floor":31.0},{"not_picked":["The Bomb","hermit:HeroicBravado"],"picked":"hierophant:Determination","floor":33.0},{"not_picked":["Flex+1","CrushJoints"],"picked":"Heavy Blade","floor":35.0},{"not_picked":["hierophant:Dazzle+1","Sweeping Beam"],"picked":"Inflame","floor":38.0},{"not_picked":["Fasting2+1","TheCursedMod:DoubleShield"],"picked":"Swift Strike+1","floor":39.0},{"not_picked":["Sever Soul","hierophant:Doubloon"],"picked":"Deep Breath+1","floor":40.0},{"not_picked":["WheelKick","hermit:Feint+1"],"picked":"FlurryOfBlows+1","floor":41.0},{"not_picked":["Sunder","Poisoned Stab+1"],"picked":"Well Laid Plans+1","floor":42.0},{"not_picked":["TheCursedMod:Obscuration","TheCursedMod:OutForBlood"],"picked":"TheCursedMod:CursedShiv+1","floor":47.0},{"not_picked":["TheCursedMod:HellsGateOpen+1","TheCursedMod:SpitefulStrike"],"picked":"TheCursedMod:CursedAmulet","floor":48.0},{"not_picked":["TheCursedMod:HellsGateOpen","TheCursedMod:CursedShiv+1"],"picked":"TheCursedMod:RapidMovement","floor":49.0},{"not_picked":["TheCursedMod:Hemoplague+1","TheCursedMod:Wield"],"picked":"TheCursedMod:ReleasedStrength+1","floor":55.0}],"player_experience":531638,"relics_obtained":[{"floor":7.0,"key":"Potion Belt"},{"floor":9.0,"key":"TheCursedMod:DemonicMark"},{"floor":10.0,"key":"Tiny Chest"},{"floor":11.0,"key":"Bronze Scales"},{"floor":14.0,"key":"Art of War"},{"floor":25.0,"key":"Smiling Mask"},{"floor":27.0,"key":"Whetstone"},{"floor":30.0,"key":"The Courier"},{"floor":31.0,"key":"Nunchaku"},{"floor":37.0,"key":"Dream Catcher"},{"floor":40.0,"key":"Regal Pillow"},{"floor":42.0,"key":"hubris:ToyBattleship"},{"floor":43.0,"key":"hubris:MysteriousPyramids"},{"floor":48.0,"key":"Vajra"},{"floor":55.0,"key":"Oddly Smooth Stone"}],"event_choices":[{"damage_healed":0.0,"max_hp_gain":0.0,"max_hp_loss":0.0,"gold_gain":0.0,"event_name":"The Library","player_choice":"Read","floor":19.0,"gold_loss":0.0,"damage_taken":0.0,"cards_obtained":["Seeing Red"]},{"damage_healed":0.0,"max_hp_gain":0.0,"max_hp_loss":0.0,"gold_gain":0.0,"event_name":"Addict","player_choice":"Stole Relic","floor":22.0,"gold_loss":0.0,"damage_taken":0.0,"relics_obtained":["Meat on the Bone"],"cards_obtained":["Shame"]}],"is_beta":false,"boss_relics":[{"not_picked":["hubris:Stopwatch","Black Star"],"picked":"TheCursedMod:OminousMark"},{"not_picked":["hubris:VirtuousBlindfold","Sozu"],"picked":"Philosopher\u0027s Stone"}],"items_purged_floors":[],"is_endless":false,"potions_floor_spawned":[3,4,5,10,11,21,25,39,41,48,55],"ascension_level":20}}