{"host":"xsuxkwaivmtd234a","time":1612716546,"event":{"mods":["BaseMod","Colored Map","Filter the Spire","Minty Spire (QoL Compilation)","Relic Stats","StSLib"],"gold_per_floor":[118,137,155,173,173,200,200,216,216,241,297,66,66,101,101,196,196,213,226,226,245,245,245,279,0,54,89,99,115,145,159,159,263,263,279,279,298,71,121,148,148,161,161,194,206,206,241,257,257,257,257],"floor_reached":50,"language":"ENG","playtime":2451,"items_purged":["Strike_R","Decay"],"score":905,"play_id":"c0d43dec-29bd-4e3a-abe1-40f15df900ab","local_time":"20210207114906","is_ascension_mode":true,"campfire_choices":[{"data":"Cleave","floor":7.0,"key":"SMITH"},{"data":"Feed","floor":15.0,"key":"SMITH"},{"floor":23.0,"key":"REST"},{"floor":32.0,"key":"REST"},{"floor":41,"key":"REST"},{"floor":49,"key":"RECALL"}],"circlet_count":0,"master_deck":["Bash+1","Anger","Pommel Strike","Cleave+1","Spot Weakness","Shockwave","Sword Boomerang","Feed+1","Inflame","Fire Breathing","Immolate","Sentinel+1","Whirlwind+1","Ghostly Armor+1","Dark Embrace","Headbutt+1","Juggernaut","Entrench","Clothesline+1","Impervious","Battle Trance","Sword Boomerang","Disarm","Twin Strike","Metallicize","Carnage","Brutality","Dual Wield","Apotheosis","Dark Shackles","Secret Weapon","Spot Weakness+1","Feel No Pain","True Grit+1","Battle Trance+1","Double Tap","Feed","Intimidate+1","Metallicize+1"],"relics":["Burning Blood","Bag of Marbles","Toy Ornithopter","Ancient Tea Set","Blue Candle","OrangePellets","Akabeko","Philosopher\u0027s Stone","MutagenicStrength","Lantern","Medical Kit","Omamori","Blood Vial","Du-Vu Doll","Pandora\u0027s Box","Orrery","CaptainsWheel","InkBottle","Art of War","Gremlin Horn"],"acts_visited":["Exordium","TheCity","TheBeyond"],"potions_floor_usage":[39,39,39,44,46],"damage_taken":[{"damage":14.0,"enemies":"Jaw Worm","floor":1.0,"turns":3.0},{"damage":1.0,"enemies":"Cultist","floor":2.0,"turns":3.0},{"damage":0.0,"enemies":"Small Slimes","floor":3.0,"turns":2.0},{"damage":11.0,"enemies":"Blue Slaver","floor":4.0,"turns":4.0},{"damage":20.0,"enemies":"3 Sentries","floor":6.0,"turns":4.0},{"damage":0.0,"enemies":"2 Fungi Beasts","floor":8.0,"turns":2.0},{"damage":25.0,"enemies":"Lagavulin","floor":10.0,"turns":7.0},{"damage":10.0,"enemies":"3 Sentries","floor":11.0,"turns":3.0},{"damage":18.0,"enemies":"Gremlin Nob","floor":14.0,"turns":4.0},{"damage":24.0,"enemies":"Hexaghost","floor":16.0,"turns":8.0},{"damage":20.0,"enemies":"Shell Parasite","floor":18.0,"turns":3.0},{"damage":9.0,"enemies":"2 Thieves","floor":19.0,"turns":2.0},{"damage":14.0,"enemies":"Snecko","floor":21.0,"turns":4.0},{"damage":0.0,"enemies":"Slavers","floor":24.0,"turns":1.0},{"damage":24.0,"enemies":"Book of Stabbing","floor":27.0,"turns":5.0},{"damage":0.0,"enemies":"Chosen and Byrds","floor":28.0,"turns":1.0},{"damage":0.0,"enemies":"Snake Plant","floor":29.0,"turns":1.0},{"damage":49.0,"enemies":"Slavers","floor":30.0,"turns":5.0},{"damage":15.0,"enemies":"Centurion and Healer","floor":31.0,"turns":4.0},{"damage":71.0,"enemies":"Collector","floor":33.0,"turns":8.0},{"damage":14,"enemies":"3 Darklings","floor":35,"turns":4},{"damage":0,"enemies":"3 Shapes","floor":37,"turns":1},{"damage":19,"enemies":"2 Orb Walkers","floor":39,"turns":4},{"damage":44,"enemies":"Giant Head","floor":40,"turns":7},{"damage":19,"enemies":"Writhing Mass","floor":42,"turns":6},{"damage":40,"enemies":"Nemesis","floor":44,"turns":7},{"damage":47,"enemies":"Jaw Worm Horde","floor":45,"turns":4},{"damage":0,"enemies":"3 Darklings","floor":46,"turns":1},{"damage":0,"enemies":"Reptomancer","floor":47,"turns":5},{"damage":0,"enemies":"Sphere and 2 Shapes","floor":48,"turns":1},{"damage":70,"enemies":"Time Eater","floor":50,"turns":8}],"seed_played":"4665764005878701164","potions_obtained":[{"floor":2.0,"key":"LiquidMemories"},{"floor":3.0,"key":"BlessingOfTheForge"},{"floor":8.0,"key":"LiquidMemories"},{"floor":11.0,"key":"SpeedPotion"},{"floor":14.0,"key":"Dexterity Potion"},{"floor":16.0,"key":"HeartOfIron"},{"floor":24.0,"key":"Swift Potion"},{"floor":29.0,"key":"HeartOfIron"},{"floor":30.0,"key":"ColorlessPotion"},{"floor":31.0,"key":"ElixirPotion"},{"floor":33.0,"key":"Regen Potion"},{"floor":35,"key":"ElixirPotion"},{"floor":42,"key":"Regen Potion"},{"floor":45,"key":"SmokeBomb"},{"floor":47,"key":"BlessingOfTheForge"}],"is_trial":false,"path_per_floor":["M","M","M","M","?","E","R","M","T","E","?","$","?","E","R","B",null,"M","M","?","M","?","R","E","$","T","E","M","M","E","M","R","B",null,"M","?","M","$","?","E","R","M","T","E","M","M","E","M","R","B"],"character_chosen":"IRONCLAD","items_purchased":["OrangePellets","Medical Kit","Dark Embrace","Feel No Pain","Orrery"],"campfire_rested":3,"item_purchase_floors":[12,25,25,38,38],"current_hp_per_floor":[72,77,80,75,75,61,61,67,67,53,54,54,38,26,26,13,63,53,50,50,42,42,67,73,73,73,74,82,88,49,46,74,21,77,71,61,69,69,86,50,80,69,69,61,29,42,50,58,58,0,0],"gold":257,"neow_bonus":"THREE_CARDS","is_daily":false,"chose_seed":false,"campfire_upgraded":2,"win_rate":0.0,"timestamp":1612716546,"path_taken":["M","M","M","M","?","E","R","?","T","E","?","$","?","E","R","BOSS","M","M","?","M","?","R","E","?","T","E","M","?","E","M","R","BOSS","M","?","M","$","?","E","R","M","T","E","M","M","E","M","R","BOSS"],"items_purchased_type":["Relic","Relic","Card","Card","Relic"],"build_version":"2020-12-22","purchased_purges":2,"victory":false,"max_hp_per_floor":[80,80,80,80,80,80,80,80,80,80,80,80,80,80,80,80,80,84,84,84,84,84,84,84,84,84,88,88,88,92,96,96,96,96,96,96,96,96,100,100,100,100,100,104,111,111,111,111,111,111,111],"relic_stats":{"Blood Vial":30,"OrangePellets":[22],"Gremlin Horn":[0,0],"counters":[31,122],"Blue Candle":[0],"Pandora\u0027s Box":["Battle Trance","Sword Boomerang","Disarm","Twin Strike","Metallicize","Carnage","Brutality","Dual Wield"],"Art of War":[3],"Medical Kit":[5],"obtain_stats":[{"Lantern":24,"Gremlin Horn":47,"Blue Candle":11,"Omamori":26,"Ancient Tea Set":10,"Medical Kit":25,"Burning Blood":0,"Akabeko":14,"Blood Vial":27,"Du-Vu Doll":30,"OrangePellets":12,"CaptainsWheel":39,"MutagenicStrength":20,"Orrery":38,"Philosopher\u0027s Stone":17,"Pandora\u0027s Box":34,"Bag of Marbles":6,"Art of War":44,"Toy Ornithopter":9,"InkBottle":40},{"Lantern":14,"Gremlin Horn":29,"Blue Candle":8,"Omamori":14,"Ancient Tea Set":7,"Medical Kit":14,"Burning Blood":0,"Akabeko":9,"Blood Vial":15,"Du-Vu Doll":18,"OrangePellets":8,"CaptainsWheel":23,"MutagenicStrength":12,"Orrery":22,"Philosopher\u0027s Stone":10,"Pandora\u0027s Box":20,"Bag of Marbles":5,"Art of War":26,"Toy Ornithopter":6,"InkBottle":24},{"Lantern":50,"Gremlin Horn":113,"Blue Candle":28,"Omamori":50,"Ancient Tea Set":25,"Medical Kit":50,"Burning Blood":0,"Akabeko":32,"Blood Vial":55,"Du-Vu Doll":62,"OrangePellets":28,"CaptainsWheel":83,"MutagenicStrength":45,"Orrery":79,"Philosopher\u0027s Stone":40,"Pandora\u0027s Box":74,"Bag of Marbles":16,"Art of War":103,"Toy Ornithopter":18,"InkBottle":90}],"Burning Blood":175,"Toy Ornithopter":65,"InkBottle":[11]},"card_choices":[{"not_picked":["True Grit","Sword Boomerang"],"picked":"Anger","floor":0.0},{"not_picked":["Perfected Strike","Infernal Blade"],"picked":"Pommel Strike","floor":1.0},{"not_picked":["Intimidate","Perfected Strike"],"picked":"Cleave","floor":2.0},{"not_picked":["Sword Boomerang","Anger"],"picked":"Spot Weakness","floor":3.0},{"not_picked":["Sword Boomerang","Clash"],"picked":"Shockwave","floor":4.0},{"not_picked":["Warcry","Cleave"],"picked":"Sword Boomerang","floor":6.0},{"not_picked":["Wild Strike","Dark Embrace"],"picked":"Feed","floor":8.0},{"not_picked":["True Grit","Brutality"],"picked":"Inflame","floor":10.0},{"not_picked":["Sword Boomerang","Combust"],"picked":"Fire Breathing","floor":11.0},{"not_picked":["Sword Boomerang","Cleave","Iron Wave"],"picked":"SKIP","floor":14.0},{"not_picked":["Exhume","Double Tap"],"picked":"Immolate","floor":16.0},{"not_picked":["True Grit","Searing Blow","Sword Boomerang"],"picked":"SKIP","floor":18.0},{"not_picked":["Evolve","Warcry"],"picked":"Sentinel+1","floor":19.0},{"not_picked":["Pommel Strike+1","Dual Wield"],"picked":"Whirlwind+1","floor":21.0},{"not_picked":["Armaments","Battle Trance+1"],"picked":"Ghostly Armor+1","floor":24.0},{"not_picked":["Dark Embrace","Cleave","Headbutt+1"],"picked":"SKIP","floor":27.0},{"not_picked":["Dark Embrace","Cleave"],"picked":"Headbutt+1","floor":27.0},{"not_picked":["Headbutt","Body Slam"],"picked":"Juggernaut","floor":28.0},{"not_picked":["Ghostly Armor","Hemokinesis","Clash+1"],"picked":"SKIP","floor":29.0},{"not_picked":["Combust+1","Brutality"],"picked":"Entrench","floor":30.0},{"not_picked":["Searing Blow","Flex"],"picked":"Clothesline+1","floor":31.0},{"not_picked":["Fiend Fire","Juggernaut"],"picked":"Impervious","floor":33.0},{"not_picked":["Flex","Shockwave","Heavy Blade"],"picked":"SKIP","floor":35},{"not_picked":["Good Instincts","Dark Shackles"],"picked":"Apotheosis","floor":36},{"not_picked":["Metamorphosis","HandOfGreed"],"picked":"Dark Shackles","floor":36},{"not_picked":["Forethought","Madness"],"picked":"Secret Weapon","floor":36},{"not_picked":["Battle Trance+1","Headbutt+1"],"picked":"Spot Weakness+1","floor":37},{"not_picked":["Pommel Strike+1","Havoc"],"picked":"True Grit+1","floor":38},{"not_picked":["Flex","Warcry"],"picked":"Battle Trance+1","floor":38},{"not_picked":["Spot Weakness","Rampage"],"picked":"Double Tap","floor":38},{"not_picked":["Pommel Strike","Cleave+1"],"picked":"Feed","floor":38},{"not_picked":["Infernal Blade+1","Havoc"],"picked":"Intimidate+1","floor":38},{"not_picked":["Thunderclap+1","Headbutt+1","Infernal Blade+1"],"picked":"SKIP","floor":40},{"not_picked":["Rage","Sword Boomerang","Brutality"],"picked":"SKIP","floor":42},{"not_picked":["Rage","Headbutt+1","Clothesline+1"],"picked":"SKIP","floor":44},{"not_picked":["Twin Strike","Whirlwind+1","Flex"],"picked":"SKIP","floor":45},{"not_picked":["Warcry","Heavy Blade"],"picked":"Metallicize+1","floor":47},{"not_picked":["Perfected Strike","Sword Boomerang+1","Body Slam"],"picked":"SKIP","floor":48}],"player_experience":1215751,"relics_obtained":[{"floor":6.0,"key":"Bag of Marbles"},{"floor":9.0,"key":"Toy Ornithopter"},{"floor":10.0,"key":"Ancient Tea Set"},{"floor":11.0,"key":"Blue Candle"},{"floor":14.0,"key":"Akabeko"},{"floor":24.0,"key":"Lantern"},{"floor":26.0,"key":"Omamori"},{"floor":27.0,"key":"Blood Vial"},{"floor":30.0,"key":"Du-Vu Doll"},{"floor":39,"key":"CaptainsWheel"},{"floor":40,"key":"InkBottle"},{"floor":44,"key":"Art of War"},{"floor":47,"key":"Gremlin Horn"}],"event_choices":[{"damage_healed":0.0,"max_hp_gain":0.0,"max_hp_loss":0.0,"gold_gain":0.0,"event_name":"NoteForYourself","player_choice":"Ignored","floor":5.0,"gold_loss":0.0,"damage_taken":0.0},{"damage_healed":0.0,"max_hp_gain":0.0,"max_hp_loss":0.0,"gold_gain":0.0,"event_name":"Dead Adventurer","player_choice":"Searched \u00271\u0027 times","floor":11.0,"gold_loss":0.0,"damage_taken":0.0},{"damage_healed":0.0,"max_hp_gain":0.0,"max_hp_loss":0.0,"gold_gain":0.0,"event_name":"Shining Light","player_choice":"Entered Light","floor":13.0,"gold_loss":0.0,"damage_taken":16.0,"cards_upgraded":["Strike_R","Bash"]},{"damage_healed":0.0,"max_hp_gain":0.0,"max_hp_loss":0.0,"gold_gain":0.0,"event_name":"Drug Dealer","player_choice":"Inject Mutagens","floor":20.0,"gold_loss":0.0,"damage_taken":0.0,"relics_obtained":["MutagenicStrength"]},{"damage_healed":0.0,"max_hp_gain":0.0,"max_hp_loss":0.0,"gold_gain":0.0,"event_name":"Forgotten Altar","player_choice":"Smashed Altar","floor":22.0,"gold_loss":0.0,"damage_taken":0.0,"cards_obtained":["Decay"]},{"damage_healed":0,"gold_gain":0,"player_choice":"Memory 3","damage_taken":10,"max_hp_gain":0,"max_hp_loss":0,"event_name":"SensoryStone","floor":36,"gold_loss":0},{"damage_healed":0,"gold_gain":0,"player_choice":"Fight","damage_taken":0,"max_hp_gain":0,"max_hp_loss":0,"event_name":"Mysterious Sphere","floor":39,"gold_loss":0}],"is_beta":false,"boss_relics":[{"not_picked":["Fusion Hammer","Sozu"],"picked":"Philosopher\u0027s Stone"},{"not_picked":["Mark of Pain","Busted Crown"],"picked":"Pandora\u0027s Box"}],"items_purged_floors":[12,25],"is_endless":false,"potions_floor_spawned":[2,3,8,11,14,16,24,29,30,31,33,35,42,45,46,47],"killed_by":"Time Eater","ascension_level":5}}