{"host":"23qk1co0p3p8qz56","time":1612675791,"event":{"mods":["100% Spire Juice","AchievementEnabler","Act Like it!","Arknights","BaseMod","Better Note","Better Third Choice","BetterRewards","CapriCore","Chen","Colored Map","Downfall","Friendly Minions","Gensokyo","Gold Saver","KinomotoSakuraMod(木之本?)","Koishi","Lobotomy","LobotomyExtend","Marisa（霧雨　魔理沙）","Minty Spire (QoL Compilation)","Prisma Mod","Reimu（博??梦）","Remilia（蕾米莉?）","StSLib","The Administrix","The Alterego","The Animator","The Gatherer","The Immortal","The Senshi","TheSwordswoman","Waifu the Spire","WarShipGirlsR/??少女R mod","Yakumo Yukari mod","Yohane!","Yuyuko"],"gold_per_floor":[611,627,627,627,637,637,677,677,677,677,677,677,677,746,746,848,848,836,886,906,956,992,992,992,1057,1103,1103,1103,1103,1123,1123,1123],"floor_reached":31,"language":"ENG","playtime":2007,"items_purged":[],"score":308,"play_id":"ac8ed417-4993-417a-81ed-0ad33fbc688b","local_time":"20210206222951","is_ascension_mode":false,"campfire_choices":[{"data":"animator:Shinoa","floor":6,"key":"SMITH"},{"data":"animator:KrulTepes","floor":8,"key":"SMITH"},{"data":"animator:Mikaela","floor":13,"key":"SMITH"},{"data":"animator:Shinoa","floor":15,"key":"SMITH"},{"data":"animator:Yoichi","floor":23,"key":"SMITH"},{"data":"animator:CrowleyEusford","floor":27,"key":"SMITH"},{"data":"animator:FeridBathory","floor":29,"key":"SMITH"}],"circlet_count":0,"master_deck":["animator:Strike_OwariNoSeraph","animator:Defend_OwariNoSeraph","animator:Strike","animator:Strike","animator:Strike","animator:Defend","animator:Defend","animator:Defend","animator:Shinoa+1","animator:Mikaela+1","animator:HiiragiShinya+1","animator:KrulTepes+1","animator:CrowleyEusford+1","animator:Shinoa+1","animator:FeridBathory+1","animator:Yoichi+1","animator:Tet"],"relics":["animator:LivingPicture","animator:TheMissingPiece","animator:PurgingStone","LetterFromLob","Sundial","InkBottle","SsserpentHead","animator:HolyGrailRelic","Ancient Tea Set"],"acts_visited":["Exordium","TheCity"],"potions_floor_usage":[30,30],"damage_taken":[{"damage":0,"enemies":"Jaw Worm","floor":1,"turns":4},{"damage":0,"enemies":"2 Louse","floor":2,"turns":3},{"damage":0,"enemies":"Cultist","floor":5,"turns":5},{"damage":23,"enemies":"Gremlin Nob","floor":7,"turns":6},{"damage":0,"enemies":"Looter","floor":14,"turns":4},{"damage":0,"enemies":"Hexaghost","floor":16,"turns":12},{"damage":10,"enemies":"2 Thieves","floor":18,"turns":4},{"damage":3,"enemies":"Chosen","floor":20,"turns":8},{"damage":0,"enemies":"Centurion and Healer","floor":22,"turns":10},{"damage":55,"enemies":"3 Cultists","floor":25,"turns":8},{"damage":0,"enemies":"Chosen and Byrds","floor":30,"turns":8},{"damage":12,"enemies":"Centurion and Healer","floor":31,"turns":4}],"seed_played":"-447393732583839258","potions_obtained":[{"floor":5,"key":"champ:CounterPotion"},{"floor":14,"key":"PowerPotion"},{"floor":20,"key":"SkillPotion"}],"is_trial":false,"path_per_floor":["M","M","?","?","M","R","E","R","T","$","$","?","R","M","R","B",null,"M","?","M","?","M","R","$","M","T","R","$","R","M","M"],"character_chosen":"THE_ANIMATOR","items_purchased":[],"campfire_rested":0,"item_purchase_floors":[],"current_hp_per_floor":[66,66,66,66,67,67,44,44,44,44,44,44,44,44,44,45,76,68,62,61,61,63,63,63,10,10,10,10,10,12,0,0],"gold":1123,"neow_bonus":"THREE_CARDS","is_daily":false,"chose_seed":false,"campfire_upgraded":7,"win_rate":0.0,"timestamp":1612675791,"path_taken":["M","M","?","?","M","R","E","R","T","?","$","?","R","?","R","BOSS","M","?","M","?","M","R","$","?","T","R","$","R","M","M"],"items_purchased_type":[],"build_version":"2020-12-22","purchased_purges":0,"victory":false,"max_hp_per_floor":[66,66,66,66,67,67,67,67,67,67,67,67,67,67,67,68,76,78,78,80,80,82,82,82,84,84,84,84,84,86,86,86],"card_choices":[{"not_picked":["animator:Elsword","animator:Tet"],"picked":"animator:HiiragiShinya","floor":1},{"not_picked":["animator:UneriGinkaku","animator:YuiTsuruno","animator:Gluttony"],"picked":"SKIP","floor":2},{"not_picked":["animator:YunYun","animator:Raven"],"picked":"animator:KrulTepes","floor":5},{"not_picked":["animator:Shigure","animator:HiiragiShinya"],"picked":"animator:CrowleyEusford","floor":7},{"not_picked":["animator:Demiurge","animator:Shuna"],"picked":"animator:Shinoa","floor":14},{"not_picked":["animator:Elesis","animator:AcuraShin"],"picked":"animator:FeridBathory","floor":16},{"not_picked":["animator:Elsword","animator:Add+1","animator:Geryuganshoop"],"picked":"SKIP","floor":18},{"not_picked":["animator:DolaRiku","animator:ChaikaBohdan","animator:Arpeggio"],"picked":"SKIP","floor":20},{"not_picked":["animator:Shigure","animator:Mikaela"],"picked":"animator:Yoichi","floor":22},{"not_picked":["animator:Darkness","animator:Benimaru+1","animator:Lancer+1"],"picked":"SKIP","floor":25},{"not_picked":["animator:Lancer","animator:Scar"],"picked":"animator:Tet","floor":30}],"player_experience":115493,"relics_obtained":[{"floor":1,"key":"LetterFromLob"},{"floor":7,"key":"Sundial"},{"floor":9,"key":"InkBottle"},{"floor":26,"key":"Ancient Tea Set"}],"event_choices":[{"damage_healed":0,"gold_gain":0,"player_choice":"Grow","damage_taken":0,"max_hp_gain":0,"max_hp_loss":0,"event_name":"Living Wall","floor":3,"gold_loss":0,"cards_upgraded":["animator:HiiragiShinya"]},{"damage_healed":66,"gold_gain":0,"player_choice":"Leave","damage_taken":0,"max_hp_gain":0,"max_hp_loss":66,"event_name":"betterThird:BetterShining","floor":4,"gold_loss":0},{"damage_healed":0,"gold_gain":0,"player_choice":"Trade","damage_taken":0,"relics_obtained":["SsserpentHead"],"max_hp_gain":0,"max_hp_loss":0,"event_name":"FaceTrader","floor":12,"gold_loss":0},{"damage_healed":0,"gold_gain":0,"player_choice":"","damage_taken":6,"max_hp_gain":0,"max_hp_loss":0,"event_name":"Knowing Skull","floor":19,"potions_obtained":[],"gold_loss":0,"cards_obtained":[]},{"damage_healed":0,"gold_gain":0,"player_choice":"Ignored","damage_taken":0,"max_hp_gain":0,"max_hp_loss":0,"event_name":"betterNote:BetterNote","floor":21,"gold_loss":0,"cards_obtained":["animator:Megumin"]}],"is_beta":false,"boss_relics":[{"not_picked":["RedLine:ReiMu","SacredBark"],"picked":"animator:HolyGrailRelic"}],"items_purged_floors":[],"is_endless":false,"potions_floor_spawned":[5,14,20],"killed_by":"Centurion and Healer","ascension_level":0}}