{"host":"y36bp6mnm73x3iob","time":1612694177,"event":{"mods":["Aspiration","BaseMod","Bossed Relics","GifTheSpireLib","Hermit","Hubris","Minty Spire (QoL Compilation)","Retaliation","StSLib"],"gold_per_floor":[118,118,131,143,40,40,69,69,69,88,88,123,44,57,57,161,161,181,197,197,197,268,268,101,126,153,165,194,194,214,231,231,231,231],"floor_reached":33,"language":"ENG","playtime":1551,"items_purged":["Strike_B"],"score":310,"play_id":"114eec10-fd35-4071-bf1c-86fed120d8eb","local_time":"20210207123617","is_ascension_mode":true,"campfire_choices":[{"data":"Redo","floor":6,"key":"SMITH"},{"floor":11,"key":"REST"},{"data":"Zap","floor":15,"key":"SMITH"},{"data":"Echo Form","floor":23,"key":"SMITH"},{"floor":29,"key":"REST"},{"floor":32,"key":"REST"}],"circlet_count":0,"master_deck":["Strike_B","Strike_B","Defend_B","Defend_B+1","Defend_B","Defend_B","Zap+1","Dualcast+1","Static Discharge","Darkness","Coolheaded","Loop","Redo+1","Reboot","Static Discharge","Doom and Gloom","aspiration:Polymerization","Barrage","Echo Form+1","Beam Cell","Capacitor","Heatsinks","Coolheaded","Genetic Algorithm","Ball Lightning","hubris:NaturalOne","Reboot","Sweeping Beam+1","Leap+1"],"relics":["Cracked Core","Orichalcum","MealTicket","HornCleat","Akabeko","SlaversCollar","hubris:Icosahedron","hubris:Towel","Cables","aspiration:SeaSaltIceCream","hubris:Icosahedron","Blue Candle"],"acts_visited":["Exordium","TheCity"],"potions_floor_usage":[16,25,27,30,31,33],"damage_taken":[{"damage":0,"enemies":"2 Louse","floor":1,"turns":3},{"damage":0,"enemies":"Cultist","floor":3,"turns":3},{"damage":6,"enemies":"Jaw Worm","floor":4,"turns":3},{"damage":31,"enemies":"3 Sentries","floor":7,"turns":6},{"damage":0,"enemies":"3 Louse","floor":10,"turns":4},{"damage":19,"enemies":"Gremlin Nob","floor":12,"turns":4},{"damage":4,"enemies":"Large Slime","floor":14,"turns":4},{"damage":23,"enemies":"Slime Boss","floor":16,"turns":5},{"damage":2,"enemies":"3 Byrds","floor":18,"turns":3},{"damage":16,"enemies":"2 Thieves","floor":19,"turns":4},{"damage":11,"enemies":"Gremlin Leader","floor":25,"turns":5},{"damage":15,"enemies":"Snake Plant","floor":27,"turns":5},{"damage":27,"enemies":"Book of Stabbing","floor":28,"turns":6},{"damage":7,"enemies":"Cultist and Chosen","floor":30,"turns":8},{"damage":19,"enemies":"Centurion and Healer","floor":31,"turns":4},{"damage":38,"enemies":"Collector","floor":33,"turns":5}],"seed_played":"-3362899046060742419","potions_obtained":[{"floor":4,"key":"SteroidPotion"},{"floor":7,"key":"SmokeBomb"},{"floor":14,"key":"Swift Potion"},{"floor":25,"key":"Weak Potion"},{"floor":28,"key":"SpeedPotion"},{"floor":30,"key":"SkillPotion"}],"is_trial":false,"path_per_floor":["M","?","M","M","$","R","E","?","T","M","R","E","$","M","R","B",null,"M","M","?","?","T","R","$","E","T","M","E","R","M","M","R","B"],"character_chosen":"DEFECT","items_purchased":["Loop","Redo","aspiration:Polymerization","Heatsinks","Coolheaded"],"campfire_rested":3,"item_purchase_floors":[5,5,13,24,24],"current_hp_per_floor":[75,75,75,69,69,69,38,23,23,23,45,26,41,37,37,14,75,73,57,57,57,57,57,72,61,61,46,19,41,34,15,37,0,0],"gold":231,"neow_bonus":"RANDOM_COMMON_RELIC","is_daily":false,"chose_seed":false,"campfire_upgraded":3,"win_rate":0.0,"timestamp":1612694177,"path_taken":["M","?","?","M","?","R","E","?","T","M","R","E","$","M","R","BOSS","M","M","?","?","?","R","$","E","T","M","E","R","M","?","R","BOSS"],"items_purchased_type":["Card","Card","Card","Card","Card"],"build_version":"2020-12-22","purchased_purges":1,"victory":false,"max_hp_per_floor":[75,75,75,75,75,75,75,75,75,75,75,75,75,75,75,75,75,75,75,75,75,75,75,75,75,75,75,75,75,75,75,75,75,75],"card_choices":[{"not_picked":["Beam Cell","Steam"],"picked":"Static Discharge","floor":1},{"not_picked":["Gash","Barrage"],"picked":"Darkness","floor":3},{"not_picked":["White Noise","hubris:PowerSurge"],"picked":"Coolheaded","floor":4},{"not_picked":["Scrape","Leap"],"picked":"Reboot","floor":7},{"not_picked":["Steam Power","Sweeping Beam"],"picked":"Static Discharge","floor":10},{"not_picked":["Sweeping Beam","Leap"],"picked":"Doom and Gloom","floor":12},{"not_picked":["Doom and Gloom","Scrape"],"picked":"Barrage","floor":14},{"not_picked":["Hyperbeam","Biased Cognition"],"picked":"Echo Form","floor":16},{"not_picked":["Gash","Barrage"],"picked":"Beam Cell","floor":18},{"not_picked":["Chill","Cold Snap"],"picked":"Capacitor","floor":19},{"not_picked":["Sweeping Beam","Reprogram"],"picked":"Genetic Algorithm","floor":25},{"not_picked":["Hologram+1","Stack"],"picked":"Ball Lightning","floor":27},{"not_picked":["Steam","Beam Cell"],"picked":"Reboot","floor":28},{"not_picked":["White Noise","Gash+1"],"picked":"Sweeping Beam+1","floor":30},{"not_picked":["hubris:Ukulele","Barrage+1"],"picked":"Leap+1","floor":31}],"player_experience":499668,"relics_obtained":[{"floor":7,"key":"MealTicket"},{"floor":9,"key":"HornCleat"},{"floor":12,"key":"Akabeko"},{"floor":22,"key":"Cables"},{"floor":25,"key":"aspiration:SeaSaltIceCream"},{"floor":28,"key":"Blue Candle"}],"event_choices":[{"cards_removed":["Strike_B"],"damage_healed":0,"gold_gain":0,"player_choice":"Purged","damage_taken":0,"max_hp_gain":0,"max_hp_loss":0,"event_name":"Purifier","floor":2,"gold_loss":0},{"damage_healed":0,"gold_gain":0,"player_choice":"Entered Light","damage_taken":15,"max_hp_gain":0,"max_hp_loss":0,"event_name":"Shining Light","floor":8,"gold_loss":0,"cards_upgraded":["Defend_B","Dualcast"]}],"is_beta":false,"boss_relics":[{"not_picked":["hubris:HollowSoul","SacredBark"],"picked":"SlaversCollar"}],"items_purged_floors":[24],"is_endless":false,"potions_floor_spawned":[4,7,14,25,28,30],"killed_by":"Collector","ascension_level":1}}