{"host":"3z4ju2qnfrhpg6py","time":1612696375,"event":{"mods":["Arknights","BaseMod","Colored Powertips","Minty Spire (QoL Compilation)","StSLib"],"gold_per_floor":[119,119,134,150,41,71,84,104,129,129,95,112,112,127,127,127,127],"floor_reached":16,"language":"ZHS","playtime":602,"items_purged":["ats:Strike V"],"score":104,"play_id":"bcbcbba2-f47c-438e-9551-a762145b8cd6","local_time":"20210207191255","is_ascension_mode":false,"campfire_choices":[{"data":"ats:Emotion Absorption","floor":13,"key":"SMITH"},{"data":"ats:Beaten Up","floor":15,"key":"SMITH"}],"circlet_count":0,"master_deck":["ats:Strike C","ats:Strike G","ats:Strike S","ats:Armor Crushing Shot+1","ats:Defend","ats:Defend+1","ats:Defend","ats:Defend","ats:Emotion Absorption+1","ats:Shell Defense","ats:Thorns","ats:Cat Scratch","ats:Beaten Up+1","ats:Revitalization","ats:Beaten Up","ats:Healing Drone","ats:Healing Drone","ats:Overload","ats:Shell Defense"],"relics":["ats:Sanity","NeowsBlessing","Bronze Scales","ats:Originium","Anchor","Vajra"],"acts_visited":["Exordium"],"potions_floor_usage":[16,16],"damage_taken":[{"damage":0,"enemies":"Jaw Worm","floor":1,"turns":1},{"damage":0,"enemies":"Cultist","floor":3,"turns":1},{"damage":0,"enemies":"Small Slimes","floor":4,"turns":2},{"damage":45,"enemies":"Gremlin Nob","floor":6,"turns":6},{"damage":13,"enemies":"2 Fungi Beasts","floor":7,"turns":4},{"damage":3,"enemies":"Blue Slaver","floor":8,"turns":6},{"damage":10,"enemies":"Lots of Slimes","floor":12,"turns":6},{"damage":7,"enemies":"3 Louse","floor":14,"turns":3},{"damage":85,"enemies":"Slime Boss","floor":16,"turns":10}],"seed_played":"-5805596819589330404","potions_obtained":[{"floor":6,"key":"Weak Potion"},{"floor":7,"key":"SpeedPotion"},{"floor":12,"key":"Energy Potion"},{"floor":14,"key":"DistilledChaos"}],"is_trial":false,"path_per_floor":["M","?","M","M","$","E","M","M","T","?","$","M","R","M","R","B"],"character_chosen":"DOCTOR_CLASS","items_purchased":["ats:Beaten Up","ats:Healing Drone"],"campfire_rested":0,"item_purchase_floors":[5,11],"current_hp_per_floor":[72,72,72,72,72,30,17,26,26,12,12,34,34,43,43,0,0],"gold":127,"neow_bonus":"THREE_ENEMY_KILL","is_daily":false,"chose_seed":false,"campfire_upgraded":2,"win_rate":0.0,"timestamp":1612696375,"path_taken":["M","?","?","M","?","E","M","M","T","?","$","M","R","M","R","BOSS"],"items_purchased_type":["Card","Card"],"build_version":"2020-12-22","purchased_purges":1,"victory":false,"max_hp_per_floor":[72,72,72,72,72,72,72,72,72,72,72,72,72,72,72,72,72],"card_choices":[{"not_picked":["ats:Assault Order","ats:Very Hot Blade"],"picked":"ats:Shell Defense","floor":1},{"not_picked":["ats:Part Time Job","ats:Poison Spread"],"picked":"ats:Thorns","floor":3},{"not_picked":["ats:Part Time Job","ats:Assault Order"],"picked":"ats:Cat Scratch","floor":4},{"not_picked":["ats:Curse Doll","ats:Consecutive Shot Auto"],"picked":"ats:Revitalization","floor":6},{"not_picked":["ats:Absolute Focus","ats:Thermite Blade"],"picked":"ats:Beaten Up","floor":7},{"not_picked":["ats:Closed Bolt Burst Fire","ats:Consecutive Shot Auto"],"picked":"ats:Healing Drone","floor":8},{"not_picked":["ats:Thermite Blade","ats:Absolute Focus"],"picked":"ats:Overload","floor":12},{"not_picked":["ats:Composite Medical Shells","ats:Cat Scratch"],"picked":"ats:Shell Defense","floor":14}],"player_experience":3873,"relics_obtained":[{"floor":2,"key":"Bronze Scales"},{"floor":6,"key":"ats:Originium"},{"floor":6,"key":"Anchor"},{"floor":9,"key":"Vajra"}],"event_choices":[{"damage_healed":0,"gold_gain":0,"player_choice":"Relic","damage_taken":0,"max_hp_gain":0,"max_hp_loss":0,"event_name":"Wheel of Change","floor":2,"gold_loss":0},{"damage_healed":0,"gold_gain":0,"player_choice":"Entered Light","damage_taken":14,"max_hp_gain":0,"max_hp_loss":0,"event_name":"Shining Light","floor":10,"gold_loss":0,"cards_upgraded":["ats:Defend","ats:Armor Crushing Shot"]}],"is_beta":false,"boss_relics":[],"items_purged_floors":[5],"is_endless":false,"potions_floor_spawned":[6,7,12,14],"killed_by":"Slime Boss","ascension_level":0}}