{"host":"prxrhpgaxnj4om9r","time":1612667512,"event":{"mods":["AchievementEnabler","BaseMod","DeckTracker","Keyboard Shortcuts","Minty Spire (QoL Compilation)"],"gold_per_floor":[119,119,146,321,337,362,423,44,97,114,114,127,162,172,172,271,271,286,15,15,35,134,134,160,160,160,160,177,177,277,14,14,114,114,131,147,147,147,147,147],"floor_reached":39,"language":"KOR","playtime":1678,"items_purged":["Doubt"],"score":552,"play_id":"abc7291a-5866-47a8-91ac-a9981c26d4b4","local_time":"20210207121152","is_ascension_mode":true,"campfire_choices":[{"floor":11,"key":"REST"},{"floor":15,"key":"REST"},{"floor":27,"key":"REST"},{"data":"Scrawl","floor":29,"key":"SMITH"},{"data":"JustLucky","floor":32,"key":"SMITH"}],"circlet_count":0,"master_deck":["Strike_P","Strike_P","Strike_P","Strike_P","Defend_P","Defend_P","Defend_P","Defend_P","Eruption+1","Vigilance","SandsOfTime","JustLucky+1","Evaluate","ReachHeaven+1","BattleHymn+1","SignatureMove+1","FollowUp+1","Nirvana+1","FlurryOfBlows+1","Scrawl+1","DevaForm+1","FollowUp+1","Fasting2+1","Shame","Consecrate+1","Conclude+1","Protect+1","DeceiveReality+1","Wireheading+1","MasterReality+1","LessonLearned+1","JustLucky+1","Secret Weapon"],"relics":["PureWater","NeowsBlessing","Dream Catcher","Frozen Egg 2","Molten Egg 2","Dead Branch","Oddly Smooth Stone","Regal Pillow","Busted Crown","Eternal Feather","Bag of Preparation","Enchiridion","Bag of Marbles","Art of War","Torii","Bottled Tornado","Membership Card","Snecko Eye"],"acts_visited":["Exordium","TheCity","TheBeyond"],"potions_floor_usage":[7,12,16,33,36],"damage_taken":[{"damage":0,"enemies":"Small Slimes","floor":1,"turns":1},{"damage":0,"enemies":"Jaw Worm","floor":5,"turns":1},{"damage":0,"enemies":"Gremlin Nob","floor":6,"turns":1},{"damage":46,"enemies":"Lagavulin Event","floor":7,"turns":7},{"damage":0,"enemies":"Cultist","floor":10,"turns":2},{"damage":0,"enemies":"3 Louse","floor":12,"turns":1},{"damage":40,"enemies":"Lagavulin","floor":13,"turns":3},{"damage":0,"enemies":"Large Slime","floor":14,"turns":3},{"damage":0,"enemies":"Slime Boss","floor":16,"turns":4},{"damage":9,"enemies":"3 Byrds","floor":18,"turns":2},{"damage":9,"enemies":"Chosen","floor":21,"turns":3},{"damage":21,"enemies":"Slavers","floor":24,"turns":6},{"damage":25,"enemies":"Sentry and Sphere","floor":28,"turns":4},{"damage":0,"enemies":"Colosseum Slavers","floor":30,"turns":1},{"damage":14,"enemies":"Colosseum Nobs","floor":30,"turns":3},{"damage":23,"enemies":"Automaton","floor":33,"turns":4},{"damage":1,"enemies":"Orb Walker","floor":35,"turns":2},{"damage":30,"enemies":"3 Darklings","floor":36,"turns":3},{"damage":55,"enemies":"2 Orb Walkers","floor":39,"turns":3}],"seed_played":"-1099072938079529152","potions_obtained":[{"floor":5,"key":"AttackPotion"},{"floor":10,"key":"Explosive Potion"},{"floor":14,"key":"Regen Potion"},{"floor":28,"key":"StancePotion"},{"floor":35,"key":"Weak Potion"}],"is_trial":false,"path_per_floor":["M","?","T","?","M","E","?","$","T","M","R","M","E","M","R","B",null,"M","$","?","M","?","?","E","?","T","R","M","R","?","$","R","B",null,"M","M","?","?","?"],"character_chosen":"WATCHER","items_purchased":["Dead Branch","BattleHymn+1","Eternal Feather","Fasting2+1","Membership Card","MasterReality+1"],"campfire_rested":3,"item_purchase_floors":[8,8,19,19,31,31],"current_hp_per_floor":[72,72,72,72,72,72,26,26,26,26,47,47,7,7,43,55,72,63,63,63,54,54,38,17,17,17,68,43,58,44,44,62,39,72,71,41,41,41,0,0],"gold":147,"neow_bonus":"THREE_ENEMY_KILL","is_daily":false,"chose_seed":false,"campfire_upgraded":2,"win_rate":0.0,"timestamp":1612667512,"path_taken":["M","?","?","?","M","E","?","$","T","M","R","?","E","M","R","BOSS","M","$","?","M","?","?","E","?","T","R","?","R","?","$","R","BOSS","M","M","?","?","?"],"items_purchased_type":["Relic","Card","Relic","Card","Relic","Card"],"build_version":"2020-12-22","purchased_purges":1,"victory":false,"max_hp_per_floor":[72,72,72,72,72,72,72,72,72,72,72,72,72,72,72,72,72,72,72,72,72,72,72,72,72,72,72,72,72,72,72,72,72,72,72,72,72,72,72,72],"card_choices":[{"not_picked":["EmptyBody","SashWhip"],"picked":"SandsOfTime","floor":1},{"not_picked":["Meditate","ThirdEye"],"picked":"JustLucky","floor":5},{"not_picked":["Blasphemy","PathToVictory"],"picked":"Evaluate","floor":6},{"not_picked":["Consecrate+1","Protect"],"picked":"ReachHeaven+1","floor":7},{"not_picked":["ClearTheMind","CarveReality+1"],"picked":"SignatureMove+1","floor":10},{"not_picked":["ThirdEye","Pray"],"picked":"FollowUp+1","floor":11},{"not_picked":["Protect","Pray"],"picked":"Nirvana+1","floor":12},{"not_picked":["Consecrate+1","JustLucky+1"],"picked":"FlurryOfBlows+1","floor":13},{"not_picked":["Prostrate","ThirdEye"],"picked":"Scrawl","floor":14},{"not_picked":["EmptyMind","Halt"],"picked":"Pray","floor":15},{"not_picked":["Establishment+1","Wish"],"picked":"DevaForm+1","floor":16},{"not_picked":[],"picked":"FollowUp+1","floor":18},{"not_picked":["Pray"],"picked":"SKIP","floor":21},{"not_picked":[],"picked":"Consecrate+1","floor":24},{"not_picked":[],"picked":"Protect+1","floor":27},{"not_picked":[],"picked":"DeceiveReality+1","floor":28},{"not_picked":[],"picked":"Wireheading+1","floor":30},{"not_picked":[],"picked":"LessonLearned+1","floor":33},{"not_picked":["WaveOfTheHand"],"picked":"SKIP","floor":35},{"not_picked":[],"picked":"JustLucky+1","floor":36},{"not_picked":[],"picked":"Secret Weapon","floor":37}],"player_experience":289331,"relics_obtained":[{"floor":3,"key":"Dream Catcher"},{"floor":6,"key":"Frozen Egg 2"},{"floor":7,"key":"Molten Egg 2"},{"floor":9,"key":"Oddly Smooth Stone"},{"floor":13,"key":"Regal Pillow"},{"floor":23,"key":"Enchiridion"},{"floor":24,"key":"Bag of Marbles"},{"floor":26,"key":"Art of War"},{"floor":30,"key":"Torii"},{"floor":30,"key":"Bottled Tornado"}],"event_choices":[{"damage_healed":0,"gold_gain":0,"player_choice":"Grow","damage_taken":0,"max_hp_gain":0,"max_hp_loss":0,"event_name":"Living Wall","floor":2,"gold_loss":0,"cards_upgraded":["Eruption"]},{"damage_healed":0,"gold_gain":175,"player_choice":"AGREE","damage_taken":0,"max_hp_gain":0,"max_hp_loss":0,"event_name":"Liars Game","floor":4,"gold_loss":0,"cards_obtained":["Doubt"]},{"damage_healed":0,"gold_gain":0,"player_choice":"Searched \u00271\u0027 times","damage_taken":0,"max_hp_gain":0,"max_hp_loss":0,"event_name":"Dead Adventurer","floor":7,"gold_loss":0},{"damage_healed":0,"gold_gain":0,"player_choice":"Stole Relic","damage_taken":0,"relics_obtained":["Bag of Preparation"],"max_hp_gain":0,"max_hp_loss":0,"event_name":"Addict","floor":20,"gold_loss":0,"cards_obtained":["Shame"]},{"damage_healed":0,"gold_gain":99,"player_choice":"Stole From Cult","damage_taken":0,"max_hp_gain":0,"max_hp_loss":0,"event_name":"Nest","floor":22,"gold_loss":0},{"damage_healed":0,"gold_gain":0,"player_choice":"Obtained Book","damage_taken":16,"max_hp_gain":0,"max_hp_loss":0,"event_name":"Cursed Tome","floor":23,"gold_loss":0},{"damage_healed":0,"gold_gain":0,"cards_transformed":["Pray"],"player_choice":"Transformed","damage_taken":0,"max_hp_gain":0,"max_hp_loss":0,"event_name":"Transmorgrifier","floor":25,"gold_loss":0,"cards_obtained":["Conclude"]},{"damage_healed":0,"gold_gain":0,"player_choice":"Fight","damage_taken":0,"max_hp_gain":0,"max_hp_loss":0,"event_name":"Colosseum","floor":30,"gold_loss":0},{"damage_healed":0,"gold_gain":0,"player_choice":"Fought Nobs","damage_taken":0,"max_hp_gain":0,"max_hp_loss":0,"event_name":"Colosseum","floor":30,"gold_loss":0},{"damage_healed":0,"gold_gain":0,"player_choice":"Memory 1","damage_taken":0,"max_hp_gain":0,"max_hp_loss":0,"event_name":"SensoryStone","floor":37,"gold_loss":0},{"damage_healed":0,"gold_gain":0,"player_choice":"Ignored","damage_taken":0,"max_hp_gain":0,"max_hp_loss":0,"event_name":"Tomb of Lord Red Mask","floor":38,"gold_loss":0},{"damage_healed":0,"gold_gain":0,"player_choice":"Fight","damage_taken":0,"max_hp_gain":0,"max_hp_loss":0,"event_name":"Mysterious Sphere","floor":39,"gold_loss":0}],"is_beta":false,"boss_relics":[{"not_picked":["Cursed Key","Fusion Hammer"],"picked":"Busted Crown"},{"not_picked":["Empty Cage","SlaversCollar"],"picked":"Snecko Eye"}],"items_purged_floors":[31],"is_endless":false,"potions_floor_spawned":[5,10,14,28,30,35],"killed_by":"2 Orb Walkers","ascension_level":3}}