{"host":"34ep1ixvv1fq2ewd","time":1612665476,"event":{"mods":["AchievementEnabler","BaseMod","Colored Map","Colored Powertips","Downfall","Googly Eyes","Hubris","Marisa????????","Minty Spire (QoL Compilation)","Rare Cards Sparkle","Replay The Spire","StSLib","The Hierophant"],"gold_per_floor":[111,126,146,221,233,233,262,281,307,325,325,343,343,357,357,357,357],"floor_reached":16,"language":"ENG","playtime":1221,"items_purged":[],"score":106,"play_id":"78962646-1e66-426a-a114-8584d08ac831","local_time":"20210207133756","is_ascension_mode":false,"campfire_choices":[{"floor":6.0,"key":"REST"},{"floor":13,"key":"REST"},{"floor":15,"key":"REST"}],"circlet_count":0,"master_deck":["Strike_R","Strike_R","Strike_R","Strike_R","Strike_R","Defend_R+1","Defend_R","Defend_R","Defend_R","Bash","Metamorphosis","Rampage","Cleave","Clash","Clothesline","Perfected Strike","hubris:CleavingFinish","Run Through","Anger","Searing Blow"],"relics":["Burning Blood","Pet Ghost","Juzu Bracelet"],"acts_visited":[],"potions_floor_usage":[16,16],"damage_taken":[{"damage":6.0,"enemies":"Cultist","floor":1.0,"turns":3.0},{"damage":12.0,"enemies":"2 Louse","floor":2.0,"turns":3.0},{"damage":0.0,"enemies":"Small Slimes","floor":3.0,"turns":3.0},{"damage":15.0,"enemies":"Looter","floor":5.0,"turns":3.0},{"damage":39.0,"enemies":"3 Sentries","floor":7.0,"turns":6.0},{"damage":17,"enemies":"3 Louse","floor":8,"turns":3},{"damage":8,"enemies":"Red Slaver","floor":10,"turns":3},{"damage":15,"enemies":"Blue Slaver","floor":12,"turns":5},{"damage":13,"enemies":"2 Fungi Beasts","floor":14,"turns":3},{"damage":61,"enemies":"The Guardian","floor":16,"turns":10}],"seed_played":"2568245078254315982","potions_obtained":[{"floor":1.0,"key":"Fruit Juice"},{"floor":3.0,"key":"sneckomod:MuddlingPotion"},{"floor":7,"key":"Dexterity Potion"},{"floor":10,"key":"Block Potion"}],"is_trial":false,"path_per_floor":["M","M","M","?","M","R","E","M","T","M","?","M","R","M","R","B"],"character_chosen":"IRONCLAD","items_purchased":[],"campfire_rested":3,"item_purchase_floors":[],"current_hp_per_floor":[72,66,77,66,57,77,44,33,33,31,31,22,45,38,61,0,0],"gold":357,"neow_bonus":"RANDOM_COLORLESS_2","is_daily":false,"chose_seed":false,"campfire_upgraded":0,"win_rate":0.0,"timestamp":1612665476,"path_taken":["M","M","?","?","M","R","E","M","T","M","?","M","R","M","R","BOSS"],"items_purchased_type":[],"build_version":"2020-12-22","purchased_purges":0,"victory":false,"max_hp_per_floor":[72,72,77,77,77,77,77,77,77,77,77,77,77,77,77,77,77],"card_choices":[{"not_picked":["Magnetism","Midas Touch"],"picked":"Metamorphosis","floor":0.0},{"not_picked":["Sword Boomerang","Reckless Charge"],"picked":"Rampage","floor":1.0},{"not_picked":["Armaments","Dark Embrace"],"picked":"Cleave","floor":2.0},{"not_picked":["Sword Boomerang","Anger"],"picked":"Clash","floor":3.0},{"not_picked":["Thunderclap","Fire Breathing"],"picked":"Clothesline","floor":5.0},{"not_picked":["Defy Death","Shrug It Off"],"picked":"Perfected Strike","floor":7},{"not_picked":["Shrug It Off","Impervious"],"picked":"hubris:CleavingFinish","floor":8},{"not_picked":["Clash","Massacre"],"picked":"Run Through","floor":10},{"not_picked":["Thunderclap","Twin Strike"],"picked":"Anger","floor":12},{"not_picked":["hubris:SharpeningStone","Sever Soul"],"picked":"Searing Blow","floor":14}],"player_experience":32092,"relics_obtained":[{"floor":7,"key":"Pet Ghost"},{"floor":9,"key":"Juzu Bracelet"}],"event_choices":[{"damage_healed":0.0,"max_hp_gain":0.0,"max_hp_loss":0.0,"gold_gain":75.0,"event_name":"World of Goop","player_choice":"Gather Gold","floor":4.0,"gold_loss":0.0,"damage_taken":11.0}],"is_beta":false,"boss_relics":[],"items_purged_floors":[],"is_endless":false,"potions_floor_spawned":[1,3,7,10],"killed_by":"The Guardian","ascension_level":0}}