{"host":"6wwaj9ewa504t2wd","time":1612666564,"event":{"mods":["BaseMod","Downfall","Lobotomy","LobotomyExtend","Minty Spire (QoL Compilation)","MostiFishMod","StSLib","Yakumo Yukari mod"],"gold_per_floor":[218,218,238,258,271,271,301,301,301,316,326,352,366,366,366,465,465,476,476,401,101,117,131,131,131,148,148,176,176,176,194,194,194,49,66,66,165,165,155,171,171,184,184,210,210,237,261,261,278,278,303,12,12,112,112,132,132,150,150,163,190,190,46,73,73,99,118,118,16,16,6],"floor_reached":51,"language":"ZHS","playtime":3568,"items_purged":["Funeral","BodiesMountain"],"score":1713,"play_id":"6aaf35d1-bde1-480f-afb9-fcdcea35424f","local_time":"20210207105604","is_ascension_mode":true,"campfire_choices":[{"floor":15,"key":"REST"}],"circlet_count":0,"master_deck":["LongBird","SpecialBullet","SpecialBullet","SpecialBullet","SpecialBullet","SpecialBullet","SpecialBullet","SpecialBullet","SpecialBullet","ControlCode","InformationCode","WelfareCode","TheSmile","Harvest","Beak","GreedKing","FourthMatchFlame","DisciplinaryCode","Harmony+1","FourthMatchFlame+1","CentralCode","VoidDream","FourthMatchFlame+1","FourthMatchFlame+1","CherryBlossoms","Mimicry","Laetitia","Laetitia_ego","RitualDagger+1","RedEyes","Heaven+1","SolemnVow+1","TT2Protocol","LaLuna","Beak+1","SummonCall","Noise","FeatherOfHonor+1","SecurityCode","CENSORED_ego","Beak+1","TrainingCode","Twilight+1","Wellcheers","SoundOfStar","Freischutz","Pinks","Diffraction","ExtractionCode","GoldRush+1","MostiFishMod:ButterFly+1","RecordCode","BigBird","MostiFishMod:StoryBook+1","MostiFishMod:StoryBook+1","Swift Strike+1"],"relics":["CogitoBucket","DaveBox","TimeKeys","SynthV:TestCard","Pocketwatch","Molten Egg 2","AdjustmentMirror","HornCleat","PatriotShield","LuminousBracelet","ThornShield","HonorFeather","SynthV:TestCard","LetterFromLob","Justitia_r","Mercury Hourglass","Blue Candle","SkinProphecy","SynthV","ExusiaiGun","TheSmile_r","SolemnVow_r","MealTicket","Bronze Scales","Anchor","Incense Burner","Ying","Philosopher\u0027s Stone","Smiling Mask","Dream Catcher","Potion Belt","ArrowTower"],"acts_visited":["Exordium","TheCity","TheCity","TheBeyond"],"potions_floor_usage":[10,16,16,18,10,16,16,48,51],"damage_taken":[{"damage":13,"enemies":"2 Louse","floor":1,"turns":2},{"damage":6,"enemies":"Cultist","floor":3,"turns":3},{"damage":0,"enemies":"Small Slimes","floor":4,"turns":3},{"damage":0,"enemies":"Looter","floor":5,"turns":1},{"damage":0,"enemies":"Gremlin Nob","floor":7,"turns":2},{"damage":40,"enemies":"Large Slime","floor":10,"turns":5},{"damage":16,"enemies":"Blue Slaver","floor":11,"turns":3},{"damage":10,"enemies":"3 Sentries","floor":12,"turns":3},{"damage":11,"enemies":"Looter","floor":13,"turns":3},{"damage":13,"enemies":"The Guardian","floor":16,"turns":7},{"damage":27,"enemies":"Chosen","floor":18,"turns":10},{"damage":76,"enemies":"Spheric Guardian","floor":22,"turns":3},{"damage":0,"enemies":"Small Slimes","floor":1,"turns":2},{"damage":2,"enemies":"Jaw Worm","floor":2,"turns":2},{"damage":0,"enemies":"2 Louse","floor":5,"turns":1},{"damage":0,"enemies":"3 Sentries","floor":7,"turns":2},{"damage":18,"enemies":"2 Fungi Beasts","floor":10,"turns":4},{"damage":0,"enemies":"Exordium Wildlife","floor":14,"turns":1},{"damage":0,"enemies":"Hexaghost","floor":16,"turns":2},{"damage":0,"enemies":"Chosen","floor":18,"turns":1},{"damage":0,"enemies":"3 Byrds","floor":19,"turns":1},{"damage":4,"enemies":"Centurion and Healer","floor":21,"turns":2},{"damage":28,"enemies":"Slavers","floor":23,"turns":4},{"damage":8,"enemies":"Gremlin Leader","floor":25,"turns":1},{"damage":0,"enemies":"Snake Plant","floor":28,"turns":1},{"damage":0,"enemies":"Book of Stabbing","floor":30,"turns":1},{"damage":0,"enemies":"Collector","floor":33,"turns":1},{"damage":0,"enemies":"3 Darklings","floor":35,"turns":2},{"damage":0,"enemies":"Orb Walker","floor":37,"turns":1},{"damage":0,"enemies":"Writhing Mass","floor":39,"turns":1},{"damage":0,"enemies":"Nemesis","floor":40,"turns":1},{"damage":0,"enemies":"Reptomancer","floor":45,"turns":1},{"damage":0,"enemies":"Jaw Worm Horde","floor":46,"turns":2},{"damage":6,"enemies":"FixerMidnight","floor":50,"turns":2},{"damage":0,"enemies":"Malkuth","floor":51,"turns":2},{"damage":10,"enemies":"Yesod","floor":51,"turns":2},{"damage":46,"enemies":"Geburah","floor":51,"turns":5},{"damage":25,"enemies":"Hokma","floor":51,"turns":2},{"damage":43,"enemies":"Angela","floor":51,"turns":2}],"seed_played":"7194281234624237671","potions_obtained":[{"floor":1,"key":"FairyPotion"},{"floor":10,"key":"Fruit Juice"},{"floor":11,"key":"CultistPotion"},{"floor":12,"key":"ColorlessPotion"},{"floor":13,"key":"FairyPotion"},{"floor":16,"key":"EssenceOfSteel"},{"floor":2,"key":"champ:CounterPotion"},{"floor":7,"key":"SneckoOil"},{"floor":14,"key":"Ancient Potion"},{"floor":21,"key":"SpeedPotion"},{"floor":23,"key":"FairyPotion"},{"floor":25,"key":"Strength Potion"},{"floor":28,"key":"LiquidBronze"},{"floor":36,"key":"FairyPotion"},{"floor":46,"key":"Swift Potion"}],"is_trial":false,"path_per_floor":["M","?","M","M","M","R","E","R","T","M","M","E","M","?","R","B",null,"M","?","?","$","M","M","M","?","?","M","R","E","R","T","M","?","R","$","M","R","B",null,"M","M","?","M","?","E","R","E","T","R","M","?","E","$","R","B",null,"M","?","M","T","M","E","R","$","T","R","E","M","?","$","R","B",null],"character_chosen":"Angela","items_purchased":["ThornShield","SynthV","Ying","Diffraction","MostiFishMod:ButterFly+1","Fruit Juice"],"campfire_rested":1,"item_purchase_floors":[21,13,31,31,42,48],"current_hp_per_floor":[57,57,51,51,19,19,19,19,19,14,14,32,33,33,55,54,79,75,69,69,69,98,96,101,101,101,103,107,107,107,92,92,107,107,103,109,115,115,121,123,123,123,123,111,131,133,133,133,139,139,145,145,145,147,147,149,149,151,151,153,155,155,155,155,155,161,163,153,168,168,170],"gold":6,"neow_bonus":"HUNDRED_GOLD","is_daily":false,"chose_seed":false,"campfire_upgraded":0,"win_rate":0.0,"timestamp":1612666564,"path_taken":["M","?","?","M","M","R","E","R","T","M","M","E","M","?","R","BOSS","M","?","?","$","M","M","M","?","?","M","R","E","R","T","M","?","R","$","M","R","BOSS","M","M","?","M","?","E","R","E","T","R","M","?","E","$","R","BOSS","M","?","?","?","M","E","R","?","T","R","E","M","?","?","R","BOSS"],"items_purchased_type":["Relic","Relic","Relic","Card","Card","Potion"],"build_version":"2020-12-22","purchased_purges":2,"victory":true,"max_hp_per_floor":[70,70,70,70,70,70,70,70,70,75,75,75,75,75,75,79,79,98,98,98,98,98,98,103,103,103,103,107,107,107,107,107,107,107,109,109,115,115,121,123,123,125,125,131,131,133,133,133,139,139,145,145,145,147,147,149,149,151,151,153,155,155,155,155,155,161,163,163,168,168,170],"card_choices":[{"not_picked":["GreenStem"],"picked":"Loneliness","floor":1},{"not_picked":["PunishingBird","OSAHOGD"],"picked":"Yin","floor":3},{"not_picked":["CUTE","WristCuter","BloodyDesire"],"picked":"TheSmile","floor":3},{"not_picked":["Lantern","LifeForTheDareDevil","TodaysExpression"],"picked":"Harvest","floor":4},{"not_picked":["CUTE","Harvest","Tough"],"picked":"Beak","floor":5},{"not_picked":["Wellcheers","WallGazer"],"picked":"GreedKing","floor":7},{"not_picked":["Hypocrisy","MagicBullet","Lantern"],"picked":"FourthMatchFlame","floor":7},{"not_picked":["CUTE","Spore","Beak+1"],"picked":"Harmony+1","floor":10},{"not_picked":["RedEyes","Pleasure","CUTE"],"picked":"FourthMatchFlame+1","floor":11},{"not_picked":["LittlePrince","FieryBird"],"picked":"VoidDream","floor":12},{"not_picked":["Soda","RapturousDream","GrinderMk4+1"],"picked":"FourthMatchFlame+1","floor":12},{"not_picked":["SingingMachine","Funeral"],"picked":"LongBird","floor":13},{"not_picked":["Lantern+1","Noise","Regret_ego"],"picked":"FourthMatchFlame+1","floor":13},{"not_picked":["OldLady","MeatLantern"],"picked":"CherryBlossoms","floor":16},{"not_picked":["CENSORED_ego","Twilight+1","GoldRush+1"],"picked":"Mimicry","floor":16},{"not_picked":["ShyLook","HeroicMonk"],"picked":"Laetitia","floor":18},{"not_picked":["Beak+1","InTheNameOfLoveAndHate","Lantern+1"],"picked":"Laetitia_ego","floor":18},{"not_picked":["Loneliness","Lantern+1","Discord"],"picked":"RedEyes","floor":1},{"not_picked":["Wingbeat","GrinderMk4+1","Pleasure","SomewhereSpear","Regret_ego"],"picked":"Heaven+1","floor":2},{"not_picked":["Hornet+1","Noise","RapturousDream","BlackSwan_ego","Soda"],"picked":"SolemnVow+1","floor":5},{"not_picked":["Wellcheers","Murderer"],"picked":"LaLuna","floor":7},{"not_picked":["BearPaw","SwordSharpenedByTears+1","BlackSwan_ego","CherryBlossom","Penitence"],"picked":"Beak+1","floor":7},{"not_picked":["GrinderMk4+1","Spore","ShedSkin","Penitence","FourthMatchFlame+1"],"picked":"Noise","floor":10},{"not_picked":["Gaze","GreenStem","BearPaw","Wingbeat","TodaysExpression"],"picked":"FeatherOfHonor+1","floor":14},{"not_picked":["UniverseFragment","FairyFestival"],"picked":"BodiesMountain","floor":16},{"not_picked":["Justitia+1","SoundOfStar","Adoration","TheSmile","DaCapo"],"picked":"CENSORED_ego","floor":16},{"not_picked":["SingingMachine","WallGazer"],"picked":"Funeral","floor":18},{"not_picked":["Lantern+1","Laetitia_ego+1","FourthMatchFlame+1","Regret_ego","TodaysExpression"],"picked":"Beak+1","floor":18},{"not_picked":["TodaysExpression+1","FourthMatchFlame+1","Tough+1","Lamp+1","Heaven+1"],"picked":"Twilight+1","floor":19},{"not_picked":["Ecstasy","RedEyes","Lantern+1","SolemnVow+1","Diffraction","WristCuter+1"],"picked":"SKIP","floor":21},{"not_picked":["SingingMachine","DespairKnight"],"picked":"Wellcheers","floor":23},{"not_picked":["Soda","CUTE+1","Mimicry","Lantern+1","SomewhereSpear"],"picked":"SoundOfStar","floor":23},{"not_picked":["Spore","WristCuter+1","InTheNameOfLoveAndHate","Horn+1","BlackSwan_ego","GreenStem"],"picked":"SKIP","floor":25},{"not_picked":["SingingMachine","Alriune"],"picked":"Freischutz","floor":28},{"not_picked":["Ecstasy","Christmas+1","Soda","RedEyes","CherryBlossom"],"picked":"Pinks","floor":28},{"not_picked":["Rudolta","HappyTeddy"],"picked":"QueenOfHatred","floor":30},{"not_picked":["Penitence","Galaxy+1","Spore","Ecstasy+1","FeatherOfHonor+1","Heaven+1"],"picked":"SKIP","floor":30},{"not_picked":["ParadiseLost+1","Twilight+1","Mimicry","Pinks","DaCapo"],"picked":"GoldRush+1","floor":33},{"not_picked":["ShedSkin+1","CherryBlossom+1","Horn+1","CUTE","Wingbeat+1","Noise"],"picked":"SKIP","floor":35},{"not_picked":["Regret_ego+1","Harvest+1","GreenStem+1","Christmas","Horn+1","InTheNameOfLoveAndHate"],"picked":"SKIP","floor":37},{"not_picked":["Discord","RedEyes","Ecstasy+1","Loneliness+1","Harmony+1","BlueScar+1","ShedSkin+1"],"picked":"SKIP","floor":39},{"not_picked":["TodaysExpression+1","Lantern+1","InTheNameOfLoveAndHate","Loneliness+1","ShedSkin","Penitence","BloodyDesire"],"picked":"SKIP","floor":40},{"not_picked":["Variant","HappyTeddy","QueenBee"],"picked":"Singing Bowl","floor":45},{"not_picked":["Rudolta","HeroicMonk"],"picked":"BigBird","floor":45},{"not_picked":["Moonlight+1","Mimicry+1","FrostShard+1","MagicBullet+1","Wingbeat+1","Soda+1","SolemnVow+1"],"picked":"SKIP","floor":45},{"not_picked":["GalaxyChild","BlackSwan","BodiesMountain"],"picked":"Singing Bowl","floor":46},{"not_picked":["Wingbeat+1","RedEyes+1","WristCuter+1","BearPaw+1","Penitence+1","TodaysExpression+1","Loneliness+1"],"picked":"SKIP","floor":46},{"not_picked":["Finesse+1","Sadistic Nature+1","HandOfGreed+1","Mayhem+1","Trip+1","Mind Blast+1"],"picked":"MostiFishMod:StoryBook+1","floor":47},{"not_picked":["Master of Strategy+1","PanicButton+1","Purity+1","Enlightenment+1","Bandage Up+1","Apotheosis+1"],"picked":"MostiFishMod:StoryBook+1","floor":47},{"not_picked":["Good Instincts+1","Blind+1","MostiFishMod:Awakening+1","MostiFishMod:TheLastGuard+1","Discovery+1","Mind Blast+1"],"picked":"Swift Strike+1","floor":47}],"player_experience":255984,"relics_obtained":[{"floor":1,"key":"SynthV:TestCard"},{"floor":1,"key":"LetterFromLob"},{"floor":7,"key":"Pocketwatch"},{"floor":9,"key":"Molten Egg 2"},{"floor":12,"key":"HornCleat"},{"floor":1,"key":"SynthV:TestCard"},{"floor":1,"key":"LetterFromLob"},{"floor":7,"key":"Mercury Hourglass"},{"floor":9,"key":"Blue Candle"},{"floor":23,"key":"MealTicket"},{"floor":25,"key":"Bronze Scales"},{"floor":26,"key":"Anchor"},{"floor":30,"key":"Incense Burner"},{"floor":38,"key":"Smiling Mask"},{"floor":40,"key":"Dream Catcher"},{"floor":43,"key":"Potion Belt"},{"floor":45,"key":"ArrowTower"}],"event_choices":[{"damage_healed":0,"gold_gain":0,"player_choice":"Forge","damage_taken":0,"max_hp_gain":0,"max_hp_loss":0,"event_name":"Accursed Blacksmith","floor":2,"gold_loss":0,"cards_upgraded":["Loneliness"]},{"damage_healed":0,"gold_gain":0,"player_choice":"Ignored","damage_taken":0,"max_hp_gain":0,"max_hp_loss":0,"event_name":"Shining Light","floor":14,"gold_loss":0},{"damage_healed":0,"gold_gain":0,"player_choice":"Joined the Cult","damage_taken":6,"max_hp_gain":0,"max_hp_loss":0,"event_name":"Nest","floor":19,"gold_loss":0,"cards_obtained":["RitualDagger"]},{"cards_removed":["Loneliness"],"damage_healed":0,"gold_gain":0,"player_choice":"Gave Gold","damage_taken":0,"max_hp_gain":0,"max_hp_loss":0,"event_name":"Beggar","floor":20,"gold_loss":75},{"damage_healed":0,"gold_gain":0,"player_choice":"Donut","damage_taken":0,"max_hp_gain":5,"max_hp_loss":0,"event_name":"Big Fish","floor":3,"gold_loss":0},{"damage_healed":0,"gold_gain":0,"player_choice":"Leave","damage_taken":0,"max_hp_gain":0,"max_hp_loss":0,"event_name":"The Cleric","floor":4,"gold_loss":0},{"damage_healed":0,"gold_gain":0,"player_choice":"Ignored","damage_taken":0,"max_hp_gain":0,"max_hp_loss":0,"event_name":"Golden Idol","floor":11,"gold_loss":0},{"damage_healed":0,"gold_gain":0,"player_choice":"Ignored","damage_taken":0,"max_hp_gain":0,"max_hp_loss":0,"event_name":"Vampires","floor":20,"gold_loss":0},{"damage_healed":0,"gold_gain":0,"player_choice":"Ignored","damage_taken":0,"max_hp_gain":0,"max_hp_loss":0,"event_name":"Beggar","floor":22,"gold_loss":0},{"damage_healed":0,"gold_gain":0,"player_choice":"Got Potions","damage_taken":0,"max_hp_gain":0,"max_hp_loss":0,"event_name":"Lab","floor":36,"gold_loss":0},{"damage_healed":0,"gold_gain":0,"player_choice":"Memory 3","damage_taken":10,"max_hp_gain":0,"max_hp_loss":0,"event_name":"SensoryStone","floor":47,"gold_loss":0}],"is_beta":false,"boss_relics":[{"not_picked":["GuanYuAspect","bronze:MakeshiftBattery"],"picked":"PatriotShield"},{"not_picked":["xbg","JellyFishMachine"],"picked":"ExusiaiGun"},{"not_picked":["Black Star","BloodWine"],"picked":"Philosopher\u0027s Stone"}],"items_purged_floors":[31,42],"is_endless":false,"potions_floor_spawned":[1,10,11,12,13,16,2,7,14,21,23,25,28,40,46],"ascension_level":3}}