{"host":"i9o3eksapkmftcbs","time":1612677506,"event":{"mods":["2.2 Compatiblity","AchievementEnabler","Act Like it!","Arknights","Bard","BaseMod","BetterRewards","Colored Map","Colored Powertips","Conspire","Duelist Mod","Halation","Hubris","Infinite Spire","Lobotomy","Minty Spire (QoL Compilation)","Rare Cards Sparkle","Reliquary","Robot Space Explorer","StSLib","The Blackbeard","The Clintock","The Disciple","The Dragon Tamer","The Mystic","Transform Curses"],"gold_per_floor":[116,116,135,135,150,150,170,170,245,262,318,341,372,372,372,482,482,461,488,488,488,488,488],"floor_reached":22,"language":"ENG","playtime":1938,"items_purged":[],"score":180,"play_id":"d9bdb544-7e17-4b68-87c8-a6b451083888","local_time":"20210206235826","is_ascension_mode":false,"campfire_choices":[{"data":"LockedWhetstone","floor":6.0,"key":"SMITH"},{"floor":15.0,"key":"REST"}],"circlet_count":0,"master_deck":["Allargando+1","Strike_Br","Strike_Br","Strike_Br","Defend_Br","Defend_Br","Defend_Br","Defend_Br","SecondHand","PatternShift","HandsUpC","LockedWhetstone+1","AlternateTimeline","BlueShift","LockedWarPaint","LockedMawBank","LockedCalendar","BeatsPerMinute","BlueShift","LockedMedicine","hubris:Fate"],"relics":["Chronograph","Mango","MysticCrockPot","hubris:SlimyHat","halation:YellowSoulGem"],"acts_visited":["Exordium","TheCity"],"potions_floor_usage":[22],"damage_taken":[{"damage":2.0,"enemies":"conspire:RoseBush","floor":1.0,"turns":5.0},{"damage":0.0,"enemies":"Small Slimes","floor":3.0,"turns":4.0},{"damage":1.0,"enemies":"Cultist","floor":5.0,"turns":4.0},{"damage":2.0,"enemies":"Exordium Thugs","floor":7.0,"turns":5.0},{"damage":9.0,"enemies":"conspire:2 RoseBushes","floor":10.0,"turns":5.0},{"damage":12.0,"enemies":"3 Sentries","floor":11.0,"turns":10.0},{"damage":0.0,"enemies":"2 Fungi Beasts","floor":12.0,"turns":5.0},{"damage":9.0,"enemies":"3 Louse","floor":13.0,"turns":5.0},{"damage":0.0,"enemies":"Lots of Slimes","floor":14.0,"turns":1.0},{"damage":27.0,"enemies":"The Guardian","floor":16.0,"turns":12.0},{"damage":56.0,"enemies":"2 Thieves","floor":18.0,"turns":5.0},{"damage":10.0,"enemies":"Spheric Guardian","floor":19.0,"turns":8.0},{"damage":8,"enemies":"Chosen and Byrds","floor":22,"turns":4}],"seed_played":"-213434850727438028","potions_obtained":[{"floor":5.0,"key":"BlessingOfTheForge"},{"floor":11.0,"key":"AttackPotion"},{"floor":12.0,"key":"SmokeBomb"},{"floor":13.0,"key":"FearPotion"},{"floor":19.0,"key":"Swift Potion"}],"is_trial":false,"path_per_floor":["M","?","M","?","M","R","M","T","T","M","?","M","M","M","R","B",null,"M","M","?","?","M"],"character_chosen":"CHRONO_CLASS","items_purchased":[],"campfire_rested":1,"item_purchase_floors":[],"current_hp_per_floor":[71,71,71,71,70,70,68,68,68,59,47,47,38,38,59,32,73,17,7,7,7,0,0],"gold":488,"neow_bonus":"ONE_RARE_RELIC","is_daily":false,"chose_seed":false,"campfire_upgraded":1,"win_rate":0.0,"timestamp":1612677506,"path_taken":["M","?","M","?","?","R","M","?","T","M","?","M","M","M","R","BOSS","M","M","?","?","?"],"items_purchased_type":[],"build_version":"2020-12-22","purchased_purges":0,"victory":false,"max_hp_per_floor":[73,73,73,73,73,73,73,73,73,73,73,73,73,73,73,73,73,73,73,73,73,73,73],"card_choices":[{"not_picked":["PrimeTime","Stagnate"],"picked":"HandsUpC","floor":1.0},{"not_picked":["BiteCommand","LockedAnchor"],"picked":"LockedWhetstone","floor":3.0},{"not_picked":["TiringSlam","CrunchTime"],"picked":"AlternateTimeline","floor":5.0},{"not_picked":["HandsUpB","BiteCommand"],"picked":"BlueShift","floor":7.0},{"not_picked":["BiteCommand","Stagnate"],"picked":"LockedWarPaint","floor":10.0},{"not_picked":["Tempo","HandsUpC"],"picked":"LockedMawBank","floor":11.0},{"not_picked":["Echoward","Tempo"],"picked":"LockedCalendar","floor":12.0},{"not_picked":["WindUp","Echoward"],"picked":"BeatsPerMinute","floor":13.0},{"not_picked":["Pendulum","RageCommand"],"picked":"Chronoelasticity","floor":16.0},{"not_picked":["Backlash","Accruing"],"picked":"BlueShift","floor":18.0},{"not_picked":["AlternateTimeline+1","LockedTornado"],"picked":"LockedMedicine","floor":19.0}],"player_experience":421785,"relics_obtained":[{"floor":9.0,"key":"MysticCrockPot"},{"floor":11.0,"key":"hubris:SlimyHat"}],"event_choices":[{"cards_removed":["Strike_Br"],"damage_healed":0.0,"max_hp_gain":0.0,"max_hp_loss":0.0,"gold_gain":0.0,"event_name":"Purifier","player_choice":"Purged","floor":4.0,"gold_loss":0.0,"damage_taken":0.0},{"damage_healed":0.0,"max_hp_gain":0.0,"max_hp_loss":0.0,"gold_gain":0.0,"event_name":"Dead Adventurer","player_choice":"Searched \u00272\u0027 times","floor":11.0,"gold_loss":0.0,"damage_taken":0.0},{"cards_removed":["Chronoelasticity"],"damage_healed":0.0,"max_hp_gain":0.0,"max_hp_loss":0.0,"gold_gain":0.0,"event_name":"NoteForYourself","player_choice":"Took Card","floor":21.0,"gold_loss":0.0,"damage_taken":0.0,"cards_obtained":["hubris:Fate"]}],"is_beta":false,"boss_relics":[{"not_picked":["reliquary:RedCape","Runic Pyramid"],"picked":"Chronograph"}],"items_purged_floors":[],"is_endless":false,"potions_floor_spawned":[5,11,12,13,14,19],"killed_by":"Chosen and Byrds","ascension_level":0}}