{"host":"nptej036rrbiurf5","time":1612668473,"event":{"mods":["BaseMod","Colored Map","Colored Powertips","DeckTracker","Minty Spire (QoL Compilation)","StSLib","SuperFastMode"],"gold_per_floor":[110,129,204,218,237,237,255,286,335,376,413,413,413,413,413,487,487,499,171,186,222,222,222,240,440,440,460,460,460],"floor_reached":28,"language":"KOR","playtime":748,"items_purged":["Strike_P"],"score":548,"play_id":"3b62b582-86cf-4ad3-a33b-ee23cba33a2e","local_time":"20210207122753","is_ascension_mode":true,"campfire_choices":[{"data":"Eruption","floor":6.0,"key":"SMITH"},{"floor":13.0,"key":"REST"},{"data":"MentalFortress","floor":15.0,"key":"SMITH"},{"data":"Adaptation","floor":23.0,"key":"SMITH"}],"circlet_count":0,"master_deck":["AscendersBane","Defend_P","Defend_P","Defend_P","Eruption+1","Vigilance","Consecrate","CrushJoints","EmptyBody","MentalFortress+1","Wish","FearNoEvil","SignatureMove","Meditate","DeusExMachina","MentalFortress","Adaptation+1","Adaptation"],"relics":["PureWater","Potion Belt","Yang","Empty Cage","Lee\u0027s Waffle","Bottled Flame"],"acts_visited":["Exordium","TheCity"],"potions_floor_usage":[28],"damage_taken":[{"damage":0.0,"enemies":"Small Slimes","floor":1.0,"turns":2.0},{"damage":0.0,"enemies":"2 Louse","floor":2.0,"turns":4.0},{"damage":0.0,"enemies":"Cultist","floor":4.0,"turns":2.0},{"damage":0.0,"enemies":"2 Fungi Beasts","floor":5.0,"turns":2.0},{"damage":16.0,"enemies":"Gremlin Gang","floor":7.0,"turns":4.0},{"damage":2.0,"enemies":"Lagavulin","floor":8.0,"turns":7.0},{"damage":16.0,"enemies":"Exordium Wildlife","floor":10.0,"turns":6.0},{"damage":0.0,"enemies":"3 Louse","floor":11.0,"turns":1.0},{"damage":0.0,"enemies":"Slime Boss","floor":16.0,"turns":2.0},{"damage":19.0,"enemies":"2 Thieves","floor":18.0,"turns":4.0},{"damage":7.0,"enemies":"3 Byrds","floor":20.0,"turns":3.0},{"damage":36.0,"enemies":"Centurion and Healer","floor":21.0,"turns":7.0},{"damage":18.0,"enemies":"Snake Plant","floor":24.0,"turns":3.0},{"damage":7.0,"enemies":"Cultist and Chosen","floor":27.0,"turns":4.0},{"damage":0,"enemies":"Shelled Parasite and Fungi","floor":28,"turns":1}],"seed_played":"-7681352850338119694","potions_obtained":[{"floor":4.0,"key":"Strength Potion"},{"floor":7.0,"key":"SpeedPotion"},{"floor":8.0,"key":"Ambrosia"},{"floor":16.0,"key":"SteroidPotion"},{"floor":18.0,"key":"AttackPotion"},{"floor":21.0,"key":"StancePotion"},{"floor":24.0,"key":"DuplicationPotion"}],"is_trial":false,"path_per_floor":["M","M","?","M","M","R","M","E","T","M","M","?","R","?","R","B",null,"M","$","M","M","?","R","M","?","T","M","M"],"character_chosen":"WATCHER","items_purchased":["Adaptation","Lee\u0027s Waffle"],"campfire_rested":1,"item_purchase_floors":[19,19],"current_hp_per_floor":[61,61,50,50,50,50,34,32,32,16,16,16,36,36,36,36,60,41,75,68,32,32,32,14,14,14,7,7,7],"gold":460,"neow_bonus":"RANDOM_COMMON_RELIC","is_daily":false,"chose_seed":false,"campfire_upgraded":3,"win_rate":0.0,"timestamp":1612668473,"path_taken":["M","M","?","M","M","R","M","E","T","M","M","?","R","?","R","BOSS","M","$","M","M","?","R","M","?","T","?","M"],"items_purchased_type":["Card","Relic"],"build_version":"2020-12-22","purchased_purges":1,"victory":false,"max_hp_per_floor":[68,68,68,68,68,68,68,68,68,68,68,68,68,68,68,68,68,68,75,75,75,75,75,75,75,75,75,75,75],"card_choices":[{"not_picked":["FollowUp","Vengeance"],"picked":"Consecrate","floor":1.0},{"not_picked":["DeceiveReality","FlyingSleeves"],"picked":"CrushJoints","floor":2.0},{"not_picked":["Protect","FollowUp"],"picked":"EmptyBody","floor":4.0},{"not_picked":["TalkToTheHand","Protect"],"picked":"MentalFortress","floor":5.0},{"not_picked":["EmptyMind","Vengeance"],"picked":"Wish","floor":7.0},{"not_picked":["BowlingBash","InnerPeace"],"picked":"FearNoEvil","floor":8.0},{"not_picked":["Prostrate","DeceiveReality"],"picked":"SignatureMove","floor":10.0},{"not_picked":["Collect","EmptyBody"],"picked":"Meditate","floor":11.0},{"not_picked":["Devotion","Alpha"],"picked":"DeusExMachina","floor":16.0},{"not_picked":["Study","FollowUp+1"],"picked":"MentalFortress","floor":18.0},{"not_picked":["LikeWater","BattleHymn"],"picked":"Adaptation","floor":20.0},{"not_picked":["Collect","FlyingSleeves+1","Evaluate"],"picked":"SKIP","floor":21.0},{"not_picked":["Evaluate","Protect","Study+1"],"picked":"SKIP","floor":24.0},{"not_picked":["Adaptation","Protect","Vengeance"],"picked":"SKIP","floor":27.0}],"player_experience":904979,"relics_obtained":[{"floor":8.0,"key":"Yang"},{"floor":26.0,"key":"Bottled Flame"}],"event_choices":[{"damage_healed":0.0,"max_hp_gain":0.0,"max_hp_loss":0.0,"gold_gain":75.0,"event_name":"World of Goop","player_choice":"Gather Gold","floor":3.0,"gold_loss":0.0,"damage_taken":11.0},{"damage_healed":0.0,"max_hp_gain":0.0,"max_hp_loss":0.0,"gold_gain":0.0,"event_name":"Liars Game","player_choice":"Ignored","floor":12.0,"gold_loss":0.0,"damage_taken":0.0},{"cards_removed":["Strike_P"],"damage_healed":0.0,"max_hp_gain":0.0,"max_hp_loss":0.0,"gold_gain":0.0,"event_name":"Living Wall","player_choice":"Forget","floor":14.0,"gold_loss":0.0,"damage_taken":0.0},{"cards_removed":["Defend_P"],"damage_healed":0.0,"max_hp_gain":0.0,"max_hp_loss":0.0,"gold_gain":0.0,"event_name":"Back to Basics","player_choice":"Elegance","floor":22.0,"gold_loss":0.0,"damage_taken":0.0},{"damage_healed":0.0,"max_hp_gain":0.0,"max_hp_loss":0.0,"gold_gain":250.0,"event_name":"The Joust","player_choice":"Bet on Owner","floor":25.0,"gold_loss":50.0,"damage_taken":0.0}],"is_beta":false,"boss_relics":[{"not_picked":["Calling Bell","Coffee Dripper"],"picked":"Empty Cage"}],"items_purged_floors":[19],"is_endless":false,"potions_floor_spawned":[4,7,8,16,18,21,24],"killed_by":"Shelled Parasite and Fungi","ascension_level":20}}