{"host":"takgv9cv6xf64vhq","time":1612682502,"event":{"mods":["BaseMod","Colored Powertips","Conspire","Decade(王小明)","Downfall","Energized Spire","Hermit","Hubris","LagranYue(拉格朗・月)","Marisa（F雨　魔理沙）","Minty Spire (QoL Compilation)","Replay The Spire","StSLib","The Cursed","The Hierophant","The Jungle","The Servant 0.9.4","TheHeartMod"],"gold_per_floor":[114,129,129,3,15,40,40,40,40,74,91,91,109,128,128,128,128],"floor_reached":16,"language":"ZHS","playtime":746,"items_purged":["Defend_R"],"score":134,"play_id":"953d9ea1-c87f-4cfa-b62a-0ab214eb57ac","local_time":"20210207152142","is_ascension_mode":true,"campfire_choices":[{"data":"Armaments","floor":8,"key":"SMITH"},{"data":"True Grit","floor":12,"key":"SMITH"},{"data":"Dual Wield","floor":15,"key":"SMITH"}],"circlet_count":0,"master_deck":["Strike_R","Defend_R","Defend_R","Defend_R","Bash","Flex","True Grit+1","Armaments+1","Run Through","Dual Wield+1","Ghostly Armor","hubris:DuctTapeCard","Combust","Metallicize","Heavy Blade"],"relics":["Burning Blood","hubris:Towel","Pen Nib","Gremlin Horn","hubris:DuctTape"],"acts_visited":["Exordium"],"potions_floor_usage":[13,16],"damage_taken":[{"damage":6,"enemies":"Cultist","floor":1,"turns":3},{"damage":7,"enemies":"Small Slimes","floor":2,"turns":3},{"damage":11,"enemies":"Jaw Worm","floor":5,"turns":4},{"damage":13,"enemies":"Replay:BlueRogue","floor":6,"turns":6},{"damage":32,"enemies":"3 Sentries","floor":10,"turns":10},{"damage":13,"enemies":"Large Slime","floor":11,"turns":5},{"damage":0,"enemies":"3 Louse","floor":13,"turns":2},{"damage":9,"enemies":"Looter","floor":14,"turns":4},{"damage":34,"enemies":"The Guardian","floor":16,"turns":8}],"seed_played":"-4632108744524051868","potions_obtained":[{"floor":2,"key":"Toxic Potion"},{"floor":10,"key":"FearPotion"},{"floor":11,"key":"Swift Potion"},{"floor":13,"key":"Swift Potion"}],"is_trial":false,"path_per_floor":["M","M","?","$","M","E","?","R","T","E","M","R","M","M","R","B"],"character_chosen":"IRONCLAD","items_purchased":["Armaments"],"campfire_rested":0,"item_purchase_floors":[4],"current_hp_per_floor":[80,79,79,79,74,67,60,60,60,34,27,27,33,30,30,0,0],"gold":128,"neow_bonus":"RANDOM_EVENT","is_daily":false,"chose_seed":false,"campfire_upgraded":3,"win_rate":0.0,"timestamp":1612682502,"path_taken":["M","?","?","$","M","E","?","R","T","E","M","R","M","M","R","BOSS"],"items_purchased_type":["Card"],"build_version":"2020-12-22","purchased_purges":1,"victory":false,"max_hp_per_floor":[80,80,80,80,80,80,80,80,80,80,80,80,80,80,80,80,80],"card_choices":[{"not_picked":["Anger","Clash"],"picked":"Flex","floor":1},{"not_picked":["Dropkick","Wild Strike"],"picked":"True Grit","floor":2},{"not_picked":["Warcry","Replay:Undeath\u0027s Touch"],"picked":"Run Through","floor":5},{"not_picked":["Searing Blow","Sentinel"],"picked":"Dual Wield","floor":6},{"not_picked":["hubris:ReadiedAction","Clash"],"picked":"Ghostly Armor","floor":10},{"not_picked":["Sever Soul","Iron Wave"],"picked":"Combust","floor":11},{"not_picked":["Cleave","hubris:CleavingFinish"],"picked":"Metallicize","floor":13},{"not_picked":["Combust","Flex"],"picked":"Heavy Blade","floor":14}],"player_experience":469744,"relics_obtained":[{"floor":6,"key":"Pen Nib"},{"floor":9,"key":"Gremlin Horn"},{"floor":10,"key":"hubris:DuctTape"}],"event_choices":[{"cards_removed":["Strike_R"],"damage_healed":0,"gold_gain":0,"player_choice":"Forget","damage_taken":0,"max_hp_gain":0,"max_hp_loss":0,"event_name":"Living Wall","floor":0,"gold_loss":0},{"cards_removed":["Strike_R"],"damage_healed":0,"gold_gain":0,"player_choice":"Card Removal","damage_taken":7,"max_hp_gain":0,"max_hp_loss":0,"event_name":"Golden Wing","floor":7,"gold_loss":0}],"is_beta":false,"boss_relics":[],"items_purged_floors":[4],"is_endless":false,"potions_floor_spawned":[2,10,11,13],"killed_by":"The Guardian","ascension_level":4}}