{"host":"6p0attdrtjqaih7v","time":1612740434,"event":{"mods":["2.2 Compatiblity","AchievementEnabler","Bard","BaseMod","Better Skull","Better Third Choice","Colored Powertips","Hermit","Highlight Path","Key Reminder","Minty Spire (QoL Compilation)","Permanent Neow","Quick Restart","Random Character Button","Relic Stats","Reliquary","Replay The Spire","Robot Space Explorer","StSLib","The Hayseed","The Witch"],"gold_per_floor":[215,232,232,33,33,60,60,73,73,100,118,118,118,135,135,233,233,217,234,234,253,178,178,207,222,222,222,15,15,40,40,40,137,137,156,216,234,84,99,99,153,169,196,215,249,249,299,314,314,314],"floor_reached":51,"language":"ENG","playtime":3580,"items_purged":["TheSimpletonMod:Strike_TheSimpleton","TheSimpletonMod:Defend_TheSimpleton"],"score":1037,"play_id":"03fdfb8b-0473-46b3-9871-347cc4b2d03e","local_time":"20210207182714","is_ascension_mode":true,"campfire_choices":[{"data":"TheSimpletonMod:VineRipen","floor":7,"key":"SMITH"},{"data":"TheSimpletonMod:ReapAndSquash","floor":7,"key":"SMITH"},{"data":"TheSimpletonMod:Rake","floor":12,"key":"SMITH"},{"data":"TheSimpletonMod:Fertilaser","floor":12,"key":"SMITH"},{"data":"TheSimpletonMod:TakeHeart","floor":15,"key":"SMITH"},{"data":"TheSimpletonMod:Aerate","floor":15,"key":"SMITH"},{"data":"RitualDagger","floor":23,"key":"SMITH"},{"data":"TheSimpletonMod:Rake","floor":23,"key":"SMITH"},{"data":"TheSimpletonMod:ResearchGrant","floor":27,"key":"SMITH"},{"data":"TheSimpletonMod:DoubleDigging","floor":27,"key":"SMITH"},{"data":"TheSimpletonMod:HitTheSack","floor":29,"key":"SMITH"},{"data":"TheSimpletonMod:Fertilaser","floor":29,"key":"SMITH"},{"data":"TheSimpletonMod:VineRipen","floor":32,"key":"SMITH"},{"data":"TheSimpletonMod:Haymaker","floor":32,"key":"SMITH"},{"floor":40,"key":"REST"},{"data":"TheSimpletonMod:Defend_TheSimpleton","floor":49,"key":"PURGE"}],"circlet_count":0,"master_deck":["TheSimpletonMod:Defend_TheSimpleton","TheSimpletonMod:Defend_TheSimpleton","TheSimpletonMod:Haymaker+1","TheSimpletonMod:SeedCoat","TheSimpletonMod:Aerate+1","TheSimpletonMod:ReapAndSquash+1","TheSimpletonMod:RootDown","TheSimpletonMod:Sunchoke","TheSimpletonMod:VineRipen+1","TheSimpletonMod:Rake+1","TheSimpletonMod:Fertilaser+1","TheSimpletonMod:TakeHeart+1","TheSimpletonMod:DoubleDigging+1","TheSimpletonMod:Rake+1","TheSimpletonMod:Rototilling+1","RitualDagger+1","TheSimpletonMod:SeedCoat","TheSimpletonMod:ResearchGrant+1","TheSimpletonMod:Fertilaser+1","TheSimpletonMod:HitTheSack+1","TheSimpletonMod:VineRipen+1","TheSimpletonMod:Swelter+1","TheSimpletonMod:VineRipen+1","TheSimpletonMod:ToughenUp+1","TheSimpletonMod:ToughenUp+1","TheSimpletonMod:ToughenUp+1","TheSimpletonMod:Rototilling+1"],"relics":["TheSimpletonMod:SpudOfTheInnocent","TheSimpletonMod:NightSoil","TheSimpletonMod:TheHarvester","BargainBundle","Replay:Arrowhead","Question Card","TheSimpletonMod:GasCan","reliquary:WritOfMandamus","Ancient Tea Set","Calipers","Replay:Baseball","TheSimpletonMod:GourdCharm","Replay:Rubber Ducky","reliquary:PrincelyHelmet","Replay:Wax Seal","Quantum Egg","Peace Pipe"],"acts_visited":["Exordium","TheCity","TheBeyond"],"potions_floor_usage":[6,10,10,16,18,21,24,25,30,33,44,45,50],"damage_taken":[{"damage":2,"enemies":"Jaw Worm","floor":1,"turns":5},{"damage":5,"enemies":"Small Slimes","floor":2,"turns":3},{"damage":13,"enemies":"3 Sentries","floor":6,"turns":6},{"damage":0,"enemies":"2 Louse","floor":8,"turns":5},{"damage":0,"enemies":"Gremlin Nob","floor":10,"turns":5},{"damage":0,"enemies":"2 Fungi Beasts","floor":11,"turns":3},{"damage":3,"enemies":"Looter","floor":14,"turns":3},{"damage":0,"enemies":"The Guardian","floor":16,"turns":14},{"damage":2,"enemies":"2 Thieves","floor":18,"turns":4},{"damage":9,"enemies":"Spheric Guardian","floor":19,"turns":4},{"damage":7,"enemies":"3 Cultists","floor":21,"turns":5},{"damage":13,"enemies":"Gremlin Leader","floor":24,"turns":9},{"damage":8,"enemies":"Snecko","floor":25,"turns":5},{"damage":14,"enemies":"Slavers","floor":30,"turns":6},{"damage":12,"enemies":"Champ","floor":33,"turns":18},{"damage":33,"enemies":"3 Darklings","floor":35,"turns":14},{"damage":0,"enemies":"3 Shapes","floor":37,"turns":6},{"damage":5,"enemies":"Transient","floor":39,"turns":5},{"damage":0,"enemies":"R_Hoarder","floor":41,"turns":16},{"damage":0,"enemies":"Spire Growth","floor":42,"turns":10},{"damage":0,"enemies":"Sphere and 2 Shapes","floor":44,"turns":9},{"damage":0,"enemies":"Reptomancer","floor":45,"turns":12},{"damage":0,"enemies":"Mind Bloom Boss Battle","floor":47,"turns":5},{"damage":0,"enemies":"4 Shapes","floor":48,"turns":8},{"damage":0,"enemies":"Donu and Deca","floor":50,"turns":11}],"seed_played":"-4566092558916489493","potions_obtained":[{"floor":6,"key":"Languid Potion"},{"floor":8,"key":"Energy Potion"},{"floor":11,"key":"Energy Potion"},{"floor":14,"key":"ColorlessPotion"},{"floor":16,"key":"SkillPotion"},{"floor":21,"key":"Dexterity Potion"},{"floor":24,"key":"SneckoOil"},{"floor":30,"key":"AttackPotion"},{"floor":33,"key":"Reflective Coating"},{"floor":36,"key":"TheSimpletonMod:MoonshinePotion"},{"floor":41,"key":"GamblersBrew"},{"floor":44,"key":"ColorlessPotion"}],"is_trial":false,"path_per_floor":["M","M","?","$","?","E","R","M","T","E","M","R","?","M","R","B",null,"M","M","?","M","?","R","E","M","T","R","$","R","E","?","R","B",null,"M","?","M","$","M","R","E","M","T","M","E","?","?","M","R","B",null],"character_chosen":"THE_SIMPLETON","items_purchased":["BargainBundle","ColorlessPotion","ColorlessPotion","Block Potion","TheSimpletonMod:RootDown","TheSimpletonMod:Sunchoke","TheSimpletonMod:HitTheSack","Swift Potion","Energy Potion"],"campfire_rested":1,"item_purchase_floors":[4,4,4,4,4,4,28,28,38],"current_hp_per_floor":[75,74,65,65,65,56,56,60,60,64,64,64,64,65,65,69,75,75,70,64,66,66,66,62,59,59,59,59,59,50,60,60,59,75,53,35,46,46,46,68,75,75,75,75,75,75,75,75,75,75],"gold":314,"neow_bonus":"HUNDRED_GOLD","is_daily":false,"chose_seed":false,"campfire_upgraded":14,"win_rate":0.0,"timestamp":1612740434,"path_taken":["M","M","?","$","?","E","R","M","T","E","M","R","?","M","R","BOSS","M","M","?","M","?","R","E","M","T","R","$","R","E","?","R","BOSS","M","?","?","$","?","R","E","M","T","M","E","?","?","M","R","BOSS"],"items_purchased_type":["Relic","Potion","Potion","Potion","Card","Card","Card","Potion","Potion"],"build_version":"2020-12-22","purchased_purges":2,"victory":true,"max_hp_per_floor":[75,75,75,75,75,75,75,75,75,75,75,75,75,75,75,75,75,75,75,75,75,75,75,75,75,75,75,75,75,75,75,75,75,75,75,75,75,75,75,75,75,75,75,75,75,75,75,75,75,75],"relic_stats":{"Peace Pipe":1,"counters":[25,191],"Question Card":22,"obtain_stats":[{"BargainBundle":4,"Calipers":26,"reliquary:PrincelyHelmet":41,"Quantum Egg":45,"Question Card":9,"Ancient Tea Set":24,"Replay:Arrowhead":6,"Replay:Rubber Ducky":36,"TheSimpletonMod:TheHarvester":0,"Peace Pipe":47,"TheSimpletonMod:GourdCharm":34,"Replay:Baseball":30,"TheSimpletonMod:GasCan":10,"TheSimpletonMod:SpudOfTheInnocent":0,"reliquary:WritOfMandamus":17,"Replay:Wax Seal":43,"TheSimpletonMod:NightSoil":0},{"BargainBundle":2,"Calipers":13,"reliquary:PrincelyHelmet":19,"Quantum Egg":22,"Question Card":4,"Ancient Tea Set":12,"Replay:Arrowhead":3,"Replay:Rubber Ducky":16,"TheSimpletonMod:TheHarvester":0,"Peace Pipe":23,"TheSimpletonMod:GourdCharm":15,"Replay:Baseball":14,"TheSimpletonMod:GasCan":5,"TheSimpletonMod:SpudOfTheInnocent":0,"reliquary:WritOfMandamus":8,"Replay:Wax Seal":20,"TheSimpletonMod:NightSoil":0},{"BargainBundle":8,"Calipers":71,"reliquary:PrincelyHelmet":136,"Quantum Egg":167,"Question Card":19,"Ancient Tea Set":66,"Replay:Arrowhead":14,"Replay:Rubber Ducky":109,"TheSimpletonMod:TheHarvester":0,"Peace Pipe":172,"TheSimpletonMod:GourdCharm":95,"Replay:Baseball":77,"TheSimpletonMod:GasCan":24,"TheSimpletonMod:SpudOfTheInnocent":0,"reliquary:WritOfMandamus":44,"Replay:Wax Seal":146,"TheSimpletonMod:NightSoil":0}]},"card_choices":[{"not_picked":["TheSimpletonMod:SlashAndBurn","TheSimpletonMod:DigIn"],"picked":"TheSimpletonMod:SeedCoat","floor":1},{"not_picked":["TheSimpletonMod:DoubleBarrel","TheSimpletonMod:Swelter"],"picked":"TheSimpletonMod:Aerate","floor":2},{"not_picked":["TheSimpletonMod:StockTheCellar","TheSimpletonMod:Surplus"],"picked":"TheSimpletonMod:VineRipen","floor":6},{"not_picked":["TheSimpletonMod:PestManagement","TheSimpletonMod:ToughenUp"],"picked":"TheSimpletonMod:Rake","floor":8},{"not_picked":["TheSimpletonMod:Artichokes","TheSimpletonMod:ToughenUp","TheSimpletonMod:OnionBloom","TheSimpletonMod:Rototilling"],"picked":"SKIP","floor":10},{"not_picked":["TheSimpletonMod:Rototilling","TheSimpletonMod:CloseScrape","TheSimpletonMod:Swelter"],"picked":"TheSimpletonMod:Fertilaser","floor":11},{"not_picked":["TheSimpletonMod:Artichokes","TheSimpletonMod:SlashAndBurn","TheSimpletonMod:SaladShooter","TheSimpletonMod:SoilSample"],"picked":"SKIP","floor":14},{"not_picked":["TheSimpletonMod:Surplus","TheSimpletonMod:BirdFeeder","TheSimpletonMod:CropDiversity"],"picked":"TheSimpletonMod:DoubleDigging","floor":16},{"not_picked":["TheSimpletonMod:Rototilling","TheSimpletonMod:BumperCrop","TheSimpletonMod:StockTheCellar"],"picked":"TheSimpletonMod:Rake","floor":18},{"not_picked":["TheSimpletonMod:DoubleBarrel","TheSimpletonMod:Fertilaser","TheSimpletonMod:Pruning"],"picked":"TheSimpletonMod:Rototilling+1","floor":19},{"not_picked":["TheSimpletonMod:Pruning","TheSimpletonMod:Ferment+1","TheSimpletonMod:ControlledBurn+1"],"picked":"TheSimpletonMod:SeedCoat","floor":21},{"not_picked":["TheSimpletonMod:Sunchoke","TheSimpletonMod:Swelter+1","TheSimpletonMod:SoilSample"],"picked":"TheSimpletonMod:ResearchGrant","floor":24},{"not_picked":["TheSimpletonMod:BumperCrop","TheSimpletonMod:Rototilling","TheSimpletonMod:CullingStrike+1"],"picked":"TheSimpletonMod:Fertilaser","floor":25},{"not_picked":["TheSimpletonMod:BumperCrop","TheSimpletonMod:Mulch+1","TheSimpletonMod:ResearchGrant"],"picked":"TheSimpletonMod:VineRipen","floor":30},{"not_picked":["TheSimpletonMod:KeenEdge+1","TheSimpletonMod:Rake","TheSimpletonMod:CropRotation"],"picked":"TheSimpletonMod:Swelter+1","floor":35},{"not_picked":["TheSimpletonMod:Ferment+1","TheSimpletonMod:Sunseed","TheSimpletonMod:OnionBloom"],"picked":"TheSimpletonMod:VineRipen+1","floor":36},{"not_picked":["TheSimpletonMod:Germinate","TheSimpletonMod:Fertilaser+1","TheSimpletonMod:CullingStrike+1"],"picked":"TheSimpletonMod:ToughenUp+1","floor":36},{"not_picked":["TheSimpletonMod:RootDown+1","TheSimpletonMod:SeedCoat","TheSimpletonMod:Rototilling+1"],"picked":"TheSimpletonMod:ToughenUp+1","floor":37},{"not_picked":["TheSimpletonMod:FanTheFlames","TheSimpletonMod:CloseScrape+1","TheSimpletonMod:SpiceUp","TheSimpletonMod:OnionBloom"],"picked":"SKIP","floor":39},{"not_picked":["TheSimpletonMod:CropRotation","TheSimpletonMod:CloseScrape","TheSimpletonMod:VineRipen","TheSimpletonMod:SlashAndBurn+1"],"picked":"SKIP","floor":41},{"not_picked":["TheSimpletonMod:ToughenUp","TheSimpletonMod:GoToMarket","TheSimpletonMod:Mulch+1","TheSimpletonMod:SlashAndBurn+1"],"picked":"SKIP","floor":42},{"not_picked":["TheSimpletonMod:SpiceUp+1","TheSimpletonMod:GoToMarket+1","TheSimpletonMod:FanTheFlames"],"picked":"TheSimpletonMod:ToughenUp+1","floor":44},{"not_picked":["TheSimpletonMod:OnionBloom","TheSimpletonMod:Innovate","TheSimpletonMod:CropRotation+1"],"picked":"TheSimpletonMod:Rototilling+1","floor":45},{"not_picked":["TheSimpletonMod:Mulch","TheSimpletonMod:CloseScrape","TheSimpletonMod:Rake+1","TheSimpletonMod:BumperCrop+1"],"picked":"SKIP","floor":48}],"player_experience":1069678,"relics_obtained":[{"floor":6,"key":"Replay:Arrowhead"},{"floor":9,"key":"Question Card"},{"floor":10,"key":"TheSimpletonMod:GasCan"},{"floor":24,"key":"Ancient Tea Set"},{"floor":26,"key":"Calipers"},{"floor":30,"key":"Replay:Baseball"},{"floor":36,"key":"Replay:Rubber Ducky"},{"floor":41,"key":"reliquary:PrincelyHelmet"},{"floor":43,"key":"Replay:Wax Seal"},{"floor":45,"key":"Quantum Egg"},{"floor":47,"key":"Peace Pipe"}],"event_choices":[{"damage_healed":0,"gold_gain":0,"player_choice":"Ignored","damage_taken":0,"max_hp_gain":0,"max_hp_loss":0,"event_name":"Liars Game","floor":5,"gold_loss":0},{"damage_healed":0,"gold_gain":0,"cards_transformed":["TheSimpletonMod:Strike_TheSimpleton"],"player_choice":"Change","damage_taken":0,"max_hp_gain":0,"max_hp_loss":0,"event_name":"Living Wall","floor":13,"gold_loss":0,"cards_obtained":["TheSimpletonMod:TakeHeart"]},{"damage_healed":0,"gold_gain":0,"player_choice":"Joined the Cult","damage_taken":6,"max_hp_gain":0,"max_hp_loss":0,"event_name":"Nest","floor":20,"gold_loss":0,"cards_obtained":["RitualDagger"]},{"cards_removed":["TheSimpletonMod:Strike_TheSimpleton"],"damage_healed":0,"gold_gain":0,"player_choice":"Gave Gold","damage_taken":0,"max_hp_gain":0,"max_hp_loss":0,"event_name":"Beggar","floor":22,"gold_loss":75},{"cards_removed":["TheSimpletonMod:Strike_TheSimpleton"],"damage_healed":0,"gold_gain":0,"player_choice":"Removed Attack","damage_taken":0,"max_hp_gain":0,"max_hp_loss":0,"event_name":"Falling","floor":46,"gold_loss":0},{"damage_healed":0,"gold_gain":0,"player_choice":"Fight","damage_taken":0,"max_hp_gain":0,"max_hp_loss":0,"event_name":"MindBloom","floor":47,"gold_loss":0}],"is_beta":false,"boss_relics":[{"not_picked":["SacredBark","Calling Bell"],"picked":"reliquary:WritOfMandamus"},{"not_picked":["reliquary:KinkedSpring","Philosopher\u0027s Stone"],"picked":"TheSimpletonMod:GourdCharm"}],"items_purged_floors":[4,38],"is_endless":false,"potions_floor_spawned":[6,8,11,14,16,21,24,30,33,41,44],"ascension_level":3}}