{"host":"oigynbtg272c19pw","time":1612710826,"event":{"mods":["BaseMod","Colored Map","Minty Spire (QoL Compilation)","Relic Stats","Slay the Relics Exporter","StSLib"],"gold_per_floor":[118,131,131,131,131,159,170,170,170],"floor_reached":8,"playtime":118,"items_purged":[],"score":162,"play_id":"777ea63c-db49-4895-a292-045f8c730f12","local_time":"20210207161346","is_ascension_mode":true,"campfire_choices":[],"circlet_count":0,"master_deck":["AscendersBane","Strike_P","Strike_P","Strike_P+1","Defend_P+1","Defend_P","Defend_P","Defend_P","Eruption","Vigilance","Wallop","EmptyFist","Vault","Consecrate"],"relics":["PureWater","NeowsBlessing","Bird Faced Urn","Strawberry"],"acts_visited":["Exordium"],"potions_floor_usage":[8],"damage_taken":[{"damage":0,"enemies":"Cultist","floor":1,"turns":1},{"damage":0,"enemies":"Jaw Worm","floor":2,"turns":1},{"damage":0,"enemies":"3 Sentries","floor":6,"turns":2},{"damage":0,"enemies":"2 Louse","floor":7,"turns":2},{"damage":23,"enemies":"Gremlin Nob","floor":8,"turns":3}],"seed_played":"-68058961510928252","potions_obtained":[{"floor":6,"key":"EssenceOfSteel"}],"is_trial":false,"path_per_floor":["M","M","?","?","?","E","M","E"],"character_chosen":"WATCHER","items_purchased":[],"campfire_rested":0,"item_purchase_floors":[],"current_hp_per_floor":[61,61,54,36,16,23,23,0,0],"gold":170,"neow_bonus":"THREE_ENEMY_KILL","is_daily":false,"chose_seed":false,"campfire_upgraded":0,"win_rate":0.0,"timestamp":1612710826,"path_taken":["M","M","?","?","?","E","M","E"],"items_purchased_type":[],"build_version":"2020-12-13","purchased_purges":0,"victory":false,"max_hp_per_floor":[68,68,68,68,68,75,75,75,75],"relic_stats":{"counters":[5,9],"Bird Faced Urn":[0],"obtain_stats":[{"NeowsBlessing":0,"Bird Faced Urn":4,"Strawberry":6,"PureWater":0},{"NeowsBlessing":0,"Bird Faced Urn":2,"Strawberry":3,"PureWater":0},{"NeowsBlessing":0,"Bird Faced Urn":2,"Strawberry":4,"PureWater":0}]},"card_choices":[{"not_picked":["Crescendo","EmptyBody"],"picked":"Wallop","floor":1},{"not_picked":["ForeignInfluence","Crescendo"],"picked":"EmptyFist","floor":2},{"not_picked":["JustLucky","CutThroughFate"],"picked":"Vault","floor":6},{"not_picked":["Protect","SashWhip"],"picked":"Consecrate","floor":7}],"player_experience":1560168,"relics_obtained":[{"floor":6,"key":"Strawberry"}],"event_choices":[{"cards_removed":["Strike_P"],"damage_healed":0,"gold_gain":0,"player_choice":"Card Removal","damage_taken":7,"max_hp_gain":0,"max_hp_loss":0,"event_name":"Golden Wing","floor":3,"gold_loss":0},{"damage_healed":0,"gold_gain":0,"player_choice":"Success","damage_taken":18,"relics_obtained":["Bird Faced Urn"],"max_hp_gain":0,"max_hp_loss":0,"event_name":"Scrap Ooze","floor":4,"gold_loss":0},{"damage_healed":0,"gold_gain":0,"player_choice":"Entered Light","damage_taken":20,"max_hp_gain":0,"max_hp_loss":0,"event_name":"Shining Light","floor":5,"gold_loss":0,"cards_upgraded":["Strike_P","Defend_P"]}],"is_beta":false,"boss_relics":[],"items_purged_floors":[],"is_endless":false,"potions_floor_spawned":[6],"killed_by":"Gremlin Nob","ascension_level":20}}