{"host":"wk46m6kgjezp23jj","time":1612655999,"event":{"mods":["AchievementEnabler","BaseMod","Beaked The Cultist","Bestiary","Colored Map","Colored Powertips","Downfall","Hermit","Minty Spire (QoL Compilation)","Replay The Spire","StSLib","The Bladedancer","The Construct","The Cursed"],"gold_per_floor":[116,128,128,27,27,52,52,62,62,88,88,102,19,39,39,140,140,158,158,158,7,7,7,7],"floor_reached":23,"language":"ENG","playtime":1645,"items_purged":[],"score":247,"play_id":"ad1a2a6c-1bf5-42c4-815e-622992776297","local_time":"20210206185959","is_ascension_mode":false,"campfire_choices":[{"data":"beaked:Ceremony","floor":15,"key":"SMITH"}],"circlet_count":0,"master_deck":["beaked:Strike_Y","beaked:Strike_Y","beaked:Strike_Y","beaked:Strike_Y","beaked:Strike_Y","beaked:Strike_Y","beaked:Defend_Y","beaked:Defend_Y","beaked:Defend_Y+1","beaked:Defend_Y","beaked:Ceremony+1","beaked:Ceremony","beaked:Ceremony+1","beaked:DigDeep","beaked:RitualOfBody","beaked:Insight","beaked:Daydream","beaked:Foresight","beaked:Windmill","beaked:Brace","beaked:Evade","Jack Of All Trades","beaked:MimicHuntress","beaked:MachineEssence","beaked:MimicWarrior"],"relics":["beaked:MendingPlumage","NeowsBlessing","Eternal Feather","Mirror","Replay:Winged Headress","construct:ClawGrip","Juzu Bracelet","Regal Pillow"],"acts_visited":["Exordium","TheCity"],"potions_floor_usage":[12,16,16,23,23],"damage_taken":[{"damage":0,"enemies":"Small Slimes","floor":1,"turns":1},{"damage":0,"enemies":"2 Louse","floor":2,"turns":2},{"damage":0,"enemies":"Gremlin Nob","floor":6,"turns":1},{"damage":24,"enemies":"Cultist","floor":8,"turns":6},{"damage":32,"enemies":"Lagavulin","floor":10,"turns":10},{"damage":13,"enemies":"2 Fungi Beasts","floor":12,"turns":6},{"damage":10,"enemies":"Looter","floor":14,"turns":4},{"damage":88,"enemies":"Fading Forest","floor":16,"turns":11},{"damage":25,"enemies":"Chosen","floor":18,"turns":9},{"damage":73,"enemies":"Slavers","floor":23,"turns":3}],"seed_played":"8519122032867731003","potions_obtained":[{"floor":1,"key":"Flashbang"},{"floor":8,"key":"Milkshake"},{"floor":10,"key":"Fruit Juice"},{"floor":14,"key":"Regen Potion"},{"floor":16,"key":"SteroidPotion"}],"is_trial":false,"path_per_floor":["M","M","?","$","?","E","?","M","T","E","?","M","$","M","R","B",null,"M","?","?","$","?","E"],"character_chosen":"BEAKED_THE_CULTIST","items_purchased":["beaked:Insight","beaked:Daydream","Jack Of All Trades","Juzu Bracelet"],"campfire_rested":0,"item_purchase_floors":[4,4,13,21],"current_hp_per_floor":[50,50,40,40,45,46,46,38,38,37,37,40,40,46,55,27,60,60,50,50,50,50,0,0],"gold":7,"neow_bonus":"THREE_ENEMY_KILL","is_daily":false,"chose_seed":false,"campfire_upgraded":1,"win_rate":0.0,"timestamp":1612655999,"path_taken":["M","M","?","$","?","E","?","M","T","E","?","M","?","?","R","BOSS","M","?","?","$","?","E"],"items_purchased_type":["Card","Card","Card","Relic"],"build_version":"2020-12-22","purchased_purges":0,"victory":false,"max_hp_per_floor":[50,50,50,50,55,55,55,55,55,55,55,55,55,55,55,60,60,60,65,65,65,65,65,65],"card_choices":[{"not_picked":["beaked:Roost","beaked:Cower"],"picked":"beaked:DigDeep","floor":1},{"not_picked":["beaked:FeelMyPain","beaked:VolatileMisfortune"],"picked":"beaked:RitualOfBody","floor":2},{"not_picked":["beaked:Resilience","beaked:SacrificialAttack"],"picked":"beaked:Foresight","floor":6},{"not_picked":["beaked:DesperateSwing","beaked:SacrificialDive"],"picked":"beaked:Windmill","floor":8},{"not_picked":["beaked:StunningBlow","beaked:Redirect"],"picked":"beaked:Brace","floor":10},{"not_picked":["beaked:SurvivalInstinct","beaked:Pecker"],"picked":"beaked:Evade","floor":12},{"not_picked":["beaked:Foresight","beaked:BounceBack"],"picked":"beaked:MimicHuntress","floor":14},{"not_picked":["ReplayTheSpireMod:Owlgaze","beaked:AwakenedForm"],"picked":"beaked:MachineEssence","floor":16},{"not_picked":["beaked:Devastation+1","beaked:Redirect"],"picked":"beaked:MimicWarrior","floor":18}],"player_experience":27471,"relics_obtained":[{"floor":6,"key":"Eternal Feather"},{"floor":9,"key":"Mirror"},{"floor":10,"key":"Replay:Winged Headress"}],"event_choices":[{"damage_healed":0,"gold_gain":0,"player_choice":"Entered Light","damage_taken":10,"max_hp_gain":0,"max_hp_loss":0,"event_name":"Shining Light","floor":3,"gold_loss":0,"cards_upgraded":["beaked:Ceremony","beaked:Defend_Y"]},{"damage_healed":0,"gold_gain":0,"player_choice":"Donut","damage_taken":0,"max_hp_gain":5,"max_hp_loss":0,"event_name":"Big Fish","floor":5,"gold_loss":0},{"damage_healed":0,"gold_gain":0,"player_choice":"Ignored","damage_taken":0,"max_hp_gain":0,"max_hp_loss":0,"event_name":"Golden Wing","floor":7,"gold_loss":0},{"damage_healed":0,"gold_gain":0,"player_choice":"Ignored","damage_taken":0,"max_hp_gain":0,"max_hp_loss":0,"event_name":"Liars Game","floor":11,"gold_loss":0},{"damage_healed":0,"gold_gain":0,"player_choice":"Shed Blood","damage_taken":15,"max_hp_gain":5,"max_hp_loss":0,"event_name":"Forgotten Altar","floor":19,"gold_loss":0}],"is_beta":false,"boss_relics":[{"not_picked":["Replay:Drink Me","Painkiller Herb"],"picked":"construct:ClawGrip"}],"items_purged_floors":[],"is_endless":false,"potions_floor_spawned":[1,8,10,14,16],"killed_by":"Slavers","ascension_level":0}}