{"host":"0kk91h4bq4kgfj0u","time":1612733834,"event":{"mods":["BaseMod","Bestiary","Block Reminder","Colored Map","Colored Powertips","Curses Come First","Highlight Path","Minty Spire (QoL Compilation)","Relic Stats","StSLib"],"gold_per_floor":[109,209,228,4,20,33,48,60,60,86,86,86,114,129,129,224,224,238,248,248,263,226,255,255,290,372,24,39,39,51,61,61,166,216,234,234,234,254,14,39,39,89,89,109,109,109,136,151,151,151,151],"floor_reached":50,"language":"ENG","playtime":2161,"items_purged":[],"score":828,"play_id":"d2ffe8f6-7f5a-455c-8452-9aeed7972984","local_time":"20210207163714","is_ascension_mode":true,"campfire_choices":[{"data":"Inflame","floor":12.0,"key":"SMITH"},{"floor":15.0,"key":"REST"},{"floor":24.0,"key":"REST"},{"floor":29.0,"key":"REST"},{"data":"Infernal Blade","floor":32.0,"key":"SMITH"},{"floor":41,"key":"REST"},{"data":"Shrug It Off","floor":46,"key":"SMITH"},{"floor":49,"key":"REST"}],"circlet_count":0,"master_deck":["Strike_R","Strike_R","Strike_R","Strike_R","Defend_R","Defend_R","Defend_R","Defend_R","Bash+1","Wild Strike","Iron Wave","Anger","Pommel Strike","Thunderclap","Perfected Strike","Anger","Bloodletting","Inflame+1","Clothesline","Shrug It Off+1","Infernal Blade+1","Feed","CurseOfTheBell","Seeing Red+1","Cleave+1","Flex","Armaments+1","Infernal Blade+1","Power Through+1","Uppercut","Rage","Rampage","Leap+1","Twin Strike+1","Bandage Up+1","White Noise+1","Heavy Blade","Iron Wave","Footwork+1","Infinite Blades+1","BattleHymn","Sucker Punch+1","Dagger Spray+1","Parasite","Heavy Blade+1","Poisoned Stab+1","Outmaneuver","Protect"],"relics":["Burning Blood","Bronze Scales","Blue Candle","Shuriken","Red Skull","Calling Bell","Bag of Marbles","Ornamental Fan","Prayer Wheel","CultistMask","Mummified Hand","Anchor","Eternal Feather","PrismaticShard","Tiny House","Bottled Tornado","Gremlin Horn","FossilizedHelix","Paper Frog","Ginger"],"acts_visited":["Exordium","TheCity","TheBeyond"],"potions_floor_usage":[33,33,40,47,48,50,50],"damage_taken":[{"damage":2.0,"enemies":"2 Louse","floor":1.0,"turns":4.0},{"damage":6.0,"enemies":"Cultist","floor":3.0,"turns":3.0},{"damage":7.0,"enemies":"Jaw Worm","floor":5.0,"turns":3.0},{"damage":11.0,"enemies":"3 Louse","floor":6.0,"turns":3.0},{"damage":0.0,"enemies":"Large Slime","floor":7.0,"turns":4.0},{"damage":11.0,"enemies":"Looter","floor":8.0,"turns":2.0},{"damage":25.0,"enemies":"Lagavulin","floor":10.0,"turns":5.0},{"damage":10.0,"enemies":"3 Sentries","floor":13.0,"turns":5.0},{"damage":17.0,"enemies":"Exordium Thugs","floor":14.0,"turns":2.0},{"damage":43.0,"enemies":"Hexaghost","floor":16.0,"turns":7.0},{"damage":4.0,"enemies":"Chosen","floor":18.0,"turns":4.0},{"damage":7.0,"enemies":"Spheric Guardian","floor":19.0,"turns":3.0},{"damage":29.0,"enemies":"Snake Plant","floor":21.0,"turns":3.0},{"damage":29.0,"enemies":"Book of Stabbing","floor":23.0,"turns":4.0},{"damage":28.0,"enemies":"Gremlin Leader","floor":25.0,"turns":5.0},{"damage":0.0,"enemies":"Centurion and Healer","floor":28.0,"turns":4.0},{"damage":16.0,"enemies":"3 Cultists","floor":30.0,"turns":5.0},{"damage":22.0,"enemies":"Cultist and Chosen","floor":31.0,"turns":6.0},{"damage":84,"enemies":"Collector","floor":33,"turns":10},{"damage":32,"enemies":"3 Darklings","floor":35,"turns":8},{"damage":8,"enemies":"3 Shapes","floor":38,"turns":4},{"damage":50,"enemies":"Giant Head","floor":40,"turns":7},{"damage":41,"enemies":"Mind Bloom Boss Battle","floor":42,"turns":4},{"damage":42,"enemies":"Writhing Mass","floor":44,"turns":7},{"damage":74,"enemies":"Nemesis","floor":47,"turns":7},{"damage":16,"enemies":"Sphere and 2 Shapes","floor":48,"turns":4},{"damage":101,"enemies":"Time Eater","floor":50,"turns":8}],"seed_played":"6997466548637302835","potions_obtained":[{"floor":1.0,"key":"EssenceOfSteel"},{"floor":5.0,"key":"DistilledChaos"},{"floor":13.0,"key":"AttackPotion"},{"floor":16.0,"key":"Weak Potion"},{"floor":21.0,"key":"Strength Potion"},{"floor":25.0,"key":"LiquidBronze"},{"floor":34,"key":"DuplicationPotion"},{"floor":38,"key":"BlessingOfTheForge"},{"floor":42,"key":"Dexterity Potion"},{"floor":44,"key":"SkillPotion"},{"floor":47,"key":"AttackPotion"}],"is_trial":false,"path_per_floor":["M","?","M","$","M","M","M","M","T","E","?","R","E","M","R","B",null,"M","M","?","M","$","E","R","E","T","$","M","R","M","M","R","B",null,"M","?","?","M","$","E","R","?","T","M","?","R","E","M","R","B"],"character_chosen":"IRONCLAD","items_purchased":["Bronze Scales","Anger","Pommel Strike","Uppercut","Fruit Juice","PrismaticShard","Block Potion","Rampage","Bottled Tornado"],"campfire_rested":5,"item_purchase_floors":[4,4,4,22,27,27,27,27,39],"current_hp_per_floor":[76,76,76,76,75,70,76,71,71,52,52,52,48,37,61,24,66,68,67,67,44,44,21,45,23,23,28,38,82,72,65,86,17,81,61,61,61,65,65,27,81,52,52,22,87,87,25,21,74,0,0],"gold":151,"neow_bonus":"UPGRADE_CARD","is_daily":false,"chose_seed":false,"campfire_upgraded":3,"win_rate":0.0,"timestamp":1612733834,"path_taken":["M","?","M","$","M","?","?","M","T","E","?","R","E","M","R","BOSS","M","M","?","M","$","E","R","E","T","$","M","R","?","?","R","BOSS","M","?","?","M","$","E","R","?","T","M","?","R","E","M","R","BOSS"],"items_purchased_type":["Relic","Card","Card","Card","Potion","Relic","Potion","Card","Relic"],"build_version":"2020-12-22","purchased_purges":0,"victory":false,"max_hp_per_floor":[80,80,80,80,80,80,80,80,80,80,80,80,80,80,80,80,80,80,80,80,80,80,80,80,80,80,85,89,89,89,92,92,95,100,100,100,100,100,100,100,100,100,100,100,87,87,87,87,87,87,87],"relic_stats":{"Gremlin Horn":[3,3],"counters":[27,131],"Shuriken":[43],"Ornamental Fan":[152],"Mummified Hand":[36],"Bronze Scales":[343],"Blue Candle":[0],"Prayer Wheel":10,"Eternal Feather":90,"Ginger":[1],"obtain_stats":[{"Tiny House":34,"Gremlin Horn":40,"Blue Candle":9,"Eternal Feather":26,"Ginger":47,"Bottled Tornado":39,"PrismaticShard":27,"Burning Blood":0,"Calling Bell":17,"Anchor":25,"Shuriken":10,"Ornamental Fan":17,"Mummified Hand":23,"Bronze Scales":4,"Prayer Wheel":17,"CultistMask":20,"Bag of Marbles":17,"Red Skull":13,"FossilizedHelix":42,"Paper Frog":43},{"Tiny House":19,"Gremlin Horn":22,"Blue Candle":6,"Eternal Feather":15,"Ginger":25,"Bottled Tornado":21,"PrismaticShard":15,"Burning Blood":0,"Calling Bell":10,"Anchor":15,"Shuriken":7,"Ornamental Fan":10,"Mummified Hand":14,"Bronze Scales":2,"Prayer Wheel":10,"CultistMask":12,"Bag of Marbles":10,"Red Skull":8,"FossilizedHelix":23,"Paper Frog":23},{"Tiny House":82,"Gremlin Horn":101,"Blue Candle":19,"Eternal Feather":57,"Ginger":119,"Bottled Tornado":94,"PrismaticShard":57,"Burning Blood":0,"Calling Bell":38,"Anchor":57,"Shuriken":24,"Ornamental Fan":38,"Mummified Hand":52,"Bronze Scales":7,"Prayer Wheel":38,"CultistMask":45,"Bag of Marbles":38,"Red Skull":29,"FossilizedHelix":105,"Paper Frog":105}],"Burning Blood":156},"card_choices":[{"not_picked":["Burning Pact","Feel No Pain"],"picked":"Wild Strike","floor":1.0},{"not_picked":["Perfected Strike","Wild Strike"],"picked":"Iron Wave","floor":3.0},{"not_picked":["Disarm","Sever Soul"],"picked":"Thunderclap","floor":5.0},{"not_picked":["Havoc","Thunderclap"],"picked":"Perfected Strike","floor":6.0},{"not_picked":["Sword Boomerang","Clash"],"picked":"Anger","floor":7.0},{"not_picked":["Feel No Pain","Burning Pact"],"picked":"Bloodletting","floor":8.0},{"not_picked":["Havoc","Iron Wave"],"picked":"Inflame","floor":10.0},{"not_picked":["Ghostly Armor","Clash"],"picked":"Shrug It Off","floor":13.0},{"not_picked":["Warcry","Iron Wave"],"picked":"Infernal Blade","floor":14.0},{"not_picked":["Immolate","Barricade"],"picked":"Feed","floor":16.0},{"not_picked":["Clothesline","Combust+1"],"picked":"Seeing Red+1","floor":18.0},{"not_picked":["Combust","Infernal Blade"],"picked":"Cleave","floor":18.0},{"not_picked":["Carnage","Anger"],"picked":"Flex","floor":19.0},{"not_picked":["Metallicize","Twin Strike"],"picked":"Armaments+1","floor":19.0},{"not_picked":["Cleave","Wild Strike"],"picked":"Infernal Blade+1","floor":21.0},{"not_picked":["Barricade","Armaments"],"picked":"Power Through+1","floor":21.0},{"not_picked":["Clothesline","Twin Strike"],"picked":"Rage","floor":23.0},{"not_picked":["Dark Embrace","Searing Blow","Blood for Blood+1"],"picked":"SKIP","floor":25.0},{"not_picked":["Heel Hook","Clothesline"],"picked":"Leap+1","floor":28.0},{"not_picked":["Perfected Strike","Thunderclap"],"picked":"Twin Strike+1","floor":28.0},{"not_picked":["Acrobatics","Shockwave"],"picked":"Bandage Up+1","floor":30.0},{"not_picked":["Halt","Stack"],"picked":"White Noise+1","floor":30.0},{"not_picked":["Masterful Stab+1","Cleave"],"picked":"Heavy Blade","floor":31.0},{"not_picked":["Anger","Indignation","Eviscerate"],"picked":"SKIP","floor":31.0},{"not_picked":["Berserk","Wraith Form v2"],"picked":"After Image","floor":33},{"not_picked":["Armaments+1","Bane+1"],"picked":"Iron Wave","floor":34},{"not_picked":["Recycle","SashWhip"],"picked":"Footwork+1","floor":35},{"not_picked":["Finisher+1","Warcry+1"],"picked":"Infinite Blades+1","floor":35},{"not_picked":["Skewer+1","Clash"],"picked":"BattleHymn","floor":38},{"not_picked":["PathToVictory","EmptyFist","FlyingSleeves"],"picked":"SKIP","floor":38},{"not_picked":["Dark Embrace+1","Concentrate+1"],"picked":"Sucker Punch+1","floor":40},{"not_picked":["Wraith Form v2","Perfected Strike"],"picked":"Dagger Spray+1","floor":42},{"not_picked":["Steam Power+1","Headbutt"],"picked":"Heavy Blade+1","floor":44},{"not_picked":["Purity","Sever Soul+1","FlurryOfBlows+1"],"picked":"SKIP","floor":44},{"not_picked":["Flex","True Grit+1"],"picked":"Poisoned Stab+1","floor":47},{"not_picked":["Judgement","FlyingSleeves+1"],"picked":"Outmaneuver","floor":48},{"not_picked":["Prepared+1","Sword Boomerang"],"picked":"Protect","floor":48}],"player_experience":858829,"relics_obtained":[{"floor":9.0,"key":"Blue Candle"},{"floor":10.0,"key":"Shuriken"},{"floor":13.0,"key":"Red Skull"},{"floor":17.0,"key":"Bag of Marbles"},{"floor":17.0,"key":"Ornamental Fan"},{"floor":17.0,"key":"Prayer Wheel"},{"floor":23.0,"key":"Mummified Hand"},{"floor":25.0,"key":"Anchor"},{"floor":26.0,"key":"Eternal Feather"},{"floor":40,"key":"Gremlin Horn"},{"floor":42,"key":"FossilizedHelix"},{"floor":43,"key":"Paper Frog"},{"floor":47,"key":"Ginger"}],"event_choices":[{"damage_healed":0.0,"max_hp_gain":0.0,"max_hp_loss":0.0,"gold_gain":100.0,"event_name":"Wheel of Change","player_choice":"Gold","floor":2.0,"gold_loss":0.0,"damage_taken":0.0},{"damage_healed":0.0,"max_hp_gain":0.0,"max_hp_loss":0.0,"gold_gain":0.0,"cards_transformed":["Strike_R"],"event_name":"Transmorgrifier","player_choice":"Transformed","floor":11.0,"gold_loss":0.0,"damage_taken":0.0,"cards_obtained":["Clothesline"]},{"damage_healed":0.0,"max_hp_gain":0.0,"max_hp_loss":0.0,"gold_gain":0.0,"event_name":"FaceTrader","player_choice":"Trade","floor":20.0,"gold_loss":0.0,"damage_taken":0.0,"relics_obtained":["CultistMask"]},{"cards_removed":["After Image"],"damage_healed":0,"gold_gain":0,"player_choice":"Removed Power","damage_taken":0,"max_hp_gain":0,"max_hp_loss":0,"event_name":"Falling","floor":36,"gold_loss":0},{"damage_healed":0,"gold_gain":0,"player_choice":"Ignored","damage_taken":0,"max_hp_gain":0,"max_hp_loss":0,"event_name":"Tomb of Lord Red Mask","floor":37,"gold_loss":0},{"damage_healed":0,"gold_gain":0,"player_choice":"Fight","damage_taken":0,"max_hp_gain":0,"max_hp_loss":0,"event_name":"MindBloom","floor":42,"gold_loss":0},{"damage_healed":87,"gold_gain":0,"player_choice":"Heal","damage_taken":0,"max_hp_gain":0,"max_hp_loss":13,"event_name":"The Moai Head","floor":45,"gold_loss":0}],"is_beta":false,"boss_relics":[{"not_picked":["SlaversCollar","Coffee Dripper"],"picked":"Calling Bell"},{"not_picked":["Philosopher\u0027s Stone","Fusion Hammer"],"picked":"Tiny House"}],"items_purged_floors":[],"is_endless":false,"potions_floor_spawned":[1,5,13,16,21,25,28,30,38,42,44,47],"killed_by":"Time Eater","ascension_level":9}}