{"host":"mo324zvkdr1xwprd","time":1612722765,"event":{"mods":["BaseMod","Better Note","BetterRewards","Hermit","Highlight Path","Hubris","Minty Spire (QoL Compilation)","Quick Restart","Rare Cards Sparkle","Shop Mod","StSLib","The Cursed","The Hierophant"],"gold_per_floor":[115,9,25,39,52,82,100,100,127,127,153,206,241,255,255,329,329,345,345,345,15,35,69,69,95,95,95,112,112,131,156,156,228,228,248,268,168,187,187,219,219,254,254,254,254,270,270,295,295,295,295,295,13,42,42],"floor_reached":56,"language":"ENG","playtime":4563,"items_purged":[],"score":3445,"play_id":"4ede2b99-38de-4e4c-bb9a-960021e05110","local_time":"20210207183245","is_ascension_mode":true,"campfire_choices":[{"floor":8.0,"key":"RECALL"},{"floor":10.0,"key":"REST"},{"data":"TheCursedMod:Hemoplague","floor":15.0,"key":"SMITH"},{"data":"TheCursedMod:HellsGateOpen","floor":24.0,"key":"SMITH"},{"data":"TheCursedMod:StingEye","floor":27.0,"key":"SMITH"},{"data":"Secret Weapon","floor":29.0,"key":"SMITH"},{"data":"TheCursedMod:SurpriseAttack","floor":32.0,"key":"SMITH"},{"data":"TheCursedMod:SoulReap","floor":41,"key":"SMITH"},{"data":"TheCursedMod:DemonicPact","floor":45,"key":"SMITH"},{"data":"TheCursedMod:SpitefulPlan","floor":47,"key":"SMITH"},{"data":"TheCursedMod:CursedBoomerang","floor":49,"key":"SMITH"},{"data":"TheCursedMod:TacticalStrike","floor":52,"key":"SMITH"}],"circlet_count":0,"master_deck":["AscendersBane","TheCursedMod:Strike_TheCursed","TheCursedMod:Strike_TheCursed","TheCursedMod:Strike_TheCursed","TheCursedMod:Strike_TheCursed","TheCursedMod:Defend_TheCursed","TheCursedMod:Defend_TheCursed","TheCursedMod:Defend_TheCursed","TheCursedMod:Defend_TheCursed","TheCursedMod:CursedWand","TheCursedMod:CleanUpWorkshop","TheCursedMod:Dregs","TheCursedMod:SurpriseAttack","TheCursedMod:RapidMovement","TheCursedMod:Stretching","hubris:Despair","Secret Weapon+1","TheCursedMod:TacticalStrike+1","TheCursedMod:HellsGateOpen+1","TheCursedMod:CursedStaff","TheCursedMod:SmokeScreen+1","TheCursedMod:WearCloak+1","TheCursedMod:CursedBoomerang+1","Bandage Up+1","TheCursedMod:StingEye+1","TheCursedMod:WearCloak+1","TheCursedMod:Stretching+1","TheCursedMod:CircleOfCorruption+1","TheCursedMod:TroublousMinions+1","TheCursedMod:CursedMace","TheCursedMod:Grudge+1","TheCursedMod:CircleOfBlood+1","TheCursedMod:CursedAmulet+1","TheCursedMod:Hemoplague+1","TheCursedMod:SurpriseAttack+1","TheCursedMod:NeowsMight+1","TheCursedMod:TroublousMinions+1","Shame","TheCursedMod:Wield","TheCursedMod:SpitefulPlan+1","TheCursedMod:CursedShiv","TheCursedMod:ReleasedStrength+1","TheCursedMod:SmokeScreen+1","TheCursedMod:CursedSpellbook+1","TheCursedMod:DarkBarrier+1","TheCursedMod:FuryStrike","TheCursedMod:DemonicPact+1","CurseOfTheBell","TheCursedMod:SoulReap+1","TheCursedMod:SurpriseAttack","TheCursedMod:AntiAging+1","TheCursedMod:Stretching+1","TheCursedMod:SpitefulStrike+1","TheCursedMod:SpitefulPlan+1","TheCursedMod:CursedSpellbook+1","TheCursedMod:Torture+1","Secret Weapon+1","TheCursedMod:SoulCrush","TheCursedMod:RapidMovement+1"],"relics":["TheCursedMod:BlackMagic101","hubris:OldNail","hubris:EmptyBottle","Toxic Egg 2","hubris:CuriousFeather","Nunchaku","Gambling Chip","Letter Opener","hubris:Backtick","Ice Cream","Bag of Marbles","MerchantsRug","Vajra","hubris:Spice","hubris:PeanutButter","HornCleat","Calling Bell","Bronze Scales","Eternal Feather","Oddly Smooth Stone","Pear","hubris:Towel","Bottled Tornado"],"acts_visited":["Exordium","TheCity","TheBeyond","TheEnding"],"potions_floor_usage":[50,50,55,55],"damage_taken":[{"damage":0.0,"enemies":"Cultist","floor":1.0,"turns":2.0},{"damage":6.0,"enemies":"2 Louse","floor":3.0,"turns":4.0},{"damage":0.0,"enemies":"Jaw Worm","floor":4.0,"turns":3.0},{"damage":0.0,"enemies":"2 Fungi Beasts","floor":5.0,"turns":4.0},{"damage":0.0,"enemies":"Gremlin Nob","floor":6.0,"turns":3.0},{"damage":0.0,"enemies":"Exordium Wildlife","floor":7.0,"turns":4.0},{"damage":0.0,"enemies":"3 Sentries","floor":11.0,"turns":4.0},{"damage":3.0,"enemies":"Lagavulin","floor":13.0,"turns":5.0},{"damage":0.0,"enemies":"Large Slime","floor":14.0,"turns":3.0},{"damage":0.0,"enemies":"Slime Boss","floor":16.0,"turns":6.0},{"damage":3.0,"enemies":"Chosen","floor":18.0,"turns":3.0},{"damage":0.0,"enemies":"2 Thieves","floor":22.0,"turns":4.0},{"damage":5.0,"enemies":"Gremlin Leader","floor":23.0,"turns":3.0},{"damage":6.0,"enemies":"Book of Stabbing","floor":25.0,"turns":3.0},{"damage":0.0,"enemies":"Shelled Parasite and Fungi","floor":28.0,"turns":4.0},{"damage":0.0,"enemies":"Snake Plant","floor":30.0,"turns":2.0},{"damage":0.0,"enemies":"Gremlin Leader","floor":31.0,"turns":4.0},{"damage":0.0,"enemies":"Collector","floor":33.0,"turns":6.0},{"damage":0,"enemies":"3 Shapes","floor":35,"turns":2},{"damage":0,"enemies":"Orb Walker","floor":36,"turns":1},{"damage":0,"enemies":"Maw","floor":38,"turns":4},{"damage":0,"enemies":"Giant Head","floor":40,"turns":4},{"damage":0,"enemies":"Reptomancer","floor":42,"turns":1},{"damage":0,"enemies":"Writhing Mass","floor":46,"turns":3},{"damage":0,"enemies":"Giant Head","floor":48,"turns":4},{"damage":4,"enemies":"hubris:GrandSnecko","floor":50,"turns":4},{"damage":0,"enemies":"Shield and Spear","floor":54,"turns":3},{"damage":47,"enemies":"The Heart","floor":55,"turns":6}],"seed_played":"8774077899951710719","potions_obtained":[{"floor":4.0,"key":"SteroidPotion"},{"floor":7.0,"key":"EssenceOfSteel"},{"floor":16.0,"key":"GamblersBrew"},{"floor":23.0,"key":"Explosive Potion"},{"floor":33.0,"key":"ColorlessPotion"}],"is_trial":false,"path_per_floor":["M","$","M","M","M","E","M","R","T","R","E","?","E","M","R","B",null,"M","?","?","$","M","E","R","E","T","R","M","R","M","E","R","B",null,"M","M","NS","M","?","E","R","E","T","?","R","M","R","E","R","B",null,"R","$","E","B",null],"character_chosen":"THE_CURSED","items_purchased":["hubris:OldNail","hubris:EmptyBottle","TheCursedMod:SurpriseAttack","TheCursedMod:RapidMovement","TheCursedMod:HellsGateOpen","Toxic Egg 2","TheCursedMod:CursedStaff","TheCursedMod:SmokeScreen+1","TheCursedMod:WearCloak+1","TheCursedMod:CursedBoomerang","Bandage Up+1","TheCursedMod:StingEye","TheCursedMod:WearCloak+1","TheCursedMod:Stretching+1","FairyPotion","MerchantsRug","Fruit Juice","Vajra","TheCursedMod:Wield","TheCursedMod:SpitefulPlan","LiquidBronze","TheCursedMod:CursedSpellbook+1","TheCursedMod:Torture+1","Secret Weapon+1","TheCursedMod:SoulCrush"],"campfire_rested":1,"item_purchase_floors":[0,0,0,0,0,0,0,0,0,0,0,0,0,0,2,21,21,21,21,21,53,53,53,53,53],"current_hp_per_floor":[28,28,28,28,34,40,46,46,46,67,71,71,71,71,71,71,71,68,68,68,78,81,84,84,86,86,86,89,89,89,89,89,89,89,89,89,89,89,89,89,89,92,102,102,102,102,102,102,102,101,104,105,105,113,94],"gold":42,"neow_bonus":"","is_daily":false,"chose_seed":false,"campfire_upgraded":10,"win_rate":0.0,"timestamp":1612722765,"path_taken":["M","$","?","M","M","E","M","R","T","R","E","?","E","M","R","BOSS","M","?","?","?","M","E","R","E","T","R","M","R","M","E","R","BOSS","M","M","NS","M","?","E","R","E","T","?","R","M","R","E","R","BOSS","R","$","E","BOSS"],"items_purchased_type":["Relic","Relic","Card","Card","Card","Relic","Card","Card","Card","Card","Card","Card","Card","Card","Potion","Relic","Potion","Relic","Card","Card","Potion","Card","Card","Card","Card"],"build_version":"2020-12-22","purchased_purges":0,"victory":true,"max_hp_per_floor":[71,71,71,71,71,71,71,71,71,71,71,71,71,71,71,71,71,71,71,71,81,81,89,89,89,89,89,89,89,89,89,89,89,89,89,89,89,89,89,89,89,92,102,102,102,102,102,102,102,105,105,105,105,113,113],"card_choices":[{"not_picked":["TheCursedMod:Stigma","TheCursedMod:CursedAmulet+1"],"picked":"TheCursedMod:CircleOfCorruption+1","floor":1.0},{"not_picked":["TheCursedMod:SmokeScreen+1","TheCursedMod:Stigma"],"picked":"TheCursedMod:TroublousMinions+1","floor":3.0},{"not_picked":["TheCursedMod:FleshFromBone+1","TheCursedMod:RavingStaff"],"picked":"TheCursedMod:CursedMace","floor":4.0},{"not_picked":["TheCursedMod:Stigma","TheCursedMod:CursedBoomerang"],"picked":"TheCursedMod:Grudge+1","floor":5.0},{"not_picked":["TheCursedMod:StunningStrike","TheCursedMod:CircleOfFlame+1"],"picked":"TheCursedMod:CircleOfBlood+1","floor":6.0},{"not_picked":["TheCursedMod:PrepareRite+1","TheCursedMod:CursedShiv"],"picked":"TheCursedMod:CursedAmulet+1","floor":7.0},{"not_picked":["TheCursedMod:SaltUponWound+1","TheCursedMod:ManaBullet"],"picked":"TheCursedMod:Hemoplague","floor":11.0},{"not_picked":["TheCursedMod:LuckyCharm","TheCursedMod:CursedMace"],"picked":"TheCursedMod:SurpriseAttack","floor":13.0},{"not_picked":["TheCursedMod:Stretching+1","TheCursedMod:FleshFromBone+1"],"picked":"TheCursedMod:Torture+1","floor":14.0},{"not_picked":["TheCursedMod:CursedRelics","TheCursedMod:ShockAndAwe"],"picked":"TheCursedMod:NeowsMight+1","floor":16.0},{"not_picked":["TheCursedMod:HellfireBreathing","TheCursedMod:EmpowerCircles"],"picked":"TheCursedMod:TroublousMinions+1","floor":18.0},{"not_picked":["TheCursedMod:SpitefulStrike","TheCursedMod:StingEye"],"picked":"TheCursedMod:CursedShiv","floor":22.0},{"not_picked":["TheCursedMod:Stretching+1","TheCursedMod:Stigma"],"picked":"TheCursedMod:ReleasedStrength+1","floor":23.0},{"not_picked":["TheCursedMod:Stretching+1","TheCursedMod:CursedMace"],"picked":"TheCursedMod:SmokeScreen+1","floor":25.0},{"not_picked":["TheCursedMod:Stigma","TheCursedMod:RapidMovement+1"],"picked":"TheCursedMod:CursedSpellbook+1","floor":28.0},{"not_picked":["TheCursedMod:TacticalStrike","TheCursedMod:CursedShiv"],"picked":"TheCursedMod:DarkBarrier+1","floor":30.0},{"not_picked":["TheCursedMod:VitalStrike","TheCursedMod:RavingStaff"],"picked":"TheCursedMod:FuryStrike","floor":31.0},{"not_picked":["TheCursedMod:CircleOfAbyss+1","TheCursedMod:StunningStrike"],"picked":"TheCursedMod:DemonicPact","floor":33.0},{"not_picked":["TheCursedMod:Obscuration+1","TheCursedMod:RapidMovement+1"],"picked":"TheCursedMod:SoulReap","floor":35},{"not_picked":["TheCursedMod:Stigma","TheCursedMod:Obscuration+1"],"picked":"TheCursedMod:CursedSpellbook+1","floor":36},{"not_picked":["TheCursedMod:Obscuration+1","TheCursedMod:VitalStrike"],"picked":"TheCursedMod:SurpriseAttack","floor":38},{"not_picked":["TheCursedMod:Stretching+1","TheCursedMod:CursedArmor+1"],"picked":"TheCursedMod:AntiAging+1","floor":40},{"not_picked":["TheCursedMod:HellsGateOpen","TheCursedMod:PrepareRite+1"],"picked":"TheCursedMod:Stretching+1","floor":42},{"not_picked":["TheCursedMod:Torture+1","TheCursedMod:BloodBarrier+1"],"picked":"TheCursedMod:SpitefulStrike+1","floor":46},{"not_picked":["TheCursedMod:ManaBullet","TheCursedMod:Stigma"],"picked":"TheCursedMod:SpitefulPlan+1","floor":48},{"not_picked":["TheCursedMod:CursedAmulet+1","TheCursedMod:Stigma"],"picked":"TheCursedMod:RapidMovement+1","floor":54}],"player_experience":516899,"relics_obtained":[{"floor":6.0,"key":"Nunchaku"},{"floor":11.0,"key":"Gambling Chip"},{"floor":13.0,"key":"Letter Opener"},{"floor":23.0,"key":"hubris:Spice"},{"floor":25.0,"key":"hubris:TenFootPole"},{"floor":26.0,"key":"hubris:PeanutButter"},{"floor":31.0,"key":"HornCleat"},{"floor":34.0,"key":"Bronze Scales"},{"floor":34.0,"key":"Blue Candle"},{"floor":34.0,"key":"hubris:Zylophone"},{"floor":40,"key":"Eternal Feather"},{"floor":42,"key":"Oddly Smooth Stone"},{"floor":43,"key":"Pear"},{"floor":48,"key":"Bottled Tornado"},{"floor":54,"key":"hubris:Spice"}],"event_choices":[{"damage_healed":0.0,"max_hp_gain":0.0,"max_hp_loss":0.0,"gold_gain":53.0,"event_name":"Golden Wing","player_choice":"Gained Gold","floor":12.0,"gold_loss":0.0,"damage_taken":0.0},{"damage_healed":0.0,"max_hp_gain":0.0,"max_hp_loss":0.0,"gold_gain":0.0,"event_name":"Addict","player_choice":"Stole Relic","floor":19.0,"gold_loss":0.0,"damage_taken":0.0,"relics_obtained":["Bag of Marbles"],"cards_obtained":["Shame"]},{"damage_healed":0.0,"max_hp_gain":0.0,"max_hp_loss":0.0,"gold_gain":0.0,"event_name":"Vampires","player_choice":"Ignored","floor":20.0,"gold_loss":0.0,"damage_taken":0.0},{"damage_healed":0,"gold_gain":0,"player_choice":"Ignored","damage_taken":0,"max_hp_gain":0,"max_hp_loss":0,"event_name":"Tomb of Lord Red Mask","floor":39,"gold_loss":0}],"is_beta":false,"boss_relics":[{"not_picked":["hubris:HollowSoul","Tiny House"],"picked":"hubris:Backtick"},{"not_picked":["hubris:Stopwatch","hubris:RunicObelisk"],"picked":"Calling Bell"}],"items_purged_floors":[],"is_endless":false,"potions_floor_spawned":[4,7,16,23,33,36,38,40,42,48],"ascension_level":18}}