{"host":"aaqofma31c3gm2hj","time":1612695184,"event":{"mods":["BaseMod","GungeonMod","Minty Spire (QoL Compilation)","Replay The Spire","Spicy Shops","StSLib"],"gold_per_floor":[113,113,113,123,13,13,48,62,94,94,94,107,32,51,51,79,79,79,79],"floor_reached":18,"language":"ZHS","playtime":316,"items_purged":["Shame"],"score":360,"play_id":"b3f81149-787b-490c-9af3-ef24e80a602b","local_time":"20210207185304","is_ascension_mode":true,"campfire_choices":[{"data":"Eruption","floor":6.0,"key":"SMITH"},{"data":"SandsOfTime","floor":17,"key":"SMITH"}],"circlet_count":0,"master_deck":["AscendersBane","Strike_P","Strike_P","Strike_P","Strike_P","Defend_P","Defend_P","Defend_P","Eruption+1","Vigilance","SandsOfTime+1","FearNoEvil","Adaptation"],"relics":["PureWater","NeowsBlessing","Golden Egg","HornCleat","Replay:Wax Seal","Singing Bowl","Kunai","Divine Protection"],"acts_visited":["Exordium"],"potions_floor_usage":[12],"damage_taken":[{"damage":0.0,"enemies":"Cultist","floor":1.0,"turns":1.0},{"damage":0.0,"enemies":"Jaw Worm","floor":4.0,"turns":1.0},{"damage":0.0,"enemies":"3 Sentries","floor":7.0,"turns":2.0},{"damage":1.0,"enemies":"Small Slimes","floor":8.0,"turns":3.0},{"damage":0.0,"enemies":"Lagavulin","floor":9.0,"turns":4.0},{"damage":24,"enemies":"Exordium Thugs","floor":12,"turns":5},{"damage":0,"enemies":"2 Fungi Beasts","floor":14,"turns":3},{"damage":17,"enemies":"3 Sentries","floor":16,"turns":10},{"damage":0,"enemies":"Fading Forest","floor":18,"turns":2}],"seed_played":"1860699937035761047","potions_obtained":[{"floor":7.0,"key":"AttackPotion"},{"floor":9.0,"key":"SpeedPotion"},{"floor":14,"key":"AttackPotion"}],"is_trial":false,"path_per_floor":["M","?","?","M","$","R","E","M","E","T","T","M","$","M","$","E","R","B"],"character_chosen":"WATCHER","items_purchased":["Golden Egg"],"campfire_rested":0,"item_purchase_floors":[5],"current_hp_per_floor":[61,61,61,61,61,61,61,60,60,60,60,38,38,40,40,23,23,23,23],"gold":79,"neow_bonus":"THREE_ENEMY_KILL","is_daily":false,"chose_seed":false,"campfire_upgraded":2,"win_rate":0.0,"timestamp":1612695184,"path_taken":["M","?","?","?","?","R","E","M","E","T","T","M","$","?","$","E","R","BOSS"],"items_purchased_type":["Relic"],"build_version":"2020-12-22","purchased_purges":1,"victory":false,"max_hp_per_floor":[68,68,68,68,68,68,68,68,68,68,68,70,70,72,72,72,72,72,72],"card_choices":[{"not_picked":["SashWhip","Replay:DivineShield","EmptyFist"],"picked":"SKIP","floor":1.0},{"not_picked":["FlurryOfBlows","EmptyBody"],"picked":"SandsOfTime","floor":4.0},{"not_picked":["BattleHymn","ClearTheMind"],"picked":"FearNoEvil","floor":7.0},{"not_picked":["SashWhip","Consecrate","Replay:BluntJabs"],"picked":"SKIP","floor":8.0},{"not_picked":["Replay:Vibes","Consecrate","FearNoEvil"],"picked":"SKIP","floor":9.0},{"not_picked":["Replay:DivineShield","Alpha","Crescendo"],"picked":"Singing Bowl","floor":12},{"not_picked":["EmptyMind","ThirdEye","Vengeance"],"picked":"Singing Bowl","floor":14},{"not_picked":["DeceiveReality","Halt"],"picked":"Adaptation","floor":16}],"player_experience":657290,"relics_obtained":[{"floor":7.0,"key":"HornCleat"},{"floor":9.0,"key":"Replay:Wax Seal"},{"floor":10.0,"key":"Singing Bowl"},{"floor":11.0,"key":"Kunai"},{"floor":16,"key":"Divine Protection"}],"event_choices":[{"cards_removed":["Defend_P"],"damage_healed":0.0,"max_hp_gain":0.0,"max_hp_loss":0.0,"gold_gain":0.0,"event_name":"Purifier","player_choice":"Purged","floor":3.0,"gold_loss":0.0,"damage_taken":0.0}],"is_beta":false,"boss_relics":[],"items_purged_floors":[13],"is_endless":false,"potions_floor_spawned":[7,9,14],"killed_by":"Fading Forest","ascension_level":20}}