{"host":"epc8efk9vrywpcsw","time":1612723581,"event":{"mods":["BaseMod","Minty Spire (QoL Compilation)","Relic Stats","StSLib"],"gold_per_floor":[117,117,137,107,107,107,124,149,149,181,181,191,33,50,50,50,50],"floor_reached":16,"language":"ENG","playtime":576,"items_purged":[],"score":270,"play_id":"4ed85f19-591a-4ee3-9c18-34c3557d2c0b","local_time":"20210207194621","is_ascension_mode":true,"campfire_choices":[{"data":"Magnetism","floor":6.0,"key":"SMITH"},{"data":"Bash","floor":15.0,"key":"SMITH"}],"circlet_count":0,"master_deck":["AscendersBane","Strike_R","Strike_R","Strike_R","Strike_R","Defend_R","Defend_R","Defend_R","Defend_R","Bash+1","Magnetism+1","Pommel Strike","Pommel Strike","Offering","Feel No Pain"],"relics":["Burning Blood","Bottled Flame","Molten Egg 2","Oddly Smooth Stone","Happy Flower","Lee\u0027s Waffle"],"acts_visited":["Exordium"],"potions_floor_usage":[16,16],"damage_taken":[{"damage":14.0,"enemies":"Jaw Worm","floor":1.0,"turns":4.0},{"damage":1.0,"enemies":"Cultist","floor":3.0,"turns":3.0},{"damage":7.0,"enemies":"Small Slimes","floor":7.0,"turns":3.0},{"damage":31.0,"enemies":"3 Sentries","floor":8.0,"turns":6.0},{"damage":6.0,"enemies":"Gremlin Nob","floor":10.0,"turns":2.0},{"damage":11.0,"enemies":"Gremlin Gang","floor":12.0,"turns":5.0},{"damage":6.0,"enemies":"Exordium Thugs","floor":14.0,"turns":4.0},{"damage":85,"enemies":"Slime Boss","floor":16,"turns":11}],"seed_played":"2307014688957532970","potions_obtained":[{"floor":4.0,"key":"Fire Potion"},{"floor":4.0,"key":"GamblersBrew"},{"floor":7.0,"key":"AttackPotion"},{"floor":10.0,"key":"LiquidMemories"},{"floor":14.0,"key":"Energy Potion"}],"is_trial":false,"path_per_floor":["M","?","M","?","$","R","M","E","T","E","T","M","$","M","R","B"],"character_chosen":"IRONCLAD","items_purchased":["Lee\u0027s Waffle"],"campfire_rested":0,"item_purchase_floors":[13],"current_hp_per_floor":[42,42,47,47,47,47,46,21,21,21,21,16,82,82,82,0,0],"gold":50,"neow_bonus":"RANDOM_COLORLESS_2","is_daily":false,"chose_seed":false,"campfire_upgraded":2,"win_rate":0.0,"timestamp":1612723581,"path_taken":["M","?","?","?","$","R","?","E","T","E","?","?","?","M","R","BOSS"],"items_purchased_type":["Relic"],"build_version":"2020-12-22","purchased_purges":0,"victory":false,"max_hp_per_floor":[75,75,75,75,75,75,75,75,75,75,75,75,82,82,82,82,82],"relic_stats":{"Lee\u0027s Waffle":66,"Happy Flower":[6],"counters":[8,38],"obtain_stats":[{"Bottled Flame":8,"Lee\u0027s Waffle":13,"Happy Flower":11,"Oddly Smooth Stone":10,"Molten Egg 2":9,"Burning Blood":0},{"Bottled Flame":4,"Lee\u0027s Waffle":6,"Happy Flower":5,"Oddly Smooth Stone":5,"Molten Egg 2":4,"Burning Blood":0},{"Bottled Flame":16,"Lee\u0027s Waffle":23,"Happy Flower":18,"Oddly Smooth Stone":18,"Molten Egg 2":16,"Burning Blood":0}],"Burning Blood":42},"card_choices":[{"not_picked":["Mayhem","Secret Weapon"],"picked":"Magnetism","floor":0.0},{"not_picked":["Thunderclap","Headbutt"],"picked":"Pommel Strike","floor":1.0},{"not_picked":["Searing Blow","Cleave"],"picked":"Pommel Strike","floor":3.0},{"not_picked":["Armaments","Shockwave"],"picked":"Offering","floor":7.0},{"not_picked":["Dual Wield","Iron Wave","Body Slam"],"picked":"SKIP","floor":8.0},{"not_picked":["Warcry","True Grit"],"picked":"Feel No Pain","floor":10.0},{"not_picked":["Dark Embrace","Spot Weakness","Clash+1"],"picked":"SKIP","floor":12.0},{"not_picked":["Clash+1","Flex","Bloodletting"],"picked":"SKIP","floor":14.0}],"player_experience":495433,"relics_obtained":[{"floor":8.0,"key":"Bottled Flame"},{"floor":9.0,"key":"Molten Egg 2"},{"floor":10.0,"key":"Oddly Smooth Stone"},{"floor":11.0,"key":"Happy Flower"}],"event_choices":[{"cards_removed":["Strike_R"],"damage_healed":0.0,"max_hp_gain":0.0,"max_hp_loss":0.0,"gold_gain":0.0,"event_name":"Bonfire Elementals","player_choice":"Offered Basic","floor":2.0,"gold_loss":0.0,"damage_taken":0.0},{"damage_healed":0.0,"max_hp_gain":0.0,"max_hp_loss":0.0,"gold_gain":0.0,"event_name":"The Woman in Blue","player_choice":"Bought 2 Potions","floor":4.0,"gold_loss":0.0,"damage_taken":0.0}],"is_beta":false,"boss_relics":[],"items_purged_floors":[],"is_endless":false,"potions_floor_spawned":[7,10,14],"killed_by":"Slime Boss","ascension_level":20}}