{"host":"640uue19m79c7wbt","time":1612736450,"event":{"mods":["BaseMod","Colored Map","Googly Eyes","Highlight Path","Minty Spire (QoL Compilation)","Quick Restart","StSLib"],"gold_per_floor":[115,130,130,280,280,311,311,340,340,355,355,315,325,340,340,415,415,431,431,431,431,431,431],"floor_reached":22,"language":"ENG","playtime":1170,"items_purged":[],"score":521,"play_id":"c65f7e34-542d-4a59-83fa-21ce68b99d7e","local_time":"20210207172050","is_ascension_mode":true,"campfire_choices":[{"data":"Cloak And Dagger","floor":7.0,"key":"SMITH"},{"floor":11.0,"key":"REST"},{"floor":15.0,"key":"REST"}],"circlet_count":0,"master_deck":["AscendersBane","Strike_G+1","Strike_G","Strike_G","Strike_G","Strike_G","Defend_G+1","Defend_G","Defend_G","Defend_G","Defend_G","Survivor","Neutralize","Cloak And Dagger+1","Infinite Blades","PiercingWail","Burst","Concentrate","PiercingWail","Escape Plan","Cloak And Dagger","Phantasmal Killer","Well Laid Plans","Terror","Blur","Night Terror"],"relics":["Ring of the Snake","NeowsBlessing","Prayer Wheel","Ice Cream","Kunai","WristBlade","Enchiridion"],"acts_visited":["Exordium","TheCity"],"potions_floor_usage":[],"damage_taken":[{"damage":0.0,"enemies":"Jaw Worm","floor":1.0,"turns":1.0},{"damage":0.0,"enemies":"Small Slimes","floor":2.0,"turns":1.0},{"damage":0.0,"enemies":"Gremlin Nob","floor":6.0,"turns":1.0},{"damage":23.0,"enemies":"3 Sentries","floor":8.0,"turns":11.0},{"damage":0.0,"enemies":"2 Louse","floor":10.0,"turns":3.0},{"damage":4.0,"enemies":"Looter","floor":12.0,"turns":4.0},{"damage":0.0,"enemies":"2 Fungi Beasts","floor":13.0,"turns":5.0},{"damage":1.0,"enemies":"Exordium Thugs","floor":14.0,"turns":5.0},{"damage":0.0,"enemies":"The Guardian","floor":16.0,"turns":11.0},{"damage":0.0,"enemies":"3 Byrds","floor":18.0,"turns":6.0},{"damage":36,"enemies":"Chosen","floor":22,"turns":6}],"seed_played":"-2404349600293502159","potions_obtained":[{"floor":1.0,"key":"SpeedPotion"},{"floor":14.0,"key":"ColorlessPotion"},{"floor":16.0,"key":"BlessingOfTheForge"}],"is_trial":false,"path_per_floor":["M","M","?","?","?","E","R","E","T","M","R","M","M","M","R","B",null,"M","?","?","?","M"],"character_chosen":"THE_SILENT","items_purchased":[],"campfire_rested":2,"item_purchase_floors":[],"current_hp_per_floor":[59,59,39,39,32,32,32,9,9,9,28,24,24,23,42,42,60,60,39,39,30,0,0],"gold":431,"neow_bonus":"THREE_ENEMY_KILL","is_daily":false,"chose_seed":false,"campfire_upgraded":1,"win_rate":0.0,"timestamp":1612736450,"path_taken":["M","M","?","?","?","E","R","E","T","M","R","M","M","M","R","BOSS","M","?","?","?","?"],"items_purchased_type":[],"build_version":"2020-12-22","purchased_purges":0,"victory":false,"max_hp_per_floor":[66,66,66,66,66,66,66,66,66,66,66,66,66,66,66,66,66,66,66,66,66,66,66],"card_choices":[{"not_picked":["Deadly Poison","Dagger Throw"],"picked":"Cloak And Dagger","floor":1.0},{"not_picked":["Well Laid Plans","Bane"],"picked":"Infinite Blades","floor":2.0},{"not_picked":["Deadly Poison","Flechettes"],"picked":"PiercingWail","floor":6.0},{"not_picked":["Setup","Eviscerate"],"picked":"Burst","floor":8.0},{"not_picked":["Crippling Poison","Backflip"],"picked":"Concentrate","floor":10.0},{"not_picked":["Flying Knee","Poisoned Stab"],"picked":"PiercingWail","floor":10.0},{"not_picked":["Distraction","Deflect"],"picked":"Escape Plan","floor":12.0},{"not_picked":["Dagger Spray","Masterful Stab"],"picked":"Cloak And Dagger","floor":12.0},{"not_picked":["Prepared","Poisoned Stab"],"picked":"Phantasmal Killer","floor":13.0},{"not_picked":["Slice","Dagger Throw"],"picked":"Well Laid Plans","floor":13.0},{"not_picked":["Reflex","Outmaneuver"],"picked":"Terror","floor":14.0},{"not_picked":["Cloak And Dagger","Quick Slash"],"picked":"Blur","floor":14.0},{"not_picked":["Grand Finale","Malaise"],"picked":"Night Terror","floor":16.0},{"not_picked":["Well Laid Plans","Poisoned Stab","Cloak And Dagger"],"picked":"SKIP","floor":18.0},{"not_picked":["PiercingWail","Poisoned Stab","Bane"],"picked":"SKIP","floor":18.0}],"player_experience":670022,"relics_obtained":[{"floor":6.0,"key":"Prayer Wheel"},{"floor":8.0,"key":"Ice Cream"},{"floor":9.0,"key":"Kunai"},{"floor":19.0,"key":"Enchiridion"}],"event_choices":[{"damage_healed":0.0,"max_hp_gain":0.0,"max_hp_loss":0.0,"gold_gain":0.0,"event_name":"Shining Light","player_choice":"Entered Light","floor":3.0,"gold_loss":0.0,"damage_taken":20.0,"cards_upgraded":["Defend_G","Strike_G"]},{"damage_healed":0.0,"max_hp_gain":0.0,"max_hp_loss":0.0,"gold_gain":150.0,"event_name":"Liars Game","player_choice":"AGREE","floor":4.0,"gold_loss":0.0,"damage_taken":0.0,"cards_obtained":["Doubt"]},{"cards_removed":["Doubt"],"damage_healed":0.0,"max_hp_gain":0.0,"max_hp_loss":0.0,"gold_gain":0.0,"event_name":"Golden Wing","player_choice":"Card Removal","floor":5.0,"gold_loss":0.0,"damage_taken":7.0},{"damage_healed":0.0,"max_hp_gain":0.0,"max_hp_loss":0.0,"gold_gain":0.0,"event_name":"Cursed Tome","player_choice":"Obtained Book","floor":19.0,"gold_loss":0.0,"damage_taken":21.0},{"damage_healed":0.0,"max_hp_gain":0.0,"max_hp_loss":0.0,"gold_gain":0.0,"event_name":"Ghosts","player_choice":"Ignored","floor":20.0,"gold_loss":0.0,"damage_taken":0.0},{"damage_healed":0.0,"max_hp_gain":0.0,"max_hp_loss":0.0,"gold_gain":0.0,"event_name":"Wheel of Change","player_choice":"Damaged","floor":21.0,"gold_loss":0.0,"damage_taken":9.0}],"is_beta":false,"boss_relics":[{"not_picked":["Velvet Choker","Black Star"],"picked":"WristBlade"}],"items_purged_floors":[],"is_endless":false,"potions_floor_spawned":[1,14,16],"killed_by":"Chosen","ascension_level":19}}