{"host":"zyn2zcp8fez1ptuq","time":1612718428,"event":{"mods":["BaseMod","BetterRewards","Bossed Relics","Downfall","Hermit","Hubris","Infinite Spire","Minty Spire (QoL Compilation)","Replay The Spire","Robot Space Explorer","Shade Mod","Shop Mod","StSLib","The Animator","The Cursed","The Jungle","The Marked","The Necromancer"],"gold_per_floor":[99,109,3,21,21,21,21,39,59,59,78,78,78,91,110,211,211,211,227,241,241,252,252,252,352,382,382,382,398,398,412,429,429,429,429],"floor_reached":33,"language":"ENG","playtime":2994,"items_purged":[],"score":261,"play_id":"cdb66e3f-eb3c-4da6-8f61-c4a156bb77eb","local_time":"20210207122028","is_ascension_mode":false,"campfire_choices":[{"data":"champ:Execute","floor":1,"key":"SMITH"},{"floor":10,"key":"REST"},{"data":"ReplayTheSpireMod:Chaos Vortex","floor":13,"key":"SMITH"},{"data":"champ:Taunt","floor":13,"key":"SMITH"},{"data":"champ:UltimateStance","floor":18,"key":"SMITH"},{"data":"champ:AdrenalArmor","floor":18,"key":"SMITH"},{"data":"hermit:Quickdraw","floor":23,"key":"SMITH"},{"data":"champ:IronFortress","floor":23,"key":"SMITH"},{"data":"Replay:BasicMightCard","floor":27,"key":"SMITH"},{"data":"animator:Biyorigo","floor":27,"key":"SMITH"},{"data":"champ:RisingSlash","floor":30,"key":"SMITH"},{"data":"champ:FocusedBerserking","floor":30,"key":"SMITH"}],"circlet_count":0,"master_deck":["champ:Strike","champ:Strike","champ:Strike","champ:Defend","champ:Defend","champ:Defend","champ:Defend","champ:Execute+1","champ:Taunt+1","champ:CrookedStrike","champ:BerserkersShout","expansioncontent:YouAreMine+1","champ:AdrenalArmor+1","ReplayTheSpireMod:Chaos Vortex+1","champ:GutPunch","champ:BringItOn","champ:RecklessLeap","CommonCold","champ:RisingSlash+1","champ:FocusedBerserking+1","champ:UltimateStance+1","champ:IronFortress","champ:IronFortress+1","hermit:Quickdraw+1","Replay:BasicMightCard+1","animator:Biyorigo+1","Pot Of Greed","Pot Of Greed","Pot Of Greed","animator:DolaSchwi","hermit:HoleUp"],"relics":["champ:ChampionCrown","Replay:Arrowhead","hubris:KleinBottle","InkBottle","Ring of Peace","Sozu","PrismaticShard","infinitespire:BottledMercury","Ice Cream","Meat on the Bone","Grinning Jar"],"acts_visited":["Exordium","TheCity"],"potions_floor_usage":[16,20,25,33],"damage_taken":[{"damage":0,"enemies":"2 Louse","floor":2,"turns":2},{"damage":10,"enemies":"downfall:FleeingMerchant","floor":3,"turns":4},{"damage":32,"enemies":"Cultist","floor":4,"turns":4},{"damage":15,"enemies":"Small Slimes","floor":8,"turns":3},{"damage":37,"enemies":"2 Fungi Beasts","floor":9,"turns":5},{"damage":25,"enemies":"Gremlin Gang","floor":11,"turns":6},{"damage":10,"enemies":"Red Slaver","floor":14,"turns":3},{"damage":45,"enemies":"Exordium Wildlife","floor":15,"turns":6},{"damage":92,"enemies":"DF_ARCHETYPE_STREAMLINE","floor":16,"turns":9},{"damage":35,"enemies":"Spheric Guardian","floor":19,"turns":4},{"damage":30,"enemies":"Snake Plant","floor":20,"turns":3},{"damage":35,"enemies":"Centurion and Healer","floor":22,"turns":4},{"damage":40,"enemies":"IC_STATUS_ARCHETYPE","floor":25,"turns":6},{"damage":58,"enemies":"Nightmare","floor":26,"turns":8},{"damage":51,"enemies":"Cultist and Chosen","floor":29,"turns":5},{"damage":30,"enemies":"Snake Plant","floor":31,"turns":3},{"damage":22,"enemies":"Sentry and Sphere","floor":32,"turns":4},{"damage":76,"enemies":"WA_ARCHETYPE_CALM","floor":33,"turns":7}],"seed_played":"1282132492756105252","potions_obtained":[{"floor":4,"key":"bronze:BurnAndBuffPotion"},{"floor":8,"key":"Block Potion"},{"floor":14,"key":"GamblersBrew"},{"floor":16,"key":"ColorlessPotion"}],"is_trial":false,"path_per_floor":["R","M","$","M","?","$","T","M","M","R","M","?","R","M","M","B",null,"R","M","M","AVR","M","R","T","?","NM","R","?","M","R","M","M","B"],"character_chosen":"THE_CHAMP","items_purchased":["expansioncontent:YouAreMine","Replay:Arrowhead","hubris:KleinBottle"],"campfire_rested":1,"item_purchase_floors":[3,6,6],"current_hp_per_floor":[99,99,99,97,97,58,58,58,56,85,85,85,85,99,99,60,99,99,79,89,89,99,99,99,99,86,86,86,85,85,75,68,0,0,0],"gold":429,"neow_bonus":"TEN_PERCENT_HP_BONUS","is_daily":false,"chose_seed":false,"campfire_upgraded":11,"win_rate":0.0,"timestamp":1612718428,"path_taken":["R","M","$","M","?","?","T","M","M","R","?","?","R","M","M","BOSS","R","M","M","AVR","M","R","T","?","NM","R","?","?","R","M","M","BOSS"],"items_purchased_type":["Card","Relic","Relic"],"build_version":"2020-12-22","purchased_purges":0,"victory":false,"max_hp_per_floor":[99,99,99,99,99,99,99,99,99,99,99,99,99,99,99,99,99,99,99,99,99,99,99,99,99,99,99,99,99,99,99,99,99,99,99],"card_choices":[{"not_picked":["champ:EnGarde","champ:DefensiveShout"],"picked":"champ:CrookedStrike","floor":2},{"not_picked":["champ:PreciseThrust","champ:CalledShot"],"picked":"champ:BerserkersShout","floor":3},{"not_picked":["champ:Encircle","champ:CalledShot"],"picked":"champ:AdrenalArmor","floor":4},{"not_picked":["infinitespire:Gouge","infinitespire:Menacing"],"picked":"ReplayTheSpireMod:Chaos Vortex","floor":6},{"not_picked":["champ:CrookedStrike","champ:TornadoPunch"],"picked":"champ:GutPunch","floor":8},{"not_picked":["champ:Haymaker","champ:Circumvent"],"picked":"champ:BringItOn","floor":9},{"not_picked":["champ:RapidStrikes","champ:BerserkersShout"],"picked":"champ:RecklessLeap","floor":11},{"not_picked":["champ:FalseCounter","champ:FlashCut"],"picked":"champ:RisingSlash","floor":14},{"not_picked":["champ:EnragedBash","champ:FaceSlap"],"picked":"champ:FocusedBerserking","floor":15},{"not_picked":["champ:Improvising","champ:IgnorePain"],"picked":"champ:UltimateStance","floor":16},{"not_picked":["champ:DefensiveShout+1","champ:BringItOn"],"picked":"champ:IronFortress","floor":19},{"not_picked":["champ:Shatter","champ:PreciseThrust"],"picked":"champ:IronFortress","floor":20},{"not_picked":["Slimebound:SplitMire","animator:Sebas+1"],"picked":"hermit:Quickdraw","floor":22},{"not_picked":["theMarked:WardOff+1","Shade:AuraOfUnlife"],"picked":"Replay:BasicMightCard","floor":25},{"not_picked":["hubris:ReadiedAction","RobotSpaceExplorer:Probe+1"],"picked":"animator:Biyorigo","floor":26},{"not_picked":["Tantrum","RobotSpaceExplorer:ImprovisedAttack"],"picked":"animator:DolaSchwi","floor":29},{"not_picked":["animator:Azekura","Shade:CloudOfShrapnel+1","theMarked:Frustration+1"],"picked":"SKIP","floor":31},{"not_picked":["Hidden Blade","sneckomod:UnknownClassSLIMEBOUND"],"picked":"hermit:HoleUp","floor":32}],"player_experience":500352,"relics_obtained":[{"floor":7,"key":"InkBottle"},{"floor":12,"key":"Ring of Peace"},{"floor":24,"key":"infinitespire:BottledMercury"},{"floor":25,"key":"Ice Cream"},{"floor":25,"key":"Meat on the Bone"},{"floor":26,"key":"Grinning Jar"}],"event_choices":[{"cards_removed":["champ:Strike"],"damage_healed":0,"gold_gain":0,"player_choice":"Card Removal","damage_taken":0,"max_hp_gain":0,"max_hp_loss":0,"event_name":"Wheel of Change","floor":28,"gold_loss":0}],"is_beta":false,"boss_relics":[{"not_picked":["Velvet Choker","Tiny House"],"picked":"Sozu"}],"items_purged_floors":[],"is_endless":true,"potions_floor_spawned":[4,8,14,16,20,22,26,29],"killed_by":"WA_ARCHETYPE_CALM","ascension_level":0}}