{"host":"vdpaduzlq0qlaikq","time":1612733979,"event":{"mods":["AchievementEnabler","BaseMod","Better Third Choice","BetterRewards","Colored Map","Downfall","Gold Saver","Hermit","Jorbs\u0027s Wanderer Trilogy","Minty Spire (QoL Compilation)","Relic Filter","Spicy Shops","StSLib","The Necromancer"],"gold_per_floor":[980,996,279,290,305,305,315,343,343,359,377,32,32,46,46,118,118,130,130,141,152,152,186,186,111,111,131,146,160,188,202,202,274,274,288,299,312,312,329,329,354,367,367,392,10,40,59,71,71,71,71,71,71,100,100],"floor_reached":56,"language":"ENG","playtime":2461,"items_purged":["Strike_B"],"score":2601,"play_id":"0f889a8a-8dbd-4762-9d87-9d670aa56c91","local_time":"20210207193939","is_ascension_mode":true,"campfire_choices":[{"data":"Storm","floor":6,"key":"SMITH"},{"data":"Defragment","floor":13,"key":"SMITH"},{"data":"Defragment","floor":15,"key":"SMITH"},{"data":"Buffer","floor":24,"key":"SMITH"},{"data":"Amplify","floor":32,"key":"SMITH"},{"floor":40,"key":"RECALL"},{"data":"Storm","floor":49,"key":"SMITH"},{"data":"Defragment","floor":52,"key":"SMITH"}],"circlet_count":0,"master_deck":["AscendersBane","Strike_B","Strike_B","Defend_B","Defend_B","Defend_B","Defend_B","Zap","Dualcast","Loop","Defragment+1","Storm+1","Loop","Defragment+1","Defragment+1","Echo Form","Turbo","Capacitor","Capacitor","Heatsinks","Amplify+1","Capacitor","Buffer+1","Lockon","Loop","Auto Shields+1","Buffer","BootSequence","Electrodynamics","Heatsinks","Storm+1","Defragment","Storm+1","Defragment+1","Loop","Storm+1"],"relics":["FrozenCore","Pear","Happy Flower","Pantograph","Blood Vial","Guardian:PocketSentry","StoneCalendar","White Beast Statue","Bottled Tornado","Prayer Wheel","Singing Bowl","Chemical X","Ornamental Fan","Mummified Hand","DataDisk","Anchor","Black Star","Bronze Scales","Mercury Hourglass","Ancient Tea Set","Gambling Chip","Strawberry","Letter Opener","MawBank","DollysMirror","Cables","Bag of Preparation","Question Card","Unceasing Top","Gremlin Horn"],"acts_visited":["Exordium","TheCity","TheBeyond","TheEnding"],"potions_floor_usage":[5,30,33,39,54,55,55],"damage_taken":[{"damage":0,"enemies":"Cultist","floor":1,"turns":2},{"damage":8,"enemies":"2 Louse","floor":2,"turns":2},{"damage":0,"enemies":"Small Slimes","floor":4,"turns":3},{"damage":14,"enemies":"Looter","floor":5,"turns":3},{"damage":16,"enemies":"Gremlin Gang","floor":7,"turns":3},{"damage":11,"enemies":"Gremlin Nob","floor":8,"turns":3},{"damage":0,"enemies":"Exordium Wildlife","floor":10,"turns":2},{"damage":10,"enemies":"Lots of Slimes","floor":11,"turns":3},{"damage":7,"enemies":"Exordium Thugs","floor":14,"turns":3},{"damage":26,"enemies":"Hexaghost","floor":16,"turns":4},{"damage":0,"enemies":"Chosen","floor":18,"turns":2},{"damage":0,"enemies":"Spheric Guardian","floor":20,"turns":2},{"damage":7,"enemies":"Centurion and Healer","floor":21,"turns":3},{"damage":24,"enemies":"Book of Stabbing","floor":23,"turns":4},{"damage":0,"enemies":"Snecko","floor":27,"turns":3},{"damage":0,"enemies":"Cultist and Chosen","floor":28,"turns":3},{"damage":0,"enemies":"Sentry and Sphere","floor":29,"turns":3},{"damage":16,"enemies":"Slavers","floor":30,"turns":3},{"damage":0,"enemies":"Centurion and Healer","floor":31,"turns":3},{"damage":20,"enemies":"Collector","floor":33,"turns":4},{"damage":0,"enemies":"3 Shapes","floor":35,"turns":3},{"damage":6,"enemies":"Orb Walker","floor":36,"turns":2},{"damage":18,"enemies":"Spire Growth","floor":37,"turns":3},{"damage":0,"enemies":"Writhing Mass","floor":39,"turns":3},{"damage":0,"enemies":"Reptomancer","floor":41,"turns":3},{"damage":0,"enemies":"3 Darklings","floor":42,"turns":3},{"damage":8,"enemies":"Maw","floor":44,"turns":4},{"damage":0,"enemies":"Giant Head","floor":46,"turns":3},{"damage":0,"enemies":"Transient","floor":47,"turns":4},{"damage":0,"enemies":"Spire Growth","floor":48,"turns":2},{"damage":19,"enemies":"Donu and Deca","floor":50,"turns":3},{"damage":27,"enemies":"Shield and Spear","floor":54,"turns":3},{"damage":97,"enemies":"The Heart","floor":55,"turns":4}],"seed_played":"-6838881797854495192","potions_obtained":[{"floor":1,"key":"Dexterity Potion"},{"floor":5,"key":"Dexterity Potion"},{"floor":7,"key":"BlessingOfTheForge"},{"floor":30,"key":"SteroidPotion"},{"floor":33,"key":"FearPotion"},{"floor":35,"key":"DuplicationPotion"},{"floor":37,"key":"Block Potion"},{"floor":39,"key":"LiquidMemories"},{"floor":44,"key":"EssenceOfDarkness"},{"floor":54,"key":"hexamod:SoulburnPotion"}],"is_trial":false,"path_per_floor":["M","M","$","M","M","R","M","E","T","M","M","$","R","M","R","B",null,"M","$","M","M","?","E","R","?","T","M","M","M","E","M","R","B",null,"M","M","M","?","M","R","E","M","T","M","$","E","M","M","R","B",null,"R","$","E","B",null],"character_chosen":"DEFECT","items_purchased":["Pear","Loop","Defragment","Happy Flower","Pantograph","Blood Vial","Guardian:PocketSentry","Storm","StoneCalendar","White Beast Statue","Bottled Tornado","PotionOfCapacity","Prayer Wheel","Singing Bowl","Chemical X","Defragment","DataDisk","Capacitor","Anchor","DollysMirror","Cables"],"campfire_rested":0,"item_purchase_floors":[0,0,0,0,0,0,0,0,0,0,0,0,3,3,3,3,12,12,12,45,45],"current_hp_per_floor":[76,70,70,76,64,64,54,47,47,53,47,47,47,44,44,45,86,92,92,96,95,95,73,73,73,73,79,85,89,77,79,79,86,112,118,116,102,102,108,108,117,123,123,117,117,119,123,129,129,131,145,145,145,120,50],"gold":100,"neow_bonus":"","is_daily":false,"chose_seed":false,"campfire_upgraded":7,"win_rate":0.0,"timestamp":1612733979,"path_taken":["M","M","$","M","M","R","M","E","T","M","?","$","R","M","R","BOSS","M","$","M","M","?","E","R","?","T","M","M","M","E","M","R","BOSS","M","M","M","?","M","R","E","M","T","M","$","E","M","M","R","BOSS","R","$","E","BOSS"],"items_purchased_type":["Relic","Card","Card","Relic","Relic","Relic","Relic","Card","Relic","Relic","Relic","Potion","Relic","Relic","Relic","Card","Relic","Card","Relic","Relic","Relic"],"build_version":"2020-12-22","purchased_purges":1,"victory":true,"max_hp_per_floor":[81,81,81,85,85,85,89,91,91,95,97,97,97,99,99,99,99,103,103,105,109,109,109,109,109,109,113,117,119,121,121,121,121,121,125,127,129,129,133,133,140,144,144,144,144,144,146,150,150,150,150,150,150,150,150],"card_choices":[{"not_picked":["Blizzard","Rebound"],"picked":"Loop","floor":1},{"not_picked":["Reprogram","Compile Driver"],"picked":"Defragment","floor":2},{"not_picked":["Stack","Darkness","Doom and Gloom"],"picked":"Singing Bowl","floor":4},{"not_picked":["Coolheaded","Gash","Ball Lightning"],"picked":"Singing Bowl","floor":4},{"not_picked":["Capacitor","Melter"],"picked":"Echo Form","floor":5},{"not_picked":["BootSequence","Steam"],"picked":"Turbo","floor":5},{"not_picked":["Beam Cell","Glacier","Consume"],"picked":"Singing Bowl","floor":7},{"not_picked":["Sunder","Streamline","Cold Snap"],"picked":"Singing Bowl","floor":7},{"not_picked":["Sweeping Beam","Cold Snap","Glacier"],"picked":"Singing Bowl","floor":8},{"not_picked":["Turbo","Gash","Meteor Strike"],"picked":"Singing Bowl","floor":10},{"not_picked":["Melter","Stack","Sweeping Beam"],"picked":"Singing Bowl","floor":10},{"not_picked":["Sweeping Beam","Cold Snap","Reinforced Body"],"picked":"Singing Bowl","floor":11},{"not_picked":["Lockon","Reprogram"],"picked":"Capacitor","floor":11},{"not_picked":["Scrape","Beam Cell","Reprogram"],"picked":"Singing Bowl","floor":14},{"not_picked":["Sweeping Beam","Conserve Battery"],"picked":"Heatsinks","floor":14},{"not_picked":["Meteor Strike","All For One"],"picked":"Amplify","floor":16},{"not_picked":["Hologram","Barrage","Beam Cell"],"picked":"Singing Bowl","floor":18},{"not_picked":["Rebound","Steam","Streamline+1"],"picked":"Singing Bowl","floor":18},{"not_picked":["Defragment","Aggregate"],"picked":"Capacitor","floor":20},{"not_picked":["FTL","Double Energy","Tempest"],"picked":"Singing Bowl","floor":20},{"not_picked":["Redo+1","Turbo","Stack"],"picked":"Singing Bowl","floor":21},{"not_picked":["Multi-Cast","Coolheaded","Static Discharge"],"picked":"Singing Bowl","floor":21},{"not_picked":["Heatsinks","Gash+1"],"picked":"Buffer","floor":23},{"not_picked":["Barrage","Ball Lightning","Core Surge"],"picked":"Singing Bowl","floor":27},{"not_picked":["Hello World","Sunder","Gash"],"picked":"Singing Bowl","floor":27},{"not_picked":["Stack","Steam Power","Sweeping Beam"],"picked":"Singing Bowl","floor":28},{"not_picked":["Reinforced Body","Cold Snap","FTL"],"picked":"Singing Bowl","floor":28},{"not_picked":["Blizzard","Turbo","Conserve Battery"],"picked":"Singing Bowl","floor":29},{"not_picked":["Reboot","Hello World"],"picked":"Lockon","floor":29},{"not_picked":["Redo","Leap","Melter"],"picked":"Singing Bowl","floor":30},{"not_picked":["Compile Driver","Leap+1"],"picked":"Loop","floor":31},{"not_picked":["Reinforced Body","Heatsinks"],"picked":"Auto Shields+1","floor":31},{"not_picked":["Fission","Rainbow"],"picked":"Buffer","floor":33},{"not_picked":["Conserve Battery","Recycle","Gash"],"picked":"Singing Bowl","floor":35},{"not_picked":["Conserve Battery","Streamline+1","Stack"],"picked":"Singing Bowl","floor":35},{"not_picked":["Steam","Streamline"],"picked":"BootSequence","floor":36},{"not_picked":["Stack+1","Ball Lightning","Beam Cell"],"picked":"Singing Bowl","floor":36},{"not_picked":["Streamline","Defragment+1"],"picked":"Electrodynamics","floor":37},{"not_picked":["Rebound","Steam+1","Go for the Eyes"],"picked":"Singing Bowl","floor":37},{"not_picked":["Barrage","Hologram","Cold Snap"],"picked":"Singing Bowl","floor":39},{"not_picked":["Rip and Tear","Ball Lightning","Streamline+1"],"picked":"Singing Bowl","floor":39},{"not_picked":["Steam","Auto Shields"],"picked":"Heatsinks","floor":41},{"not_picked":["Beam Cell","Compile Driver+1","Leap"],"picked":"Singing Bowl","floor":42},{"not_picked":["Gash","Undo","Rebound"],"picked":"Singing Bowl","floor":42},{"not_picked":["Sunder+1","FTL"],"picked":"Storm","floor":44},{"not_picked":["Go for the Eyes","Leap+1"],"picked":"Defragment","floor":44},{"not_picked":["Amplify","Hello World"],"picked":"Defragment+1","floor":46},{"not_picked":["Reinforced Body","Gash","Go for the Eyes+1","Ball Lightning"],"picked":"Singing Bowl","floor":47},{"not_picked":["Blizzard","Heatsinks+1","Fusion"],"picked":"Loop","floor":47},{"not_picked":["Heatsinks","Skim","Leap","Compile Driver"],"picked":"Singing Bowl","floor":48},{"not_picked":["Capacitor","Conserve Battery","Streamline","Ball Lightning"],"picked":"Singing Bowl","floor":48},{"not_picked":["Cold Snap+1","Barrage","Blizzard"],"picked":"Storm+1","floor":54}],"player_experience":737617,"relics_obtained":[{"floor":8,"key":"Ornamental Fan"},{"floor":9,"key":"Mummified Hand"},{"floor":23,"key":"Bronze Scales"},{"floor":23,"key":"Mercury Hourglass"},{"floor":30,"key":"Ancient Tea Set"},{"floor":30,"key":"Gambling Chip"},{"floor":41,"key":"Strawberry"},{"floor":41,"key":"Letter Opener"},{"floor":43,"key":"MawBank"},{"floor":46,"key":"Bag of Preparation"},{"floor":46,"key":"Question Card"},{"floor":54,"key":"Unceasing Top"},{"floor":54,"key":"Gremlin Horn"}],"event_choices":[{"damage_healed":0,"gold_gain":0,"player_choice":"Ignored","damage_taken":0,"max_hp_gain":0,"max_hp_loss":0,"event_name":"Ghosts","floor":22,"gold_loss":0},{"cards_removed":["Strike_B"],"damage_healed":0,"gold_gain":0,"player_choice":"Gave Gold","damage_taken":0,"max_hp_gain":0,"max_hp_loss":0,"event_name":"Beggar","floor":25,"gold_loss":75},{"damage_healed":0,"gold_gain":0,"player_choice":"0 cards matched","damage_taken":0,"max_hp_gain":0,"max_hp_loss":0,"event_name":"Match and Keep!","floor":38,"gold_loss":0,"cards_obtained":[]}],"is_beta":false,"boss_relics":[{"not_picked":["SlaversCollar","Nuclear Battery"],"picked":"Black Star"},{"not_picked":["Pandora\u0027s Box","Busted Crown"],"picked":"FrozenCore"}],"items_purged_floors":[0],"is_endless":false,"potions_floor_spawned":[1,2,4,5,7,8,10,11,14,16,18,20,21,23,27,28,29,30,31,33,35,36,37,39,41,42,44,46,47,48,54],"ascension_level":14}}