{"host":"xw7092rw7wabncmm","time":1612730822,"event":{"mods":["AchievementEnabler","BaseMod","Bestiary","Block Reminder","Minty Spire (QoL Compilation)","Quick Restart","Relic Stats","Slay-I","Weighted Paths"],"gold_per_floor":[115,190,2,2,22,22,32,32,32,61,61,5,5,5,5,81,81,99,108,127,127,27,27,52,88,120,120,144,144,164,173,173,173,173],"floor_reached":33,"language":"ENG","playtime":1263,"items_purged":["Strike_R","Strike_R"],"score":572,"play_id":"9e103305-5b50-4720-afca-fe04887e58af","local_time":"20210207154702","is_ascension_mode":true,"campfire_choices":[{"data":"Searing Blow","floor":6,"key":"SMITH"},{"data":"Searing Blow+1","floor":8,"key":"SMITH"},{"data":"Searing Blow+2","floor":13,"key":"SMITH"},{"floor":15,"key":"REST"},{"data":"Searing Blow+4","floor":23,"key":"SMITH"},{"data":"Searing Blow+5","floor":27,"key":"SMITH"},{"data":"Searing Blow+6","floor":29,"key":"SMITH"},{"data":"Searing Blow+7","floor":32,"key":"SMITH"}],"circlet_count":0,"master_deck":["AscendersBane","Strike_R","Strike_R","Strike_R","Defend_R","Defend_R","Defend_R+1","Defend_R","Bash","Flex+1","Searing Blow+7","Flex","Offering","True Grit+1","Rage","Shrug It Off","Feed","Shame","Pommel Strike+1","Searing Blow+8"],"relics":["Burning Blood","NeowsBlessing","Blood Vial","Pen Nib","InkBottle","Cursed Key","CeramicFish","Unceasing Top"],"acts_visited":["Exordium","TheCity"],"potions_floor_usage":[10,12,16,16,25,33],"damage_taken":[{"damage":0,"enemies":"2 Louse","floor":1,"turns":1},{"damage":0,"enemies":"Jaw Worm","floor":5,"turns":1},{"damage":0,"enemies":"Cultist","floor":7,"turns":1},{"damage":52,"enemies":"3 Sentries","floor":10,"turns":14},{"damage":19,"enemies":"The Guardian","floor":16,"turns":10},{"damage":12,"enemies":"Shell Parasite","floor":18,"turns":2},{"damage":15,"enemies":"3 Byrds","floor":20,"turns":6},{"damage":7,"enemies":"3 Cultists","floor":24,"turns":5},{"damage":29,"enemies":"Book of Stabbing","floor":25,"turns":4},{"damage":17,"enemies":"Snake Plant","floor":28,"turns":3},{"damage":0,"enemies":"Snecko","floor":30,"turns":1},{"damage":42,"enemies":"Collector","floor":33,"turns":6}],"seed_played":"-2156323858069281318","potions_obtained":[{"floor":7,"key":"SteroidPotion"},{"floor":10,"key":"SkillPotion"},{"floor":24,"key":"FearPotion"},{"floor":28,"key":"Explosive Potion"}],"is_trial":false,"path_per_floor":["M","?","$","?","M","R","M","R","T","E","T","$","R","?","R","B",null,"M","?","M","?","$","R","M","E","T","R","M","R","M","?","R","B"],"character_chosen":"IRONCLAD","items_purchased":["Fruit Juice","Fire Potion"],"campfire_rested":1,"item_purchase_floors":[3,12],"current_hp_per_floor":[74,63,63,40,46,46,52,52,52,8,8,13,13,13,37,26,67,63,63,56,56,56,56,57,36,36,36,27,27,35,35,35,0,0],"gold":173,"neow_bonus":"THREE_ENEMY_KILL","is_daily":false,"chose_seed":false,"campfire_upgraded":7,"win_rate":0.0,"timestamp":1612730822,"path_taken":["M","?","$","?","M","R","M","R","T","E","?","$","R","?","R","BOSS","M","?","M","?","$","R","M","E","T","R","?","R","M","?","R","BOSS"],"items_purchased_type":["Potion","Potion"],"build_version":"2020-12-22","purchased_purges":2,"victory":false,"max_hp_per_floor":[75,75,75,75,75,75,75,75,75,75,75,80,80,80,80,80,80,80,80,80,80,80,80,80,80,80,80,80,80,80,80,80,80,80],"relic_stats":{"Blood Vial":18,"counters":[12,54],"CeramicFish":63,"Pen Nib":[6],"Cursed Key":1,"obtain_stats":[{"Blood Vial":9,"NeowsBlessing":0,"CeramicFish":19,"Pen Nib":10,"Cursed Key":17,"Burning Blood":0,"InkBottle":11,"Unceasing Top":25},{"Blood Vial":3,"NeowsBlessing":0,"CeramicFish":6,"Pen Nib":4,"Cursed Key":5,"Burning Blood":0,"InkBottle":4,"Unceasing Top":9},{"Blood Vial":3,"NeowsBlessing":0,"CeramicFish":29,"Pen Nib":17,"Cursed Key":27,"Burning Blood":0,"InkBottle":17,"Unceasing Top":44}],"Burning Blood":66,"InkBottle":[14],"Unceasing Top":[0]},"card_choices":[{"not_picked":["Headbutt","Body Slam"],"picked":"Flex","floor":1},{"not_picked":["Armaments","Wild Strike"],"picked":"Searing Blow","floor":5},{"not_picked":["Perfected Strike","Fire Breathing","Intimidate"],"picked":"SKIP","floor":7},{"not_picked":["Twin Strike","Perfected Strike"],"picked":"Flex","floor":10},{"not_picked":["Exhume","Brutality"],"picked":"Offering","floor":16},{"not_picked":["Whirlwind","Cleave"],"picked":"True Grit+1","floor":18},{"not_picked":["Headbutt","Iron Wave"],"picked":"Rage","floor":20},{"not_picked":["Heavy Blade","Perfected Strike"],"picked":"Shrug It Off","floor":24},{"not_picked":["Seeing Red+1","Thunderclap"],"picked":"Feed","floor":25},{"not_picked":["Clash","Wild Strike"],"picked":"Pommel Strike+1","floor":28},{"not_picked":["Sever Soul","Clothesline","Entrench+1"],"picked":"SKIP","floor":30}],"player_experience":1604163,"relics_obtained":[{"floor":9,"key":"Blood Vial"},{"floor":10,"key":"Pen Nib"},{"floor":11,"key":"InkBottle"},{"floor":25,"key":"Unceasing Top"}],"event_choices":[{"damage_healed":0,"gold_gain":75,"player_choice":"Gather Gold","damage_taken":11,"max_hp_gain":0,"max_hp_loss":0,"event_name":"World of Goop","floor":2,"gold_loss":0},{"damage_healed":0,"gold_gain":0,"player_choice":"Entered Light","damage_taken":23,"max_hp_gain":0,"max_hp_loss":0,"event_name":"Shining Light","floor":4,"gold_loss":0,"cards_upgraded":["Flex","Defend_R"]},{"damage_healed":0,"gold_gain":0,"player_choice":"Grow","damage_taken":0,"max_hp_gain":0,"max_hp_loss":0,"event_name":"Living Wall","floor":14,"gold_loss":0,"cards_upgraded":["Searing Blow"]},{"damage_healed":0,"gold_gain":0,"player_choice":"Opened","damage_taken":0,"relics_obtained":["CeramicFish"],"max_hp_gain":0,"max_hp_loss":0,"event_name":"The Mausoleum","floor":19,"gold_loss":0,"cards_obtained":["Writhe"]},{"cards_removed":["Writhe"],"damage_healed":0,"gold_gain":0,"player_choice":"Card Removal","damage_taken":0,"max_hp_gain":0,"max_hp_loss":0,"event_name":"Wheel of Change","floor":21,"gold_loss":0},{"damage_healed":0,"gold_gain":0,"player_choice":"Copied","damage_taken":0,"max_hp_gain":0,"max_hp_loss":0,"event_name":"Duplicator","floor":31,"gold_loss":0,"cards_obtained":["Searing Blow"]}],"is_beta":false,"boss_relics":[{"not_picked":["Astrolabe","Tiny House"],"picked":"Cursed Key"}],"items_purged_floors":[3,22],"is_endless":false,"potions_floor_spawned":[7,10,24,28],"killed_by":"Collector","ascension_level":20}}