{"host":"x5w9zppki4gdwvc7","time":1612698941,"event":{"mods":["AchievementEnabler","BaseMod","Colored Powertips","DeckTracker","Minty Spire (QoL Compilation)"],"gold_per_floor":[113,63,82,96,96,96,109,139,139,152,152,184,199,210,210,307,307,325,175,186,215,232,261,261,290,290,309,234,234,234,249,249,354,354,364,133,148,148,26,26,56,73,73,73,91,103,121,20,20,20],"floor_reached":51,"language":"ENG","playtime":2533,"items_purged":["Strike_P","Defend_P"],"score":881,"play_id":"a2b20b22-db84-438b-83d2-20841d9ac7c5","local_time":"20210207125541","is_ascension_mode":false,"campfire_choices":[{"data":"Vigilance","floor":6,"key":"SMITH"},{"data":"Swivel","floor":11,"key":"SMITH"},{"floor":15,"key":"REST"},{"data":"Eruption","floor":24,"key":"SMITH"},{"data":"MasterReality","floor":29,"key":"SMITH"},{"data":"ReachHeaven","floor":32,"key":"SMITH"},{"data":"PathToVictory","floor":40,"key":"SMITH"},{"floor":44,"key":"REST"},{"data":"CutThroughFate","floor":49,"key":"SMITH"}],"circlet_count":0,"master_deck":["Strike_P","Strike_P+1","Defend_P","Defend_P","Defend_P","Eruption+1","Vigilance+1","Judgement+1","CutThroughFate+1","ReachHeaven+1","Swivel+1","FearNoEvil+1","Wallop+1","WheelKick+1","MasterReality+1","Study+1","Madness","Madness","PathToVictory+1"],"relics":["PureWater","HornCleat","Singing Bowl","Shuriken","SlaversCollar","Whetstone","Red Mask","Turnip","Oddly Smooth Stone","Frozen Egg 2","FaceOfCleric","Philosopher\u0027s Stone","Art of War","Dream Catcher","Orichalcum"],"acts_visited":["Exordium","TheCity","TheBeyond"],"potions_floor_usage":[12,33,46,46,50],"damage_taken":[{"damage":4,"enemies":"Small Slimes","floor":1,"turns":2},{"damage":1,"enemies":"2 Louse","floor":3,"turns":2},{"damage":1,"enemies":"Cultist","floor":4,"turns":3},{"damage":0,"enemies":"Exordium Wildlife","floor":7,"turns":3},{"damage":4,"enemies":"3 Sentries","floor":8,"turns":4},{"damage":0,"enemies":"3 Louse","floor":10,"turns":2},{"damage":14,"enemies":"Lagavulin","floor":12,"turns":6},{"damage":12,"enemies":"2 Fungi Beasts","floor":13,"turns":3},{"damage":1,"enemies":"Blue Slaver","floor":14,"turns":2},{"damage":0,"enemies":"Slime Boss","floor":16,"turns":4},{"damage":1,"enemies":"2 Thieves","floor":18,"turns":3},{"damage":2,"enemies":"3 Byrds","floor":20,"turns":4},{"damage":0,"enemies":"Masked Bandits","floor":21,"turns":3},{"damage":0,"enemies":"Snecko","floor":22,"turns":4},{"damage":0,"enemies":"Gremlin Leader","floor":23,"turns":4},{"damage":0,"enemies":"Slavers","floor":25,"turns":4},{"damage":3,"enemies":"Snake Plant","floor":27,"turns":3},{"damage":2,"enemies":"Centurion and Healer","floor":31,"turns":4},{"damage":7,"enemies":"Automaton","floor":33,"turns":6},{"damage":16,"enemies":"3 Shapes","floor":35,"turns":6},{"damage":0,"enemies":"Orb Walker","floor":37,"turns":2},{"damage":5,"enemies":"Reptomancer","floor":41,"turns":5},{"damage":15,"enemies":"4 Shapes","floor":42,"turns":4},{"damage":2,"enemies":"Jaw Worm Horde","floor":45,"turns":4},{"damage":0,"enemies":"Transient","floor":46,"turns":5},{"damage":0,"enemies":"Spire Growth","floor":47,"turns":3},{"damage":50,"enemies":"Time Eater","floor":50,"turns":7}],"seed_played":"-5684109603772255412","potions_obtained":[{"floor":7,"key":"LiquidMemories"},{"floor":12,"key":"SteroidPotion"},{"floor":14,"key":"Fire Potion"},{"floor":16,"key":"EssenceOfSteel"},{"floor":21,"key":"AttackPotion"},{"floor":25,"key":"BlessingOfTheForge"},{"floor":41,"key":"SneckoOil"},{"floor":46,"key":"GamblersBrew"}],"is_trial":false,"path_per_floor":["M","?","M","M","?","R","M","E","T","M","R","E","M","M","R","B",null,"M","$","M","?","M","E","R","E","T","M","?","R","?","M","R","B",null,"M","$","M","?","$","R","E","M","T","R","M","M","M","$","R","B",null],"character_chosen":"WATCHER","items_purchased":["Whetstone","Art of War","PathToVictory","Energy Potion","SkillPotion"],"campfire_rested":2,"item_purchase_floors":[19,36,39,48,48],"current_hp_per_floor":[68,68,67,66,66,66,66,62,62,64,64,50,40,41,64,66,80,79,79,79,81,83,83,83,83,83,82,82,82,82,81,81,77,92,79,79,82,70,70,70,68,56,56,89,90,93,96,96,96,47],"gold":20,"neow_bonus":"ONE_RANDOM_RARE_CARD","is_daily":false,"chose_seed":false,"campfire_upgraded":7,"win_rate":0.0,"timestamp":1612698941,"path_taken":["M","?","M","M","?","R","M","E","T","M","R","E","M","M","R","BOSS","M","$","M","?","M","E","R","E","T","M","?","R","?","M","R","BOSS","M","?","M","?","$","R","E","M","T","R","M","M","M","$","R","BOSS"],"items_purchased_type":["Relic","Relic","Card","Potion","Potion"],"build_version":"2020-12-22","purchased_purges":2,"victory":true,"max_hp_per_floor":[72,72,72,72,72,72,72,72,72,74,74,74,76,78,78,80,80,80,80,82,84,86,86,86,86,86,88,88,88,88,89,89,92,92,95,95,98,98,98,98,101,104,104,106,109,112,115,115,115,116],"card_choices":[{"not_picked":["PathToVictory","CrushJoints"],"picked":"CutThroughFate","floor":1},{"not_picked":["ReachHeaven","Prostrate","CrushJoints"],"picked":"SKIP","floor":3},{"not_picked":["BowlingBash","EmptyBody"],"picked":"ReachHeaven","floor":4},{"not_picked":["Nirvana","SashWhip"],"picked":"Swivel","floor":7},{"not_picked":["EmptyBody","JustLucky"],"picked":"WheelKick","floor":8},{"not_picked":["CrushJoints","Swivel","EmptyBody"],"picked":"Singing Bowl","floor":10},{"not_picked":["ClearTheMind","WindmillStrike"],"picked":"FearNoEvil","floor":12},{"not_picked":["WheelKick","CrushJoints","SashWhip"],"picked":"Singing Bowl","floor":13},{"not_picked":["EmptyBody","WindmillStrike","Halt"],"picked":"Singing Bowl","floor":14},{"not_picked":["Judgement","Brilliance","Wish"],"picked":"Singing Bowl","floor":16},{"not_picked":["Protect","WreathOfFlame"],"picked":"Wallop+1","floor":18},{"not_picked":["Collect","WreathOfFlame","SignatureMove+1"],"picked":"Singing Bowl","floor":20},{"not_picked":["SashWhip","JustLucky","ThirdEye+1"],"picked":"Singing Bowl","floor":21},{"not_picked":["FlyingSleeves","ForeignInfluence","EmptyFist+1"],"picked":"Singing Bowl","floor":22},{"not_picked":["Indignation","DeusExMachina"],"picked":"WheelKick+1","floor":23},{"not_picked":["Collect","Wireheading"],"picked":"MasterReality","floor":25},{"not_picked":["Consecrate","Worship","CarveReality"],"picked":"Singing Bowl","floor":27},{"not_picked":["CutThroughFate","Halt"],"picked":"Study+1","floor":31},{"not_picked":["MasterReality+1","Vault","SpiritShield"],"picked":"Singing Bowl","floor":33},{"not_picked":["InnerPeace","ReachHeaven","ClearTheMind+1"],"picked":"Singing Bowl","floor":35},{"not_picked":["CutThroughFate+1","EmptyMind+1","EmptyBody+1"],"picked":"Singing Bowl","floor":37},{"not_picked":["Collect","Consecrate","CutThroughFate+1"],"picked":"Singing Bowl","floor":41},{"not_picked":["SashWhip+1","InnerPeace","WindmillStrike"],"picked":"Singing Bowl","floor":42},{"not_picked":["Halt+1","WindmillStrike+1","SandsOfTime+1"],"picked":"Singing Bowl","floor":44},{"not_picked":["SashWhip","WheelKick","BowlingBash"],"picked":"Singing Bowl","floor":45},{"not_picked":["Halt","JustLucky+1","Sanctity+1"],"picked":"Singing Bowl","floor":46},{"not_picked":["Consecrate","SpiritShield","Evaluate+1"],"picked":"Singing Bowl","floor":47}],"player_experience":552106,"relics_obtained":[{"floor":8,"key":"HornCleat"},{"floor":9,"key":"Singing Bowl"},{"floor":12,"key":"Shuriken"},{"floor":21,"key":"Red Mask"},{"floor":23,"key":"Turnip"},{"floor":25,"key":"Oddly Smooth Stone"},{"floor":26,"key":"Frozen Egg 2"},{"floor":41,"key":"Dream Catcher"},{"floor":43,"key":"Orichalcum"}],"event_choices":[{"cards_removed":["Strike_P"],"damage_healed":0,"gold_gain":0,"player_choice":"Card Removal","damage_taken":0,"max_hp_gain":0,"max_hp_loss":0,"event_name":"The Cleric","floor":2,"gold_loss":50},{"damage_healed":0,"gold_gain":0,"player_choice":"Grow","damage_taken":0,"max_hp_gain":0,"max_hp_loss":0,"event_name":"Living Wall","floor":5,"gold_loss":0,"cards_upgraded":["Judgement"]},{"damage_healed":0,"gold_gain":0,"player_choice":"Fought Bandits","damage_taken":0,"max_hp_gain":0,"max_hp_loss":0,"event_name":"Masked Bandits","floor":21,"gold_loss":0},{"cards_removed":["WheelKick"],"damage_healed":0,"gold_gain":0,"player_choice":"Gave Gold","damage_taken":0,"max_hp_gain":0,"max_hp_loss":0,"event_name":"Beggar","floor":28,"gold_loss":75},{"damage_healed":0,"gold_gain":0,"player_choice":"Trade","damage_taken":0,"relics_obtained":["FaceOfCleric"],"max_hp_gain":0,"max_hp_loss":0,"event_name":"FaceTrader","floor":30,"gold_loss":0},{"damage_healed":0,"gold_gain":0,"player_choice":"Embrace Madness","damage_taken":12,"max_hp_gain":0,"max_hp_loss":0,"event_name":"Winding Halls","floor":38,"gold_loss":0,"cards_obtained":["Madness","Madness"]}],"is_beta":false,"boss_relics":[{"not_picked":["Runic Dome","Tiny House"],"picked":"SlaversCollar"},{"not_picked":["Snecko Eye","Empty Cage"],"picked":"Philosopher\u0027s Stone"}],"items_purged_floors":[36,39],"is_endless":false,"potions_floor_spawned":[7,12,14,16,21,23,25,27,41,46],"ascension_level":0}}