{"host":"okvf2hy7r209l3k2","time":1612705844,"event":{"mods":["BaseMod","Block Reminder","Colored Map","Colored Powertips","Hermit","Highlight Path","Minty Spire (QoL Compilation)","Permanent Neow","StSLib","The Animator"],"gold_per_floor":[99,99,99,99,99,99,99,49,49,49,49,49,19,19,19,19,19,19,0,0,0,0,0,0,0,0,0,0,0,0,0,0,0,0],"floor_reached":33,"language":"ENG","playtime":6475,"items_purged":[],"score":295,"play_id":"a624ca92-fc81-4461-844a-b66856828bef","local_time":"20210207045044","is_ascension_mode":false,"campfire_choices":[{"data":"hermit:Snapshot","floor":6,"key":"SMITH"},{"floor":15,"key":"RECALL"},{"data":"hermit:RoundhouseKick","floor":23,"key":"SMITH"},{"floor":32,"key":"REST"}],"circlet_count":0,"master_deck":["hermit:Strike_Hermit","hermit:Defend_Hermit","hermit:Defend_Hermit","hermit:Defend_Hermit","hermit:Snapshot+1","hermit:Covet","hermit:Vantage+1","hermit:Dive","hermit:FullyLoaded","hermit:WideOpen","hermit:GoldenBullet","hermit:Quickdraw","hermit:Horror","hermit:RoundhouseKick+1","hermit:ItchyTrigger","hermit:GoldenBullet","hermit:CalledShot","hermit:HighCaliber+1","hermit:Snipe+1","hermit:Ricochet","hermit:DeadMansHand+1","hermit:HoleUp+1","hermit:Gestalt+1"],"relics":["Ectoplasm","Omamori","Empty Cage","Question Card","StoneCalendar","Oddly Smooth Stone"],"acts_visited":["Exordium","TheCity"],"potions_floor_usage":[13,13,13,13,24,24,24,33,33],"damage_taken":[{"damage":0,"enemies":"Small Slimes","floor":1,"turns":3},{"damage":0,"enemies":"2 Louse","floor":2,"turns":2},{"damage":0,"enemies":"Jaw Worm","floor":7,"turns":4},{"damage":0,"enemies":"Blue Slaver","floor":10,"turns":4},{"damage":0,"enemies":"3 Louse","floor":11,"turns":4},{"damage":13,"enemies":"Gremlin Nob","floor":12,"turns":4},{"damage":0,"enemies":"Looter","floor":13,"turns":4},{"damage":0,"enemies":"Exordium Wildlife","floor":14,"turns":3},{"damage":58,"enemies":"Slime Boss","floor":16,"turns":15},{"damage":5,"enemies":"Shell Parasite","floor":18,"turns":4},{"damage":7,"enemies":"2 Thieves","floor":19,"turns":3},{"damage":8,"enemies":"Snake Plant","floor":20,"turns":4},{"damage":15,"enemies":"Snecko","floor":21,"turns":5},{"damage":0,"enemies":"Cultist and Chosen","floor":22,"turns":4},{"damage":17,"enemies":"Book of Stabbing","floor":24,"turns":4},{"damage":0,"enemies":"Centurion and Healer","floor":27,"turns":4},{"damage":10,"enemies":"Slavers","floor":28,"turns":5},{"damage":9,"enemies":"3 Cultists","floor":29,"turns":4},{"damage":1,"enemies":"Sentry and Sphere","floor":31,"turns":3},{"damage":30,"enemies":"Collector","floor":33,"turns":5}],"seed_played":"3347525721056099721","potions_obtained":[{"floor":7,"key":"SpeedPotion"},{"floor":10,"key":"Block Potion"},{"floor":12,"key":"EntropicBrew"},{"floor":16,"key":"CultistPotion"},{"floor":19,"key":"EssenceOfSteel"},{"floor":21,"key":"DuplicationPotion"},{"floor":28,"key":"SteroidPotion"},{"floor":31,"key":"Weak Potion"}],"is_trial":false,"path_per_floor":["M","M","?","?","?","R","M","?","T","M","M","E","M","M","R","B",null,"M","M","M","M","M","R","E","?","T","M","E","M","?","M","R","B"],"character_chosen":"HERMIT","items_purchased":[],"campfire_rested":1,"item_purchase_floors":[],"current_hp_per_floor":[75,75,75,68,68,68,68,68,68,68,68,55,55,55,55,22,75,70,63,55,40,40,40,23,23,23,23,13,4,4,3,25,0,0],"gold":0,"neow_bonus":"BOSS_RELIC","is_daily":false,"chose_seed":false,"campfire_upgraded":2,"win_rate":0.0,"timestamp":1612705844,"path_taken":["M","M","?","?","?","R","M","?","T","M","M","E","M","M","R","BOSS","M","M","M","M","M","R","E","?","T","M","E","M","?","M","R","BOSS"],"items_purchased_type":[],"build_version":"2020-12-22","purchased_purges":0,"victory":false,"max_hp_per_floor":[75,75,75,75,75,75,75,75,75,75,75,75,75,75,75,75,75,75,75,75,75,75,75,75,75,75,75,75,75,75,75,75,75,75],"card_choices":[{"not_picked":["hermit:Virtue","hermit:BodyArmor"],"picked":"hermit:Vantage","floor":1},{"not_picked":["hermit:Misfire","hermit:TakeCover"],"picked":"hermit:Dive","floor":2},{"not_picked":["hermit:LuckOfTheDraw","hermit:BodyArmor"],"picked":"hermit:FullyLoaded","floor":7},{"not_picked":["hermit:Dive","hermit:SprayPray"],"picked":"hermit:WideOpen","floor":10},{"not_picked":["hermit:WideOpen","hermit:Gambit"],"picked":"hermit:GoldenBullet","floor":11},{"not_picked":["hermit:HighCaliber","hermit:TakeAim"],"picked":"hermit:Quickdraw","floor":12},{"not_picked":["hermit:Scavenge","hermit:Virtue"],"picked":"hermit:Horror","floor":13},{"not_picked":["hermit:HighCaliber","hermit:Showdown","hermit:BodyArmor"],"picked":"SKIP","floor":14},{"not_picked":["hermit:Reprieve","hermit:HighNoon"],"picked":"hermit:RoundhouseKick","floor":16},{"not_picked":["hermit:Spite","hermit:Misfire","hermit:HighCaliber"],"picked":"SKIP","floor":18},{"not_picked":["hermit:Virtue","hermit:Headshot"],"picked":"hermit:ItchyTrigger","floor":19},{"not_picked":["hermit:Enervate","hermit:TrackingShot"],"picked":"hermit:GoldenBullet","floor":20},{"not_picked":["hermit:TakeCover","hermit:Reprieve"],"picked":"hermit:CalledShot","floor":21},{"not_picked":["hermit:Vantage+1","hermit:CalledShot"],"picked":"hermit:HighCaliber+1","floor":22},{"not_picked":["hermit:CalledShot","hermit:Coalescence"],"picked":"hermit:Snipe+1","floor":24},{"not_picked":["hermit:Determination","hermit:Roulette","hermit:Glare"],"picked":"hermit:Ricochet","floor":27},{"not_picked":["hermit:Glare","hermit:FullyLoaded","hermit:Reprieve"],"picked":"hermit:DeadMansHand+1","floor":28},{"not_picked":["hermit:TakeCover","hermit:Glare","hermit:LowProfile"],"picked":"hermit:HoleUp+1","floor":29},{"not_picked":["hermit:Roulette","hermit:GhostlyPresence","hermit:Dive"],"picked":"hermit:Gestalt+1","floor":31}],"player_experience":161292,"relics_obtained":[{"floor":12,"key":"Omamori"},{"floor":24,"key":"Question Card"},{"floor":26,"key":"StoneCalendar"},{"floor":28,"key":"Oddly Smooth Stone"}],"event_choices":[{"damage_healed":0,"gold_gain":0,"player_choice":"Ignored","damage_taken":0,"max_hp_gain":0,"max_hp_loss":0,"event_name":"Golden Idol","floor":3,"gold_loss":0},{"cards_removed":["hermit:Strike_Hermit"],"damage_healed":0,"gold_gain":0,"player_choice":"Card Removal","damage_taken":7,"max_hp_gain":0,"max_hp_loss":0,"event_name":"Golden Wing","floor":4,"gold_loss":0},{"damage_healed":0,"gold_gain":0,"player_choice":"Grow","damage_taken":0,"max_hp_gain":0,"max_hp_loss":0,"event_name":"Living Wall","floor":5,"gold_loss":0,"cards_upgraded":["hermit:Vantage"]},{"cards_removed":["hermit:Strike_Hermit"],"damage_healed":0,"gold_gain":0,"player_choice":"Card Removal","damage_taken":0,"max_hp_gain":0,"max_hp_loss":0,"event_name":"The Cleric","floor":8,"gold_loss":50},{"damage_healed":0,"gold_gain":0,"player_choice":"Smashed Altar","damage_taken":0,"max_hp_gain":0,"max_hp_loss":0,"event_name":"Forgotten Altar","floor":30,"gold_loss":0,"cards_obtained":["Decay"]}],"is_beta":false,"boss_relics":[{"not_picked":["Velvet Choker","hermit:DentedPlate"],"picked":"Empty Cage"}],"items_purged_floors":[],"is_endless":false,"potions_floor_spawned":[7,10,12,16,19,21,28,31],"killed_by":"Collector","ascension_level":0}}