{"host":"ydh61a5ftgdajrbo","time":1612708262,"event":{"mods":["BaseMod","Colored Map","DeckTracker","Downfall","HololiveMod","Minty Spire (QoL Compilation)","Spire Arcade","StSLib","The Alterego","The Cursed","The Gatherer","The Hierophant","The Mystic","The Servant 0.9.4","?¯d¤§ª«"],"gold_per_floor":[113,133,152,152,152,152,163,238,238,255,283,283,298,75,75,172,172],"floor_reached":16,"language":"ZHS","playtime":631,"items_purged":["Pain"],"score":152,"play_id":"1743ba7e-9c9a-4304-a8a4-62c26cb14868","local_time":"20210207223102","is_ascension_mode":false,"campfire_choices":[{"data":"PlaceholderMod:SeverePoisonStrike","floor":6,"key":"SMITH"},{"floor":15,"key":"REST"}],"circlet_count":0,"master_deck":["PlaceholderMod:BaseStrike","PlaceholderMod:BaseStrike","PlaceholderMod:BaseStrike","PlaceholderMod:BaseStrike","PlaceholderMod:BaseDefend","PlaceholderMod:BaseDefend","PlaceholderMod:BaseDefend","PlaceholderMod:BaseDefend","PlaceholderMod:BaseDefend","PlaceholderMod:Crystal","PlaceholderMod:PoisonWhip","PlaceholderMod:SeverePoisonStrike+1","PlaceholderMod:EnergyAbsorb","PlaceholderMod:ThreeBenzyolStart","PlaceholderMod:CycleAttack","PlaceholderMod:Sweep","PlaceholderMod:ProliferateStrike","PlaceholderMod:Crystallization","PlaceholderMod:FinalSpray"],"relics":["PlaceholderMod:Tancle","WarpedTongs","Pantograph","Letter Opener","Membership Card"],"acts_visited":["Exordium"],"potions_floor_usage":[16],"damage_taken":[{"damage":1,"enemies":"Cultist","floor":1,"turns":4},{"damage":0,"enemies":"Small Slimes","floor":2,"turns":2},{"damage":9,"enemies":"2 Louse","floor":3,"turns":3},{"damage":9,"enemies":"Red Slaver","floor":7,"turns":3},{"damage":2,"enemies":"Looter","floor":10,"turns":3},{"damage":39,"enemies":"3 Sentries","floor":11,"turns":9},{"damage":3,"enemies":"2 Fungi Beasts","floor":13,"turns":2},{"damage":24,"enemies":"Hexaghost","floor":16,"turns":9}],"seed_played":"1654173044469076003","potions_obtained":[{"floor":2,"key":"DuplicationPotion"},{"floor":10,"key":"CultistPotion"},{"floor":11,"key":"AttackPotion"}],"is_trial":false,"path_per_floor":["M","M","M","?","?","R","M","?","T","M","E","?","M","$","R","B"],"character_chosen":"THE_PLACEHOLDER","items_purchased":["Membership Card","PlaceholderMod:Crystallization"],"campfire_rested":1,"item_purchase_floors":[14,14],"current_hp_per_floor":[84,84,75,80,80,80,71,60,60,58,19,12,9,9,36,37,37],"gold":172,"neow_bonus":"TEN_PERCENT_HP_BONUS","is_daily":false,"chose_seed":false,"campfire_upgraded":1,"win_rate":0.0,"timestamp":1612708262,"path_taken":["M","M","?","?","?","R","?","?","T","M","E","?","?","?","R","BOSS"],"items_purchased_type":["Relic","Card"],"build_version":"2020-12-22","purchased_purges":1,"victory":false,"max_hp_per_floor":[85,85,85,90,90,90,90,90,90,90,90,90,90,90,90,90,90],"card_choices":[{"not_picked":["PlaceholderMod:Internalization","PlaceholderMod:SpinBlade"],"picked":"PlaceholderMod:SeverePoisonStrike","floor":1},{"not_picked":["PlaceholderMod:StrongAcid","PlaceholderMod:Hyperplasia"],"picked":"PlaceholderMod:EnergyAbsorb","floor":2},{"not_picked":["PlaceholderMod:SprayAttack","PlaceholderMod:StrongAcid"],"picked":"PlaceholderMod:ThreeBenzyolStart","floor":3},{"not_picked":["PlaceholderMod:ConsolidateHit","PlaceholderMod:HornyBlast"],"picked":"PlaceholderMod:CycleAttack","floor":7},{"not_picked":["PlaceholderMod:OHStrongAttack","PlaceholderMod:AttackAsDefend"],"picked":"PlaceholderMod:Sweep","floor":10},{"not_picked":["PlaceholderMod:AttackAsDefend","PlaceholderMod:ThreeBenzyolStart","PlaceholderMod:Sweep"],"picked":"SKIP","floor":11},{"not_picked":["PlaceholderMod:FastReaction","PlaceholderMod:HornyBlast"],"picked":"PlaceholderMod:ProliferateStrike","floor":13},{"not_picked":["PlaceholderMod:GrowthForm","PlaceholderMod:MultiReaction"],"picked":"PlaceholderMod:FinalSpray","floor":16}],"player_experience":364154,"relics_obtained":[{"floor":9,"key":"Pantograph"},{"floor":11,"key":"Letter Opener"}],"event_choices":[{"damage_healed":0,"gold_gain":0,"player_choice":"Donut","damage_taken":0,"max_hp_gain":5,"max_hp_loss":0,"event_name":"Big Fish","floor":4,"gold_loss":0},{"damage_healed":0,"gold_gain":0,"player_choice":"Rummage","damage_taken":0,"relics_obtained":["WarpedTongs"],"max_hp_gain":0,"max_hp_loss":0,"event_name":"Accursed Blacksmith","floor":5,"gold_loss":0,"cards_obtained":["Pain"]},{"damage_healed":0,"gold_gain":75,"player_choice":"Gather Gold","damage_taken":11,"max_hp_gain":0,"max_hp_loss":0,"event_name":"World of Goop","floor":8,"gold_loss":0},{"cards_removed":["PlaceholderMod:BaseStrike"],"damage_healed":0,"gold_gain":0,"player_choice":"Card Removal","damage_taken":7,"max_hp_gain":0,"max_hp_loss":0,"event_name":"Golden Wing","floor":12,"gold_loss":0}],"is_beta":false,"boss_relics":[],"items_purged_floors":[14],"is_endless":false,"potions_floor_spawned":[2,10,11],"killed_by":"Hexaghost","ascension_level":0}}