{"host":"18ybagvpjbhxblmx","time":1612688725,"event":{"mods":["BaseMod","BetterRewards","Colored Map","Conspire","Friendly Minions","Hermit","Hubris","Infinite Spire","Koishi","Marisa????????","Minty Spire (QoL Compilation)","Quick Restart","Replay The Spire","StSLib","The Administrix","The Cursed","The Runesmith","The Servant 0.9.4"],"gold_per_floor":[113,126,54,54,68,68,97,97,167,183,201,201,201],"floor_reached":12,"language":"ENG","playtime":746,"items_purged":["Runesmith:Strike_RS"],"score":84,"play_id":"afd5130e-fa8f-467c-b27f-13e7e2f6213f","local_time":"20210207100525","is_ascension_mode":true,"campfire_choices":[{"data":"Runesmith:ChaoticBlast","floor":6,"key":"SMITH"},{"data":"Runesmith:PoweredAnvil","floor":6,"key":"SMITH"},{"data":"Runesmith:Fortify","floor":8,"key":"SMITH"},{"data":"Runesmith:CraftFirestone","floor":8,"key":"SMITH"}],"circlet_count":0,"master_deck":["Runesmith:Strike_RS","Runesmith:Strike_RS","Runesmith:Strike_RS","Runesmith:Defend_RS","Runesmith:Defend_RS","Runesmith:Defend_RS","Runesmith:CraftFirestone+1","Runesmith:Fortify+1","Runesmith:PoweredAnvil+1","Runesmith:ChaoticBlast+1","Runesmith:BackupBattery"],"relics":["Runesmith:BrokenRuby","Replay:Arrowhead","hubris:Potato","Ice Cream","Du-Vu Doll","Garlic"],"acts_visited":["Exordium"],"potions_floor_usage":[],"damage_taken":[{"damage":0,"enemies":"2 Louse","floor":1,"turns":3},{"damage":0,"enemies":"Cultist","floor":2,"turns":3},{"damage":0,"enemies":"Jaw Worm","floor":5,"turns":4},{"damage":4,"enemies":"Lagavulin","floor":7,"turns":7},{"damage":7,"enemies":"Looter","floor":10,"turns":3},{"damage":0,"enemies":"2 Fungi Beasts","floor":11,"turns":3},{"damage":5,"enemies":"Gremlin Nob","floor":12,"turns":3}],"seed_played":"8326329427454630492","potions_obtained":[{"floor":2,"key":"SteroidPotion"}],"is_trial":false,"path_per_floor":["M","M","$","?","M","R","E","R","T","M","M","E"],"character_chosen":"RUNESMITH_CLASS","items_purchased":["hubris:Potato","Ice Cream","Runesmith:ChaoticBlast"],"campfire_rested":0,"item_purchase_floors":[0,0,3],"current_hp_per_floor":[38,38,38,38,38,38,34,34,34,27,27,22,22],"gold":201,"neow_bonus":"","is_daily":false,"chose_seed":false,"campfire_upgraded":4,"win_rate":0.0,"timestamp":1612688725,"path_taken":["M","M","$","?","M","R","E","R","T","M","M","E"],"items_purchased_type":["Relic","Relic","Card"],"build_version":"2020-12-22","purchased_purges":1,"victory":false,"max_hp_per_floor":[70,70,70,70,70,70,70,70,70,70,70,70,70],"card_choices":[{"not_picked":["Runesmith:HeatExchange","Runesmith:Overpower","Runesmith:Retool"],"picked":"SKIP","floor":1},{"not_picked":["Runesmith:Repurpose","Runesmith:HeatExchange"],"picked":"Runesmith:PoweredAnvil","floor":2},{"not_picked":["Runesmith:CraftReservo","Runesmith:CraftProtectio","Runesmith:ChiselStab"],"picked":"SKIP","floor":5},{"not_picked":["Runesmith:ChiselStab","Runesmith:Accelerate","Runesmith:CraftProtectio"],"picked":"SKIP","floor":7},{"not_picked":["Runesmith:HeatExchange","Runesmith:PerfectChisel"],"picked":"Runesmith:BackupBattery","floor":10},{"not_picked":["Runesmith:Overpower","Runesmith:Electrocute","Runesmith:Supernova"],"picked":"SKIP","floor":11}],"player_experience":315686,"relics_obtained":[{"floor":7,"key":"Du-Vu Doll"},{"floor":9,"key":"Garlic"}],"event_choices":[],"is_beta":false,"boss_relics":[],"items_purged_floors":[0],"is_endless":false,"potions_floor_spawned":[2,10],"killed_by":"Gremlin Nob","ascension_level":1}}