{"host":"92wx9z21c4p52du4","time":1612661161,"event":{"mods":["Arknights","BaseMod","Infinite Spire","Lobotomy","Minty Spire (QoL Compilation)","Reliquary","Robot Space Explorer","StSLib","The Blue Laboratory","The Disciple","The Jungle","The Runesmith","TheSurvivalist"],"gold_per_floor":[110,110,70,83,94,94,94,94,140,154,154,59,59,93,93,93,93],"floor_reached":16,"language":"ENG","playtime":827,"items_purged":[],"score":98,"play_id":"54b6d451-87ea-4cf1-8fd2-18dc297f3667","local_time":"20210206192601","is_ascension_mode":false,"campfire_choices":[{"data":"Meditate","floor":6,"key":"SMITH"},{"data":"Eruption","floor":11,"key":"SMITH"},{"data":"Study","floor":13,"key":"SMITH"},{"data":"PathToVictory","floor":15,"key":"SMITH"}],"circlet_count":0,"master_deck":["Strike_P","Strike_P","Strike_P","Strike_P","Defend_P","Defend_P","Defend_P","Defend_P","Eruption+1","Vigilance","FairyFestival","Nirvana","MeatLantern","Nirvana","OldLady","Meditate+1","SpiderBud","Evaluate","ThirdEye","Study+1","HappyTeddy","PathToVictory+1"],"relics":["PureWater","CogitoBucket","Ice Cream","infinitespire:Magic Flask","Boot","reliquary:FerryPass"],"acts_visited":["Exordium"],"potions_floor_usage":[14,16],"damage_taken":[{"damage":1,"enemies":"2 Louse","floor":1,"turns":2},{"damage":2,"enemies":"Cultist","floor":4,"turns":3},{"damage":0,"enemies":"Small Slimes","floor":5,"turns":3},{"damage":4,"enemies":"2 Fungi Beasts","floor":10,"turns":7},{"damage":12,"enemies":"Lagavulin","floor":14,"turns":11},{"damage":112,"enemies":"The Guardian","floor":16,"turns":7}],"seed_played":"6644067318711798615","potions_obtained":[{"floor":1,"key":"Ambrosia"},{"floor":3,"key":"BottledMiracle"},{"floor":3,"key":"blueLaboratory:BottledTrinity"}],"is_trial":false,"path_per_floor":["M","?","?","M","M","R","?","?","T","M","R","$","R","E","R","B"],"character_chosen":"WATCHER","items_purchased":["ThirdEye","Study"],"campfire_rested":0,"item_purchase_floors":[12,12],"current_hp_per_floor":[71,64,64,65,68,68,68,68,68,72,72,72,72,60,60,0,0],"gold":93,"neow_bonus":"","is_daily":false,"chose_seed":false,"campfire_upgraded":4,"win_rate":0.0,"timestamp":1612661161,"path_taken":["M","?","?","M","?","R","?","?","T","?","R","$","R","E","R","BOSS"],"items_purchased_type":["Card","Card"],"build_version":"2020-12-22","purchased_purges":0,"victory":false,"max_hp_per_floor":[72,72,72,72,72,72,72,72,72,72,72,72,72,72,72,72,72],"card_choices":[{"not_picked":["CrumblingArmor","Wellcheers"],"picked":"FairyFestival","floor":1},{"not_picked":["Evaluate","Halt"],"picked":"Nirvana","floor":1},{"not_picked":["Scorched","UniverseFragment","DespairKnight"],"picked":"Singing Bowl","floor":4},{"not_picked":["Scorched","SingingMachine"],"picked":"MeatLantern","floor":4},{"not_picked":["Vengeance","EmptyBody"],"picked":"Nirvana","floor":4},{"not_picked":["PunishingBird","CherryBlossoms","Porccubus"],"picked":"Singing Bowl","floor":5},{"not_picked":["Scorched","UniverseFragment"],"picked":"OldLady","floor":5},{"not_picked":["Study","FlyingSleeves"],"picked":"Meditate","floor":5},{"not_picked":["Scarecrow","GreedKing"],"picked":"SpiderBud","floor":10},{"not_picked":["Crescendo","Alpha"],"picked":"Evaluate","floor":10},{"not_picked":["SnowQueen","Scorched"],"picked":"HappyTeddy","floor":14},{"not_picked":["Consecrate","JustLucky"],"picked":"PathToVictory","floor":14}],"player_experience":194064,"relics_obtained":[{"floor":9,"key":"Boot"},{"floor":14,"key":"reliquary:FerryPass"}],"event_choices":[{"damage_healed":0,"gold_gain":0,"player_choice":"Success","damage_taken":7,"relics_obtained":["Ice Cream"],"max_hp_gain":0,"max_hp_loss":0,"event_name":"Scrap Ooze","floor":2,"gold_loss":0},{"damage_healed":0,"gold_gain":0,"player_choice":"Bought 3 Potions","damage_taken":0,"max_hp_gain":0,"max_hp_loss":0,"event_name":"The Woman in Blue","floor":3,"gold_loss":0},{"damage_healed":0,"gold_gain":0,"player_choice":"Box","damage_taken":0,"relics_obtained":["infinitespire:Magic Flask"],"max_hp_gain":0,"max_hp_loss":0,"event_name":"Big Fish","floor":7,"gold_loss":0,"cards_obtained":["Regret"]},{"cards_removed":["Regret"],"damage_healed":0,"gold_gain":0,"player_choice":"Removed Curses","damage_taken":0,"max_hp_gain":0,"max_hp_loss":0,"event_name":"Fountain of Cleansing","floor":8,"gold_loss":0}],"is_beta":false,"boss_relics":[],"items_purged_floors":[],"is_endless":false,"potions_floor_spawned":[1,5],"killed_by":"The Guardian","ascension_level":0}}