{"host":"fp8drfl1tzsp8ohi","time":1612738948,"event":{"mods":["AchievementEnabler","BaseMod","Colored Map","Colored Powertips","DeckTracker","Jorbs\u0027s Wanderer Trilogy","Minty Spire (QoL Compilation)","Relic Sorter","StSLib","SuperFastMode"],"gold_per_floor":[115,115,130,144,144,171,183,183,233,248,248,248,276,286,286,381,381,392,302,104,117,67,67,92,92,92,117,129,166,197,13,13,116,116,129,141,141,141,141,170,68,68,68,120,120,145,157,190,190,190,190,190,86,112,112,112],"floor_reached":55,"language":"ENG","playtime":12499,"items_purged":["Strike_P","Decay","Defend_P","Strike_P","Defend_P"],"score":919,"play_id":"4370dbf2-3197-443a-b331-d9921564253a","local_time":"20210207130228","is_ascension_mode":true,"campfire_choices":[{"data":"WheelKick","floor":8.0,"key":"SMITH"},{"data":"CrushJoints","floor":12.0,"key":"SMITH"},{"data":"Tantrum","floor":15.0,"key":"SMITH"},{"data":"Vault","floor":23.0,"key":"SMITH"},{"data":"Consecrate","floor":25.0,"key":"SMITH"},{"floor":32.0,"key":"REST"},{"floor":45.0,"key":"RECALL"},{"floor":49,"key":"REST"},{"data":"Meditate","floor":52,"key":"SMITH"}],"circlet_count":0,"master_deck":["Strike_P+1","Defend_P","Defend_P","Eruption+1","Vigilance","CrushJoints+1","WheelKick+1","Swivel+1","ThirdEye","Consecrate+1","Tantrum+1","FlurryOfBlows","Vault+1","Meditate+1","Blasphemy","Ragnarok","Prostrate+1","Halt+1","Madness","Madness","Perseverance+1","InnerPeace+1","Prostrate+1","FlurryOfBlows"],"relics":["Runic Pyramid","Gremlin Horn","Omamori","Smiling Mask","SlaversCollar","Frozen Eye","Pen Nib","MawBank","Sundial","Sozu","Pocketwatch","Potion Belt","Turnip","Nunchaku","Regal Pillow","HornCleat"],"acts_visited":["Exordium","TheCity","TheBeyond","TheEnding"],"potions_floor_usage":[50],"damage_taken":[{"damage":0.0,"enemies":"Jaw Worm","floor":1.0,"turns":2.0},{"damage":1.0,"enemies":"Cultist","floor":3.0,"turns":3.0},{"damage":12.0,"enemies":"Small Slimes","floor":4.0,"turns":3.0},{"damage":18.0,"enemies":"3 Sentries","floor":6.0,"turns":9.0},{"damage":4.0,"enemies":"Exordium Wildlife","floor":7.0,"turns":4.0},{"damage":0.0,"enemies":"Exordium Thugs","floor":10.0,"turns":3.0},{"damage":0.0,"enemies":"Lagavulin","floor":13.0,"turns":4.0},{"damage":2.0,"enemies":"Looter","floor":14.0,"turns":3.0},{"damage":2.0,"enemies":"Slime Boss","floor":16.0,"turns":4.0},{"damage":7.0,"enemies":"Chosen","floor":18.0,"turns":3.0},{"damage":14.0,"enemies":"Spheric Guardian","floor":21.0,"turns":4.0},{"damage":3.0,"enemies":"Gremlin Leader","floor":24.0,"turns":3.0},{"damage":2.0,"enemies":"Cultist and Chosen","floor":27.0,"turns":3.0},{"damage":4.0,"enemies":"Book of Stabbing","floor":29.0,"turns":3.0},{"damage":5.0,"enemies":"Centurion and Healer","floor":30.0,"turns":3.0},{"damage":3.0,"enemies":"Collector","floor":33.0,"turns":4.0},{"damage":2.0,"enemies":"3 Shapes","floor":35.0,"turns":4.0},{"damage":6.0,"enemies":"Orb Walker","floor":36.0,"turns":3.0},{"damage":4.0,"enemies":"Giant Head","floor":40.0,"turns":4.0},{"damage":15.0,"enemies":"2 Orb Walkers","floor":44.0,"turns":3.0},{"damage":8.0,"enemies":"Reptomancer","floor":46.0,"turns":4.0},{"damage":0,"enemies":"Sphere and 2 Shapes","floor":47,"turns":4},{"damage":0,"enemies":"Giant Head","floor":48,"turns":5},{"damage":15,"enemies":"Donu and Deca","floor":50,"turns":7},{"damage":0,"enemies":"Shield and Spear","floor":54,"turns":4},{"damage":90,"enemies":"The Heart","floor":55,"turns":6}],"seed_played":"4538214203405585105","potions_obtained":[{"floor":3.0,"key":"Energy Potion"},{"floor":5.0,"key":"StancePotion"},{"floor":5.0,"key":"DistilledChaos"},{"floor":5.0,"key":"BottledMiracle"},{"floor":10.0,"key":"LiquidMemories"},{"floor":14.0,"key":"DuplicationPotion"}],"is_trial":false,"path_per_floor":["M","?","M","M","?","E","M","R","T","M","?","R","E","M","R","B",null,"M","?","$","M","$","R","E","R","T","M","?","E","M","$","R","B",null,"M","M","?","?","T","E","$","?","T","?","R","E","M","E","R","B",null,"R","$","E","B"],"character_chosen":"WATCHER","items_purchased":["Frozen Eye","Blasphemy","CutThroughFate","FlurryOfBlows"],"campfire_rested":2,"item_purchase_floors":[20,31,41,53],"current_hp_per_floor":[72,72,71,59,59,41,37,37,37,37,23,23,23,21,21,19,72,65,65,65,51,51,51,48,48,48,46,33,29,24,24,47,44,77,75,69,69,59,59,55,55,55,55,40,40,32,32,32,70,55,77,77,77,77,0,0],"gold":112,"neow_bonus":"BOSS_RELIC","is_daily":false,"chose_seed":false,"campfire_upgraded":6,"win_rate":0.0,"timestamp":1612738948,"path_taken":["M","?","M","?","?","E","?","R","T","M","?","R","E","M","R","BOSS","M","?","$","M","?","R","E","R","T","M","?","E","?","?","R","BOSS","M","M","?","?","?","E","$","?","T","?","R","E","M","E","R","BOSS","R","$","E","BOSS"],"items_purchased_type":["Relic","Card","Card","Card"],"build_version":"2020-12-22","purchased_purges":5,"victory":false,"max_hp_per_floor":[72,72,72,72,72,72,72,72,72,72,72,72,72,72,72,72,72,72,72,72,72,72,72,72,72,72,72,77,77,77,77,77,77,77,77,77,77,77,77,77,77,77,77,77,77,77,77,77,77,77,77,77,77,77,77,77],"card_choices":[{"not_picked":["Protect","JustLucky"],"picked":"CrushJoints","floor":1.0},{"not_picked":["ClearTheMind","Halt"],"picked":"WheelKick","floor":3.0},{"not_picked":["SashWhip","BowlingBash"],"picked":"Swivel","floor":4.0},{"not_picked":["EmptyBody","Ragnarok"],"picked":"ThirdEye","floor":6.0},{"not_picked":["JustLucky","FlyingSleeves"],"picked":"Consecrate","floor":7.0},{"not_picked":["WreathOfFlame","EmptyFist","Protect"],"picked":"SKIP","floor":10.0},{"not_picked":["Ragnarok","CutThroughFate"],"picked":"Tantrum","floor":13.0},{"not_picked":["EmptyBody","JustLucky"],"picked":"FlurryOfBlows","floor":14.0},{"not_picked":["DevaForm","Scrawl"],"picked":"Vault","floor":16.0},{"not_picked":["Consecrate+1","Sanctity","BowlingBash"],"picked":"SKIP","floor":18.0},{"not_picked":["Halt","Protect","WreathOfFlame"],"picked":"SKIP","floor":21.0},{"not_picked":["BowlingBash+1","Protect","CrushJoints"],"picked":"SKIP","floor":24.0},{"not_picked":["Evaluate","ReachHeaven","PathToVictory"],"picked":"SKIP","floor":27.0},{"not_picked":["Nirvana+1","Conclude","FlyingSleeves"],"picked":"SKIP","floor":29.0},{"not_picked":["EmptyBody","Study"],"picked":"Meditate","floor":30.0},{"not_picked":["ConjureBlade","Establishment"],"picked":"Ragnarok","floor":33.0},{"not_picked":["DeceiveReality+1","Halt"],"picked":"Prostrate+1","floor":35.0},{"not_picked":["Collect+1","SignatureMove+1"],"picked":"Halt+1","floor":36.0},{"not_picked":["EmptyBody","ThirdEye"],"picked":"Perseverance+1","floor":40.0},{"not_picked":["Protect+1","Collect"],"picked":"InnerPeace+1","floor":44.0},{"not_picked":["Sanctity+1","Weave"],"picked":"Prostrate+1","floor":46.0},{"not_picked":["Evaluate+1","FlyingSleeves","ThirdEye"],"picked":"SKIP","floor":47},{"not_picked":["ClearTheMind","Omniscience","FlyingSleeves+1"],"picked":"SKIP","floor":48},{"not_picked":["BowlingBash+1","Study+1","ClearTheMind"],"picked":"SKIP","floor":54}],"player_experience":367400,"relics_obtained":[{"floor":6.0,"key":"Gremlin Horn"},{"floor":9.0,"key":"Omamori"},{"floor":13.0,"key":"Smiling Mask"},{"floor":24.0,"key":"Pen Nib"},{"floor":26.0,"key":"MawBank"},{"floor":29.0,"key":"Sundial"},{"floor":39.0,"key":"Pocketwatch"},{"floor":40.0,"key":"Potion Belt"},{"floor":44.0,"key":"Turnip"},{"floor":46.0,"key":"Nunchaku"},{"floor":48,"key":"Regal Pillow"},{"floor":54,"key":"HornCleat"}],"event_choices":[{"damage_healed":0.0,"max_hp_gain":0.0,"max_hp_loss":0.0,"gold_gain":0.0,"event_name":"Wheel of Change","player_choice":"Cursed","floor":2.0,"gold_loss":0.0,"damage_taken":0.0,"cards_obtained":["Decay"]},{"damage_healed":0.0,"max_hp_gain":0.0,"max_hp_loss":0.0,"gold_gain":0.0,"event_name":"Lab","player_choice":"Got Potions","floor":5.0,"gold_loss":0.0,"damage_taken":0.0},{"damage_healed":0.0,"max_hp_gain":0.0,"max_hp_loss":0.0,"gold_gain":0.0,"event_name":"Shining Light","player_choice":"Entered Light","floor":11.0,"gold_loss":0.0,"damage_taken":14.0,"cards_upgraded":["Strike_P","Eruption"]},{"cards_removed":["Strike_P"],"damage_healed":0.0,"max_hp_gain":0.0,"max_hp_loss":0.0,"gold_gain":0.0,"event_name":"Designer","player_choice":"Upgrade and Remove","floor":19.0,"gold_loss":90.0,"damage_taken":0.0,"cards_upgraded":["Swivel"]},{"damage_healed":0.0,"max_hp_gain":5.0,"max_hp_loss":0.0,"gold_gain":0.0,"event_name":"Forgotten Altar","player_choice":"Shed Blood","floor":28.0,"gold_loss":0.0,"damage_taken":18.0},{"damage_healed":0.0,"max_hp_gain":0.0,"max_hp_loss":0.0,"gold_gain":0.0,"event_name":"Tomb of Lord Red Mask","player_choice":"Ignored","floor":37.0,"gold_loss":0.0,"damage_taken":0.0},{"damage_healed":0.0,"max_hp_gain":0.0,"max_hp_loss":0.0,"gold_gain":0.0,"event_name":"Winding Halls","player_choice":"Embrace Madness","floor":38.0,"gold_loss":0.0,"damage_taken":10.0,"cards_obtained":["Madness","Madness"]},{"cards_removed":["CutThroughFate"],"damage_healed":0.0,"max_hp_gain":0.0,"max_hp_loss":0.0,"gold_gain":0.0,"event_name":"Falling","player_choice":"Removed Attack","floor":42.0,"gold_loss":0.0,"damage_taken":0.0},{"damage_healed":0.0,"max_hp_gain":0.0,"max_hp_loss":0.0,"gold_gain":0.0,"event_name":"Mysterious Sphere","player_choice":"Fight","floor":44.0,"gold_loss":0.0,"damage_taken":0.0}],"is_beta":false,"boss_relics":[{"not_picked":["Ectoplasm","Philosopher\u0027s Stone"],"picked":"SlaversCollar"},{"not_picked":["Fusion Hammer","Runic Dome"],"picked":"Sozu"}],"items_purged_floors":[20,22,31,41,53],"is_endless":false,"potions_floor_spawned":[3,7,10,14,21,29,30,33,35,36,47],"killed_by":"The Heart","ascension_level":1}}