{"host":"o4p7qgaf1xspajzr","time":1612659756,"event":{"mods":["BaseMod","Block Reminder","Colored Map","Infinite Spire","Minty Spire (QoL Compilation)","Replay The Spire","StSLib","The Jungle"],"gold_per_floor":[118,129,143,159,176,201,201,230,280,280,280],"floor_reached":10,"language":"ENG","playtime":258,"items_purged":[],"score":92,"play_id":"7f897878-201e-435c-bfac-200a09bbbdf1","local_time":"20210207010236","is_ascension_mode":true,"campfire_choices":[{"floor":7,"key":"REST"}],"circlet_count":0,"master_deck":["Strike_R","Strike_R","Strike_R","Strike_R","Strike_R","Defend_R","Defend_R","Defend_R","Defend_R","Bash","True Grit","Combust","infinitespire:OneForAll","Flex","Double Tap","Sentinel+1"],"relics":["Burning Blood","NeowsBlessing","infinitespire:ShieldingShard","Toxic Egg 2","Dream Catcher"],"acts_visited":["Exordium"],"potions_floor_usage":[6,10,10],"damage_taken":[{"damage":0,"enemies":"Cultist","floor":1,"turns":1},{"damage":0,"enemies":"Jaw Worm","floor":2,"turns":1},{"damage":0,"enemies":"2 Louse","floor":3,"turns":1},{"damage":22,"enemies":"Looter","floor":4,"turns":3},{"damage":20,"enemies":"Exordium Wildlife","floor":5,"turns":5},{"damage":41,"enemies":"Lagavulin","floor":6,"turns":5},{"damage":38,"enemies":"Gremlin Nob","floor":8,"turns":5},{"damage":14,"enemies":"3 Sentries","floor":10,"turns":2}],"seed_played":"4727865382027022475","potions_obtained":[{"floor":5,"key":"AttackPotion"},{"floor":6,"key":"Elixir"},{"floor":8,"key":"Weak Potion"}],"is_trial":false,"path_per_floor":["M","M","M","M","M","E","R","E","T","E"],"character_chosen":"IRONCLAD","items_purchased":[],"campfire_rested":1,"item_purchase_floors":[],"current_hp_per_floor":[80,80,80,64,50,15,39,7,7,0,0],"gold":280,"neow_bonus":"THREE_ENEMY_KILL","is_daily":false,"chose_seed":false,"campfire_upgraded":0,"win_rate":0.0,"timestamp":1612659756,"path_taken":["M","M","M","M","M","E","R","E","T","E"],"items_purchased_type":[],"build_version":"2020-12-22","purchased_purges":0,"victory":false,"max_hp_per_floor":[80,80,80,80,80,80,80,80,80,80,80],"card_choices":[{"not_picked":["Clothesline","Thunderclap"],"picked":"True Grit","floor":1},{"not_picked":["Bloodletting","Havoc"],"picked":"Combust","floor":2},{"not_picked":["Cleave","Pommel Strike"],"picked":"infinitespire:OneForAll","floor":3},{"not_picked":["Clothesline","Thunderclap","ReplayTheSpireMod:Corrosion Curse"],"picked":"SKIP","floor":4},{"not_picked":["Replay:Many Hands","Havoc"],"picked":"Flex","floor":5},{"not_picked":["Body Slam","Pommel Strike"],"picked":"Double Tap","floor":6},{"not_picked":["Metallicize","Clothesline"],"picked":"Sentinel+1","floor":8}],"player_experience":221523,"relics_obtained":[{"floor":6,"key":"infinitespire:ShieldingShard"},{"floor":8,"key":"Toxic Egg 2"},{"floor":9,"key":"Dream Catcher"}],"event_choices":[],"is_beta":false,"boss_relics":[],"items_purged_floors":[],"is_endless":false,"potions_floor_spawned":[5,6,8],"killed_by":"3 Sentries","ascension_level":3}}