{"host":"1v3mnj67s3trvm6y","time":1612682954,"event":{"mods":["BaseMod","Challenge The Spire","Downfall","Minty Spire (QoL Compilation)","StSLib"],"gold_per_floor":[99,119,131,131,146,165,214,240,256,276,287,300,332,351,362,463,463,263,274,294,304,318,318,318,318,331,331,281,309,332,332,348,444,444,444,456,1455,1050,1065,965,965,975,989,1016,1016,1035,626,656,671,671,671,706,64,64,64,64],"floor_reached":57,"language":"ENG","playtime":7488,"items_purged":["Normality","Normality","champ:Defend"],"score":1279,"play_id":"1655aed2-3a9a-4763-8119-07e0c7db103d","local_time":"20210207162914","is_ascension_mode":false,"campfire_choices":[{"floor":1.0,"key":"REST"},{"data":"champ:GladiatorForm","floor":18.0,"key":"SMITH"},{"floor":23.0,"key":"REST"},{"floor":25.0,"key":"REST"},{"data":"champ:Taunt","floor":27.0,"key":"SMITH"},{"floor":35.0,"key":"RECALL"},{"floor":40,"key":"REST"},{"floor":54,"key":"REST"}],"circlet_count":0,"master_deck":["champ:Strike","champ:Defend","champ:Defend","champ:Defend","champ:Execute","champ:Taunt+1","champ:BringItOn","champ:AdrenalArmor","champ:GutPunch","champ:Circumvent","champ:Endure","champ:GutPunch","champ:ViciousMockery","champ:TripleStrike","champ:FlashCut","champ:GladiatorStyle","champ:Endure","champ:TornadoPunch","champ:GladiatorForm+1","champ:Endure","champ:SetATrap+1","champ:FlashCut+1","champ:BerserkersShout+1","champ:FocusedDefense","champ:DefensiveShout","champ:BringItOn","champ:DancingMaster+1","champ:StanceDance+1","champ:Improvising+1","champ:PreciseThrust","champ:AdrenalArmor+1","champ:StanceDance+1","champ:StanceDance+1","champ:VampiricStrike","champ:CrookedStrike+1","expansioncontent:QuickStudy","champ:UltimateStance","champ:SkillfulDodge+1","champ:DefensiveShout+1","champ:IronFortress+1"],"relics":["champ:ChampionCrown","Nunchaku","Shuriken","SlaversCollar","downfall:HeartBlessingGreen","downfall:HeartBlessingBlue","Frozen Egg 2","White Beast Statue","Potion Belt","StrikeDummy","Fusion Hammer","Eternal Feather","downfall:HeartBlessingRed","Meat on the Bone","Oddly Smooth Stone","champ:DefensiveTrainingManual","Bird Faced Urn","bronze:BronzeIdol","Pocketwatch"],"acts_visited":["Exordium","TheCity","TheBeyond","TheEnding"],"potions_floor_usage":[43,43,49,50,50,52,52,52,55,56,56,56,56,56,56],"damage_taken":[{"damage":20.0,"enemies":"2 Louse","floor":2.0,"turns":3.0},{"damage":20.0,"enemies":"Cultist","floor":3.0,"turns":4.0},{"damage":10.0,"enemies":"Jaw Worm","floor":5.0,"turns":4.0},{"damage":35.0,"enemies":"Exordium Wildlife","floor":6.0,"turns":9.0},{"damage":44.0,"enemies":"Gremlin Nob","floor":8.0,"turns":5.0},{"damage":17.0,"enemies":"Blue Slaver","floor":9.0,"turns":4.0},{"damage":30.0,"enemies":"Exordium Wildlife","floor":10.0,"turns":6.0},{"damage":22.0,"enemies":"Red Slaver","floor":11.0,"turns":7.0},{"damage":20.0,"enemies":"Blue Slaver","floor":12.0,"turns":3.0},{"damage":63.0,"enemies":"Lagavulin","floor":13.0,"turns":8.0},{"damage":41.0,"enemies":"Large Slime","floor":14.0,"turns":6.0},{"damage":0.0,"enemies":"3 Louse","floor":15.0,"turns":2.0},{"damage":87.0,"enemies":"SI_SHIV_ARCHETYPE","floor":16.0,"turns":11.0},{"damage":55.0,"enemies":"Shell Parasite","floor":19.0,"turns":8.0},{"damage":23.0,"enemies":"Snake Plant","floor":20.0,"turns":8.0},{"damage":76.0,"enemies":"Sentry and Sphere","floor":21.0,"turns":9.0},{"damage":48.0,"enemies":"Cultist and Chosen","floor":22.0,"turns":9.0},{"damage":45.0,"enemies":"Snecko","floor":26.0,"turns":5.0},{"damage":24.0,"enemies":"Book of Stabbing","floor":29.0,"turns":5.0},{"damage":40.0,"enemies":"3 Cultists","floor":32.0,"turns":6.0},{"damage":80.0,"enemies":"IC_MUSHROOM_ARCHETYPE","floor":33.0,"turns":10.0},{"damage":48.0,"enemies":"3 Darklings","floor":36.0,"turns":7.0},{"damage":25.0,"enemies":"downfall:FleeingMerchant","floor":38.0,"turns":4.0},{"damage":25,"enemies":"Orb Walker","floor":39,"turns":4},{"damage":41,"enemies":"Sphere and 2 Shapes","floor":42,"turns":6},{"damage":51,"enemies":"Writhing Mass","floor":43,"turns":8},{"damage":80,"enemies":"Giant Head","floor":44,"turns":7},{"damage":30,"enemies":"Jaw Worm Horde","floor":46,"turns":6},{"damage":45,"enemies":"downfall:FleeingMerchant","floor":47,"turns":4},{"damage":45,"enemies":"Nemesis","floor":48,"turns":5},{"damage":65,"enemies":"4 Shapes","floor":49,"turns":1},{"damage":126,"enemies":"DF_ARCHETYPE_ORBS","floor":50,"turns":9},{"damage":74,"enemies":"downfall:CharBossMerchant","floor":52,"turns":9},{"damage":139,"enemies":"downfall:NeowBoss","floor":55,"turns":10},{"damage":164,"enemies":"downfall:NeowBossFinal","floor":56,"turns":10}],"seed_played":"-2875305906821855524","potions_obtained":[{"floor":2.0,"key":"BlessingOfTheForge"},{"floor":6.0,"key":"Weak Potion"},{"floor":8.0,"key":"SneckoOil"},{"floor":11.0,"key":"SneckoOil"},{"floor":16.0,"key":"Explosive Potion"},{"floor":26.0,"key":"LiquidBronze"},{"floor":29.0,"key":"SkillPotion"},{"floor":32.0,"key":"Weak Potion"},{"floor":33.0,"key":"Strength Potion"},{"floor":36.0,"key":"BlessingOfTheForge"},{"floor":38,"key":"AttackPotion"},{"floor":43,"key":"Slimebound:ThreeZeroPotion"},{"floor":44,"key":"FearPotion"},{"floor":45,"key":"FairyPotion"},{"floor":45,"key":"Dexterity Potion"},{"floor":49,"key":"champ:CounterPotion"},{"floor":52,"key":"EntropicBrew"}],"is_trial":false,"path_per_floor":["R","M","M","?","M","M","T","E","M","M","M","M","E","M","M","B",null,"R","M","M","M","M","R","T","R","M","R","?","E","T","T","M","B",null,"R","M","?","$","M","R","T","M","M","E","?","M","$","E","M","B",null,"E","$","R","B","B",null],"character_chosen":"THE_CHAMP","items_purchased":["Eternal Feather","champ:PreciseThrust","expansioncontent:QuickStudy","EntropicBrew","bronze:BronzeIdol","champ:IronFortress+1","Pocketwatch"],"campfire_rested":5,"item_purchase_floors":[38,38,47,47,53,53,53],"current_hp_per_floor":[90,90,90,90,90,90,90,76,74,74,72,72,49,48,48,41,90,100,100,92,41,23,53,53,83,83,83,100,86,86,86,86,61,100,100,82,82,82,82,100,100,94,100,95,95,95,100,100,100,74,100,86,86,100,100,57],"gold":64,"neow_bonus":"REMOVE_TWO","is_daily":false,"chose_seed":false,"campfire_upgraded":2,"win_rate":0.0,"timestamp":1612682954,"path_taken":["R","M","M","?","M","?","T","E","M","M","M","M","E","M","M","BOSS","R","M","M","M","M","R","T","R","M","R","?","E","?","?","M","BOSS","R","M","?","$","M","R","T","M","M","E","?","?","$","E","M","BOSS","E","$","R","BOSS","BOSS"],"items_purchased_type":["Relic","Card","Card","Potion","Relic","Card","Relic"],"build_version":"2020-12-22","purchased_purges":3,"victory":true,"max_hp_per_floor":[90,90,90,90,90,90,90,90,90,90,90,90,90,90,90,90,90,100,100,100,100,100,100,100,100,100,100,100,100,100,100,100,100,100,100,100,100,100,100,100,100,100,100,100,100,100,100,100,100,100,100,100,100,100,100,100],"card_choices":[{"not_picked":["champ:DefensiveShout","champ:BerserkersShout"],"picked":"champ:BringItOn","floor":2.0},{"not_picked":["champ:Circumvent","champ:BladeFlurry"],"picked":"champ:AdrenalArmor","floor":3.0},{"not_picked":["champ:ShieldSigil","champ:Parry"],"picked":"champ:Circumvent","floor":5.0},{"not_picked":["champ:SwordSigil","champ:Encircle"],"picked":"champ:Endure","floor":6.0},{"not_picked":["champ:FanOfKnives","champ:Parry"],"picked":"champ:GutPunch","floor":8.0},{"not_picked":["champ:PreemptiveStrike","champ:Haymaker","champ:IronFortress"],"picked":"SKIP","floor":9.0},{"not_picked":["champ:GutPunch","champ:DeathBlow"],"picked":"champ:ViciousMockery","floor":10.0},{"not_picked":["champ:IronFortress","champ:Shatter"],"picked":"champ:TripleStrike","floor":11.0},{"not_picked":["champ:DefensiveShout","champ:CrownThrow"],"picked":"champ:FlashCut","floor":12.0},{"not_picked":["champ:ShieldSigil","champ:PreemptiveStrike"],"picked":"champ:GladiatorStyle","floor":13.0},{"not_picked":["champ:EnGarde","champ:EnragedBash"],"picked":"champ:Endure","floor":14.0},{"not_picked":["champ:BerserkersShout","champ:DeathBlow"],"picked":"champ:TornadoPunch","floor":15.0},{"not_picked":["champ:UltimateStance","champ:IgnorePain"],"picked":"champ:GladiatorForm","floor":16.0},{"not_picked":["champ:Circumvent","champ:BerserkerStyle"],"picked":"champ:Endure","floor":19.0},{"not_picked":["champ:StanceDance","champ:BerserkerStyle"],"picked":"champ:SetATrap+1","floor":20.0},{"not_picked":["champ:BerserkerStyle","champ:ShieldSlam+1"],"picked":"champ:FlashCut+1","floor":21.0},{"not_picked":["champ:FlashCut","champ:PerfectedStrike"],"picked":"champ:BerserkersShout+1","floor":22.0},{"not_picked":["champ:StanceDance","champ:PreciseThrust"],"picked":"champ:FocusedDefense","floor":26.0},{"not_picked":["champ:Parry+1","champ:AdrenalArmor"],"picked":"champ:DefensiveShout","floor":29.0},{"not_picked":["champ:CrownThrow","champ:ShieldSigil"],"picked":"champ:BringItOn","floor":32.0},{"not_picked":["champ:UltimateStance","champ:CheapShot"],"picked":"champ:DancingMaster+1","floor":33.0},{"not_picked":["champ:CalledShot+1","champ:Haymaker"],"picked":"champ:StanceDance+1","floor":36.0},{"not_picked":["champ:BerserkersShout","champ:Circumvent"],"picked":"champ:Improvising+1","floor":38},{"not_picked":["champ:TornadoPunch","champ:DefensiveShout+1"],"picked":"champ:AdrenalArmor+1","floor":39},{"not_picked":["champ:CrownThrow+1","champ:SetATrap"],"picked":"champ:StanceDance+1","floor":42},{"not_picked":["champ:RecklessLeap+1","champ:CrownThrow","champ:BerserkersShout"],"picked":"SKIP","floor":43},{"not_picked":["champ:ShieldWall+1","champ:CrownThrow"],"picked":"champ:StanceDance+1","floor":44},{"not_picked":["champ:EnGarde+1","champ:RapidStrikes"],"picked":"champ:VampiricStrike","floor":46},{"not_picked":["champ:FocusedBerserking+1","champ:FanOfKnives+1"],"picked":"champ:CrookedStrike+1","floor":47},{"not_picked":["champ:Parry+1","champ:FanOfKnives+1"],"picked":"champ:UltimateStance","floor":48},{"not_picked":["champ:BladeFlurry+1","champ:SwordSigil"],"picked":"champ:SkillfulDodge+1","floor":49},{"not_picked":["champ:TornadoPunch","champ:BladeFlurry+1"],"picked":"champ:DefensiveShout+1","floor":52}],"player_experience":1697190,"relics_obtained":[{"floor":8.0,"key":"Nunchaku"},{"floor":13.0,"key":"Shuriken"},{"floor":24.0,"key":"Frozen Egg 2"},{"floor":29.0,"key":"White Beast Statue"},{"floor":30.0,"key":"Potion Belt"},{"floor":31.0,"key":"StrikeDummy"},{"floor":41,"key":"Meat on the Bone"},{"floor":44,"key":"Oddly Smooth Stone"},{"floor":48,"key":"champ:DefensiveTrainingManual"},{"floor":52,"key":"Bird Faced Urn"}],"event_choices":[{"damage_healed":0,"gold_gain":0,"player_choice":"Got Potions","damage_taken":0,"max_hp_gain":0,"max_hp_loss":0,"event_name":"Lab","floor":45,"gold_loss":0}],"is_beta":false,"boss_relics":[{"not_picked":["Black Star","Tiny House"],"picked":"SlaversCollar"},{"not_picked":["Velvet Choker","champ:ChampionCrownUpgraded"],"picked":"Fusion Hammer"}],"items_purged_floors":[38,47,53],"is_endless":false,"potions_floor_spawned":[2,6,8,11,16,26,29,32,33,36,38,39,42,43,44,46,47,48,49,52],"ascension_level":0}}