{"host":"79dbh3wlumrqhgu5","time":1612713528,"event":{"mods":["BaseMod","Colored Map","Colored Powertips","Dark Map","Minty Spire (QoL Compilation)","Permanent Neow"],"gold_per_floor":[115,133,152,152,77,77,109,129,204,204,204,217,231,231,231,336,336,350,104,104,117,134,134,163,163,163,191,204,216,216,232,232,328,328,348,348,368,368,395,425,425,425,425,425,66,66,79,79,79,79],"floor_reached":51,"language":"ENG","playtime":9337,"items_purged":["Strike_P","Eruption","Decay"],"score":740,"play_id":"b8f49692-bdaf-4af0-99ea-be46987a3a22","local_time":"20210207105848","is_ascension_mode":false,"campfire_choices":[{"data":"PathToVictory","floor":6,"key":"SMITH"},{"data":"PathToVictory","floor":11,"key":"SMITH"},{"floor":15,"key":"REST"},{"floor":23,"key":"REST"},{"data":"PathToVictory","floor":25,"key":"SMITH"},{"floor":32,"key":"REST"},{"floor":42,"key":"REST"},{"floor":44,"key":"REST"},{"data":"Secret Technique","floor":46,"key":"SMITH"},{"data":"Secret Technique","floor":49,"key":"SMITH"}],"circlet_count":0,"master_deck":["Strike_P","Defend_P","Defend_P","Defend_P","Defend_P","Vigilance","PathToVictory+1","PathToVictory+1","Perseverance","Scrawl","DevaForm","PathToVictory+1","Protect","Vault","Collect","Meditate","PathToVictory","Establishment","Writhe","PathToVictory","Secret Technique+1","Secret Technique+1"],"relics":["PureWater","Dream Catcher","Unceasing Top","Darkstone Periapt","Nunchaku","Snecko Eye","Melange","Juzu Bracelet","Molten Egg 2","Boot","Sozu","Centennial Puzzle","WingedGreaves","Pantograph"],"acts_visited":["Exordium","TheCity","TheBeyond"],"potions_floor_usage":[16,16,27,33,33],"damage_taken":[{"damage":1,"enemies":"Jaw Worm","floor":1,"turns":3},{"damage":1,"enemies":"2 Louse","floor":2,"turns":3},{"damage":0,"enemies":"Cultist","floor":3,"turns":3},{"damage":22,"enemies":"Lagavulin","floor":7,"turns":6},{"damage":0,"enemies":"Blue Slaver","floor":8,"turns":4},{"damage":0,"enemies":"Large Slime","floor":12,"turns":3},{"damage":2,"enemies":"Looter","floor":13,"turns":3},{"damage":1,"enemies":"Hexaghost","floor":16,"turns":6},{"damage":10,"enemies":"Shell Parasite","floor":18,"turns":3},{"damage":7,"enemies":"2 Thieves","floor":21,"turns":3},{"damage":25,"enemies":"Centurion and Healer","floor":22,"turns":5},{"damage":0,"enemies":"Gremlin Leader","floor":24,"turns":2},{"damage":27,"enemies":"Slavers","floor":27,"turns":5},{"damage":0,"enemies":"Snecko","floor":28,"turns":4},{"damage":0,"enemies":"3 Cultists","floor":29,"turns":3},{"damage":2,"enemies":"Shelled Parasite and Fungi","floor":31,"turns":4},{"damage":12,"enemies":"Automaton","floor":33,"turns":7},{"damage":20,"enemies":"3 Darklings","floor":35,"turns":4},{"damage":7,"enemies":"Orb Walker","floor":37,"turns":3},{"damage":65,"enemies":"Nemesis","floor":40,"turns":6},{"damage":6,"enemies":"Sphere and 2 Shapes","floor":47,"turns":5},{"damage":52,"enemies":"Time Eater","floor":50,"turns":5}],"seed_played":"7110867636670007281","potions_obtained":[{"floor":2,"key":"BlessingOfTheForge"},{"floor":3,"key":"DistilledChaos"},{"floor":21,"key":"AttackPotion"},{"floor":28,"key":"SteroidPotion"},{"floor":31,"key":"Regen Potion"}],"is_trial":false,"path_per_floor":["M","M","M","?","$","R","E","M","T","?","R","M","M","?","R","B",null,"M","$","?","M","M","R","E","R","T","E","M","M","?","M","R","B",null,"M","?","M","?","T","E","?","R","T","R","$","R","M","?","R","B",null],"character_chosen":"WATCHER","items_purchased":["Melange","PathToVictory","Secret Technique"],"campfire_rested":5,"item_purchase_floors":[19,45,45],"current_hp_per_floor":[71,70,70,63,63,63,41,41,41,47,47,47,45,45,68,67,78,68,68,68,61,36,59,59,59,59,32,32,32,38,36,61,64,84,64,90,83,83,83,18,18,45,45,72,72,72,66,66,66,38],"gold":79,"neow_bonus":"RANDOM_COMMON_RELIC","is_daily":false,"chose_seed":false,"campfire_upgraded":5,"win_rate":0.0,"timestamp":1612713528,"path_taken":["M","M","M","?","$","R","E","M","T","?","R","M","M","?","R","BOSS","M","$","?","?","M","R","E","R","T","E","M","M","?","M","R","BOSS","M","?","M","?","?","E","?","R","T","R","$","R","M","?","R","BOSS"],"items_purchased_type":["Relic","Card","Card"],"build_version":"2020-12-22","purchased_purges":3,"victory":true,"max_hp_per_floor":[72,72,72,72,72,72,72,72,72,78,78,78,78,78,78,78,78,78,78,78,78,78,78,78,78,78,78,78,78,84,84,84,84,84,84,90,90,90,90,90,90,90,90,90,90,90,90,90,90,90],"card_choices":[{"not_picked":["CutThroughFate","EmptyMind"],"picked":"PathToVictory","floor":1},{"not_picked":["FlyingSleeves","CrushJoints"],"picked":"PathToVictory","floor":2},{"not_picked":["Protect","Swivel","EmptyMind"],"picked":"SKIP","floor":3},{"not_picked":["Swivel","Omniscience"],"picked":"Perseverance","floor":7},{"not_picked":["FollowUp","BowlingBash","Halt"],"picked":"SKIP","floor":8},{"not_picked":["EmptyBody","CutThroughFate"],"picked":"Scrawl","floor":12},{"not_picked":["ThirdEye","CrushJoints","Protect"],"picked":"SKIP","floor":13},{"not_picked":["Omniscience","LessonLearned"],"picked":"DevaForm","floor":16},{"not_picked":["FlyingSleeves","Crescendo"],"picked":"PathToVictory","floor":18},{"not_picked":["Swivel+1","CutThroughFate","SashWhip"],"picked":"SKIP","floor":21},{"not_picked":["BowlingBash","FearNoEvil+1"],"picked":"Protect","floor":22},{"not_picked":["WreathOfFlame+1","SandsOfTime"],"picked":"Vault","floor":24},{"not_picked":["BowlingBash+1","EmptyFist+1"],"picked":"Collect","floor":27},{"not_picked":["Consecrate+1","Evaluate+1","Nirvana"],"picked":"SKIP","floor":28},{"not_picked":["FearNoEvil+1","CutThroughFate+1","Wallop+1"],"picked":"SKIP","floor":29},{"not_picked":["SashWhip+1","FollowUp+1"],"picked":"Meditate","floor":31},{"not_picked":["Fasting2","Halt+1"],"picked":"PathToVictory","floor":32},{"not_picked":["Ragnarok+1","LessonLearned+1"],"picked":"Establishment","floor":33},{"not_picked":["FollowUp+1","FlyingSleeves+1","SashWhip+1"],"picked":"SKIP","floor":35},{"not_picked":["WheelKick+1","FollowUp+1","CutThroughFate+1"],"picked":"SKIP","floor":37},{"not_picked":["JustLucky+1","Crescendo","BowlingBash+1"],"picked":"SKIP","floor":40},{"not_picked":["Swivel","TalkToTheHand+1","FlurryOfBlows+1"],"picked":"SKIP","floor":47},{"not_picked":["PanicButton","Panache"],"picked":"Secret Technique","floor":48}],"player_experience":29343,"relics_obtained":[{"floor":7,"key":"Unceasing Top"},{"floor":9,"key":"Darkstone Periapt"},{"floor":24,"key":"Juzu Bracelet"},{"floor":26,"key":"Molten Egg 2"},{"floor":27,"key":"Boot"},{"floor":39,"key":"Centennial Puzzle"},{"floor":40,"key":"WingedGreaves"},{"floor":43,"key":"Pantograph"}],"event_choices":[{"cards_removed":["Strike_P"],"damage_healed":0,"gold_gain":0,"player_choice":"Card Removal","damage_taken":7,"max_hp_gain":0,"max_hp_loss":0,"event_name":"Golden Wing","floor":4,"gold_loss":0},{"damage_healed":0,"gold_gain":0,"player_choice":"Box","damage_taken":0,"relics_obtained":["Nunchaku"],"max_hp_gain":0,"max_hp_loss":0,"event_name":"Big Fish","floor":10,"gold_loss":0,"cards_obtained":["Regret"]},{"cards_removed":["Regret"],"damage_healed":0,"gold_gain":0,"player_choice":"Forget","damage_taken":0,"max_hp_gain":0,"max_hp_loss":0,"event_name":"Living Wall","floor":14,"gold_loss":0},{"damage_healed":0,"gold_gain":0,"player_choice":"Ignored","damage_taken":0,"max_hp_gain":0,"max_hp_loss":0,"event_name":"NoteForYourself","floor":20,"gold_loss":0},{"damage_healed":0,"gold_gain":0,"player_choice":"Smashed Altar","damage_taken":0,"max_hp_gain":0,"max_hp_loss":0,"event_name":"Forgotten Altar","floor":30,"gold_loss":0,"cards_obtained":["Decay"]},{"damage_healed":21,"gold_gain":0,"player_choice":"Writhe","damage_taken":0,"max_hp_gain":0,"max_hp_loss":0,"event_name":"Winding Halls","floor":36,"gold_loss":0,"cards_obtained":["Writhe"]},{"damage_healed":0,"gold_gain":0,"player_choice":"Ignored","damage_taken":0,"max_hp_gain":0,"max_hp_loss":0,"event_name":"Tomb of Lord Red Mask","floor":38,"gold_loss":0},{"cards_removed":["Strike_P"],"damage_healed":0,"gold_gain":0,"player_choice":"Removed Attack","damage_taken":0,"max_hp_gain":0,"max_hp_loss":0,"event_name":"Falling","floor":41,"gold_loss":0},{"damage_healed":0,"gold_gain":0,"player_choice":"Memory 1","damage_taken":0,"max_hp_gain":0,"max_hp_loss":0,"event_name":"SensoryStone","floor":48,"gold_loss":0}],"is_beta":false,"boss_relics":[{"not_picked":["Empty Cage","Fusion Hammer"],"picked":"Snecko Eye"},{"not_picked":["SlaversCollar","Astrolabe"],"picked":"Sozu"}],"items_purged_floors":[5,19,45],"is_endless":false,"potions_floor_spawned":[2,3,21,28,31,47],"ascension_level":0}}