{"host":"rtrm1sjndjmdxdc6","time":1612681174,"event":{"mods":["2.2 Compatiblity","AchievementEnabler","Act Like it!","BaseMod","Better Vampires","Colored Map","Colored Powertips","Conspire","Downfall","Gensokyo","Marisa（F雨　魔理沙）","Minty Spire (QoL Compilation)","Permanent Neow","Quick Restart","Rare Cards Sparkle","Reimu（博丽灵梦）","Remilia（蕾米莉亚）","Replay The Spire","RumiaBox-露米娅的神秘盒子","Shop Mod","Spicy Shops","StSLib","The Animator","The Bug Knight","The Jungle","Unceasing Turn Reminder","Yakumo Yukari mod","Youmu（魂魄妖梦）","Yuyuko","【功能Mod】混沌之环修复补丁","【功能Mod】聪明的最终Boss","篝火指南"],"gold_per_floor":[99,113,128,128,145,145,145,145,161,61,75,75,60,60,76,177,177,77,91,111,123,134,134,134,134],"floor_reached":23,"language":"ZHS","playtime":1888,"items_purged":[],"score":185,"play_id":"db7fba4f-c394-43fc-ad60-6e9e8b5ed0b4","local_time":"20210207145934","is_ascension_mode":false,"campfire_choices":[{"floor":1.0,"key":"RECALL"},{"data":"Slimebound:Split","floor":8.0,"key":"SMITH"},{"data":"Slimebound:LevelUp","floor":10.0,"key":"SMITH"},{"data":"Slimebound:LeechEnergy","floor":12.0,"key":"SMITH"},{"data":"Slimebound:MassRepurpose","floor":18.0,"key":"SMITH"}],"circlet_count":0,"master_deck":["Slimebound:Strike_Slimebound","Slimebound:Strike_Slimebound","Slimebound:Tackle","Slimebound:Defend_Slimebound","Slimebound:Defend_Slimebound","Slimebound:Defend_Slimebound","Slimebound:Defend_Slimebound","Slimebound:Split+1","Slimebound:CorrosiveSpit","Slimebound:LeechEnergy+1","Slimebound:Schlurp","Slimebound:LeechingTouch","Slimebound:LevelUp+1","Slimebound:RollThrough","Slimebound:ComboTackle","Slimebound:SplitMire","Slimebound:MassRepurpose+1","Slimebound:AcidTongue","Slimebound:SplitLeeching","Slimebound:SpikyOuterGoop"],"relics":["downfall:HeartBlessingRed","m_BurningSludge","EasyGame_NEW","downfall:HeartBlessingBlue"],"acts_visited":["Exordium","Exordium"],"potions_floor_usage":[],"damage_taken":[{"damage":3.0,"enemies":"Small Slimes","floor":2.0,"turns":3.0},{"damage":3.0,"enemies":"Cultist","floor":3.0,"turns":3.0},{"damage":8.0,"enemies":"Jaw Worm","floor":5.0,"turns":3.0},{"damage":11.0,"enemies":"Exordium Wildlife","floor":9.0,"turns":3.0},{"damage":1.0,"enemies":"Gremlin Gang","floor":11.0,"turns":4.0},{"damage":0.0,"enemies":"downfall:FleeingMerchant","floor":13.0,"turns":4.0},{"damage":13.0,"enemies":"Lots of Slimes","floor":15.0,"turns":3.0},{"damage":55.0,"enemies":"DF_ARCHETYPE_STREAMLINE","floor":16.0,"turns":8.0},{"damage":18.0,"enemies":"theJungle:5_Spyders","floor":19.0,"turns":8.0},{"damage":21.0,"enemies":"theJungle:GiantWrat","floor":20.0,"turns":5.0},{"damage":14,"enemies":"theJungle:Snecko_Cultist_And_Trap","floor":21,"turns":6},{"damage":28,"enemies":"theJungle:Lyon","floor":22,"turns":4}],"seed_played":"-8537571255276017120","potions_obtained":[{"floor":2.0,"key":"Fire Potion"},{"floor":4.0,"key":"Fire Potion"},{"floor":4.0,"key":"SmokeBomb"},{"floor":15.0,"key":"LiquidBronze"},{"floor":22,"key":"ColorlessPotion"}],"is_trial":false,"path_per_floor":["R_BF","M","M","?","M","?","T","R","M","R","M","R","$","?","M","B",null,"R","M","M","M","M","?"],"character_chosen":"SLIMEBOUND","items_purchased":[],"campfire_rested":0,"item_purchase_floors":[],"current_hp_per_floor":[65,64,65,65,61,61,61,61,56,56,63,63,65,65,56,7,65,75,63,48,40,18,0,0,0],"gold":134,"neow_bonus":"REMOVE_CARD","is_daily":false,"chose_seed":false,"campfire_upgraded":4,"win_rate":0.0,"timestamp":1612681174,"path_taken":["R_BF","M","M","?","?","?","T","R","M","R","M","R","$","?","M","BOSS","R","M","M","M","M","?"],"items_purchased_type":[],"build_version":"2020-12-22","purchased_purges":0,"victory":false,"max_hp_per_floor":[65,65,65,65,65,65,65,65,65,65,65,65,65,65,65,65,65,75,75,75,75,75,75,75,75],"card_choices":[{"not_picked":["Slimebound:ForwardTackle","Slimebound:SplitAcid"],"picked":"Slimebound:LeechEnergy","floor":2.0},{"not_picked":["Slimebound:BestDefense","Slimebound:Prepare"],"picked":"Slimebound:Schlurp","floor":3.0},{"not_picked":["Slimebound:ForwardTackle","Slimebound:MegaLick"],"picked":"Slimebound:LeechingTouch","floor":5.0},{"not_picked":["Slimebound:Prepare","Slimebound:Equalize"],"picked":"Slimebound:LevelUp","floor":9.0},{"not_picked":["Slimebound:RejuvenatingLick","Slimebound:ForwardTackle"],"picked":"Slimebound:RollThrough","floor":11.0},{"not_picked":["Slimebound:ItLooksTasty","Slimebound:SlimeTap"],"picked":"Slimebound:ComboTackle","floor":13.0},{"not_picked":["Twin Strike","Slimebound:LeechingTouch"],"picked":"Slimebound:SplitMire","floor":15.0},{"not_picked":["Slimebound:PrepareCrush","Slimebound:DouseInSlime"],"picked":"Slimebound:MassRepurpose","floor":16.0},{"not_picked":["Slimebound:ItLooksTasty","Slimebound:FinishingTackle"],"picked":"Slimebound:AcidTongue","floor":19.0},{"not_picked":["Slimebound:Gluttony","Slimebound:FormOfPuddle"],"picked":"Slimebound:SplitLeeching","floor":20},{"not_picked":["Slimebound:SplitBruiser","Sword Boomerang"],"picked":"Slimebound:SpikyOuterGoop","floor":21},{"not_picked":["Slimebound:BestDefense","Slimebound:ComboTackle+1","Slimebound:SlimeSpikes"],"picked":"SKIP","floor":22}],"player_experience":128043,"relics_obtained":[],"event_choices":[{"damage_healed":0.0,"max_hp_gain":0.0,"max_hp_loss":0.0,"gold_gain":0.0,"event_name":"Lab","player_choice":"Got Potions","floor":4.0,"gold_loss":0.0,"damage_taken":0.0},{"damage_healed":0.0,"max_hp_gain":0.0,"max_hp_loss":0.0,"gold_gain":0.0,"event_name":"conspire:Investor","player_choice":"Leave","floor":6.0,"gold_loss":0.0,"damage_taken":0.0}],"is_beta":false,"boss_relics":[{"not_picked":["Snecko Eye","SlaversCollar"],"picked":"EasyGame_NEW"}],"items_purged_floors":[],"is_endless":false,"potions_floor_spawned":[2,15,22],"ascension_level":0}}