{"host":"q57ekfojy3i00x9o","time":1612689399,"event":{"mods":["Arknights","Aspiration","BaseMod","Colored Map","Energized Spire","Hermit","Minty Spire (QoL Compilation)","Quick Restart","Spicy Shops","Spikes Relics","StSLib","slay the spire mod where everything is the same but ironclad has a cowboy hat"],"gold_per_floor":[115,193,47,58,77,77,105,105,156,60,74,74,100,23,23,122,122,136,136,136,152,252,252,252,252],"floor_reached":24,"language":"RUS","playtime":499,"items_purged":[],"score":263,"play_id":"52c1072d-f432-43b2-bf59-1720d53c7470","local_time":"20210207141639","is_ascension_mode":true,"campfire_choices":[{"data":"ats:Emotion Absorption","floor":6.0,"key":"SMITH"},{"data":"ats:Shell Defense","floor":8.0,"key":"SMITH"},{"data":"ats:Flexible Camouflage","floor":12.0,"key":"SMITH"},{"data":"ats:Thermite Blade","floor":15.0,"key":"SMITH"},{"floor":23,"key":"REST"}],"circlet_count":0,"master_deck":["ats:Strike C","ats:Strike G","ats:Strike S","ats:Strike V","ats:Armor Crushing Shot","ats:Defend","ats:Defend","ats:Defend","ats:Defend","ats:Emotion Absorption+1","ats:Hammer On","ats:Shell Defense+1","ats:Song Of Battle","ats:Flexible Camouflage+1","ats:Thermite Blade+1","ats:Poison Spread","ats:Sword Rain","ats:Echo Reverb","ats:Cat Scratch+1","ats:Blood Oath+1"],"relics":["ats:Sanity","NeowsBlessing","Vajra","ats:Originium","ats:Berate","MealTicket","Art of War","ats:Snipe","Philosopher\u0027s Stone","MutagenicStrength","aspiration:Stabinomicon"],"acts_visited":["Exordium","TheCity"],"potions_floor_usage":[24],"damage_taken":[{"damage":0.0,"enemies":"2 Louse","floor":1.0,"turns":1.0},{"damage":0.0,"enemies":"Jaw Worm","floor":4.0,"turns":1.0},{"damage":0.0,"enemies":"Cultist","floor":5.0,"turns":1.0},{"damage":42.0,"enemies":"Lagavulin","floor":7.0,"turns":9.0},{"damage":4.0,"enemies":"Lots of Slimes","floor":11.0,"turns":2.0},{"damage":20.0,"enemies":"3 Sentries","floor":13.0,"turns":8.0},{"damage":47.0,"enemies":"The Guardian","floor":16.0,"turns":12.0},{"damage":31,"enemies":"2 Thieves","floor":18,"turns":4},{"damage":4,"enemies":"Chosen","floor":21,"turns":3},{"damage":31,"enemies":"Slavers","floor":24,"turns":2}],"seed_played":"8717289997185886923","potions_obtained":[{"floor":1.0,"key":"Explosive Potion"},{"floor":13.0,"key":"ats:Top Emergency Sanity Potion"},{"floor":18,"key":"Explosive Potion"}],"is_trial":false,"path_per_floor":["M","?","$","M","M","R","E","R","T","$","M","R","E","$","R","B",null,"M","?","?","M","?","R","E"],"character_chosen":"DOCTOR_CLASS","items_purchased":["Vajra","ats:Flexible Camouflage","ats:Thermite Blade","ats:Snipe"],"campfire_rested":1,"item_purchase_floors":[3,10,10,14],"current_hp_per_floor":[65,65,65,65,65,65,33,33,33,48,44,44,27,42,42,6,56,27,27,11,9,9,30,0,0],"gold":252,"neow_bonus":"THREE_ENEMY_KILL","is_daily":false,"chose_seed":false,"campfire_upgraded":4,"win_rate":0.0,"timestamp":1612689399,"path_taken":["M","?","?","?","?","R","E","R","T","$","M","R","E","$","R","BOSS","M","?","?","M","?","R","E"],"items_purchased_type":["Relic","Card","Card","Relic"],"build_version":"2020-12-22","purchased_purges":0,"victory":false,"max_hp_per_floor":[72,72,72,72,72,72,72,72,72,72,72,72,72,72,72,72,72,72,72,72,72,72,72,72,72],"card_choices":[{"not_picked":["ats:Phantom","ats:Cat Scratch"],"picked":"ats:Hammer On","floor":1.0},{"not_picked":["ats:Apocalypse","ats:Curse Doll"],"picked":"ats:Shell Defense","floor":4.0},{"not_picked":["ats:Absolute Focus","ats:Defend Order"],"picked":"ats:Song Of Battle","floor":5.0},{"not_picked":["ats:Shadow Assault","ats:Support Order","ats:Curse Doll"],"picked":"SKIP","floor":7.0},{"not_picked":["ats:Support Order","ats:Burning Ground"],"picked":"ats:Poison Spread","floor":11.0},{"not_picked":["ats:Soul Absorption","ats:Charging Defense"],"picked":"ats:Sword Rain","floor":13.0},{"not_picked":["ats:True Silver Slash","ats:Roar Of Ursus"],"picked":"ats:Echo Reverb","floor":16.0},{"not_picked":["ats:Blood Oath","ats:Spore Proliferation"],"picked":"ats:Cat Scratch+1","floor":18},{"not_picked":["ats:Sword Rain+1","ats:Spore Proliferation+1"],"picked":"ats:Blood Oath+1","floor":21}],"player_experience":751870,"relics_obtained":[{"floor":7.0,"key":"ats:Originium"},{"floor":7.0,"key":"ats:Berate"},{"floor":9.0,"key":"MealTicket"},{"floor":13.0,"key":"ats:Originium"},{"floor":13.0,"key":"Art of War"},{"floor":20,"key":"aspiration:Stabinomicon"}],"event_choices":[{"damage_healed":0.0,"max_hp_gain":0.0,"max_hp_loss":0.0,"gold_gain":78.0,"event_name":"Golden Wing","player_choice":"Gained Gold","floor":2.0,"gold_loss":0.0,"damage_taken":0.0},{"damage_healed":0,"gold_gain":0,"player_choice":"Inject Mutagens","damage_taken":0,"relics_obtained":["MutagenicStrength"],"max_hp_gain":0,"max_hp_loss":0,"event_name":"Drug Dealer","floor":19,"gold_loss":0},{"damage_healed":0,"gold_gain":0,"player_choice":"Obtained Book","damage_taken":16,"max_hp_gain":0,"max_hp_loss":0,"event_name":"Cursed Tome","floor":20,"gold_loss":0},{"damage_healed":0,"gold_gain":100,"player_choice":"Pray","damage_taken":0,"max_hp_gain":0,"max_hp_loss":0,"event_name":"Golden Shrine","floor":22,"gold_loss":0}],"is_beta":false,"boss_relics":[{"not_picked":["CosmicIsotope","energizedSpire:OgreHead"],"picked":"Philosopher\u0027s Stone"}],"items_purged_floors":[],"is_endless":false,"potions_floor_spawned":[1,13,18],"killed_by":"Slavers","ascension_level":6}}