{"host":"o3b7ow6d1xe49css","time":1612703689,"event":{"mods":["Act Like it!","Aspiration","BaseMod","Bestiary","Better Altar","Better Match","Better Note","Better Sensory Stone","Better Skull","Better Third Choice","Colored Powertips","Conspire","Energized Spire","Force Act Four","GifTheSpireLib","Halation","Hermit","Hubris","Infinite Spire","Lobotomy","Minty Spire (QoL Compilation)","Quick Restart","Rare Cards Sparkle","Relic Filter Mod","Reliquary","Replay The Spire","Spicy Shops","Spikes Relics","Spire Arcade","StSLib","Stuff the Spire","The Blue Laboratory","Wandering Minibosses"],"gold_per_floor":[419,436,0,16,16,51,51,86,86,120,120,120,120,135,135,239,239,258,277,277,277,277,310,310,341,341,341,368,225,252,267,267,370,370,386,386,213,213,213,248,248,280,306,306,336,34,34,59,59,160,160,160,2,33,33],"floor_reached":56,"language":"ENG","playtime":3065,"items_purged":["Pain","Injury","Strike_R","Strike_R","Strike_R"],"score":1876,"play_id":"7d680150-858b-4f9c-98d0-dabd457e8871","local_time":"20210207041449","daily_mods":["Heirloom","Flight"],"is_ascension_mode":true,"campfire_choices":[{"floor":7,"key":"REST"},{"data":"Pot Of Greed","floor":11,"key":"SMITH"},{"data":"Metallicize","floor":12,"key":"SMITH"},{"data":"Metallicize","floor":13,"key":"SMITH"},{"data":"Pot Of Greed","floor":15,"key":"SMITH"},{"floor":24,"key":"RECALL"},{"data":"Barricade","floor":27,"key":"SMITH"},{"data":"Flame Barrier","floor":32,"key":"SMITH"},{"data":"Defend_R","floor":41,"key":"SMITH"},{"data":"ReplayTheSpireMod:Stacked","floor":44,"key":"SMITH"},{"data":"Defend_R","floor":47,"key":"SMITH"},{"floor":49,"key":"DIG"},{"data":"Feel No Pain","floor":52,"key":"SMITH"}],"circlet_count":0,"master_deck":["Strike_R","Defend_R","Defend_R","Defend_R+1","Defend_R+1","Bash","Feel No Pain+1","UniverseFragment","Spot Weakness","Pot Of Greed+1","Pot Of Greed+1","ReplayTheSpireMod:Stacked+1","Metallicize+1","Flame Barrier+1","Whirlwind","Barricade+1","StuffTheSpire:Incineration","Pot Of Greed+1","Hemokinesis+1","infinitespire:Gouge","Entrench+1","Body Slam+1","Metallicize+1","Warcry+1","Berserk","True Grit+1","True Grit+1"],"relics":["Burning Blood","Ring of Chaos","Old Coin","CogitoBucket","Grinning Jar","Lee\u0027s Waffle","StuffTheSpire:RedRose","Replay:Wax Seal","StuffTheSpire:ForceGauntlet","Eternal Feather","reliquary:TuningFork","Replay:Ancient Bell","Omamori","Toxic Egg 2","BlackRope","StuffTheSpire:Gunfinga","halation:KoshaPiece","Replay:Towering Pillar of Hats","reliquary:NewFriend","BicycleWheel","ReplayFunnel","Runic Pyramid","reliquary:BrokenClock","SuspiciousGoo","Bird Faced Urn","StuffTheSpire:Mouthbags","Toy Ornithopter","halation:Toothbrush","Nunchaku","energizedSpire:NeverEndingSparkler","Ring of Chaos","CogitoBucket","ReplayTheSpireMod:TigerMarble"],"acts_visited":["Exordium","TheCity","TheBeyond","Exordium","TheEnding"],"potions_floor_usage":[6,8,14,16,19,25,33,40,42,50,50,55,55],"damage_taken":[{"damage":6,"enemies":"Cultist","floor":1,"turns":3},{"damage":4,"enemies":"2 Louse","floor":2,"turns":3},{"damage":7,"enemies":"Small Slimes","floor":4,"turns":5},{"damage":47,"enemies":"Lagavulin","floor":6,"turns":12},{"damage":2,"enemies":"3 Sentries","floor":8,"turns":8},{"damage":17,"enemies":"Lagavulin","floor":10,"turns":9},{"damage":28,"enemies":"Looter","floor":14,"turns":4},{"damage":30,"enemies":"Fading Forest","floor":16,"turns":11},{"damage":14,"enemies":"Shell Parasite","floor":18,"turns":7},{"damage":30,"enemies":"3 Byrds","floor":19,"turns":7},{"damage":5,"enemies":"conspire:Head Lice","floor":23,"turns":8},{"damage":20,"enemies":"Slavers","floor":25,"turns":5},{"damage":1,"enemies":"Nightmare","floor":28,"turns":10},{"damage":9,"enemies":"Slavers","floor":30,"turns":6},{"damage":5,"enemies":"3 Cultists","floor":31,"turns":4},{"damage":0,"enemies":"conspire:MysteriousRune","floor":33,"turns":11},{"damage":6,"enemies":"3 Shapes","floor":35,"turns":3},{"damage":0,"enemies":"Reptomancer","floor":40,"turns":3},{"damage":0,"enemies":"Nightmare","floor":42,"turns":7},{"damage":34,"enemies":"Reptomancer","floor":45,"turns":10},{"damage":0,"enemies":"Giant Head","floor":48,"turns":5},{"damage":22,"enemies":"Awakened One","floor":50,"turns":10},{"damage":21,"enemies":"Shield and Spear","floor":54,"turns":5},{"damage":50,"enemies":"The Heart","floor":55,"turns":10}],"seed_played":"3694549258486010264","potions_obtained":[{"floor":1,"key":"Milkshake"},{"floor":6,"key":"DistilledChaos"},{"floor":8,"key":"blueLaboratory:NullPotion"},{"floor":14,"key":"Explosive Potion"},{"floor":18,"key":"blueLaboratory:BubblePotion"},{"floor":23,"key":"Block Potion"},{"floor":30,"key":"DuplicationPotion"},{"floor":31,"key":"blueLaboratory:NullPotion"},{"floor":33,"key":"Swift Potion"},{"floor":54,"key":"Energy Potion"}],"is_trial":true,"path_per_floor":["M","M","$","M","?","E","R","E","T","E","R","R","R","M","R","B",null,"M","M","AVR","?","?","E","R","E","T","R","NM","$","E","M","R","B",null,"M","AVR","$","?","?","E","R","NM","T","R","E","$","R","E","R","B",null,"R","$","E","B",null],"character_chosen":"IRONCLAD","items_purchased":["Metallicize","Spot Weakness","Grinning Jar","Lee\u0027s Waffle","BicycleWheel","Energy Potion","Energy Potion","SpeedPotion","Berserk","True Grit+1","blueLaboratory:HeartbeatPotion"],"campfire_rested":1,"item_purchase_floors":[3,3,3,3,29,37,46,46,46,53,53],"current_hp_per_floor":[80,80,87,86,86,45,71,75,75,64,76,87,87,65,77,73,84,76,52,52,52,97,97,97,83,83,97,97,97,94,95,97,97,97,97,97,97,97,97,97,97,97,97,97,75,75,90,97,97,92,97,97,97,88,61],"gold":33,"neow_bonus":"","is_daily":false,"chose_seed":false,"campfire_upgraded":10,"win_rate":0.0,"timestamp":1612703689,"path_taken":["M","M","$","?","?","E","R","E","T","E","R","R","R","M","R","BOSS","M","M","AVR","?","?","E","R","E","T","R","NM","$","E","?","R","BOSS","M","AVR","$","?","?","E","R","NM","T","R","E","$","R","E","R","BOSS","R","$","E","BOSS"],"items_purchased_type":["Card","Card","Relic","Relic","Relic","Potion","Potion","Potion","Card","Card","Potion"],"build_version":"2020-12-22","purchased_purges":5,"victory":true,"max_hp_per_floor":[80,80,87,87,87,87,87,87,87,87,87,87,87,87,87,87,87,87,87,87,87,97,97,97,97,97,97,97,97,97,97,97,97,97,97,97,97,97,97,97,97,97,97,97,97,97,97,97,97,97,97,97,97,97,97],"card_choices":[{"not_picked":["Sentinel","Warcry"],"picked":"Feel No Pain","floor":1},{"not_picked":["SingingMachine","WhitesApple"],"picked":"UniverseFragment","floor":1},{"not_picked":["Scarecrow","DreamingCurrent","NakedNest"],"picked":"Singing Bowl","floor":2},{"not_picked":["Iron Wave","Run Through","Flex"],"picked":"SKIP","floor":2},{"not_picked":["Dual Wield","Armaments"],"picked":"ReplayTheSpireMod:Stacked","floor":4},{"not_picked":["CherryBlossoms","WhitesApple","SnowQueen"],"picked":"Singing Bowl","floor":4},{"not_picked":["Rupture","Body Slam"],"picked":"Metallicize","floor":6},{"not_picked":["DreamingCurrent","CrumblingArmor","QueenOfHatred"],"picked":"Singing Bowl","floor":6},{"not_picked":["BeautyBeast","Wellcheers","OSAHOGD"],"picked":"Singing Bowl","floor":8},{"not_picked":["Clothesline","StuffTheSpire:RockThrow","Wild Strike"],"picked":"SKIP","floor":8},{"not_picked":["Reckless Charge","conspire:Purge"],"picked":"Flame Barrier","floor":10},{"not_picked":["SingingMachine","Funeral","NakedNest"],"picked":"Singing Bowl","floor":10},{"not_picked":["LuminousBraceletRelic","TreeSapRelic","HellTrainRelic"],"picked":"Singing Bowl","floor":14},{"not_picked":["Bloodletting","Havoc"],"picked":"Whirlwind","floor":14},{"not_picked":["Demonic Infusion","Limit Break"],"picked":"Barricade","floor":16},{"not_picked":["hubris:Lust","ReplayTheSpireMod:IOU"],"picked":"hubris:Gluttony","floor":17},{"not_picked":["hubris:Greed","Parasite"],"picked":"Writhe","floor":17},{"not_picked":["Overencumbered","hubris:Greed"],"picked":"Pain","floor":17},{"not_picked":["Inflame+1","Shrug It Off+1"],"picked":"Feed","floor":18},{"not_picked":["OSAHOGD","Freischutz","CrumblingArmor"],"picked":"Singing Bowl","floor":18},{"not_picked":["Thunderclap","Rampage"],"picked":"StuffTheSpire:Incineration","floor":19},{"not_picked":["Headbutt","Invigoration+1"],"picked":"Hemokinesis+1","floor":23},{"not_picked":["HeroicMonk","BeautyBeast","BlackArmy"],"picked":"Singing Bowl","floor":23},{"not_picked":["conspire:Charge","Thunderclap","ReplayTheSpireMod:Limb From Limb"],"picked":"SKIP","floor":25},{"not_picked":["infinitespire:SevenWalls","infinitespire:Starlight"],"picked":"infinitespire:Gouge","floor":28},{"not_picked":["StuffTheSpire:Incineration+1","StuffTheSpire:RagingBull+1"],"picked":"Entrench+1","floor":28},{"not_picked":["StuffTheSpire:RockThrow+1","StuffTheSpire:Resist","Pommel Strike"],"picked":"SKIP","floor":30},{"not_picked":["Warcry+1","Shrug It Off+1"],"picked":"Body Slam+1","floor":31},{"not_picked":["Rage+1","Twin Strike+1","Cleave"],"picked":"SKIP","floor":35},{"not_picked":["Carnage","StuffTheSpire:Resist+1","Flex+1"],"picked":"SKIP","floor":40},{"not_picked":["Replay:Undeath\u0027s Touch+1","Headbutt+1","Pummel"],"picked":"SKIP","floor":42},{"not_picked":["Replay:Undeath\u0027s Touch+1","Headbutt+1","Pummel"],"picked":"SKIP","floor":42},{"not_picked":["infinitespire:OneForAll+1","Intimidate+1","Warcry+1"],"picked":"SKIP","floor":45},{"not_picked":["infinitespire:OneForAll+1","Intimidate+1"],"picked":"Warcry+1","floor":45},{"not_picked":["Sentinel+1","Run Through+1","Evolve"],"picked":"SKIP","floor":48},{"not_picked":["Warcry+1","Inflame"],"picked":"True Grit+1","floor":54}],"player_experience":1320373,"relics_obtained":[{"floor":6,"key":"Replay:Wax Seal"},{"floor":8,"key":"StuffTheSpire:ForceGauntlet"},{"floor":9,"key":"Eternal Feather"},{"floor":10,"key":"reliquary:TuningFork"},{"floor":23,"key":"halation:KoshaPiece"},{"floor":25,"key":"Replay:Towering Pillar of Hats"},{"floor":28,"key":"reliquary:NewFriend"},{"floor":30,"key":"ReplayFunnel"},{"floor":40,"key":"SuspiciousGoo"},{"floor":42,"key":"Bird Faced Urn"},{"floor":43,"key":"StuffTheSpire:Mouthbags"},{"floor":45,"key":"Toy Ornithopter"},{"floor":48,"key":"halation:Toothbrush"},{"floor":49,"key":"Nunchaku"},{"floor":54,"key":"ReplayTheSpireMod:TigerMarble"}],"event_choices":[{"damage_healed":0,"gold_gain":0,"player_choice":"Ignored","damage_taken":0,"max_hp_gain":0,"max_hp_loss":0,"event_name":"betterNote:BetterNote","floor":21,"gold_loss":0,"cards_obtained":["Strike_R"]},{"cards_removed":["Feed"],"damage_healed":35,"gold_gain":0,"player_choice":"Offered Rare","damage_taken":0,"max_hp_gain":10,"max_hp_loss":0,"event_name":"Bonfire Elementals","floor":22,"gold_loss":0},{"damage_healed":0,"gold_gain":0,"player_choice":"Ignored","damage_taken":0,"max_hp_gain":0,"max_hp_loss":0,"event_name":"Tomb of Lord Red Mask","floor":38,"gold_loss":0},{"cards_removed":["Strike_R"],"damage_healed":0,"gold_gain":0,"player_choice":"Purged","damage_taken":0,"max_hp_gain":0,"max_hp_loss":0,"event_name":"Purifier","floor":39,"gold_loss":0}],"is_beta":false,"boss_relics":[{"not_picked":["halation:ForbiddenBikini","Kintsugi"],"picked":"Replay:Ancient Bell"},{"not_picked":["reliquary:WeakTea","Boot"],"picked":"Omamori"},{"not_picked":["Quantum Egg","Chameleon Ring"],"picked":"Toxic Egg 2"},{"not_picked":["Turnip","infinitespire:CursedDice"],"picked":"BlackRope"},{"not_picked":["ReplayTheSpireMod:SealedPack","infinitespire:Burning Sword"],"picked":"Runic Pyramid"},{"not_picked":["Sozu","reliquary:Craggleroot"],"picked":"energizedSpire:NeverEndingSparkler"}],"items_purged_floors":[20,29,36,37,46],"is_endless":true,"potions_floor_spawned":[1,6,8,14,18,23,30,31,33,35,54,55],"ascension_level":5}}