{"host":"l5zfpd2l2htson6l","time":1612657452,"event":{"mods":["AchievementEnabler","BaseMod","Colored Map","Colored Powertips","Minty Spire (QoL Compilation)","Permanent Neow","Quick Restart","Rare Cards Sparkle","Relic Stats","SuperFastMode"],"gold_per_floor":[169,169,184,202,167,167,183,196,219,219,246,246,246,272,284,367,379,410,436,461,503,525,572,584,630,642,654,84,30,30,45,45,119,119,131,53,63,63,63,63,90,90,90,90,90],"floor_reached":44,"language":"ENG","playtime":2279,"items_purged":[],"score":1018,"play_id":"43addf57-6ac3-4032-8cf7-62bef18d4ca9","local_time":"20210206162412","is_ascension_mode":true,"campfire_choices":[{"data":"Armaments","floor":6.0,"key":"SMITH"},{"data":"Perfected Strike","floor":12.0,"key":"SMITH"},{"data":"Disarm","floor":15.0,"key":"SMITH"},{"floor":24.0,"key":"REST"},{"floor":27.0,"key":"REST"},{"floor":32.0,"key":"REST"},{"data":"Entrench","floor":40.0,"key":"SMITH"},{"data":"Shrug It Off","floor":42,"key":"SMITH"}],"circlet_count":0,"master_deck":["AscendersBane","Strike_R+1","Strike_R","Strike_R","Strike_R","Strike_R","Defend_R","Defend_R","Defend_R","Bash","Twin Strike","Perfected Strike+1","Armaments+1","Perfected Strike","Shockwave","Disarm+1","Immolate","Shrug It Off+1","Battle Trance","Headbutt+1","Flame Barrier","Ghostly Armor","Battle Trance","Shrug It Off","Offering","Flame Barrier","Entrench+1","Rage","Flame Barrier+1"],"relics":["Tiny House","Bag of Marbles","Centennial Puzzle","MawBank","Mark of Pain","Red Mask","Strawberry","Pen Nib","WingedGreaves","Red Skull","Nunchaku","Toolbox","Coffee Dripper","Paper Frog"],"acts_visited":["Exordium","TheCity","TheBeyond"],"potions_floor_usage":[44],"damage_taken":[{"damage":14.0,"enemies":"Jaw Worm","floor":1.0,"turns":3.0},{"damage":0.0,"enemies":"Small Slimes","floor":3.0,"turns":2.0},{"damage":0.0,"enemies":"2 Louse","floor":4.0,"turns":2.0},{"damage":0.0,"enemies":"Large Slime","floor":7.0,"turns":4.0},{"damage":10.0,"enemies":"Gremlin Gang","floor":8.0,"turns":5.0},{"damage":0.0,"enemies":"Gremlin Nob","floor":11.0,"turns":3.0},{"damage":21.0,"enemies":"Lagavulin","floor":14.0,"turns":7.0},{"damage":35.0,"enemies":"Hexaghost","floor":16.0,"turns":9.0},{"damage":22.0,"enemies":"Shell Parasite","floor":18.0,"turns":4.0},{"damage":0.0,"enemies":"Spheric Guardian","floor":19.0,"turns":3.0},{"damage":16.0,"enemies":"Shelled Parasite and Fungi","floor":20.0,"turns":4.0},{"damage":8.0,"enemies":"Masked Bandits","floor":21.0,"turns":2.0},{"damage":0.0,"enemies":"Cultist and Chosen","floor":22.0,"turns":5.0},{"damage":31.0,"enemies":"Gremlin Leader","floor":23.0,"turns":5.0},{"damage":27.0,"enemies":"Slavers","floor":25.0,"turns":3.0},{"damage":9.0,"enemies":"Centurion and Healer","floor":31.0,"turns":4.0},{"damage":49.0,"enemies":"Automaton","floor":33.0,"turns":9.0},{"damage":0.0,"enemies":"Orb Walker","floor":35.0,"turns":3.0},{"damage":0.0,"enemies":"3 Shapes","floor":37.0,"turns":2.0},{"damage":62,"enemies":"Reptomancer","floor":41,"turns":4},{"damage":11,"enemies":"Giant Head","floor":44,"turns":6}],"seed_played":"8261414130633432048","potions_obtained":[{"floor":0.0,"key":"FairyPotion"},{"floor":4.0,"key":"Block Potion"},{"floor":14.0,"key":"FearPotion"},{"floor":21.0,"key":"GamblersBrew"},{"floor":25.0,"key":"Strength Potion"},{"floor":33.0,"key":"Energy Potion"}],"is_trial":false,"path_per_floor":["M","?","M","M","?","R","M","M","T","?","E","R","?","E","R","B",null,"M","M","M","?","M","E","R","E","T","R","$","$","?","M","R","B",null,"M","$","M","$","?","R","E","R","T","E"],"character_chosen":"IRONCLAD","items_purchased":["Red Skull","Nunchaku","Toolbox","Battle Trance","SkillPotion","Entrench"],"campfire_rested":3,"item_purchase_floors":[28,28,28,28,29,36],"current_hp_per_floor":[59,52,52,52,72,72,72,62,62,67,67,67,67,46,46,11,67,45,45,29,21,21,22,49,22,22,49,49,49,43,34,61,12,72,72,72,72,72,72,72,10,10,10,0,0],"gold":90,"neow_bonus":"BOSS_RELIC","is_daily":false,"chose_seed":false,"campfire_upgraded":5,"win_rate":0.0,"timestamp":1612657452,"path_taken":["M","?","M","M","?","R","M","M","T","?","E","R","?","E","R","BOSS","M","?","M","?","M","E","R","E","T","R","$","$","?","?","R","BOSS","M","$","?","?","?","R","E","R","T","E"],"items_purchased_type":["Relic","Relic","Relic","Card","Potion","Card"],"build_version":"2020-12-22","purchased_purges":0,"victory":false,"max_hp_per_floor":[80,80,80,80,80,80,80,80,80,85,85,85,85,85,85,85,85,85,85,85,85,85,92,92,92,92,92,92,92,92,92,92,92,92,92,92,92,92,92,92,92,92,92,92,92],"relic_stats":{"Centennial Puzzle":[33],"Nunchaku":[4],"counters":[21,89],"Pen Nib":[4],"MawBank":168,"obtain_stats":[{"Tiny House":0,"Pen Nib":25,"MawBank":14,"Burning Blood":0,"Centennial Puzzle":11,"Nunchaku":28,"Strawberry":23,"Toolbox":28,"Mark of Pain":17,"WingedGreaves":26,"Bag of Marbles":9,"Red Mask":21,"Coffee Dripper":34,"Red Skull":28,"Paper Frog":41},{"Tiny House":0,"Pen Nib":15,"MawBank":7,"Burning Blood":0,"Centennial Puzzle":6,"Nunchaku":15,"Strawberry":14,"Toolbox":15,"Mark of Pain":8,"WingedGreaves":15,"Bag of Marbles":5,"Red Mask":12,"Coffee Dripper":17,"Red Skull":15,"Paper Frog":20},{"Tiny House":0,"Pen Nib":61,"MawBank":26,"Burning Blood":0,"Centennial Puzzle":19,"Nunchaku":61,"Strawberry":58,"Toolbox":61,"Mark of Pain":35,"WingedGreaves":61,"Bag of Marbles":16,"Red Mask":48,"Coffee Dripper":74,"Red Skull":61,"Paper Frog":83}]},"card_choices":[{"not_picked":["Shrug It Off","Bloodletting"],"picked":"Twin Strike","floor":0.0},{"not_picked":["Anger","Spot Weakness"],"picked":"Perfected Strike","floor":1.0},{"not_picked":["Rampage","Body Slam"],"picked":"Armaments","floor":3.0},{"not_picked":["True Grit","Anger"],"picked":"Perfected Strike","floor":4.0},{"not_picked":["Cleave","Perfected Strike","Second Wind"],"picked":"SKIP","floor":7.0},{"not_picked":["Thunderclap","Perfected Strike"],"picked":"Shockwave","floor":8.0},{"not_picked":["Shockwave","Brutality"],"picked":"Disarm","floor":11.0},{"not_picked":["Blood for Blood","Perfected Strike","Warcry"],"picked":"SKIP","floor":14.0},{"not_picked":["Impervious","Bludgeon"],"picked":"Immolate","floor":16.0},{"not_picked":["Armaments","Wild Strike"],"picked":"Shrug It Off","floor":18.0},{"not_picked":["Thunderclap","Havoc"],"picked":"Battle Trance","floor":19.0},{"not_picked":["Clash","Anger","Flex"],"picked":"SKIP","floor":20.0},{"not_picked":["Heavy Blade","True Grit"],"picked":"Headbutt+1","floor":21.0},{"not_picked":["Dropkick","Pummel+1"],"picked":"Flame Barrier","floor":22.0},{"not_picked":["Iron Wave","Havoc"],"picked":"Ghostly Armor","floor":23.0},{"not_picked":["Searing Blow","Bludgeon"],"picked":"Ghostly Armor","floor":25.0},{"not_picked":["Pommel Strike","Anger"],"picked":"Shrug It Off","floor":31.0},{"not_picked":["Barricade","Limit Break"],"picked":"Offering","floor":33.0},{"not_picked":["Thunderclap","Twin Strike"],"picked":"Flame Barrier","floor":35.0},{"not_picked":["Sword Boomerang+1","Combust"],"picked":"Rage","floor":37.0},{"not_picked":["Bloodletting","Power Through+1"],"picked":"Flame Barrier+1","floor":41}],"player_experience":926194,"relics_obtained":[{"floor":9.0,"key":"Bag of Marbles"},{"floor":11.0,"key":"Centennial Puzzle"},{"floor":14.0,"key":"MawBank"},{"floor":21.0,"key":"Red Mask"},{"floor":23.0,"key":"Strawberry"},{"floor":25.0,"key":"Pen Nib"},{"floor":26.0,"key":"WingedGreaves"},{"floor":41,"key":"Paper Frog"}],"event_choices":[{"cards_removed":["Defend_R"],"damage_healed":0.0,"max_hp_gain":0.0,"max_hp_loss":0.0,"gold_gain":0.0,"event_name":"Golden Wing","player_choice":"Card Removal","floor":2.0,"gold_loss":0.0,"damage_taken":7.0},{"damage_healed":20.0,"max_hp_gain":0.0,"max_hp_loss":0.0,"gold_gain":0.0,"event_name":"The Cleric","player_choice":"Healed","floor":5.0,"gold_loss":35.0,"damage_taken":0.0},{"damage_healed":0.0,"max_hp_gain":5.0,"max_hp_loss":0.0,"gold_gain":0.0,"event_name":"Big Fish","player_choice":"Donut","floor":10.0,"gold_loss":0.0,"damage_taken":0.0},{"damage_healed":0.0,"max_hp_gain":0.0,"max_hp_loss":0.0,"gold_gain":0.0,"event_name":"Purifier","player_choice":"Ignored","floor":13.0,"gold_loss":0.0,"damage_taken":0.0},{"damage_healed":0.0,"max_hp_gain":0.0,"max_hp_loss":0.0,"gold_gain":0.0,"event_name":"Masked Bandits","player_choice":"Fought Bandits","floor":21.0,"gold_loss":0.0,"damage_taken":0.0},{"damage_healed":0.0,"max_hp_gain":0.0,"max_hp_loss":0.0,"gold_gain":0.0,"event_name":"Knowing Skull","player_choice":"","floor":30.0,"potions_obtained":[],"gold_loss":0.0,"damage_taken":6.0,"cards_obtained":[]},{"cards_removed":["Ghostly Armor"],"damage_healed":0.0,"max_hp_gain":0.0,"max_hp_loss":0.0,"gold_gain":0.0,"event_name":"Falling","player_choice":"Removed Skill","floor":39.0,"gold_loss":0.0,"damage_taken":0.0}],"is_beta":false,"boss_relics":[{"not_picked":["Black Star","Pandora\u0027s Box"],"picked":"Mark of Pain"},{"not_picked":["Runic Dome","Runic Cube"],"picked":"Coffee Dripper"}],"items_purged_floors":[],"is_endless":false,"potions_floor_spawned":[4,7,8,14,21,22,25,33],"killed_by":"Giant Head","ascension_level":20}}