{"host":"7du22lxzqv5spo2i","time":1612657195,"event":{"mods":["AchievementEnabler","BaseMod","Minty Spire (QoL Compilation)","Quick Restart"],"gold_per_floor":[114,114,133,152,2,2,21,59,134,134,172,172,191,210,210,210,210],"floor_reached":16,"language":"ENG","playtime":655,"items_purged":[],"score":137,"play_id":"baca2cbb-7e4c-4d49-8f34-15fa9f467212","local_time":"20210206181955","daily_mods":["Heirloom","ControlledChaos","Lethality"],"is_ascension_mode":false,"campfire_choices":[{"data":"Neutralize","floor":6,"key":"SMITH"},{"data":"Quick Slash","floor":10,"key":"SMITH"},{"floor":15,"key":"REST"}],"circlet_count":0,"master_deck":["Strike_G","Strike_G","Strike_G","Strike_G","Strike_G","Defend_G","Defend_G","Defend_G","Defend_G","Defend_G","Survivor","Neutralize+1","Dagger Throw","Quick Slash+1","Backstab"],"relics":["Ring of the Snake","Frozen Eye","Thread and Needle","Golden Idol","Pen Nib","Bird Faced Urn","Matryoshka","Boot"],"acts_visited":["Exordium"],"potions_floor_usage":[11],"damage_taken":[{"damage":0,"enemies":"2 Louse","floor":1,"turns":2},{"damage":0,"enemies":"Jaw Worm","floor":3,"turns":3},{"damage":0,"enemies":"Cultist","floor":4,"turns":2},{"damage":0,"enemies":"Looter","floor":7,"turns":2},{"damage":11,"enemies":"Lagavulin","floor":8,"turns":4},{"damage":0,"enemies":"Gremlin Nob","floor":11,"turns":2},{"damage":4,"enemies":"Gremlin Gang","floor":13,"turns":3},{"damage":2,"enemies":"Red Slaver","floor":14,"turns":2},{"damage":66,"enemies":"The Guardian","floor":16,"turns":7}],"seed_played":"8884597751285247366","potions_obtained":[{"floor":3,"key":"SneckoOil"},{"floor":7,"key":"DuplicationPotion"},{"floor":14,"key":"CultistPotion"}],"is_trial":false,"path_per_floor":["M","?","M","M","$","R","M","E","T","R","E","?","M","M","R","B"],"character_chosen":"THE_SILENT","items_purchased":["Pen Nib"],"campfire_rested":1,"item_purchase_floors":[5],"current_hp_per_floor":[70,53,53,53,53,53,53,42,42,42,42,42,38,36,57,0,0],"gold":210,"neow_bonus":"","is_daily":true,"chose_seed":false,"campfire_upgraded":2,"win_rate":0.0,"timestamp":1612657195,"path_taken":["M","?","M","M","$","R","M","E","T","R","E","?","M","?","R","BOSS"],"items_purchased_type":["Relic"],"build_version":"2020-12-22","purchased_purges":0,"victory":false,"max_hp_per_floor":[70,70,70,70,70,70,70,70,70,70,70,70,70,70,70,70,70],"card_choices":[{"not_picked":["Prepared","Dodge and Roll","Deflect"],"picked":"SKIP","floor":1},{"not_picked":["Eviscerate","Prepared","Deflect"],"picked":"SKIP","floor":3},{"not_picked":["PiercingWail","Dodge and Roll","Outmaneuver"],"picked":"SKIP","floor":4},{"not_picked":["Sucker Punch","Acrobatics"],"picked":"Dagger Throw","floor":7},{"not_picked":["Flying Knee","Deflect"],"picked":"Quick Slash","floor":8},{"not_picked":["A Thousand Cuts","Reflex","Underhanded Strike"],"picked":"SKIP","floor":11},{"not_picked":["Choke","Flying Knee"],"picked":"Backstab","floor":13},{"not_picked":["Flying Knee","Acrobatics","Quick Slash"],"picked":"SKIP","floor":14}],"player_experience":539911,"relics_obtained":[{"floor":8,"key":"Bird Faced Urn"},{"floor":9,"key":"Matryoshka"},{"floor":11,"key":"Boot"}],"event_choices":[{"damage_healed":0,"gold_gain":0,"player_choice":"Take Damage","damage_taken":17,"relics_obtained":["Golden Idol"],"max_hp_gain":0,"max_hp_loss":0,"event_name":"Golden Idol","floor":2,"gold_loss":0},{"damage_healed":0,"gold_gain":0,"player_choice":"Ignored","damage_taken":0,"max_hp_gain":0,"max_hp_loss":0,"event_name":"Liars Game","floor":12,"gold_loss":0}],"is_beta":false,"boss_relics":[],"items_purged_floors":[],"is_endless":false,"potions_floor_spawned":[3,7,14],"killed_by":"The Guardian","ascension_level":0}}