{"host":"am0cr9xwekqmrere","time":1612674635,"event":{"mods":["AchievementEnabler","Act Like it!","BaseMod","Better Altar","Better Match","Better Note","Better Sensory Stone","Better Skull","Better Third Choice","BetterRewards","Conspire","Downfall","Hubris","Infinite Spire","Minty Spire (QoL Compilation)","Rare Cards Sparkle","Spicy Shops","StSLib","Unceasing Turn Reminder"],"gold_per_floor":[99,113,98,98,113,127,127,27,44,56,6,6,54,54,69,169,169,169,189,189,189,199,36,36,36,41,60,60,71,105,119,129,153,153,153],"floor_reached":33,"language":"ENG","playtime":1710,"items_purged":[],"score":289,"play_id":"2bf648b1-8324-43f8-b0f9-d9ae01a4b283","local_time":"20210206231035","is_ascension_mode":true,"campfire_choices":[{"data":"champ:Taunt","floor":1,"key":"SMITH"},{"floor":8,"key":"REST"},{"floor":12,"key":"REST"},{"data":"champ:SetATrap","floor":18,"key":"SMITH"},{"floor":25,"key":"REST"}],"circlet_count":0,"master_deck":["champ:Strike","champ:Strike","champ:Strike","champ:Strike","champ:Defend","champ:Defend","champ:Defend","champ:Defend","champ:Execute","champ:Taunt+1","champ:StanceDance","champ:Haymaker","champ:DefensiveStyle","champ:Circumvent","champ:Shatter","champ:FlashCut+1","conspire:SpireCoStock","champ:DefensiveStyle","champ:SetATrap+1","champ:MurderStrike","champ:EnGarde","champ:SwordSigil","champ:ShieldSigil","champ:TripleStrike","champ:BerserkersShout","champ:EnGarde+1","champ:FlashCut+1","champ:PreciseThrust"],"relics":["champ:ChampionCrown","downfall:HeartBlessingBlue","hubris:PeanutButter","hubris:Backtick","StrikeDummy","Bloody Idol","conspire:BottledYoYo","Membership Card","Pantograph"],"acts_visited":["Exordium","TheCity"],"potions_floor_usage":[16,23,30,33],"damage_taken":[{"damage":20,"enemies":"Jaw Worm","floor":2,"turns":4},{"damage":20,"enemies":"downfall:FleeingMerchant","floor":3,"turns":4},{"damage":11,"enemies":"Cultist","floor":5,"turns":3},{"damage":13,"enemies":"conspire:RoseBush","floor":6,"turns":3},{"damage":30,"enemies":"2 Fungi Beasts","floor":9,"turns":5},{"damage":35,"enemies":"Exordium Wildlife","floor":10,"turns":6},{"damage":32,"enemies":"Gremlin Nob","floor":13,"turns":6},{"damage":11,"enemies":"Exordium Thugs","floor":15,"turns":5},{"damage":31,"enemies":"SI_SHIV_ARCHETYPE","floor":16,"turns":8},{"damage":26,"enemies":"Shell Parasite","floor":19,"turns":6},{"damage":14,"enemies":"3 Byrds","floor":22,"turns":6},{"damage":0,"enemies":"downfall:FleeingMerchant","floor":23,"turns":4},{"damage":0,"enemies":"downfall:FleeingMerchant","floor":26,"turns":4},{"damage":4,"enemies":"Centurion and Healer","floor":27,"turns":5},{"damage":35,"enemies":"Chosen and Byrds","floor":29,"turns":7},{"damage":4,"enemies":"Snecko","floor":30,"turns":3},{"damage":26,"enemies":"Centurion and Healer","floor":31,"turns":6},{"damage":10,"enemies":"Shelled Parasite and Fungi","floor":32,"turns":3},{"damage":91,"enemies":"IC_MUSHROOM_ARCHETYPE","floor":33,"turns":8}],"seed_played":"-6935836821008807541","potions_obtained":[{"floor":2,"key":"champ:OpenerPotion"},{"floor":5,"key":"Guardian:BlockOnCardUsePotion"},{"floor":13,"key":"SpeedPotion"},{"floor":16,"key":"DuplicationPotion"},{"floor":22,"key":"AttackPotion"},{"floor":29,"key":"Regen Potion"},{"floor":31,"key":"AttackPotion"}],"is_trial":false,"path_per_floor":["R","M","$","?","M","M","T","R","M","M","?","R","E","?","M","B",null,"R","M","?","AVR","M","$","T","R","$","M","?","M","M","M","M","B"],"character_chosen":"THE_CHAMP","items_purchased":["Membership Card"],"campfire_rested":3,"item_purchase_floors":[23],"current_hp_per_floor":[99,99,99,64,58,55,55,97,87,72,72,104,72,72,61,30,109,109,93,38,38,39,39,39,71,76,77,77,57,80,59,54,0,0,0],"gold":153,"neow_bonus":"TEN_PERCENT_HP_BONUS","is_daily":false,"chose_seed":false,"campfire_upgraded":2,"win_rate":0.0,"timestamp":1612674635,"path_taken":["R","M","$","?","M","M","T","R","M","?","?","R","E","?","M","BOSS","R","M","?","AVR","M","?","T","R","$","M","?","M","M","?","M","BOSS"],"items_purchased_type":["Relic"],"build_version":"2020-12-22","purchased_purges":0,"victory":false,"max_hp_per_floor":[99,99,99,99,99,99,99,109,109,109,109,109,109,109,109,109,109,109,109,109,109,109,109,109,109,109,109,109,109,109,109,109,109,109,109],"card_choices":[{"not_picked":["champ:Duel","champ:PreciseThrust"],"picked":"champ:StanceDance","floor":2},{"not_picked":["champ:ViciousMockery","champ:EnGarde"],"picked":"champ:Haymaker","floor":3},{"not_picked":["champ:Duel","champ:SkillfulDodge"],"picked":"champ:DefensiveStyle","floor":5},{"not_picked":["champ:HeartStrike","champ:Haymaker"],"picked":"champ:Circumvent","floor":6},{"not_picked":["champ:Circumvent","champ:BladeFlurry"],"picked":"champ:Shatter","floor":9},{"not_picked":["champ:SetATrap","champ:AdrenalArmor"],"picked":"champ:FlashCut","floor":10},{"not_picked":["champ:FancyFootwork","champ:BerserkerStyle"],"picked":"champ:DefensiveStyle","floor":13},{"not_picked":["champ:BerserkersShout","champ:MurderStrike"],"picked":"champ:SetATrap","floor":15},{"not_picked":["champ:IgnorePain","champ:SwordThrow"],"picked":"champ:MurderStrike","floor":16},{"not_picked":["champ:Shatter","champ:StanceDance+1"],"picked":"champ:EnGarde","floor":19},{"not_picked":["champ:StanceDance+1","champ:CrownThrow+1"],"picked":"champ:SwordSigil","floor":22},{"not_picked":["champ:Circumvent+1","champ:PreemptiveStrike"],"picked":"champ:ShieldSigil","floor":23},{"not_picked":["champ:Shatter","champ:StanceDance+1"],"picked":"champ:TripleStrike","floor":26},{"not_picked":["champ:BladeFlurry","champ:ViciousMockery"],"picked":"champ:BerserkersShout","floor":27},{"not_picked":["champ:FanOfKnives","champ:Backstep","champ:CrownThrow"],"picked":"SKIP","floor":29},{"not_picked":["champ:Backstep","champ:FanOfKnives"],"picked":"champ:EnGarde+1","floor":30},{"not_picked":["champ:GutPunch","champ:DeathBlow"],"picked":"champ:FlashCut+1","floor":31},{"not_picked":["champ:BerserkersShout+1","champ:Haymaker+1"],"picked":"champ:PreciseThrust","floor":32}],"player_experience":2733500,"relics_obtained":[{"floor":13,"key":"hubris:PeanutButter"},{"floor":24,"key":"Pantograph"}],"event_choices":[{"damage_healed":0,"gold_gain":0,"player_choice":"Invest 1","damage_taken":0,"max_hp_gain":0,"max_hp_loss":0,"event_name":"conspire:Investor","floor":11,"gold_loss":0},{"damage_healed":0,"gold_gain":0,"player_choice":"Grow","damage_taken":0,"max_hp_gain":0,"max_hp_loss":0,"event_name":"Living Wall","floor":14,"gold_loss":0,"cards_upgraded":["champ:FlashCut"]},{"damage_healed":0,"gold_gain":0,"player_choice":" Idol ","damage_taken":55,"relics_obtained":["Bloody Idol"],"max_hp_gain":93,"max_hp_loss":38,"event_name":"betterAltar:BetterAltar","floor":20,"potions_obtained":[],"relics_lost":[],"gold_loss":0}],"is_beta":false,"boss_relics":[{"not_picked":["hubris:TerracottaHorce","SacredBark"],"picked":"hubris:Backtick"}],"items_purged_floors":[],"is_endless":false,"potions_floor_spawned":[2,5,13,15,16,22,29,31,32],"killed_by":"IC_MUSHROOM_ARCHETYPE","ascension_level":1}}