{"host":"yans4pr1zf0lm9bx","time":1612716406,"event":{"mods":["AchievementEnabler","Act Like it!","BaseMod","Hallownest","Minty Spire (QoL Compilation)","Replay The Spire","StSLib","SuperFastMode","The Bug Knight"],"gold_per_floor":[119,134,59,59,59,59,78,78,124,152,164,193,233,245,257,371,383,413,443,466,478,490,502,546,558,570,597,296,0,56,56,56,159,209,225,225,140,152,152,152,0,11,62,101,101,1,1,33,33,51,51,51,16,24,24],"floor_reached":54,"language":"ENG","playtime":3718,"items_purged":["Voices","Shame"],"score":733,"play_id":"95fcf216-53b0-4c40-a4c9-dbfa9f3411c2","local_time":"20210207114646","is_ascension_mode":false,"campfire_choices":[{"data":"HollowMod:CycloneSlash","floor":6,"key":"SMITH"},{"data":"Crow Ritual","floor":8,"key":"SMITH"},{"data":"HollowMod:FocusHealStart","floor":11,"key":"SMITH"},{"data":"HollowMod:SoulSplash","floor":15,"key":"SMITH"},{"data":"HollowMod:SlysStrikes","floor":23,"key":"SMITH"},{"data":"HollowMod:ElderbugsWisdom","floor":25,"key":"SMITH"},{"data":"HollowMod:NewLastStag","floor":32,"key":"SMITH"},{"floor":40,"key":"RECALL"},{"data":"HollowMod:theNailsmith","floor":45,"key":"SMITH"},{"data":"HollowMod:CloakDash","floor":47,"key":"SMITH"},{"data":"HollowMod:PogoStrike","floor":49,"key":"SMITH"},{"data":"HollowMod:QuickDashStart","floor":52,"key":"SMITH"}],"circlet_count":0,"master_deck":["HollowMod:NailStrikeStart","HollowMod:NailStrikeStart","HollowMod:NailStrikeStart","HollowMod:NailStrikeStart","HollowMod:QuickDashStart","HollowMod:QuickDashStart","HollowMod:QuickDashStart+1","HollowMod:QuickDashStart+1","HollowMod:FocusHealStart+1","HollowMod:PogoStrike+1","Crow Ritual+1","HollowMod:CycloneSlash+1","Hallownest:skillGreenpathMap","HollowMod:DesolateDive","HollowMod:NewLittleFool","HollowMod:SoulSplash+1","HollowMod:SlysStrikes+1","HollowMod:CloakDash+1","HollowMod:CornifersMapStart+1","Hallownest:attackMasterCycloneSlash","HollowMod:ElderbugsWisdom+1","HollowMod:MantisMark+1","Finesse","HollowMod:NewLastStag+1","HollowMod:theNailsmith+1","HollowMod:CloakDash","Hallownest:skillKingdomsEdgeMap","HollowMod:LifebloodCocoon+1","HollowMod:DungDefenderAura+1","HollowMod:SoulSplash+1","HollowMod:QuirrelsAssistance"],"relics":["HollowMod:VesselMask","Hallownest:DreamNailRelic","MawBank","Blue Doll","Ring of Fury","Ring of Peace","Philosopher\u0027s Stone","Replay:WaspNest","Bottled Tornado","Replay:Baseball","WarpedTongs","Tiny House","Hallownest:StagBellRelic1","Replay:Bandana","Question Card"],"acts_visited":["Hallownest:Greenpath","Hallownest:CityofTears","Hallownest:KingdomsEdge","TheEnding"],"potions_floor_usage":[2,16,27,27,33,38,44,50,50,50],"damage_taken":[{"damage":1,"enemies":"Hallownest:monsterHuskWarrior","floor":1,"turns":3},{"damage":0,"enemies":"Hallownest:monsterHuskGuard","floor":2,"turns":4},{"damage":0,"enemies":"Hallownest:2_Baldur","floor":7,"turns":2},{"damage":5,"enemies":"Hallownest:MossCreep_and_Mosskin","floor":10,"turns":4},{"damage":1,"enemies":"Hallownest:1_Baldur_1_Crawlid_1_Warrior","floor":12,"turns":4},{"damage":44,"enemies":"Hallownest:eliteCrystalGuardian","floor":13,"turns":8},{"damage":27,"enemies":"Hallownest:BossBrokenVessel","floor":16,"turns":9},{"damage":0,"enemies":"Hallownest:Flukemon_and_Top","floor":18,"turns":4},{"damage":9,"enemies":"Hallownest:Guard_and_Sentry","floor":19,"turns":5},{"damage":26,"enemies":"Hallownest:monsterMisterMushroom","floor":20,"turns":6},{"damage":0,"enemies":"Hallownest:Nosk","floor":24,"turns":7},{"damage":0,"enemies":"Hallownest:3_Mistakes","floor":27,"turns":5},{"damage":8,"enemies":"Hallownest:Glutton_and_Coward","floor":30,"turns":3},{"damage":19,"enemies":"Hallownest:BossSoulMaster","floor":33,"turns":7},{"damage":20,"enemies":"Hallownest:Shield_Heavy","floor":35,"turns":5},{"damage":14,"enemies":"Hallownest:3_Siblings","floor":38,"turns":4},{"damage":0,"enemies":"Hallownest:2_Wing_and_1_Kings","floor":42,"turns":5},{"damage":8,"enemies":"Hallownest:eliteHiveKnight","floor":44,"turns":7},{"damage":0,"enemies":"Hallownest:2_Great","floor":48,"turns":5},{"damage":57,"enemies":"Hallownest:BossHollowKnight","floor":50,"turns":7},{"damage":103,"enemies":"Shield and Spear","floor":54,"turns":6}],"seed_played":"4201731167448277842","potions_obtained":[{"floor":1,"key":"Fire Potion"},{"floor":2,"key":"Elixir"},{"floor":13,"key":"DistilledChaos"},{"floor":19,"key":"LifebloodPotion"},{"floor":24,"key":"SkillPotion"},{"floor":27,"key":"SkillPotion"},{"floor":30,"key":"Milkshake"},{"floor":33,"key":"AttackPotion"},{"floor":34,"key":"DistilledChaos"},{"floor":35,"key":"ColorlessPotion"},{"floor":42,"key":"Block Potion"},{"floor":48,"key":"SteroidPotion"}],"is_trial":false,"path_per_floor":["M","M","?","?","?","R","M","R","T","M","R","M","E","?","R","B",null,"M","M","M","?","?","R","E","R","T","M","$","?","M","?","R","B",null,"M","?","?","M","T","R","?","M","T","E","R","$","R","M","R","B",null,"R","$","E"],"character_chosen":"THE_BUGKNIGHT","items_purchased":["Replay:Baseball","Finesse","Elixir"],"campfire_rested":0,"item_purchase_floors":[28,28,53],"current_hp_per_floor":[68,68,68,59,59,59,59,59,59,60,60,68,36,36,36,21,68,68,59,42,42,42,42,52,52,52,52,52,52,44,44,44,35,73,57,57,57,43,43,43,43,43,43,45,45,45,45,57,57,6,68,68,68,0,0],"gold":24,"neow_bonus":"RANDOM_COLORLESS_2","is_daily":false,"chose_seed":false,"campfire_upgraded":11,"win_rate":0.0,"timestamp":1612716406,"path_taken":["M","M","?","?","?","R","?","R","T","M","R","M","E","?","R","BOSS","M","M","?","?","?","R","E","R","T","?","?","?","M","?","R","BOSS","M","?","?","M","?","R","?","M","T","E","R","$","R","M","R","BOSS","R","$","E"],"items_purchased_type":["Relic","Card","Potion"],"build_version":"2020-12-22","purchased_purges":2,"victory":false,"max_hp_per_floor":[68,68,68,68,68,68,68,68,68,68,68,68,68,68,68,68,68,68,68,68,68,68,68,68,68,68,68,68,68,68,68,68,68,73,73,68,68,68,68,68,68,68,68,68,68,68,68,68,68,68,68,68,68,68,68],"card_choices":[{"not_picked":["ReplayUltimateDefense","ReplayTheSpireMod:Necrogeddon"],"picked":"Crow Ritual","floor":0},{"not_picked":["HollowMod:InfectedCysts","HollowMod:HowlingWraiths","HollowMod:SoulStrike"],"picked":"SKIP","floor":1},{"not_picked":["HollowMod:CoiledNail","HollowMod:InfectedCysts"],"picked":"HollowMod:CycloneSlash","floor":2},{"not_picked":["HollowMod:ZotesMagnificence","HollowMod:QuirrelsAssistance"],"picked":"HollowMod:DesolateDive","floor":7},{"not_picked":["HollowMod:ShadowDash","HollowMod:VengefulSpirit"],"picked":"HollowMod:NewLittleFool","floor":10},{"not_picked":["HollowMod:InfectedCysts","HollowMod:HeavyBlow","HollowMod:WraithStrike"],"picked":"SKIP","floor":12},{"not_picked":["HollowMod:WraithStrike","HollowMod:BlackTendrils"],"picked":"HollowMod:SoulSplash","floor":13},{"not_picked":["HollowMod:NewInfectedGuardian","HollowMod:LordofShades"],"picked":"HollowMod:SlysStrikes","floor":16},{"not_picked":["HollowMod:GreatSlash","HollowMod:CycloneSlash"],"picked":"HollowMod:CloakDash","floor":18},{"not_picked":["HollowMod:GreatSlash+1","HollowMod:NewLittleFool"],"picked":"HollowMod:CornifersMapStart+1","floor":19},{"not_picked":["HollowMod:ShadowDash+1","HollowMod:SoulStrike","HollowMod:SoulEater"],"picked":"SKIP","floor":20},{"not_picked":["HollowMod:DesolateDive+1","HollowMod:FallenFury"],"picked":"HollowMod:ElderbugsWisdom","floor":24},{"not_picked":["HollowMod:CloakDash","HollowMod:DreamGate"],"picked":"HollowMod:MantisMark+1","floor":27},{"not_picked":["HollowMod:NewLittleFool","HollowMod:DescendingDark","HollowMod:InfectedCysts"],"picked":"SKIP","floor":30},{"not_picked":["HollowMod:PureVessel","HollowMod:SlysStrikes"],"picked":"HollowMod:theNailsmith","floor":33},{"not_picked":["HollowMod:VengefulVoid","HollowMod:SoulSplash+1"],"picked":"HollowMod:CloakDash","floor":35},{"not_picked":["HollowMod:GoodIntentions+1","HollowMod:SoulSplash+1"],"picked":"HollowMod:LifebloodCocoon+1","floor":38},{"not_picked":["HollowMod:GreatSlash","HollowMod:DescendingDark"],"picked":"HollowMod:DungDefenderAura+1","floor":42},{"not_picked":["HollowMod:InfectedCysts","HollowMod:InfectionAssault"],"picked":"HollowMod:SoulSplash+1","floor":44},{"not_picked":["HollowMod:TaintedHusks+1","HollowMod:PureVessel","HollowMod:InfectedCysts+1"],"picked":"HollowMod:QuirrelsAssistance","floor":48}],"player_experience":258875,"relics_obtained":[{"floor":9,"key":"MawBank"},{"floor":13,"key":"Blue Doll"},{"floor":14,"key":"Ring of Fury"},{"floor":14,"key":"Ring of Peace"},{"floor":24,"key":"Replay:WaspNest"},{"floor":26,"key":"Bottled Tornado"},{"floor":43,"key":"Replay:Bandana"},{"floor":44,"key":"Question Card"}],"event_choices":[],"is_beta":false,"boss_relics":[{"not_picked":["Coffee Dripper","Kintsugi"],"picked":"Philosopher\u0027s Stone"},{"not_picked":["Busted Crown","Runic Pyramid"],"picked":"Tiny House"}],"items_purged_floors":[28,46],"is_endless":false,"potions_floor_spawned":[1,2,13,19,24,27,30,33,35,42,48],"killed_by":"Shield and Spear","ascension_level":0}}