{"host":"gttgmv2wah99hzdm","time":1612727871,"event":{"mods":["AchievementEnabler","BaseMod","Bestiary","Block Reminder","Minty Spire (QoL Compilation)","Permanent Neow","Relic Stats","Weighted Paths","ojb\u0027s Info Mod"],"gold_per_floor":[17,17,28,28,39,39,51,85,85,85,117,117,132,3,3,3,3],"floor_reached":16,"language":"ENG","playtime":556,"items_purged":["Strike_P"],"score":220,"play_id":"10acb4fa-d457-4ddb-a929-7d6e7edac5d5","local_time":"20210207135751","is_ascension_mode":true,"campfire_choices":[{"data":"SignatureMove","floor":6,"key":"SMITH"},{"data":"EmptyFist","floor":10,"key":"SMITH"},{"floor":15,"key":"REST"}],"circlet_count":0,"master_deck":["AscendersBane","Strike_P","Strike_P","Defend_P","Defend_P","Defend_P","Eruption+1","Vigilance","BowlingBash","SignatureMove+1","EmptyBody","Halt","MentalFortress+1","EmptyFist+1","DevaForm","Worship","Protect"],"relics":["PureWater","Singing Bowl","Question Card","Orichalcum"],"acts_visited":["Exordium"],"potions_floor_usage":[],"damage_taken":[{"damage":0,"enemies":"Small Slimes","floor":1,"turns":2},{"damage":1,"enemies":"2 Louse","floor":3,"turns":3},{"damage":0,"enemies":"Cultist","floor":5,"turns":1},{"damage":1,"enemies":"2 Fungi Beasts","floor":7,"turns":4},{"damage":37,"enemies":"Lagavulin","floor":8,"turns":5},{"damage":7,"enemies":"3 Sentries","floor":11,"turns":4},{"damage":4,"enemies":"3 Louse","floor":13,"turns":3},{"damage":36,"enemies":"Hexaghost","floor":16,"turns":9}],"seed_played":"-7417740085601035556","potions_obtained":[{"floor":1,"key":"Ancient Potion"},{"floor":3,"key":"Dexterity Potion"}],"is_trial":false,"path_per_floor":["M","$","M","?","M","R","M","E","T","R","E","?","M","$","R","B"],"character_chosen":"WATCHER","items_purchased":["Protect"],"campfire_rested":1,"item_purchase_floors":[14],"current_hp_per_floor":[61,61,60,60,60,60,59,22,22,22,17,17,13,13,34,0,0],"gold":3,"neow_bonus":"TRANSFORM_TWO_CARDS","is_daily":false,"chose_seed":false,"campfire_upgraded":2,"win_rate":0.0,"timestamp":1612727871,"path_taken":["M","$","M","?","M","R","M","E","T","R","E","?","?","$","R","BOSS"],"items_purchased_type":["Card"],"build_version":"2020-12-22","purchased_purges":1,"victory":false,"max_hp_per_floor":[68,68,68,68,68,68,68,68,68,68,70,70,70,70,70,70,70],"relic_stats":{"Singing Bowl":2,"counters":[8,31],"Orichalcum":[12],"Question Card":2,"obtain_stats":[{"Singing Bowl":8,"PureWater":0,"Orichalcum":11,"Question Card":9},{"Singing Bowl":5,"PureWater":0,"Orichalcum":6,"Question Card":5},{"Singing Bowl":15,"PureWater":0,"Orichalcum":19,"Question Card":15}]},"card_choices":[{"not_picked":["Wallop","Crescendo"],"picked":"EmptyBody","floor":1},{"not_picked":["Consecrate","Pray"],"picked":"Halt","floor":3},{"not_picked":["EmptyBody","CutThroughFate"],"picked":"MentalFortress","floor":5},{"not_picked":["CutThroughFate","FearNoEvil"],"picked":"EmptyFist","floor":7},{"not_picked":["Establishment","CutThroughFate"],"picked":"DevaForm","floor":8},{"not_picked":["CutThroughFate","Prostrate","Consecrate","SashWhip"],"picked":"Singing Bowl","floor":11},{"not_picked":["EmptyBody","WheelKick","FlurryOfBlows"],"picked":"Worship","floor":13}],"player_experience":1110469,"relics_obtained":[{"floor":8,"key":"Singing Bowl"},{"floor":9,"key":"Question Card"},{"floor":11,"key":"Orichalcum"}],"event_choices":[{"damage_healed":0,"gold_gain":0,"player_choice":"Grow","damage_taken":0,"max_hp_gain":0,"max_hp_loss":0,"event_name":"Living Wall","floor":4,"gold_loss":0,"cards_upgraded":["Eruption"]},{"damage_healed":0,"gold_gain":0,"player_choice":"Upgraded","damage_taken":0,"max_hp_gain":0,"max_hp_loss":0,"event_name":"Upgrade Shrine","floor":12,"gold_loss":0,"cards_upgraded":["MentalFortress"]}],"is_beta":false,"boss_relics":[],"items_purged_floors":[14],"is_endless":false,"potions_floor_spawned":[1,3],"killed_by":"Hexaghost","ascension_level":20}}