{"host":"d9m9v0h6vo0edadb","time":1612716327,"event":{"mods":["BaseMod","Hermit","Keyboard Shortcuts","Minty Spire (QoL Compilation)","StSLib","SuperFastMode","The Cursed"],"gold_per_floor":[110,110,110,135,60,60,100,100,100,121,196,220,244,282,282,373,373,394,432,14,14,39,39,39],"floor_reached":23,"language":"KOR","playtime":295,"items_purged":["Strike_G","Strike_G"],"score":448,"play_id":"db98e68f-90ee-4471-b624-04d61aaaef8d","local_time":"20210208014527","is_ascension_mode":true,"campfire_choices":[{"data":"Corpse Explosion","floor":6.0,"key":"SMITH"},{"floor":15.0,"key":"REST"}],"circlet_count":0,"master_deck":["AscendersBane","Defend_G","Defend_G","Defend_G","Defend_G","Survivor","Neutralize","Backstab","Masterful Stab","Corpse Explosion+1","Deadly Poison","Prepared+1","Escape Plan+1","Burst+1","Noxious Fumes+1","Backstab+1","Eviscerate+1","Tactician+1","Grand Finale","Backflip+1"],"relics":["Ring of the Snake","NeowsBlessing","Golden Idol","Happy Flower","Toxic Egg 2","Sundial","Astrolabe","Red Mask","TheAbacus","StrikeDummy"],"acts_visited":["Exordium","TheCity"],"potions_floor_usage":[16,16,23,23],"damage_taken":[{"damage":0.0,"enemies":"2 Louse","floor":1.0,"turns":1.0},{"damage":0.0,"enemies":"Jaw Worm","floor":4.0,"turns":1.0},{"damage":0.0,"enemies":"Gremlin Nob","floor":7.0,"turns":1.0},{"damage":0.0,"enemies":"Cultist","floor":10.0,"turns":3.0},{"damage":0.0,"enemies":"Blue Slaver","floor":12.0,"turns":4.0},{"damage":0.0,"enemies":"Looter","floor":13.0,"turns":4.0},{"damage":22.0,"enemies":"Lagavulin","floor":14.0,"turns":5.0},{"damage":15,"enemies":"Slime Boss","floor":16,"turns":6},{"damage":3,"enemies":"3 Byrds","floor":18,"turns":4},{"damage":0,"enemies":"Masked Bandits","floor":19,"turns":1},{"damage":15,"enemies":"Shell Parasite","floor":22,"turns":4},{"damage":33,"enemies":"Gremlin Leader","floor":23,"turns":4}],"seed_played":"-636241541243024783","potions_obtained":[{"floor":1.0,"key":"Swift Potion"},{"floor":10.0,"key":"Fire Potion"},{"floor":14.0,"key":"CunningPotion"},{"floor":16,"key":"Weak Potion"},{"floor":18,"key":"Explosive Potion"},{"floor":22,"key":"Swift Potion"}],"is_trial":false,"path_per_floor":["M","?","?","M","$","R","E","?","T","M","?","M","M","E","R","B",null,"M","?","$","?","M","E"],"character_chosen":"THE_SILENT","items_purchased":["Grand Finale","TheAbacus"],"campfire_rested":1,"item_purchase_floors":[20,20],"current_hp_per_floor":[59,59,59,59,59,59,59,52,52,52,41,41,41,19,37,22,51,48,48,48,48,33,0,0],"gold":39,"neow_bonus":"THREE_ENEMY_KILL","is_daily":false,"chose_seed":false,"campfire_upgraded":1,"win_rate":0.0,"timestamp":1612716327,"path_taken":["M","?","?","?","$","R","E","?","T","M","?","M","M","E","R","BOSS","M","?","$","?","M","E"],"items_purchased_type":["Card","Relic"],"build_version":"2020-12-22","purchased_purges":2,"victory":false,"max_hp_per_floor":[66,60,60,60,60,60,60,60,60,60,60,60,60,60,60,60,60,60,60,60,60,60,60,60],"card_choices":[{"not_picked":["Footwork","Underhanded Strike"],"picked":"Backstab","floor":1.0},{"not_picked":["Cloak And Dagger","Quick Slash"],"picked":"Deadly Poison","floor":4.0},{"not_picked":["Dodge and Roll","Infinite Blades","Heel Hook"],"picked":"SKIP","floor":7.0},{"not_picked":["Bane","Masterful Stab","Flying Knee"],"picked":"SKIP","floor":10.0},{"not_picked":["Quick Slash","Dodge and Roll+1"],"picked":"Prepared+1","floor":12.0},{"not_picked":["Underhanded Strike","Die Die Die","Dodge and Roll+1"],"picked":"SKIP","floor":13.0},{"not_picked":["Dash","Blur+1"],"picked":"Escape Plan+1","floor":14.0},{"not_picked":["Wraith Form v2","Night Terror+1"],"picked":"Burst+1","floor":16},{"not_picked":["Finisher","Flying Knee","Dodge and Roll+1"],"picked":"SKIP","floor":18},{"not_picked":["Poisoned Stab","Outmaneuver+1"],"picked":"Tactician+1","floor":19},{"not_picked":["Flechettes","Outmaneuver+1"],"picked":"Backflip+1","floor":22}],"player_experience":1007789,"relics_obtained":[{"floor":7.0,"key":"Happy Flower"},{"floor":9.0,"key":"Toxic Egg 2"},{"floor":14.0,"key":"Sundial"},{"floor":19,"key":"Red Mask"},{"floor":21,"key":"StrikeDummy"}],"event_choices":[{"damage_healed":0.0,"max_hp_gain":0.0,"max_hp_loss":6.0,"gold_gain":0.0,"event_name":"Golden Idol","player_choice":"Lose Max HP","floor":2.0,"gold_loss":0.0,"damage_taken":0.0,"relics_obtained":["Golden Idol"]},{"damage_healed":0.0,"max_hp_gain":0.0,"max_hp_loss":0.0,"gold_gain":0.0,"event_name":"Match and Keep!","player_choice":"2 cards matched","floor":3.0,"gold_loss":0.0,"damage_taken":0.0,"cards_obtained":["Masterful Stab","Corpse Explosion"]},{"cards_removed":["Strike_G"],"damage_healed":0.0,"max_hp_gain":0.0,"max_hp_loss":0.0,"gold_gain":0.0,"event_name":"Golden Wing","player_choice":"Card Removal","floor":8.0,"gold_loss":0.0,"damage_taken":7.0},{"damage_healed":0.0,"max_hp_gain":0.0,"max_hp_loss":0.0,"gold_gain":75.0,"event_name":"World of Goop","player_choice":"Gather Gold","floor":11.0,"gold_loss":0.0,"damage_taken":11.0},{"damage_healed":0,"gold_gain":0,"player_choice":"Fought Bandits","damage_taken":0,"max_hp_gain":0,"max_hp_loss":0,"event_name":"Masked Bandits","floor":19,"gold_loss":0},{"damage_healed":0,"gold_gain":0,"player_choice":"Relic","damage_taken":0,"max_hp_gain":0,"max_hp_loss":0,"event_name":"Wheel of Change","floor":21,"gold_loss":0}],"is_beta":false,"boss_relics":[{"not_picked":["SacredBark","Ring of the Serpent"],"picked":"Astrolabe"}],"items_purged_floors":[5,20],"is_endless":false,"potions_floor_spawned":[1,10,13,14,16,18,22],"killed_by":"Gremlin Leader","ascension_level":20}}