{"host":"kiehjq3lc4w5t4uc","time":1612691883,"event":{"mods":["AchievementEnabler","BaseMod","BetterRewards","Colored Map","Colored Powertips","DeckTracker","Good Game Mod","Minty Spire (QoL Compilation)","Quick Restart","Rare Cards Sparkle","Relic Stats","Shop Mod","Spicy Shops","StSLib","SuperFastMode"],"gold_per_floor":[141,28,103,12,45,98,98,98,152,152,117,117,117,117,117],"floor_reached":14,"language":"KOR","playtime":796,"items_purged":[],"score":168,"play_id":"b18afe6d-a4f9-4770-a519-5c35f21c273e","local_time":"20210207185803","daily_mods":["Diverse","Heirloom","Flight","Elite Swarm"],"is_ascension_mode":true,"campfire_choices":[{"data":"Coolheaded","floor":7,"key":"SMITH"},{"data":"Barricade","floor":8,"key":"SMITH"},{"floor":10,"key":"REST"},{"data":"Berserk","floor":12,"key":"SMITH"}],"circlet_count":0,"master_deck":["AscendersBane","Strike_B","Strike_B","Strike_B","Strike_B","Defend_B","Defend_B","Defend_B","Defend_B","Zap","Dualcast","Berserk+1","Backflip","Coolheaded+1","Electrodynamics","Cold Snap","Barricade+1"],"relics":["Cracked Core","REME:ComplimentaryCards","Black Star","Membership Card","CultistMask","Smiling Mask","Golden Idol","CeramicFish","The Courier","Prayer Wheel","Singing Bowl","CaptainsWheel","Bag of Preparation","Oddly Smooth Stone"],"acts_visited":["Exordium"],"potions_floor_usage":[6],"damage_taken":[{"damage":14,"enemies":"Jaw Worm","floor":1,"turns":4},{"damage":1,"enemies":"2 Louse","floor":5,"turns":2},{"damage":29,"enemies":"3 Sentries","floor":6,"turns":6},{"damage":50,"enemies":"Gremlin Nob","floor":14,"turns":5}],"seed_played":"6936985785855585101","potions_obtained":[{"floor":5,"key":"SteroidPotion"}],"is_trial":true,"path_per_floor":["M","$","?","$","M","E","R","R","T","R","?","R","?","E"],"character_chosen":"DEFECT","items_purchased":["Singing Bowl","Electrodynamics"],"campfire_rested":1,"item_purchase_floors":[2,4],"current_hp_per_floor":[50,50,39,39,40,11,11,11,11,32,50,50,50,0,0],"gold":117,"neow_bonus":"","is_daily":false,"chose_seed":false,"campfire_upgraded":3,"win_rate":0.0,"timestamp":1612691883,"path_taken":["M","$","?","$","M","E","R","R","T","R","?","R","?","E"],"items_purchased_type":["Relic","Card"],"build_version":"2020-12-22","purchased_purges":0,"victory":false,"max_hp_per_floor":[71,71,71,71,73,73,73,73,73,73,73,73,73,73,73],"relic_stats":{"Singing Bowl":2,"counters":[4,17],"Golden Idol":19,"CeramicFish":45,"Prayer Wheel":2,"Black Star":1,"Bag of Preparation":[2],"Smiling Mask":0,"obtain_stats":[{"Singing Bowl":2,"Golden Idol":0,"CeramicFish":0,"Oddly Smooth Stone":9,"The Courier":0,"Bag of Preparation":6,"Smiling Mask":0,"REME:ComplimentaryCards":0,"CaptainsWheel":6,"Prayer Wheel":0,"CultistMask":0,"Black Star":0,"Membership Card":0,"Cracked Core":0},{"Singing Bowl":1,"Golden Idol":0,"CeramicFish":0,"Oddly Smooth Stone":3,"The Courier":0,"Bag of Preparation":3,"Smiling Mask":0,"REME:ComplimentaryCards":0,"CaptainsWheel":3,"Prayer Wheel":0,"CultistMask":0,"Black Star":0,"Membership Card":0,"Cracked Core":0},{"Singing Bowl":4,"Golden Idol":0,"CeramicFish":0,"Oddly Smooth Stone":12,"The Courier":0,"Bag of Preparation":12,"Smiling Mask":0,"REME:ComplimentaryCards":0,"CaptainsWheel":12,"Prayer Wheel":0,"CultistMask":0,"Black Star":0,"Membership Card":0,"Cracked Core":0}]},"card_choices":[{"not_picked":["Prostrate","PiercingWail"],"picked":"Backflip","floor":1},{"not_picked":["Wild Strike","Swivel"],"picked":"Coolheaded","floor":1},{"not_picked":["Flex","Vengeance","Wallop"],"picked":"Singing Bowl","floor":5},{"not_picked":["Crescendo","True Grit"],"picked":"Cold Snap","floor":5},{"not_picked":["Brutality","Electrodynamics"],"picked":"Barricade","floor":6}],"player_experience":162321,"relics_obtained":[{"floor":6,"key":"CaptainsWheel"},{"floor":6,"key":"Bag of Preparation"},{"floor":9,"key":"Oddly Smooth Stone"}],"event_choices":[{"damage_healed":0,"gold_gain":75,"player_choice":"Gather Gold","damage_taken":11,"max_hp_gain":0,"max_hp_loss":0,"event_name":"World of Goop","floor":3,"gold_loss":0},{"damage_healed":18,"gold_gain":0,"player_choice":"Healed","damage_taken":0,"max_hp_gain":0,"max_hp_loss":0,"event_name":"The Cleric","floor":11,"gold_loss":35},{"damage_healed":0,"gold_gain":0,"player_choice":"Ignored","damage_taken":0,"max_hp_gain":0,"max_hp_loss":0,"event_name":"Liars Game","floor":13,"gold_loss":0}],"is_beta":false,"boss_relics":[],"items_purged_floors":[],"is_endless":false,"potions_floor_spawned":[5],"killed_by":"Gremlin Nob","ascension_level":20}}