{"host":"q701h07drgnlmon4","time":1612689100,"event":{"mods":["Act Like it!","Aspiration","BaseMod","BetterRewards","Challenge The Spire","Colored Map","Colored Powertips","Hallownest","Hubris","Infinite Spire","Minty Spire (QoL Compilation)","Replay The Spire","StSLib","The Necromancer"],"gold_per_floor":[119,133,47,47,66,100,100,100,100,100,134,134,151,169,169,242,242,253,13,25,25,25,58,58,76,151,166,166,180,180,190,190,190,190],"floor_reached":33,"language":"ENG","playtime":1890,"items_purged":[],"score":492,"play_id":"b4b62a9d-dac4-4d15-ad0c-32e03edf06ac","local_time":"20210207011140","is_ascension_mode":true,"campfire_choices":[{"data":"Summon_Death_Knight","floor":8,"key":"SMITH"},{"data":"Bone_Armory","floor":10,"key":"SMITH"},{"floor":15,"key":"RECALL"},{"floor":24,"key":"REST"},{"floor":32,"key":"REST"}],"circlet_count":0,"master_deck":["AscendersBane","Negative_Energy_Arrows","Bone_Wall","Summon_Death_Knight+1","Negative_Energy_Burst","Bone_Armory+1","Summon_Lich","Hallownest:skillLeafShield","Hallownest:skillLeafShield","Hallownest:skillLeafShield","Hallownest:skillLeafShield","Hallownest:skillLeafShield","Scare","Vampiric_Strike","Summon_Lich","Negative_Energy_Sphere","Hellfire","Bones_to_Steel","Summon_Undead_Army","ReplayTheSpireMod:Brewmster","Life_Drain","Hallownest:attackAdjustingAction","infinitespire:TheBestDefense","infinitespire:Oblivion","Bone_Shift","Violent_Necrosis","Detonate_Bones","Cloudkill","infinitespire:DeathsTouch","Violent_Necrosis+1"],"relics":["Vampire_Amulet","Hallownest:DreamNailRelic","ReplayFunnel","aspiration:RitualDagger","Pen Nib","aspiration:AnachronicSnailShell","Sundial","Strange Spoon","Pandora\u0027s Box"],"acts_visited":["Exordium","Hallownest:Greenpath"],"potions_floor_usage":[11,13,16,18,23,31,33,33],"damage_taken":[{"damage":0,"enemies":"Hallownest:monsterHuskWarrior","floor":1,"turns":5},{"damage":0,"enemies":"2_ Uuma","floor":2,"turns":6},{"damage":6,"enemies":"Hallownest:2_MossCreeps","floor":5,"turns":5},{"damage":19,"enemies":"Hallownest:eliteMossKnight","floor":6,"turns":12},{"damage":14,"enemies":"Hallownest:eliteCrystalGuardian","floor":11,"turns":8},{"damage":12,"enemies":"Hallownest:Guard_and_Warrior","floor":13,"turns":5},{"damage":4,"enemies":"Hallownest:monsterFoolEater","floor":14,"turns":6},{"damage":26,"enemies":"Hallownest:BossBrokenVessel","floor":16,"turns":11},{"damage":28,"enemies":"Hallownest:2_Mistakes","floor":18,"turns":5},{"damage":56,"enemies":"Hallownest:3_Youths","floor":20,"turns":6},{"damage":59,"enemies":"Hallownest:eliteSoulWarrior","floor":23,"turns":6},{"damage":35,"enemies":"Hallownest:2_Husk_Sentries","floor":25,"turns":6},{"damage":20,"enemies":"Hallownest:Warrior_and_Youth","floor":27,"turns":5},{"damage":30,"enemies":"Hallownest:monsterMisterMushroom","floor":29,"turns":9},{"damage":44,"enemies":"Hallownest:Master_and_Novice","floor":31,"turns":6},{"damage":45,"enemies":"Hallownest:BossMantisLord","floor":33,"turns":4}],"seed_played":"-6347672572087781371","potions_obtained":[{"floor":2,"key":"Doom Potion"},{"floor":6,"key":"Weak Potion"},{"floor":11,"key":"Dexterity Potion"},{"floor":16,"key":"Toxic Potion"},{"floor":20,"key":"AttackPotion"},{"floor":31,"key":"Toxic Potion"}],"is_trial":false,"path_per_floor":["M","M","$","?","M","E","?","R","T","R","E","$","M","M","R","B",null,"M","$","M","?","T","E","R","M","T","M","?","M","AVR","M","R","B"],"character_chosen":"NECROMANCER","items_purchased":["Summon_Lich","Summon_Undead_Army","ReplayTheSpireMod:Brewmster"],"campfire_rested":2,"item_purchase_floors":[3,19,19],"current_hp_per_floor":[64,64,64,64,62,49,49,49,49,49,42,42,37,37,37,28,55,31,31,58,58,58,24,43,26,26,23,26,27,27,8,27,0,0],"gold":190,"neow_bonus":"THREE_RARE_CARDS","is_daily":false,"chose_seed":false,"campfire_upgraded":2,"win_rate":0.0,"timestamp":1612689100,"path_taken":["M","M","$","?","M","E","?","R","T","R","E","$","M","M","R","BOSS","M","?","M","?","?","E","R","M","T","M","?","?","AVR","M","R","BOSS"],"items_purchased_type":["Card","Card","Card"],"build_version":"2020-12-22","purchased_purges":0,"victory":false,"max_hp_per_floor":[64,64,64,64,64,64,64,64,64,64,64,64,64,64,64,64,64,64,64,64,64,64,64,64,64,64,64,64,64,64,64,64,64,64],"card_choices":[{"not_picked":["Cloudkill","Hellfire"],"picked":"Summon_Death_Knight","floor":0},{"not_picked":["Bones_to_Steel","Scare"],"picked":"Negative_Energy_Burst","floor":1},{"not_picked":["Flesh_Made_Foul","Bone_Armor"],"picked":"Bone_Armory","floor":2},{"not_picked":["Chill_Blood","Blood_for_Blood"],"picked":"Scare","floor":5},{"not_picked":["Toxic_Smoke_Screen","Bone_Shift"],"picked":"Vampiric_Strike","floor":6},{"not_picked":["Blood_Shield","Negative_Energy_Mist"],"picked":"Summon_Lich","floor":11},{"not_picked":["Bone_Bullets","Detonate_Bones"],"picked":"Negative_Energy_Sphere","floor":13},{"not_picked":["Chill_Blood","Bone_Spikes","Negative_Energy_Mist"],"picked":"SKIP","floor":14},{"not_picked":["Negative_Energy_Bomb","Blood_Magic"],"picked":"Hellfire","floor":16},{"not_picked":["Uncharnel","Consume_Illness"],"picked":"Bones_to_Steel","floor":18},{"not_picked":["Epidemic","Blood_Curse","Shackles_Of_Pain"],"picked":"SKIP","floor":20},{"not_picked":["Bone_Spikes","Strike_from_Beyond","Blood_Magic"],"picked":"SKIP","floor":23},{"not_picked":["Death_Coil","Bone_Spikes","Shade_Step"],"picked":"SKIP","floor":25},{"not_picked":["Toxic_Smoke_Screen","Death_Knell"],"picked":"Life_Drain","floor":27},{"not_picked":["Bones_to_Steel","Summon_Undead_Army","Bone_Bullets"],"picked":"SKIP","floor":29},{"not_picked":["Blood_Curse","Blood_Whip"],"picked":"Violent_Necrosis+1","floor":31}],"player_experience":804306,"relics_obtained":[{"floor":11,"key":"ReplayFunnel"},{"floor":22,"key":"Pen Nib"},{"floor":23,"key":"aspiration:AnachronicSnailShell"},{"floor":26,"key":"Sundial"}],"event_choices":[],"is_beta":false,"boss_relics":[{"not_picked":["aspiration:IroncladSkillbook","aspiration:RunicSpoon"],"picked":"aspiration:RitualDagger"}],"items_purged_floors":[],"is_endless":false,"potions_floor_spawned":[2,6,11,16,20,31],"killed_by":"Hallownest:BossMantisLord","ascension_level":16}}