{"host":"s24sb66hw4a4sfft","time":1612741165,"event":{"mods":["AchievementEnabler","BaseMod","Colored Map","Colored Powertips","Googly Eyes","Hermit","Hubris","Minty Spire (QoL Compilation)","Quick Restart","Shop Mod","StSLib","The Poker Player"],"gold_per_floor":[112,112,112,37,58,93,93,137,160,160,160,205,48,70,70,208,208,239,239,164,195,225,225,248,111,136,149,156,156],"floor_reached":28,"language":"ENG","playtime":1683,"items_purged":["Injury"],"score":261,"play_id":"fe808bb3-9ef9-47db-b387-d5f7bc174924","local_time":"20210207183925","is_ascension_mode":false,"campfire_choices":[{"data":"hermit:Quickdraw","floor":7,"key":"SMITH"},{"data":"hermit:Roulette","floor":10,"key":"SMITH"},{"floor":15,"key":"REST"},{"data":"hermit:Ricochet","floor":23,"key":"SMITH"}],"circlet_count":0,"master_deck":["hermit:Strike_Hermit","hermit:Strike_Hermit","hermit:Strike_Hermit","hermit:Defend_Hermit","hermit:Defend_Hermit","hermit:Defend_Hermit","hermit:Defend_Hermit","hermit:Snapshot+1","hermit:Covet","hermit:Scavenge+1","hermit:Quickdraw+1","hermit:Roulette+1","hermit:EyeOfTheStorm","hermit:Roulette+1","hermit:LuckOfTheDraw","hermit:Ricochet+1","hermit:Deadeye","Mind Blast","hermit:CalledShot","hermit:Snipe"],"relics":["hermit:Momento","NeowsBlessing","Golden Idol","hubris:TenFootPole","Bird Faced Urn","hubris:OldNail","hubris:SlimyHat","PreservedInsect","hubris:VirtuousBlindfold","hubris:Towel","Omamori"],"acts_visited":["Exordium","TheCity"],"potions_floor_usage":[12,28],"damage_taken":[{"damage":0,"enemies":"Small Slimes","floor":1,"turns":2},{"damage":0,"enemies":"2 Louse","floor":5,"turns":1},{"damage":0,"enemies":"Lagavulin","floor":6,"turns":1},{"damage":16,"enemies":"3 Sentries","floor":8,"turns":10},{"damage":12,"enemies":"Lagavulin","floor":12,"turns":5},{"damage":0,"enemies":"Cultist","floor":14,"turns":2},{"damage":47,"enemies":"The Guardian","floor":16,"turns":11},{"damage":8,"enemies":"Chosen","floor":18,"turns":6},{"damage":0,"enemies":"Shell Parasite","floor":21,"turns":4},{"damage":22,"enemies":"Sentry and Sphere","floor":22,"turns":5},{"damage":6,"enemies":"Centurion and Healer","floor":24,"turns":4},{"damage":20,"enemies":"Snake Plant","floor":27,"turns":3},{"damage":1,"enemies":"Cultist and Chosen","floor":28,"turns":4}],"seed_played":"2504422862540202477","potions_obtained":[{"floor":5,"key":"SpeedPotion"},{"floor":6,"key":"Fire Potion"},{"floor":12,"key":"Energy Potion"},{"floor":16,"key":"Dexterity Potion"}],"is_trial":false,"path_per_floor":["M","?","?","$","M","E","R","E","T","R","?","E","$","M","R","B",null,"M","?","?","M","M","R","M","$","T","M","M"],"character_chosen":"HERMIT","items_purchased":["PreservedInsect","Mind Blast","hermit:CalledShot"],"campfire_rested":1,"item_purchase_floors":[13,25,25],"current_hp_per_floor":[75,75,75,75,75,75,75,59,59,59,59,47,47,47,69,22,75,67,67,67,67,45,45,39,39,39,19,18,18],"gold":156,"neow_bonus":"THREE_ENEMY_KILL","is_daily":false,"chose_seed":false,"campfire_upgraded":3,"win_rate":0.0,"timestamp":1612741165,"path_taken":["M","?","?","$","M","E","R","E","T","R","?","E","$","M","R","BOSS","M","?","?","M","M","R","M","?","T","M","?"],"items_purchased_type":["Relic","Card","Card"],"build_version":"2020-12-22","purchased_purges":1,"victory":false,"max_hp_per_floor":[75,75,75,75,75,75,75,75,75,75,75,75,75,75,75,75,75,75,75,75,75,75,75,75,75,75,75,75,75],"card_choices":[{"not_picked":["hermit:LowProfile","hermit:TrackingShot"],"picked":"hermit:Scavenge","floor":1},{"not_picked":["hermit:Scavenge","hermit:LowProfile"],"picked":"hermit:Quickdraw","floor":5},{"not_picked":["hermit:Midnight","hermit:Feint","hermit:Adapt"],"picked":"SKIP","floor":6},{"not_picked":["hermit:Maintenance","hermit:GhostlyPresence"],"picked":"hermit:Roulette","floor":8},{"not_picked":["hermit:ShadowCloak","hermit:CalledShot","hermit:Dive"],"picked":"SKIP","floor":12},{"not_picked":["hermit:Roulette","hermit:Headshot"],"picked":"hermit:EyeOfTheStorm","floor":14},{"not_picked":["hermit:Glare","hermit:Feint"],"picked":"hermit:Roulette+1","floor":18},{"not_picked":["hermit:HighCaliber","hermit:DeadMansHand"],"picked":"hermit:LuckOfTheDraw","floor":21},{"not_picked":["hermit:HeroicBravado","hermit:Manifest"],"picked":"hermit:Ricochet","floor":22},{"not_picked":["hermit:BigShot","hermit:HighCaliber"],"picked":"hermit:Deadeye","floor":24},{"not_picked":["hermit:TrackingShot+1","hermit:LuckOfTheDraw"],"picked":"hermit:Snipe","floor":27}],"player_experience":583580,"relics_obtained":[{"floor":6,"key":"hubris:TenFootPole"},{"floor":8,"key":"Bird Faced Urn"},{"floor":9,"key":"hubris:OldNail"},{"floor":12,"key":"hubris:SlimyHat"},{"floor":26,"key":"Omamori"}],"event_choices":[{"damage_healed":0,"gold_gain":0,"player_choice":"Take Wound","damage_taken":0,"relics_obtained":["Golden Idol"],"max_hp_gain":0,"max_hp_loss":0,"event_name":"Golden Idol","floor":2,"gold_loss":0,"cards_obtained":["Injury"]},{"damage_healed":0,"gold_gain":0,"player_choice":"Upgraded","damage_taken":0,"max_hp_gain":0,"max_hp_loss":0,"event_name":"Upgrade Shrine","floor":11,"gold_loss":0,"cards_upgraded":["hermit:Snapshot"]},{"cards_removed":["hermit:Strike_Hermit"],"damage_healed":0,"gold_gain":0,"player_choice":"Gave Gold","damage_taken":0,"max_hp_gain":0,"max_hp_loss":0,"event_name":"Beggar","floor":20,"gold_loss":75}],"is_beta":false,"boss_relics":[{"not_picked":["Astrolabe","hubris:CrackedHourglass"],"picked":"hubris:VirtuousBlindfold"}],"items_purged_floors":[4],"is_endless":false,"potions_floor_spawned":[5,6,12,16,21,24],"killed_by":"Cultist and Chosen","ascension_level":0}}