{"host":"z42sc0n2dozsmk72","time":1612700175,"event":{"mods":["AchievementEnabler","BaseMod","Better Third Choice","Colored Map","Curses Come First","Highlight Path","Minty Spire (QoL Compilation)","Permanent Neow","Quick Restart","Relic Stats","Shop Mod","StSLib","egg","slay the spire mod where everything is the same but ironclad has a cowboy hat"],"gold_per_floor":[115,126,145,160,173,173,202,202,202,231,231,259,270,289,289,388,388,407,104,124,136,136,136,153,186,267,267,277,308,131,151,151,249,249,269,288,304,323,337,364,364,398,398,425,441,468,482,501,501,501,501,501,62,94,94],"floor_reached":56,"language":"ENG","playtime":6799,"items_purged":["Strike_R","Bash","Defend_R"],"score":1671,"play_id":"0fa8745d-1152-4f35-a5a4-e1c82c9120f7","local_time":"20210208011615","is_ascension_mode":true,"campfire_choices":[{"data":"Apotheosis","floor":6.0,"key":"SMITH"},{"data":"Berserk","floor":8.0,"key":"SMITH"},{"data":"Barricade","floor":15.0,"key":"SMITH"},{"data":"Feed","floor":23.0,"key":"SMITH"},{"data":"Feel No Pain","floor":27.0,"key":"SMITH"},{"data":"Feel No Pain","floor":32.0,"key":"SMITH"},{"data":"Berserk","floor":41.0,"key":"SMITH"},{"floor":49.0,"key":"RECALL"},{"data":"Metallicize","floor":52.0,"key":"SMITH"}],"circlet_count":0,"master_deck":["Defend_R","Defend_R","Defend_R","Apotheosis+1","Iron Wave","Uppercut","Pommel Strike","Shrug It Off","Berserk+1","Feel No Pain+1","Barricade+1","Feed+1","Flame Barrier","Metallicize","Reckless Charge","Bite","Bite","Bite","Bite","Bite","Clothesline+1","Corruption","Reckless Charge","Metallicize","Feel No Pain+1","Spot Weakness","Berserk+1","Reckless Charge+1","Metallicize+1","Shockwave","Blood for Blood+1","Reckless Charge+1","Flame Barrier","Secret Technique","Battle Trance+1"],"relics":["Burning Blood","Eternal Feather","InkBottle","Bottled Tornado","Meat on the Bone","Runic Pyramid","TheAbacus","Magic Flower","Thread and Needle","Runic Cube","Blood Vial","MealTicket","StoneCalendar","Red Skull","Smiling Mask","Toy Ornithopter","Art of War"],"acts_visited":["Exordium","TheCity","TheBeyond","TheEnding"],"potions_floor_usage":[55,55],"damage_taken":[{"damage":1.0,"enemies":"Cultist","floor":1.0,"turns":4.0},{"damage":9.0,"enemies":"2 Louse","floor":2.0,"turns":2.0},{"damage":3.0,"enemies":"Jaw Worm","floor":3.0,"turns":4.0},{"damage":0.0,"enemies":"Large Slime","floor":4.0,"turns":5.0},{"damage":10.0,"enemies":"Red Slaver","floor":5.0,"turns":3.0},{"damage":12.0,"enemies":"Lagavulin","floor":7.0,"turns":6.0},{"damage":28.0,"enemies":"Gremlin Nob","floor":10.0,"turns":4.0},{"damage":0.0,"enemies":"Lagavulin","floor":12.0,"turns":7.0},{"damage":2.0,"enemies":"Exordium Thugs","floor":13.0,"turns":7.0},{"damage":5.0,"enemies":"2 Fungi Beasts","floor":14.0,"turns":4.0},{"damage":27.0,"enemies":"Slime Boss","floor":16.0,"turns":9.0},{"damage":17.0,"enemies":"Shell Parasite","floor":18.0,"turns":7.0},{"damage":11.0,"enemies":"3 Byrds","floor":20.0,"turns":3.0},{"damage":31.0,"enemies":"3 Cultists","floor":21.0,"turns":8.0},{"damage":17.0,"enemies":"Centurion and Healer","floor":24.0,"turns":8.0},{"damage":62.0,"enemies":"Gremlin Leader","floor":25.0,"turns":12.0},{"damage":8.0,"enemies":"Chosen and Byrds","floor":28.0,"turns":8.0},{"damage":70.0,"enemies":"Slavers","floor":29.0,"turns":7.0},{"damage":6.0,"enemies":"Cultist and Chosen","floor":31.0,"turns":9.0},{"damage":30.0,"enemies":"Collector","floor":33.0,"turns":12.0},{"damage":55.0,"enemies":"3 Darklings","floor":35.0,"turns":8.0},{"damage":20.0,"enemies":"3 Shapes","floor":36.0,"turns":6.0},{"damage":25.0,"enemies":"Writhing Mass","floor":37.0,"turns":7.0},{"damage":37.0,"enemies":"4 Shapes","floor":38.0,"turns":8.0},{"damage":0.0,"enemies":"Maw","floor":39.0,"turns":8.0},{"damage":97.0,"enemies":"Reptomancer","floor":40.0,"turns":10.0},{"damage":17.0,"enemies":"Nemesis","floor":42.0,"turns":11.0},{"damage":124.0,"enemies":"Reptomancer","floor":44.0,"turns":7.0},{"damage":28.0,"enemies":"Spire Growth","floor":45.0,"turns":6.0},{"damage":39.0,"enemies":"Nemesis","floor":46.0,"turns":7.0},{"damage":39.0,"enemies":"4 Shapes","floor":47.0,"turns":7.0},{"damage":54.0,"enemies":"Jaw Worm Horde","floor":48.0,"turns":7.0},{"damage":95.0,"enemies":"Donu and Deca","floor":50.0,"turns":11.0},{"damage":131.0,"enemies":"Shield and Spear","floor":54.0,"turns":11.0},{"damage":75,"enemies":"The Heart","floor":55,"turns":9}],"seed_played":"-6478092185807104048","potions_obtained":[{"floor":1.0,"key":"DistilledChaos"},{"floor":10.0,"key":"Weak Potion"},{"floor":12.0,"key":"Strength Potion"},{"floor":13.0,"key":"BloodPotion"},{"floor":14.0,"key":"LiquidBronze"},{"floor":21.0,"key":"AttackPotion"},{"floor":25.0,"key":"Fire Potion"},{"floor":28.0,"key":"Fire Potion"},{"floor":33.0,"key":"SneckoOil"},{"floor":40.0,"key":"Fruit Juice"},{"floor":44.0,"key":"ElixirPotion"},{"floor":45.0,"key":"SneckoOil"}],"is_trial":false,"path_per_floor":["M","M","M","M","M","R","E","R","T","E","?","E","M","M","R","B",null,"M","$","M","M","?","R","M","E","T","R","M","E","$","M","R","B",null,"M","M","M","M","M","E","R","E","T","E","M","E","M","M","R","B",null,"R","$","E","B",null],"character_chosen":"IRONCLAD","items_purchased":["TheAbacus","Metallicize","Feel No Pain","Secret Technique","Toy Ornithopter","SkillPotion"],"campfire_rested":0,"item_purchase_floors":[19,19,30,53,53,53],"current_hp_per_floor":[61,58,61,67,63,63,57,66,66,44,44,50,54,71,80,59,75,68,68,67,58,58,64,68,51,51,63,76,67,67,84,84,88,88,88,96,94,101,108,83,101,116,116,52,74,72,83,86,104,80,123,137,137,74,83],"gold":94,"neow_bonus":"RANDOM_COLORLESS_2","is_daily":false,"chose_seed":false,"campfire_upgraded":8,"win_rate":0.0,"timestamp":1612700175,"path_taken":["M","M","M","?","M","R","E","R","T","E","?","E","M","M","R","BOSS","M","?","M","?","?","R","M","E","T","R","M","E","$","M","R","BOSS","M","M","M","M","M","E","R","E","T","E","M","E","M","M","R","BOSS","R","$","E","BOSS"],"items_purchased_type":["Relic","Card","Card","Card","Relic","Potion"],"build_version":"2020-12-22","purchased_purges":3,"victory":true,"max_hp_per_floor":[80,80,80,80,80,80,80,80,80,80,80,80,80,80,80,80,80,84,84,88,92,64,64,68,72,72,72,76,80,80,84,84,88,88,92,96,100,104,108,112,112,116,116,121,125,125,129,133,133,137,137,137,137,141,145],"relic_stats":{"counters":[35,252],"Magic Flower":[310],"Eternal Feather":86,"StoneCalendar":[204],"Smiling Mask":75,"Burning Blood":207,"Blood Vial":21,"TheAbacus":[168],"MealTicket":0,"Art of War":[1],"obtain_stats":[{"Magic Flower":25,"Eternal Feather":7,"Thread and Needle":29,"StoneCalendar":43,"Bottled Tornado":10,"Smiling Mask":46,"Burning Blood":0,"Blood Vial":40,"TheAbacus":19,"MealTicket":42,"Art of War":54,"InkBottle":9,"Red Skull":44,"Toy Ornithopter":53,"Meat on the Bone":12,"Runic Pyramid":17,"Runic Cube":34},{"Magic Flower":16,"Eternal Feather":6,"Thread and Needle":18,"StoneCalendar":27,"Bottled Tornado":7,"Smiling Mask":30,"Burning Blood":0,"Blood Vial":26,"TheAbacus":12,"MealTicket":27,"Art of War":34,"InkBottle":6,"Red Skull":28,"Toy Ornithopter":33,"Meat on the Bone":8,"Runic Pyramid":11,"Runic Cube":20},{"Magic Flower":93,"Eternal Feather":24,"Thread and Needle":108,"StoneCalendar":187,"Bottled Tornado":28,"Smiling Mask":207,"Burning Blood":0,"Blood Vial":176,"TheAbacus":62,"MealTicket":187,"Art of War":243,"InkBottle":24,"Red Skull":194,"Toy Ornithopter":232,"Meat on the Bone":35,"Runic Pyramid":55,"Runic Cube":129}],"InkBottle":[83],"Toy Ornithopter":16,"Meat on the Bone":138,"Runic Cube":[78]},"card_choices":[{"not_picked":["Magnetism","Chrysalis"],"picked":"Apotheosis","floor":0.0},{"not_picked":["Headbutt","Sword Boomerang"],"picked":"Iron Wave","floor":1.0},{"not_picked":["Infernal Blade","Combust","Wild Strike"],"picked":"SKIP","floor":2.0},{"not_picked":["Iron Wave","Wild Strike"],"picked":"Uppercut","floor":3.0},{"not_picked":["Perfected Strike","Armaments"],"picked":"Pommel Strike","floor":4.0},{"not_picked":["Armaments","Sword Boomerang"],"picked":"Shrug It Off","floor":5.0},{"not_picked":["Clash","Rupture"],"picked":"Berserk","floor":7.0},{"not_picked":["Cleave","Body Slam","Power Through"],"picked":"SKIP","floor":10.0},{"not_picked":["Cleave","Body Slam","Power Through"],"picked":"SKIP","floor":10.0},{"not_picked":["Headbutt","Rage","Thunderclap"],"picked":"SKIP","floor":12.0},{"not_picked":["Pummel","Twin Strike"],"picked":"Feel No Pain","floor":13.0},{"not_picked":["Body Slam","Anger"],"picked":"Barricade","floor":14.0},{"not_picked":["Double Tap","Exhume"],"picked":"Feed","floor":16.0},{"not_picked":["Clash+1","Iron Wave"],"picked":"Flame Barrier","floor":18.0},{"not_picked":["Body Slam","Twin Strike","Power Through"],"picked":"SKIP","floor":20.0},{"not_picked":["Hemokinesis+1","Iron Wave"],"picked":"Reckless Charge","floor":21.0},{"not_picked":["Dual Wield","Pommel Strike"],"picked":"Clothesline+1","floor":24.0},{"not_picked":["Rampage","Headbutt"],"picked":"Corruption","floor":25.0},{"not_picked":["Warcry+1","Iron Wave"],"picked":"Reckless Charge","floor":28.0},{"not_picked":["Burning Pact","Warcry+1"],"picked":"Metallicize","floor":29.0},{"not_picked":["Wild Strike","Iron Wave"],"picked":"Spot Weakness","floor":31.0},{"not_picked":["Demon Form","Limit Break"],"picked":"Berserk","floor":33.0},{"not_picked":["Wild Strike","Sever Soul"],"picked":"Reckless Charge+1","floor":35.0},{"not_picked":["Thunderclap","Battle Trance","Heavy Blade"],"picked":"SKIP","floor":36.0},{"not_picked":["Bloodletting","Heavy Blade+1"],"picked":"Metallicize","floor":37.0},{"not_picked":["Flex+1","Wild Strike+1"],"picked":"Shockwave","floor":38.0},{"not_picked":["Flex","Spot Weakness","Sever Soul"],"picked":"SKIP","floor":39.0},{"not_picked":["Thunderclap+1","Twin Strike","Infernal Blade+1"],"picked":"SKIP","floor":40.0},{"not_picked":["Heavy Blade","Havoc"],"picked":"Blood for Blood+1","floor":42.0},{"not_picked":["Clash+1","Wild Strike+1","Clothesline"],"picked":"SKIP","floor":44.0},{"not_picked":["Heavy Blade+1","Uppercut","Sword Boomerang"],"picked":"SKIP","floor":45.0},{"not_picked":["Seeing Red","Inflame"],"picked":"Reckless Charge+1","floor":46.0},{"not_picked":["Perfected Strike+1","Pommel Strike+1"],"picked":"Flame Barrier","floor":47.0},{"not_picked":["Exhume","Perfected Strike+1","Heavy Blade+1"],"picked":"SKIP","floor":48.0},{"not_picked":["Sentinel","Perfected Strike"],"picked":"Battle Trance+1","floor":54.0}],"player_experience":904911,"relics_obtained":[{"floor":7.0,"key":"Eternal Feather"},{"floor":9.0,"key":"InkBottle"},{"floor":10.0,"key":"Bottled Tornado"},{"floor":12.0,"key":"Meat on the Bone"},{"floor":25.0,"key":"Magic Flower"},{"floor":29.0,"key":"Thread and Needle"},{"floor":40.0,"key":"Blood Vial"},{"floor":42.0,"key":"MealTicket"},{"floor":43.0,"key":"StoneCalendar"},{"floor":44.0,"key":"Red Skull"},{"floor":46.0,"key":"Smiling Mask"},{"floor":54.0,"key":"Art of War"}],"event_choices":[{"cards_removed":["Strike_R"],"damage_healed":0.0,"max_hp_gain":0.0,"max_hp_loss":0.0,"gold_gain":0.0,"event_name":"Purifier","player_choice":"Purged","floor":11.0,"gold_loss":0.0,"damage_taken":0.0},{"damage_healed":0.0,"max_hp_gain":0.0,"max_hp_loss":28.0,"gold_gain":0.0,"event_name":"Vampires","player_choice":"Became a vampire","floor":22.0,"gold_loss":0.0,"damage_taken":0.0,"cards_obtained":["Bite","Bite","Bite","Bite","Bite"]}],"is_beta":false,"boss_relics":[{"not_picked":["Snecko Eye","Calling Bell"],"picked":"Runic Pyramid"},{"not_picked":["Sozu","SacredBark"],"picked":"Runic Cube"}],"items_purged_floors":[19,30,53],"is_endless":false,"potions_floor_spawned":[1,10,12,13,14,21,25,28,31,33,40,44,45,46,48,54],"ascension_level":5}}