{"host":"zsnmfqgcm92hlreo","time":1612678381,"event":{"mods":["AchievementEnabler","BaseMod","Bestiary","Block Reminder","Colored Map","Colored Powertips","Minty Spire (QoL Compilation)","Permanent Neow","Quick Restart","Relic Stats","StSLib","Weighted Paths"],"gold_per_floor":[117,117,132,152,164,164,164,195,195,221,63,94,119,130,130,208,208,223,223,223,223,241,241,252,252,252,252,252,286,296,39,39,117,117,127,175,175,186,186,211,211,211,211,211,221,250,267,267,267],"floor_reached":48,"language":"ENG","playtime":1703,"items_purged":["Strike_P","Decay"],"score":1277,"play_id":"4bda8b95-edbb-43a6-9714-1da20586da29","local_time":"20210207001301","is_ascension_mode":true,"campfire_choices":[{"floor":6.0,"key":"REST"},{"floor":15.0,"key":"REST"},{"floor":23.0,"key":"REST"},{"floor":32.0,"key":"REST"},{"floor":41,"key":"REST"}],"circlet_count":0,"master_deck":["AscendersBane","Defend_P+1","Defend_P+1","Defend_P+1","Defend_P+1","Eruption","Vigilance","Consecrate","Wallop","BowlingBash","Nirvana","ReachHeaven","CutThroughFate","Brilliance","Fasting2","CutThroughFate","Wallop","WheelKick","Ragnarok","EmptyMind+1","Scrawl","Blasphemy","SandsOfTime","Vault","DeceiveReality","Clumsy","Ghostly","Ghostly","Ghostly","Tantrum","Protect","Adaptation","Tantrum","MentalFortress","DevaForm","Fasting2+1","TalkToTheHand","Clumsy"],"relics":["Fusion Hammer","Nunchaku","InkBottle","CaptainsWheel","Letter Opener","Odd Mushroom","Cursed Key","Bottled Tornado","Pear","Dream Catcher","Runic Pyramid","Ginger","Akabeko","Eternal Feather"],"acts_visited":["Exordium","TheCity","TheBeyond"],"potions_floor_usage":[40],"damage_taken":[{"damage":7.0,"enemies":"Jaw Worm","floor":1.0,"turns":3.0},{"damage":0.0,"enemies":"2 Louse","floor":3.0,"turns":3.0},{"damage":0.0,"enemies":"Small Slimes","floor":4.0,"turns":3.0},{"damage":1.0,"enemies":"Looter","floor":5.0,"turns":3.0},{"damage":0.0,"enemies":"Lagavulin","floor":8.0,"turns":4.0},{"damage":0.0,"enemies":"Gremlin Nob","floor":10.0,"turns":3.0},{"damage":22.0,"enemies":"Lagavulin","floor":12.0,"turns":5.0},{"damage":2.0,"enemies":"The Mushroom Lair","floor":13.0,"turns":3.0},{"damage":8.0,"enemies":"Blue Slaver","floor":14.0,"turns":4.0},{"damage":57.0,"enemies":"The Guardian","floor":16.0,"turns":7.0},{"damage":26.0,"enemies":"2 Thieves","floor":18.0,"turns":3.0},{"damage":2.0,"enemies":"3 Byrds","floor":22.0,"turns":4.0},{"damage":0.0,"enemies":"Snecko","floor":24.0,"turns":3.0},{"damage":9.0,"enemies":"Book of Stabbing","floor":29.0,"turns":6.0},{"damage":0.0,"enemies":"3 Cultists","floor":30.0,"turns":4.0},{"damage":0.0,"enemies":"Collector","floor":33.0,"turns":6.0},{"damage":11.0,"enemies":"3 Darklings","floor":35.0,"turns":3.0},{"damage":0.0,"enemies":"2 Orb Walkers","floor":36.0,"turns":4.0},{"damage":10.0,"enemies":"Orb Walker","floor":38.0,"turns":4.0},{"damage":10,"enemies":"Reptomancer","floor":40,"turns":2},{"damage":3,"enemies":"3 Darklings","floor":45,"turns":5},{"damage":96,"enemies":"Nemesis","floor":46,"turns":5},{"damage":0,"enemies":"Maw","floor":47,"turns":6},{"damage":23,"enemies":"Transient","floor":48,"turns":3}],"seed_played":"-2239424462369769637","potions_obtained":[{"floor":1.0,"key":"Explosive Potion"},{"floor":8.0,"key":"Energy Potion"},{"floor":16.0,"key":"FairyPotion"},{"floor":18.0,"key":"Weak Potion"},{"floor":38.0,"key":"Energy Potion"},{"floor":46,"key":"SteroidPotion"}],"is_trial":false,"path_per_floor":["M","?","M","M","M","R","?","E","T","E","$","E","?","M","R","B",null,"M","$","?","?","M","R","M","?","T","?","T","E","M","$","R","B",null,"M","?","?","M","?","E","R","$","T","$","M","E","M","M"],"character_chosen":"WATCHER","items_purchased":["Fasting2","Adaptation","Tantrum"],"campfire_rested":5,"item_purchase_floors":[11,31,31],"current_hp_per_floor":[54,59,59,59,58,73,73,73,73,73,73,51,49,41,62,5,56,30,30,30,30,28,49,49,49,49,36,46,37,37,37,46,46,46,35,35,35,25,25,15,28,28,28,28,25,13,13,0,0],"gold":267,"neow_bonus":"BOSS_RELIC","is_daily":false,"chose_seed":false,"campfire_upgraded":0,"win_rate":0.0,"timestamp":1612678381,"path_taken":["M","?","M","M","M","R","?","E","T","E","?","E","?","M","R","BOSS","M","$","?","?","?","R","M","?","T","?","?","E","M","$","R","BOSS","M","?","?","M","?","E","R","$","T","$","?","E","M","M"],"items_purchased_type":["Card","Card","Card"],"build_version":"2020-12-22","purchased_purges":2,"victory":false,"max_hp_per_floor":[68,73,73,73,73,73,73,73,73,73,73,73,73,73,73,73,73,73,73,73,73,73,73,73,73,73,36,46,46,46,46,46,46,46,46,46,44,44,44,44,44,44,44,44,44,44,44,44,44],"relic_stats":{"Nunchaku":[17],"Dream Catcher":2,"counters":[24,96],"Eternal Feather":0,"Letter Opener":[16],"Ginger":[5],"Cursed Key":3,"obtain_stats":[{"Pear":28,"Eternal Feather":46,"Letter Opener":12,"Ginger":36,"Odd Mushroom":13,"Bottled Tornado":26,"Cursed Key":17,"Akabeko":40,"Nunchaku":8,"CaptainsWheel":10,"Dream Catcher":29,"Fusion Hammer":0,"PureWater":0,"InkBottle":9,"Runic Pyramid":34},{"Pear":13,"Eternal Feather":22,"Letter Opener":7,"Ginger":18,"Odd Mushroom":8,"Bottled Tornado":13,"Cursed Key":10,"Akabeko":20,"Nunchaku":5,"CaptainsWheel":6,"Dream Catcher":14,"Fusion Hammer":0,"PureWater":0,"InkBottle":5,"Runic Pyramid":16},{"Pear":48,"Eternal Feather":87,"Letter Opener":24,"Ginger":71,"Odd Mushroom":27,"Bottled Tornado":48,"Cursed Key":38,"Akabeko":77,"Nunchaku":16,"CaptainsWheel":19,"Dream Catcher":54,"Fusion Hammer":0,"PureWater":0,"InkBottle":16,"Runic Pyramid":64}],"InkBottle":[22]},"card_choices":[{"not_picked":["Study","Swivel"],"picked":"Consecrate","floor":1.0},{"not_picked":["ReachHeaven","ThirdEye"],"picked":"Wallop","floor":3.0},{"not_picked":["Swivel","Prostrate"],"picked":"BowlingBash","floor":4.0},{"not_picked":["Pray","EmptyBody"],"picked":"Nirvana","floor":5.0},{"not_picked":["Adaptation","Protect"],"picked":"CutThroughFate","floor":8.0},{"not_picked":["Consecrate","InnerPeace"],"picked":"Brilliance","floor":10.0},{"not_picked":["Prostrate","FearNoEvil"],"picked":"CutThroughFate","floor":12.0},{"not_picked":["Halt","Consecrate"],"picked":"Wallop","floor":13.0},{"not_picked":["Evaluate","WaveOfTheHand"],"picked":"WheelKick","floor":14.0},{"not_picked":["Brilliance","Blasphemy"],"picked":"Ragnarok","floor":16.0},{"not_picked":["FollowUp","JustLucky"],"picked":"EmptyMind+1","floor":18.0},{"not_picked":["PathToVictory","EmptyBody","FlurryOfBlows"],"picked":"SKIP","floor":22.0},{"not_picked":["Evaluate","Halt"],"picked":"DeceiveReality","floor":24.0},{"not_picked":["SpiritShield","EmptyFist"],"picked":"Tantrum","floor":29.0},{"not_picked":["FlurryOfBlows","FollowUp"],"picked":"Protect","floor":30.0},{"not_picked":["Worship+1","EmptyFist"],"picked":"MentalFortress","floor":32.0},{"not_picked":["Brilliance","LessonLearned"],"picked":"DevaForm","floor":33.0},{"not_picked":["Prostrate","SashWhip","Crescendo+1"],"picked":"SKIP","floor":35.0},{"not_picked":["EmptyMind","SandsOfTime"],"picked":"Fasting2+1","floor":38.0},{"not_picked":["Protect","FollowUp+1"],"picked":"TalkToTheHand","floor":40},{"not_picked":["Prostrate+1","FlurryOfBlows","EmptyFist"],"picked":"SKIP","floor":45},{"not_picked":["Judgement","EmptyFist","Worship"],"picked":"SKIP","floor":46},{"not_picked":["InnerPeace","WaveOfTheHand","BowlingBash"],"picked":"SKIP","floor":47}],"player_experience":1037747,"relics_obtained":[{"floor":8.0,"key":"Nunchaku"},{"floor":9.0,"key":"InkBottle"},{"floor":10.0,"key":"CaptainsWheel"},{"floor":12.0,"key":"Letter Opener"},{"floor":13.0,"key":"Odd Mushroom"},{"floor":26.0,"key":"Bottled Tornado"},{"floor":28.0,"key":"Pear"},{"floor":29.0,"key":"Dream Catcher"},{"floor":36.0,"key":"Ginger"},{"floor":40,"key":"Akabeko"},{"floor":46,"key":"Eternal Feather"}],"event_choices":[{"damage_healed":0.0,"max_hp_gain":5.0,"max_hp_loss":0.0,"gold_gain":0.0,"event_name":"Big Fish","player_choice":"Donut","floor":2.0,"gold_loss":0.0,"damage_taken":0.0},{"damage_healed":0.0,"max_hp_gain":0.0,"max_hp_loss":0.0,"gold_gain":0.0,"cards_transformed":["Strike_P"],"event_name":"Living Wall","player_choice":"Change","floor":7.0,"gold_loss":0.0,"damage_taken":0.0,"cards_obtained":["ReachHeaven"]},{"damage_healed":0.0,"max_hp_gain":0.0,"max_hp_loss":0.0,"gold_gain":0.0,"event_name":"Mushrooms","player_choice":"Fought Mushrooms","floor":13.0,"gold_loss":0.0,"damage_taken":0.0},{"damage_healed":0.0,"max_hp_gain":0.0,"max_hp_loss":0.0,"gold_gain":0.0,"cards_transformed":["Strike_P","Strike_P"],"event_name":"Drug Dealer","player_choice":"Became Test Subject","floor":20.0,"gold_loss":0.0,"damage_taken":0.0,"cards_obtained":["Scrawl","Blasphemy"]},{"damage_healed":0.0,"max_hp_gain":0.0,"max_hp_loss":0.0,"gold_gain":0.0,"event_name":"Match and Keep!","player_choice":"2 cards matched","floor":21.0,"gold_loss":0.0,"damage_taken":0.0,"cards_obtained":["SandsOfTime","Vault"]},{"damage_healed":0.0,"max_hp_gain":0.0,"max_hp_loss":0.0,"gold_gain":0.0,"event_name":"Back to Basics","player_choice":"Simplicity","floor":25.0,"gold_loss":0.0,"damage_taken":0.0,"cards_upgraded":["Defend_P","Defend_P","Defend_P","Defend_P"]},{"damage_healed":0.0,"max_hp_gain":0.0,"max_hp_loss":37.0,"gold_gain":0.0,"event_name":"Ghosts","player_choice":"Became a Ghost","floor":27.0,"gold_loss":0.0,"damage_taken":0.0,"cards_obtained":["Ghostly","Ghostly","Ghostly"]},{"damage_healed":0.0,"max_hp_gain":0.0,"max_hp_loss":0.0,"gold_gain":0.0,"event_name":"Mysterious Sphere","player_choice":"Fight","floor":36.0,"gold_loss":0.0,"damage_taken":0.0},{"damage_healed":0.0,"max_hp_gain":0.0,"max_hp_loss":2.0,"gold_gain":0.0,"event_name":"Winding Halls","player_choice":"Max HP","floor":37.0,"gold_loss":0.0,"damage_taken":0.0},{"damage_healed":0.0,"max_hp_gain":0.0,"max_hp_loss":0.0,"gold_gain":0.0,"event_name":"Tomb of Lord Red Mask","player_choice":"Ignored","floor":39.0,"gold_loss":0.0,"damage_taken":0.0}],"is_beta":false,"boss_relics":[{"not_picked":["Black Star","Coffee Dripper"],"picked":"Cursed Key"},{"not_picked":["VioletLotus","Philosopher\u0027s Stone"],"picked":"Runic Pyramid"}],"items_purged_floors":[11,31],"is_endless":false,"potions_floor_spawned":[1,8,10,16,18,36,38,46],"killed_by":"Transient","ascension_level":20}}