{"host":"kk6i5v7sjcm8i50x","time":1612657704,"event":{"mods":["BaseMod","Bestiary","Colored Map","Minty Spire (QoL Compilation)","StSLib","The Saiyan"],"gold_per_floor":[91,101,376,396,31,63,63,82,82,99,119,40,40,40,40,136,136,147,147,21,35,53,53,53,53],"floor_reached":24,"language":"ENG","playtime":1228,"items_purged":["Regret"],"score":223,"play_id":"b403bace-a816-4db4-b973-8c22c76dac5d","local_time":"20210206192824","is_ascension_mode":false,"campfire_choices":[{"data":"Saiyan:MajinSeal","floor":7,"key":"SMITH"},{"floor":13,"key":"REST"},{"floor":15,"key":"REST"},{"data":"Saiyan:PowerStance","floor":23,"key":"SMITH"}],"circlet_count":0,"master_deck":["Saiyan:SAIYA_Strike","Saiyan:SAIYA_Strike","Saiyan:SAIYA_Strike","Saiyan:SAIYA_Strike","Saiyan:SAIYA_Defend","Saiyan:SAIYA_Defend","Saiyan:SAIYA_Defend","Saiyan:SAIYA_Defend","Saiyan:EnergyBlast","Saiyan:KaioKen","Saiyan:RuthlessBlow","Saiyan:ExtremeSpeed","Saiyan:MeteorDash","Saiyan:FinalFlash","Saiyan:MajinSeal+1","Saiyan:ExpandingShockwave","Saiyan:KameHameHa","Saiyan:SaiyanHubris","Saiyan:KiStrike","Saiyan:GenkiDama","Saiyan:CCCapsule+1","Ghostly","Ghostly","Ghostly","Ghostly","Ghostly","Saiyan:PowerStance+1","Saiyan:FingerParry","Saiyan:PowerPole","Saiyan:SuperSaiyanForm"],"relics":["SaiyanSoul","SaiyanHeart","NeowsBlessing","Pen Nib","Toolbox","Bird Faced Urn","Bottled Tornado","Sozu"],"acts_visited":["Exordium","TheCity"],"potions_floor_usage":[11,16,16],"damage_taken":[{"damage":0,"enemies":"Jaw Worm","floor":1,"turns":1},{"damage":0,"enemies":"Cultist","floor":2,"turns":1},{"damage":0,"enemies":"Small Slimes","floor":4,"turns":1},{"damage":18,"enemies":"3 Sentries","floor":6,"turns":5},{"damage":11,"enemies":"2 Fungi Beasts","floor":8,"turns":3},{"damage":19,"enemies":"Gremlin Gang","floor":10,"turns":2},{"damage":18,"enemies":"Lots of Slimes","floor":11,"turns":3},{"damage":48,"enemies":"The Guardian","floor":16,"turns":12},{"damage":11,"enemies":"Spheric Guardian","floor":18,"turns":4},{"damage":8,"enemies":"2 Thieves","floor":21,"turns":3},{"damage":0,"enemies":"Snake Plant","floor":22,"turns":6},{"damage":47,"enemies":"Slavers","floor":24,"turns":1}],"seed_played":"-270474287271277698","potions_obtained":[{"floor":4,"key":"LiquidBronze"},{"floor":8,"key":"SpeedPotion"},{"floor":10,"key":"Block Potion"},{"floor":11,"key":"SkillPotion"}],"is_trial":false,"path_per_floor":["M","M","?","M","$","E","R","M","T","M","M","$","R","$","R","B",null,"M","?","$","M","M","R","E"],"character_chosen":"SAIYAJIN","items_purchased":["Pen Nib","Toolbox","Saiyan:KiStrike","Saiyan:PowerStance","Saiyan:FingerParry"],"campfire_rested":2,"item_purchase_floors":[5,5,12,20,20],"current_hp_per_floor":[60,60,60,60,60,44,44,37,37,20,6,6,25,25,44,1,67,58,34,34,31,39,39,0,0],"gold":53,"neow_bonus":"THREE_ENEMY_KILL","is_daily":false,"chose_seed":false,"campfire_upgraded":2,"win_rate":0.0,"timestamp":1612657704,"path_taken":["M","M","?","?","$","E","R","M","T","M","M","?","R","$","R","BOSS","M","?","$","M","M","R","E"],"items_purchased_type":["Relic","Relic","Card","Card","Card"],"build_version":"2020-12-22","purchased_purges":1,"victory":false,"max_hp_per_floor":[60,60,60,60,60,62,62,64,64,64,66,66,66,66,66,67,67,69,34,34,37,39,39,39,39],"card_choices":[{"not_picked":["Saiyan:DragonFist","Saiyan:PressOn"],"picked":"Saiyan:ExtremeSpeed","floor":1},{"not_picked":["Saiyan:Endure","Saiyan:SpiritSword"],"picked":"Saiyan:MeteorDash","floor":2},{"not_picked":["Saiyan:PressOn","Saiyan:PlotArmor"],"picked":"Saiyan:FinalFlash","floor":4},{"not_picked":["Saiyan:ExpandingShockwave","Saiyan:PlotArmor"],"picked":"Saiyan:MajinSeal","floor":6},{"not_picked":["Saiyan:ThirstForFight","Saiyan:SaiyanHubris"],"picked":"Saiyan:ExpandingShockwave","floor":8},{"not_picked":["Saiyan:ExpandingShockwave","Saiyan:BigBangAttack"],"picked":"Saiyan:KameHameHa","floor":10},{"not_picked":["Saiyan:SolarFlare","Saiyan:Scouter"],"picked":"Saiyan:SaiyanHubris","floor":11},{"not_picked":["Saiyan:SolarFlare","Saiyan:SenzuBean"],"picked":"Saiyan:GenkiDama","floor":16},{"not_picked":["Saiyan:BigBangAttack+1","Saiyan:Planning+1"],"picked":"Saiyan:CCCapsule+1","floor":18},{"not_picked":["Saiyan:PowerStance","Saiyan:Taunt"],"picked":"Saiyan:PowerPole","floor":21},{"not_picked":["Saiyan:Planning+1","Saiyan:BigBangAttack"],"picked":"Saiyan:SuperSaiyanForm","floor":22}],"player_experience":152565,"relics_obtained":[{"floor":6,"key":"Bird Faced Urn"},{"floor":9,"key":"Bottled Tornado"}],"event_choices":[{"damage_healed":0,"gold_gain":275,"player_choice":"Desecrate","damage_taken":0,"max_hp_gain":0,"max_hp_loss":0,"event_name":"Golden Shrine","floor":3,"gold_loss":0,"cards_obtained":["Regret"]},{"damage_healed":0,"gold_gain":0,"player_choice":"Became a Ghost","damage_taken":0,"max_hp_gain":0,"max_hp_loss":35,"event_name":"Ghosts","floor":19,"gold_loss":0,"cards_obtained":["Ghostly","Ghostly","Ghostly","Ghostly","Ghostly"]}],"is_beta":false,"boss_relics":[{"not_picked":["Runic Dome","SlaversCollar"],"picked":"Sozu"}],"items_purged_floors":[5],"is_endless":false,"potions_floor_spawned":[4,8,10,11,21],"killed_by":"Slavers","ascension_level":0}}