{"host":"gfxjwtol062e9znw","time":1612698041,"event":{"mods":["BaseMod","Colored Map","Minty Spire (QoL Compilation)","Rare Cards Sparkle"],"gold_per_floor":[109,119,119,119,42,73,84,97,97,109,153,179,191,217,229,340,352,375,403,12,25,25,25,59,59,59,72,84,184,234,250,250,250,250],"floor_reached":33,"language":"ENG","playtime":3092,"items_purged":["Strike_G"],"score":477,"play_id":"c00a9fb8-dcc0-4aed-9b56-7774a73e4e42","local_time":"20210207224041","is_ascension_mode":true,"campfire_choices":[{"data":"Calculated Gamble","floor":10.0,"key":"SMITH"},{"floor":13.0,"key":"REST"},{"data":"Footwork","floor":15.0,"key":"SMITH"},{"floor":23.0,"key":"REST"},{"floor":32,"key":"REST"}],"circlet_count":0,"master_deck":["Strike_G","Strike_G","Strike_G","Strike_G","Defend_G","Defend_G","Defend_G","Defend_G","Defend_G","Survivor","Neutralize","Skewer","Calculated Gamble+1","PanicButton","Footwork+1","Backstab","Flying Knee","Acrobatics","PiercingWail","Cloak And Dagger","Dagger Spray","Glass Knife","Leg Sweep","Dash","Blade Dance","Writhe","Finisher+1","Prepared+1","Well Laid Plans"],"relics":["Ring of the Snake","NeowsBlessing","Lantern","MawBank","Gremlin Horn","WristBlade","TungstenRod","Mango","Potion Belt","Prayer Wheel","FossilizedHelix","Toxic Egg 2","Vajra"],"acts_visited":["Exordium","TheCity"],"potions_floor_usage":[29,29,31,33],"damage_taken":[{"damage":0.0,"enemies":"Jaw Worm","floor":1.0,"turns":1.0},{"damage":0.0,"enemies":"Cultist","floor":2.0,"turns":1.0},{"damage":0.0,"enemies":"3 Sentries","floor":6.0,"turns":1.0},{"damage":0.0,"enemies":"2 Louse","floor":7.0,"turns":2.0},{"damage":8.0,"enemies":"Large Slime","floor":8.0,"turns":5.0},{"damage":8.0,"enemies":"Gremlin Nob","floor":11.0,"turns":4.0},{"damage":0.0,"enemies":"Lots of Slimes","floor":12.0,"turns":3.0},{"damage":0.0,"enemies":"Looter","floor":14.0,"turns":3.0},{"damage":44.0,"enemies":"The Guardian","floor":16.0,"turns":17.0},{"damage":2.0,"enemies":"Chosen","floor":18.0,"turns":6.0},{"damage":7.0,"enemies":"3 Byrds","floor":19.0,"turns":4.0},{"damage":19.0,"enemies":"Snake Plant","floor":21.0,"turns":6.0},{"damage":0.0,"enemies":"Slavers","floor":24.0,"turns":6.0},{"damage":3.0,"enemies":"Snecko","floor":27.0,"turns":5.0},{"damage":17,"enemies":"Cultist and Chosen","floor":28,"turns":8},{"damage":2,"enemies":"Colosseum Slavers","floor":29,"turns":6},{"damage":4,"enemies":"Colosseum Nobs","floor":29,"turns":3},{"damage":0,"enemies":"Chosen and Byrds","floor":31,"turns":6},{"damage":80,"enemies":"Champ","floor":33,"turns":13}],"seed_played":"-7940731940478820608","potions_obtained":[{"floor":1.0,"key":"SpeedPotion"},{"floor":2.0,"key":"Fire Potion"},{"floor":7.0,"key":"SkillPotion"},{"floor":12.0,"key":"SmokeBomb"},{"floor":16.0,"key":"Fire Potion"},{"floor":18.0,"key":"PowerPotion"},{"floor":21.0,"key":"GhostInAJar"},{"floor":27.0,"key":"LiquidBronze"},{"floor":31,"key":"Dexterity Potion"}],"is_trial":false,"path_per_floor":["M","M","?","?","$","E","M","M","T","R","E","M","R","M","R","B",null,"M","M","$","M","?","R","E","?","T","M","M","?","T","M","R","B"],"character_chosen":"THE_SILENT","items_purchased":["Footwork","TungstenRod","Dash"],"campfire_rested":3,"item_purchase_floors":[5,20,20],"current_hp_per_floor":[63,63,63,63,63,63,63,55,55,55,47,47,68,68,68,24,59,57,50,50,31,45,70,70,60,60,57,40,34,34,34,59,0,0],"gold":250,"neow_bonus":"THREE_ENEMY_KILL","is_daily":false,"chose_seed":false,"campfire_upgraded":2,"win_rate":0.0,"timestamp":1612698041,"path_taken":["M","M","?","?","$","E","M","M","T","R","E","M","R","M","R","BOSS","M","M","$","?","?","R","E","?","T","?","M","?","?","M","R","BOSS"],"items_purchased_type":["Card","Relic","Card"],"build_version":"2020-12-22","purchased_purges":1,"victory":false,"max_hp_per_floor":[70,70,70,70,70,70,70,70,70,70,70,70,70,70,70,70,70,70,70,70,70,84,84,84,84,84,84,84,84,84,84,84,84,84],"card_choices":[{"not_picked":["Sucker Punch","Reflex"],"picked":"Skewer","floor":1.0},{"not_picked":["Underhanded Strike","Flying Knee"],"picked":"Calculated Gamble","floor":2.0},{"not_picked":["Expertise","Blur"],"picked":"Backstab","floor":6.0},{"not_picked":["Accuracy","Bouncing Flask"],"picked":"Flying Knee","floor":7.0},{"not_picked":["Reflex","Prepared"],"picked":"Acrobatics","floor":8.0},{"not_picked":["Outmaneuver","Catalyst"],"picked":"PiercingWail","floor":11.0},{"not_picked":["Dagger Throw","Acrobatics"],"picked":"Cloak And Dagger","floor":12.0},{"not_picked":["Expertise","Accuracy"],"picked":"Dagger Spray","floor":14.0},{"not_picked":["Night Terror","Wraith Form v2"],"picked":"Glass Knife","floor":16.0},{"not_picked":["Dagger Spray","Cloak And Dagger"],"picked":"Leg Sweep","floor":18.0},{"not_picked":["Outmaneuver","Infinite Blades+1","Flechettes+1"],"picked":"SKIP","floor":19.0},{"not_picked":["Slice","Reflex"],"picked":"Blade Dance","floor":21.0},{"not_picked":["Backflip","Tools of the Trade"],"picked":"Finisher+1","floor":24.0},{"not_picked":["Endless Agony","Dash"],"picked":"Prepared+1","floor":27.0},{"not_picked":["Infinite Blades","Dagger Spray","Backflip"],"picked":"SKIP","floor":27.0},{"not_picked":["Infinite Blades+1","Setup"],"picked":"Well Laid Plans","floor":28},{"not_picked":["Quick Slash","Concentrate","Deflect"],"picked":"SKIP","floor":28},{"not_picked":["Heel Hook+1","Outmaneuver+1","Noxious Fumes"],"picked":"SKIP","floor":31},{"not_picked":["Dash","Acrobatics+1","Prepared+1"],"picked":"SKIP","floor":31}],"player_experience":117609,"relics_obtained":[{"floor":6.0,"key":"Lantern"},{"floor":9.0,"key":"MawBank"},{"floor":11.0,"key":"Gremlin Horn"},{"floor":24.0,"key":"Potion Belt"},{"floor":26.0,"key":"Prayer Wheel"},{"floor":29,"key":"FossilizedHelix"},{"floor":29,"key":"Toxic Egg 2"},{"floor":30,"key":"Vajra"}],"event_choices":[{"damage_healed":0.0,"max_hp_gain":0.0,"max_hp_loss":0.0,"gold_gain":0.0,"event_name":"Liars Game","player_choice":"Ignored","floor":3.0,"gold_loss":0.0,"damage_taken":0.0},{"damage_healed":0.0,"max_hp_gain":0.0,"max_hp_loss":0.0,"gold_gain":0.0,"event_name":"Match and Keep!","player_choice":"1 cards matched","floor":4.0,"gold_loss":0.0,"damage_taken":0.0,"cards_obtained":["PanicButton"]},{"damage_healed":0.0,"max_hp_gain":0.0,"max_hp_loss":0.0,"gold_gain":0.0,"event_name":"The Mausoleum","player_choice":"Opened","floor":22.0,"gold_loss":0.0,"damage_taken":0.0,"relics_obtained":["Mango"],"cards_obtained":["Writhe"]},{"damage_healed":0.0,"max_hp_gain":0.0,"max_hp_loss":0.0,"gold_gain":0.0,"event_name":"Knowing Skull","player_choice":"POTION ","floor":25.0,"potions_obtained":["Block Potion"],"gold_loss":0.0,"damage_taken":12.0,"cards_obtained":[]},{"damage_healed":0,"gold_gain":0,"player_choice":"Fight","damage_taken":0,"max_hp_gain":0,"max_hp_loss":0,"event_name":"Colosseum","floor":29,"gold_loss":0},{"damage_healed":0,"gold_gain":0,"player_choice":"Fought Nobs","damage_taken":0,"max_hp_gain":0,"max_hp_loss":0,"event_name":"Colosseum","floor":29,"gold_loss":0}],"is_beta":false,"boss_relics":[{"not_picked":["Runic Dome","Tiny House"],"picked":"WristBlade"}],"items_purged_floors":[20],"is_endless":false,"potions_floor_spawned":[1,2,7,12,16,18,21,27,29,31],"killed_by":"Champ","ascension_level":9}}