{"host":"s0rqbuvjzggdtc2s","time":1612708533,"event":{"mods":["ATMod(°¢èªMod)","BaseMod","Curses Come First","Minty Spire (QoL Compilation)","StSLib","¡¾ÒÅÎï¿¨ÅÆ¡¿REMEMod"],"gold_per_floor":[118,118,118,137,67,96,96,96,96,114,124,124,153,166,166,269,269,289,321,173,184,184,195,227,240,240,240,340,340,340,440,440,538,538,550,567,331,331,345,345,395,19,99,99,110,110,141,156,156,156,156,156,36,68,68],"floor_reached":56,"language":"ZHS","playtime":1718,"items_purged":["Strike_R","Strike_R","Strike_R","Strike_R"],"score":1405,"play_id":"7ac9b672-83d5-4320-bb6c-a4ad4a0778fc","local_time":"20210207223533","is_ascension_mode":false,"campfire_choices":[{"data":"AT_ShrugMaster","floor":8.0,"key":"SMITH"},{"data":"AT_BodySlamDance","floor":12.0,"key":"SMITH"},{"data":"Bash","floor":15.0,"key":"SMITH"},{"data":"Entrench","floor":29.0,"key":"SMITH"},{"data":"Dark Embrace","floor":32.0,"key":"SMITH"},{"data":"Barricade","floor":40.0,"key":"SMITH"},{"data":"AT_ShrugMaster","floor":44.0,"key":"SMITH"},{"data":"REME_FirmDetermination","floor":46.0,"key":"SMITH"},{"floor":49.0,"key":"RECALL"},{"data":"Bloodletting","floor":52,"key":"SMITH"}],"circlet_count":0,"master_deck":["Defend_R+1","Defend_R","Defend_R","Defend_R+1","Bash+1","REME_AllRoundStrike","AT_MachinaRedman+1","Cleave","AT_BodySlamDance+1","AT_ShrugMaster+1","Bloodletting+1","Headbutt","Impervious","AT_EmpoweredMortalDraw","Shrug It Off+1","Power Through+1","REME_FearOfPain","Entrench+1","Dark Embrace+1","AT_BodySlamDance+1","Ghostly Armor","Barricade+1","AT_ShrugMaster+1","REME_AllRoundStrike","Disarm+1","REME_FirmDetermination+1","Feel No Pain+1"],"relics":["Burning Blood","AT_ATBox","REME_ComplimentaryCards","NeowsBlessing","HornCleat","AT_ImmortalShieldbow","Juzu Bracelet","AT_MortalBlade","War Paint","Thread and Needle","The Courier","Philosopher\u0027s Stone","Bird Faced Urn","Kunai","REME_LimitBreaker","Du-Vu Doll","AT_ArchangelStaff"],"acts_visited":["Exordium","TheCity","TheBeyond","TheEnding"],"potions_floor_usage":[55],"damage_taken":[{"damage":0.0,"enemies":"2 Louse","floor":1.0,"turns":1.0},{"damage":0.0,"enemies":"Jaw Worm","floor":4.0,"turns":1.0},{"damage":0.0,"enemies":"Gremlin Nob","floor":6.0,"turns":1.0},{"damage":0.0,"enemies":"Small Slimes","floor":10.0,"turns":2.0},{"damage":12.0,"enemies":"Exordium Thugs","floor":11.0,"turns":3.0},{"damage":0.0,"enemies":"Lagavulin","floor":13.0,"turns":3.0},{"damage":20.0,"enemies":"3 Louse","floor":14.0,"turns":2.0},{"damage":3.0,"enemies":"Slime Boss","floor":16.0,"turns":4.0},{"damage":12.0,"enemies":"Shell Parasite","floor":18.0,"turns":2.0},{"damage":0.0,"enemies":"2 Thieves","floor":19.0,"turns":2.0},{"damage":0.0,"enemies":"Snecko","floor":21.0,"turns":2.0},{"damage":0.0,"enemies":"3 Cultists","floor":23.0,"turns":2.0},{"damage":3.0,"enemies":"REME_1_Revenger","floor":24.0,"turns":2.0},{"damage":0.0,"enemies":"Shelled Parasite and Fungi","floor":25.0,"turns":3.0},{"damage":15.0,"enemies":"Colosseum Slavers","floor":28.0,"turns":3.0},{"damage":0.0,"enemies":"Colosseum Nobs","floor":28.0,"turns":1.0},{"damage":3.0,"enemies":"Collector","floor":33.0,"turns":3.0},{"damage":7.0,"enemies":"Orb Walker","floor":35.0,"turns":2.0},{"damage":0.0,"enemies":"3 Darklings","floor":36.0,"turns":2.0},{"damage":3.0,"enemies":"4 Shapes","floor":39.0,"turns":2.0},{"damage":3.0,"enemies":"Mind Bloom Boss Battle","floor":41.0,"turns":3.0},{"damage":6.0,"enemies":"Sphere and 2 Shapes","floor":45.0,"turns":2.0},{"damage":0.0,"enemies":"Nemesis","floor":47.0,"turns":3.0},{"damage":19.0,"enemies":"Transient","floor":48.0,"turns":5.0},{"damage":18,"enemies":"Donu and Deca","floor":50,"turns":4},{"damage":15,"enemies":"Shield and Spear","floor":54,"turns":3},{"damage":28,"enemies":"The Heart","floor":55,"turns":6}],"seed_played":"-1686762273727270826","potions_obtained":[{"floor":1.0,"key":"DuplicationPotion"},{"floor":11.0,"key":"SteroidPotion"},{"floor":14.0,"key":"LiquidMemories"},{"floor":18.0,"key":"Strength Potion"},{"floor":24.0,"key":"Block Potion"},{"floor":28.0,"key":"Ancient Potion"},{"floor":35.0,"key":"DistilledChaos"},{"floor":45.0,"key":"LiquidMemories"},{"floor":47.0,"key":"LiquidMemories"}],"is_trial":false,"path_per_floor":["M","?","?","M","$","E","?","R","T","M","M","R","E","M","R","B",null,"M","M","$","M","?","M","E","M","T","?","?","R","?","?","R","B",null,"M","M","$","?","M","R","?","$","T","R","M","R","E","M","R","B",null,"R","$","E","B",null],"character_chosen":"IRONCLAD","items_purchased":["AT_ShrugMaster","REME_FearOfPain","REME_AllRoundStrike","Kunai","REME_FirmDetermination"],"campfire_rested":0,"item_purchase_floors":[5,20,37,42,42],"current_hp_per_floor":[80,73,73,79,79,80,72,72,72,78,72,72,78,64,64,67,80,74,80,80,80,65,71,74,80,80,80,77,77,77,77,77,80,85,84,85,85,81,81,81,81,81,81,81,81,81,81,74,74,74,81,81,81,78,69],"gold":68,"neow_bonus":"THREE_ENEMY_KILL","is_daily":false,"chose_seed":false,"campfire_upgraded":9,"win_rate":0.0,"timestamp":1612708533,"path_taken":["M","?","?","M","$","E","?","R","T","M","?","R","E","M","R","BOSS","M","M","$","M","?","M","E","M","T","?","?","R","?","?","R","BOSS","M","M","$","?","M","R","?","$","T","R","M","R","E","M","R","BOSS","R","$","E","BOSS"],"items_purchased_type":["Card","Card","Card","Relic","Card"],"build_version":"2020-12-22","purchased_purges":4,"victory":true,"max_hp_per_floor":[80,80,80,80,80,80,80,80,80,80,80,80,80,80,80,80,80,80,80,80,80,85,85,85,85,85,85,85,85,85,85,85,85,85,85,85,85,81,81,81,81,81,81,81,81,81,81,81,81,81,81,81,81,81,81],"card_choices":[{"not_picked":["Havoc","Iron Wave"],"picked":"Cleave","floor":1.0},{"not_picked":["Perfected Strike","Sentinel"],"picked":"AT_BodySlamDance","floor":4.0},{"not_picked":["Rupture","Warcry","Pummel"],"picked":"SKIP","floor":6.0},{"not_picked":["Headbutt","Anger"],"picked":"Bloodletting","floor":10.0},{"not_picked":["True Grit","Clothesline","Burning Pact"],"picked":"SKIP","floor":11.0},{"not_picked":["Power Through","Thunderclap"],"picked":"Headbutt","floor":13.0},{"not_picked":["Body Slam","Twin Strike","Anger"],"picked":"SKIP","floor":14.0},{"not_picked":["Exhume","Corruption"],"picked":"Impervious","floor":16.0},{"not_picked":["Iron Wave","Second Wind"],"picked":"Shrug It Off+1","floor":18.0},{"not_picked":["Thunderclap","Twin Strike"],"picked":"Power Through+1","floor":19.0},{"not_picked":["Whirlwind+1","Second Wind","Flex"],"picked":"SKIP","floor":21.0},{"not_picked":["Dropkick","Rampage","AT_DiedThrough"],"picked":"SKIP","floor":23.0},{"not_picked":["Fiend Fire","Fire Breathing"],"picked":"Entrench","floor":24.0},{"not_picked":["Pommel Strike","Clothesline+1"],"picked":"Dark Embrace","floor":25.0},{"not_picked":["Clash+1","Anger"],"picked":"AT_BodySlamDance+1","floor":28.0},{"not_picked":["Demon Form","Berserk"],"picked":"Barricade","floor":33.0},{"not_picked":["Havoc+1","Inflame","Body Slam"],"picked":"SKIP","floor":35.0},{"not_picked":["Perfected Strike+1","Pommel Strike"],"picked":"AT_ShrugMaster","floor":36.0},{"not_picked":["Sword Boomerang","Evolve","Pommel Strike"],"picked":"SKIP","floor":39.0},{"not_picked":["Rupture+1","Sword Boomerang"],"picked":"Disarm+1","floor":41.0},{"not_picked":["Perfected Strike+1","Rupture+1","Infernal Blade"],"picked":"SKIP","floor":45.0},{"not_picked":["Inflame","Havoc+1","Anger+1"],"picked":"SKIP","floor":47.0},{"not_picked":["Carnage+1","REME_Cut"],"picked":"Feel No Pain+1","floor":48.0},{"not_picked":["Feed","Burning Pact+1","Shrug It Off"],"picked":"SKIP","floor":54}],"player_experience":212229,"relics_obtained":[{"floor":6.0,"key":"HornCleat"},{"floor":9.0,"key":"AT_ImmortalShieldbow"},{"floor":13.0,"key":"Juzu Bracelet"},{"floor":24.0,"key":"War Paint"},{"floor":28.0,"key":"Thread and Needle"},{"floor":28.0,"key":"The Courier"},{"floor":41.0,"key":"Bird Faced Urn"},{"floor":43.0,"key":"REME_LimitBreaker"},{"floor":47.0,"key":"Du-Vu Doll"},{"floor":54,"key":"AT_ArchangelStaff"}],"event_choices":[{"cards_removed":["Strike_R"],"damage_healed":0.0,"max_hp_gain":0.0,"max_hp_loss":0.0,"gold_gain":0.0,"event_name":"Golden Wing","player_choice":"Card Removal","floor":2.0,"gold_loss":0.0,"damage_taken":7.0},{"damage_healed":0.0,"max_hp_gain":0.0,"max_hp_loss":0.0,"gold_gain":0.0,"event_name":"Living Wall","player_choice":"Grow","floor":3.0,"gold_loss":0.0,"damage_taken":0.0,"cards_upgraded":["AT_MachinaRedman"]},{"damage_healed":0.0,"max_hp_gain":0.0,"max_hp_loss":0.0,"gold_gain":0.0,"event_name":"Wheel of Change","player_choice":"Damaged","floor":7.0,"gold_loss":0.0,"damage_taken":8.0},{"damage_healed":0.0,"max_hp_gain":5.0,"max_hp_loss":0.0,"gold_gain":0.0,"event_name":"Forgotten Altar","player_choice":"Shed Blood","floor":22.0,"gold_loss":0.0,"damage_taken":20.0},{"damage_healed":0.0,"max_hp_gain":0.0,"max_hp_loss":0.0,"gold_gain":0.0,"event_name":"Ghosts","player_choice":"Ignored","floor":27.0,"gold_loss":0.0,"damage_taken":0.0},{"damage_healed":0.0,"max_hp_gain":0.0,"max_hp_loss":0.0,"gold_gain":0.0,"event_name":"Colosseum","player_choice":"Fight","floor":28.0,"gold_loss":0.0,"damage_taken":0.0},{"damage_healed":0.0,"max_hp_gain":0.0,"max_hp_loss":0.0,"gold_gain":0.0,"event_name":"Colosseum","player_choice":"Fought Nobs","floor":28.0,"gold_loss":0.0,"damage_taken":0.0},{"damage_healed":0.0,"max_hp_gain":0.0,"max_hp_loss":0.0,"gold_gain":0.0,"event_name":"The Library","player_choice":"Read","floor":30.0,"gold_loss":0.0,"damage_taken":0.0,"cards_obtained":["Ghostly Armor"]},{"damage_healed":0.0,"max_hp_gain":0.0,"max_hp_loss":0.0,"gold_gain":100.0,"event_name":"Golden Shrine","player_choice":"Pray","floor":31.0,"gold_loss":0.0,"damage_taken":0.0},{"damage_healed":0.0,"max_hp_gain":0.0,"max_hp_loss":4.0,"gold_gain":0.0,"event_name":"Winding Halls","player_choice":"Max HP","floor":38.0,"gold_loss":0.0,"damage_taken":0.0},{"damage_healed":0.0,"max_hp_gain":0.0,"max_hp_loss":0.0,"gold_gain":0.0,"event_name":"MindBloom","player_choice":"Fight","floor":41.0,"gold_loss":0.0,"damage_taken":0.0}],"is_beta":false,"boss_relics":[{"not_picked":["Runic Pyramid","Tiny House"],"picked":"AT_MortalBlade"},{"not_picked":["REME_DuelDisc","REME_ChargedStone"],"picked":"Philosopher\u0027s Stone"}],"items_purged_floors":[20,37,42,53],"is_endless":false,"potions_floor_spawned":[1,11,14,18,19,24,28,35,45,47],"ascension_level":0}}