{"host":"pjo7dfabux0g0646","time":1612737131,"event":{"mods":["AchievementEnabler","BaseMod","Downfall","Hermit","Minty Spire (QoL Compilation)","StSLib","The Cursed","The Hierophant"],"gold_per_floor":[99,119,194,207,36,136,136,36,55,55,89,89,115,130,149,253,253,153,164,164,164,180,180,205,232,232,232,232,263,279,290,300,395,395,395,408,425,435,451,478,478,553,582,582,49,75,75,92,104,204,204,104,114,34,106,125,143,169,204,204,215,229,255,210,220,235,334,334,334,349,362,412,423,423,423,19,50,61,61,89,100,119,139,139],"floor_reached":85,"language":"SPA","playtime":4773,"items_purged":["Pride"],"score":1494,"play_id":"a30ce017-96c5-470a-81b8-fbbc7a78ddb5","local_time":"20210207193211","is_ascension_mode":true,"campfire_choices":[{"floor":1.0,"key":"RECALL"},{"floor":8.0,"key":"REST"},{"data":"Slimebound:SlimeBarrage","floor":12.0,"key":"SMITH"},{"data":"Slimebound:MassRepurpose","floor":18.0,"key":"SMITH"},{"data":"Slimebound:PressTheAttack","floor":23.0,"key":"SMITH"},{"data":"Slimebound:SplitBruiser","floor":26.0,"key":"SMITH"},{"data":"Slimebound:LeechEnergy","floor":28.0,"key":"SMITH"},{"data":"Slimebound:RollThrough","floor":35.0,"key":"SMITH"},{"data":"1","floor":47.0,"key":"LIFT"},{"data":"2","floor":52.0,"key":"LIFT"},{"data":"3","floor":69.0,"key":"LIFT"},{"data":"Slimebound:LevelUp","floor":74.0,"key":"SMITH"}],"circlet_count":0,"master_deck":["Slimebound:Strike_Slimebound","Slimebound:Strike_Slimebound","Slimebound:Strike_Slimebound+1","Slimebound:Defend_Slimebound","Slimebound:Defend_Slimebound+1","Slimebound:Defend_Slimebound","Slimebound:Split+1","Slimebound:CorrosiveSpit","Slimebound:Schlurp","Slimebound:ItLooksTasty+1","Slimebound:GoopSpray+1","Slimebound:SplitBruiser+1","Slimebound:SamplingLick","Slimebound:SlimeBarrage+1","Slimebound:LeechEnergy+1","Slimebound:HauntingLick","Slimebound:SlimeSpikes","Slimebound:MassRepurpose+1","Slimebound:RollThrough+1","Slimebound:PressTheAttack+1","Slimebound:Nibble","Slimebound:LeechingTouch","Slimebound:DivideAndConquer+1","Madness","Slimebound:LevelUp+1","Slimebound:DuplicatedForm","Slimebound:Replication"],"relics":["Slimebound:AbsorbEndCombat","Dream Catcher","Bronze Scales","Slimebound:MaxSlimesRelic","downfall:HeartBlessingRed","Mummified Hand","Gremlin Horn","Black Star","downfall:HeartBlessingGreen","Pantograph","Lantern","Oddly Smooth Stone","Art of War","Regal Pillow","Letter Opener","StrikeDummy","Slimebound:TarBlob","PreservedInsect","Potion Belt","Thread and Needle","Centennial Puzzle","Slimebound:AggressiveSlimeRelic","Girya","Whetstone","Dead Branch","Omamori","bronze:MakeshiftBattery","downfall:HeartBlessingBlue","Mercury Hourglass","Akabeko","White Beast Statue","Nunchaku","War Paint","Orichalcum","SacredBark","Turnip","Blood Vial","Pear","Medical Kit","Blue Candle","Bag of Marbles","Happy Flower","Strawberry"],"acts_visited":["Exordium","TheCity","Exordium","Exordium","TheBeyond"],"potions_floor_usage":[84],"damage_taken":[{"damage":0.0,"enemies":"Small Slimes","floor":2.0,"turns":3.0},{"damage":3.0,"enemies":"2 Louse","floor":4.0,"turns":3.0},{"damage":8.0,"enemies":"downfall:FleeingMerchant","floor":5.0,"turns":4.0},{"damage":20.0,"enemies":"downfall:Heads","floor":6.0,"turns":5.0},{"damage":1.0,"enemies":"Jaw Worm","floor":9.0,"turns":3.0},{"damage":12.0,"enemies":"3 Sentries","floor":11.0,"turns":5.0},{"damage":26.0,"enemies":"Gremlin Nob","floor":13.0,"turns":4.0},{"damage":0.0,"enemies":"3 Louse","floor":14.0,"turns":1.0},{"damage":0.0,"enemies":"2 Fungi Beasts","floor":15.0,"turns":2.0},{"damage":9.0,"enemies":"WA_ARCHETYPE_RETAIN","floor":16.0,"turns":6.0},{"damage":0.0,"enemies":"3 Byrds","floor":19.0,"turns":1.0},{"damage":14.0,"enemies":"Centurion and Healer","floor":22.0,"turns":3.0},{"damage":0.0,"enemies":"Gremlin Leader","floor":25.0,"turns":5.0},{"damage":12.0,"enemies":"Book of Stabbing","floor":29.0,"turns":4.0},{"damage":5.0,"enemies":"Snake Plant","floor":30.0,"turns":3.0},{"damage":11.0,"enemies":"Shelled Parasite and Fungi","floor":31.0,"turns":3.0},{"damage":2.0,"enemies":"3 Cultists","floor":32.0,"turns":4.0},{"damage":70.0,"enemies":"IC_MUSHROOM_ARCHETYPE","floor":33.0,"turns":8.0},{"damage":0.0,"enemies":"2 Louse","floor":36.0,"turns":1.0},{"damage":0.0,"enemies":"Small Slimes","floor":37.0,"turns":1.0},{"damage":5.0,"enemies":"Jaw Worm","floor":38.0,"turns":1.0},{"damage":0.0,"enemies":"Gremlin Gang","floor":39.0,"turns":2.0},{"damage":0.0,"enemies":"Gremlin Nob","floor":40.0,"turns":2.0},{"damage":0.0,"enemies":"Lagavulin","floor":43.0,"turns":2.0},{"damage":0.0,"enemies":"downfall:FleeingMerchant","floor":45.0,"turns":4.0},{"damage":0.0,"enemies":"3 Sentries","floor":46.0,"turns":2.0},{"damage":0.0,"enemies":"Exordium Wildlife","floor":48.0,"turns":1.0},{"damage":0.0,"enemies":"Blue Slaver","floor":49.0,"turns":1.0},{"damage":42.0,"enemies":"DF_ARCHETYPE_ORBS","floor":50.0,"turns":7.0},{"damage":0.0,"enemies":"Hallownest:3_Youths","floor":53.0,"turns":2.0},{"damage":0.0,"enemies":"downfall:FleeingMerchant","floor":55.0,"turns":1.0},{"damage":6.0,"enemies":"Hallownest:2_Mistakes","floor":56.0,"turns":2.0},{"damage":0.0,"enemies":"Hallownest:2_Flukemon","floor":57.0,"turns":2.0},{"damage":0.0,"enemies":"Hallownest:eliteWatcherKnight","floor":59.0,"turns":6.0},{"damage":15.0,"enemies":"Hallownest:2_Husk_Sentries","floor":61.0,"turns":1.0},{"damage":3.0,"enemies":"Hallownest:Warrior_and_Youth","floor":62.0,"turns":1.0},{"damage":0.0,"enemies":"Hallownest:eliteSoulWarrior","floor":63.0,"turns":2.0},{"damage":0.0,"enemies":"Hallownest:3_Mistakes","floor":65.0,"turns":3.0},{"damage":0.0,"enemies":"Hallownest:2_Husk_Sentries","floor":66.0,"turns":1.0},{"damage":0.0,"enemies":"Hallownest:BossSoulMaster","floor":67.0,"turns":3.0},{"damage":0.0,"enemies":"Orb Walker","floor":70.0,"turns":1.0},{"damage":0.0,"enemies":"3 Shapes","floor":71.0,"turns":2.0},{"damage":0.0,"enemies":"3 Shapes","floor":72.0,"turns":2.0},{"damage":0.0,"enemies":"Transient","floor":73.0,"turns":5.0},{"damage":0.0,"enemies":"Nemesis","floor":77.0,"turns":1.0},{"damage":0.0,"enemies":"Spire Growth","floor":78.0,"turns":2.0},{"damage":15.0,"enemies":"Reptomancer","floor":80.0,"turns":2.0},{"damage":15.0,"enemies":"3 Darklings","floor":81.0,"turns":2.0},{"damage":2.0,"enemies":"4 Shapes","floor":82.0,"turns":2.0},{"damage":15,"enemies":"Sphere and 2 Shapes","floor":83,"turns":2},{"damage":18,"enemies":"Awakened One","floor":84,"turns":6}],"seed_played":"7305818530378228893","potions_obtained":[{"floor":2.0,"key":"DistilledChaos"},{"floor":6.0,"key":"champ:CounterPotion"},{"floor":14.0,"key":"Dexterity Potion"},{"floor":25.0,"key":"Strength Potion"},{"floor":33.0,"key":"SpeedPotion"},{"floor":37.0,"key":"BlessingOfTheForge"},{"floor":40.0,"key":"Ancient Potion"},{"floor":43.0,"key":"LiquidBronze"},{"floor":56.0,"key":"SpeedPotion"},{"floor":57.0,"key":"DistilledChaos"},{"floor":62.0,"key":"Fire Potion"},{"floor":80.0,"key":"Regen Potion"}],"is_trial":false,"path_per_floor":["R","M","?","M","$","?","T","R","M","?","E","R","E","M","M","B",null,"R","M","?","T","M","R","T","E","R","?","R","E","M","M","M","B",null,"R","M","M","M","M","E","T","?","E","?","$","E","R","M","M","B",null,"R","M","?","$","M","M","T","E","?","M","M","E","?","M","M","B",null,"R","M","M","?","M","R","T","$","E","M","?","E","M","M","M","B",null],"character_chosen":"SLIMEBOUND","items_purchased":["Bronze Scales","Girya","Whetstone","Mercury Hourglass","Pear","Medical Kit"],"campfire_rested":1,"item_purchase_floors":[5,45,45,55,76,76],"current_hp_per_floor":[65,65,65,65,61,49,49,65,65,70,62,62,42,48,54,53,70,70,70,70,70,60,60,60,68,68,68,68,61,60,55,61,6,70,70,70,70,65,70,70,70,70,70,70,70,70,70,70,70,28,70,80,80,80,80,76,80,80,80,80,80,80,80,80,80,80,80,80,80,80,80,80,80,80,80,90,90,90,90,97,97,97,97,79],"gold":139,"neow_bonus":"RANDOM_COMMON_RELIC","is_daily":false,"chose_seed":false,"campfire_upgraded":7,"win_rate":0.0,"timestamp":1612737131,"path_taken":["R","M","?","M","$","?","T","R","M","?","E","R","E","M","M","BOSS","R","M","?","?","M","R","T","E","R","?","R","E","M","M","M","BOSS","R","M","M","M","M","E","T","?","E","?","$","E","R","M","M","BOSS","R","M","?","$","M","?","T","E","?","M","M","E","?","M","M","BOSS","R","M","M","?","M","R","T","$","E","M","?","E","?","M","M","BOSS"],"items_purchased_type":["Relic","Relic","Relic","Relic","Relic","Relic"],"build_version":"2020-12-22","purchased_purges":1,"victory":true,"max_hp_per_floor":[65,65,65,65,65,65,65,65,65,70,70,70,70,70,70,70,70,70,70,70,70,70,70,70,70,70,70,70,70,70,70,70,70,70,70,70,70,70,70,70,70,70,70,70,70,70,70,70,70,70,70,80,80,80,80,80,80,80,80,80,80,80,80,80,80,80,80,80,80,80,80,80,80,80,80,90,90,90,90,97,97,97,97,97],"card_choices":[{"not_picked":["Slimebound:SlimeBrawl","Slimebound:HauntingLick"],"picked":"Slimebound:Schlurp","floor":2.0},{"not_picked":["Slimebound:DisruptingSlam","Slimebound:FlameTackle"],"picked":"Slimebound:ItLooksTasty","floor":4.0},{"not_picked":["Slimebound:RejuvenatingLick","Slimebound:SplitLeeching"],"picked":"Slimebound:GoopSpray","floor":5.0},{"not_picked":["Slimebound:HauntingLick","Slimebound:FormOfPuddle"],"picked":"Slimebound:SamplingLick","floor":6.0},{"not_picked":["Slimebound:Schlurp","Slimebound:DuplicatedForm"],"picked":"Slimebound:SlimeBarrage","floor":9.0},{"not_picked":["Slimebound:RainOfGoop","Slimebound:FormOfPuddle","Slimebound:ForwardTackle"],"picked":"SKIP","floor":11.0},{"not_picked":["Slimebound:ComboTackle","Slimebound:GrowthPunch"],"picked":"Slimebound:LeechEnergy","floor":13.0},{"not_picked":["Slimebound:ComboTackle","Slimebound:SelfFormingGoo"],"picked":"Slimebound:HauntingLick","floor":14.0},{"not_picked":["Slimebound:Schlurp","Slimebound:SplitMire"],"picked":"Slimebound:SlimeSpikes","floor":15.0},{"not_picked":["Slimebound:Overexert","Slimebound:MinionMaster"],"picked":"Slimebound:MassRepurpose","floor":16.0},{"not_picked":["Slimebound:TongueLash","Slimebound:FormOfPuddle"],"picked":"Slimebound:RollThrough","floor":19.0},{"not_picked":["Slimebound:ItLooksTasty+1","Slimebound:ComboTackle"],"picked":"Slimebound:PressTheAttack","floor":22.0},{"not_picked":["Slimebound:LivingWall","Slimebound:FirmFortitude"],"picked":"Slimebound:Nibble","floor":25.0},{"not_picked":["Slimebound:LeechEnergy","Slimebound:SplitBruiser+1","Slimebound:LivingWall"],"picked":"SKIP","floor":29.0},{"not_picked":["Slimebound:ViciousTackle","Slimebound:SamplingLick"],"picked":"Slimebound:LeechingTouch","floor":30.0},{"not_picked":["Slimebound:RollThrough","Slimebound:Schlurp"],"picked":"Slimebound:DivideAndConquer+1","floor":31.0},{"not_picked":["Slimebound:GoopTackle+1","Slimebound:Dissolve","Slimebound:FinishingTackle"],"picked":"SKIP","floor":32.0},{"not_picked":["Slimebound:AcidTongue","Slimebound:Schlurp","Slimebound:LivingWall"],"picked":"SKIP","floor":36.0},{"not_picked":["Slimebound:SplitMire","Slimebound:FormOfPuddle","Slimebound:SplitBruiser"],"picked":"SKIP","floor":37.0},{"not_picked":["Slimebound:Prepare","Slimebound:PressTheAttack","Slimebound:SlimeSpikes"],"picked":"SKIP","floor":38.0},{"not_picked":["Slimebound:OozeBath","Slimebound:SlimeSpikes","Slimebound:Replication"],"picked":"SKIP","floor":39.0},{"not_picked":["Slimebound:DisruptingSlam","Slimebound:GoopSpray","Slimebound:BestDefense"],"picked":"SKIP","floor":40.0},{"not_picked":["Slimebound:Prepare","Slimebound:AcidTongue","Slimebound:Gluttony"],"picked":"SKIP","floor":43.0},{"not_picked":["Slimebound:CheckThePlaybook","Slimebound:PressTheAttack","Slimebound:SplitBruiser"],"picked":"SKIP","floor":45.0},{"not_picked":["Slimebound:Schlurp","Slimebound:LeechingTouch","Slimebound:HauntingLick"],"picked":"SKIP","floor":46.0},{"not_picked":["Slimebound:RollThrough","Slimebound:GoopTackle","Slimebound:ItLooksTasty"],"picked":"SKIP","floor":48.0},{"not_picked":["Slimebound:SplitMire","Slimebound:SamplingLick","Slimebound:AcidTongue"],"picked":"SKIP","floor":49.0},{"not_picked":["Slimebound:SplitAcid","Slimebound:ViciousTackle","Slimebound:RainOfGoop+1"],"picked":"SKIP","floor":53.0},{"not_picked":["Slimebound:ViciousTackle","Slimebound:Repurpose+1","Slimebound:SlimeSpikes+1"],"picked":"SKIP","floor":55.0},{"not_picked":["Slimebound:SplitAcid","Slimebound:LeechEnergy","Slimebound:Prepare+1"],"picked":"SKIP","floor":56.0},{"not_picked":["Slimebound:Repurpose","Slimebound:GoopTackle","Slimebound:SplitAcid"],"picked":"SKIP","floor":57.0},{"not_picked":["Slimebound:DisruptingSlam","Slimebound:LivingWall","Slimebound:TagTeam"],"picked":"SKIP","floor":59.0},{"not_picked":["Slimebound:SlimeSpikes","Slimebound:GoopSpray+1","Slimebound:SplitAcid"],"picked":"SKIP","floor":61.0},{"not_picked":["Slimebound:RollThrough","Slimebound:SplitLeeching","Slimebound:Gluttony"],"picked":"SKIP","floor":62.0},{"not_picked":["Slimebound:LeechingTouch+1","Slimebound:SlimeBarrage+1","Slimebound:FormOfPuddle"],"picked":"SKIP","floor":63.0},{"not_picked":["Slimebound:SplitLeeching","Slimebound:SplitAcid","Slimebound:OneTwoCombo"],"picked":"SKIP","floor":65.0},{"not_picked":["Slimebound:LeadByExample+1","Slimebound:Prepare","Slimebound:FlameTackle"],"picked":"SKIP","floor":66.0},{"not_picked":["Slimebound:LivingWall+1","Slimebound:Nibble+1","Slimebound:ItLooksTasty"],"picked":"SKIP","floor":70.0},{"not_picked":["Slimebound:SplitAcid","Slimebound:ServeAndProtect+1"],"picked":"Slimebound:LevelUp","floor":71.0},{"not_picked":["Slimebound:SplitAcid","Slimebound:OneTwoCombo","Slimebound:Prepare+1"],"picked":"SKIP","floor":73.0},{"not_picked":["Slimebound:LeadByExample+1","Slimebound:Prepare","Slimebound:OozeBath"],"picked":"SKIP","floor":77.0},{"not_picked":["Slimebound:BestDefense+1","Slimebound:RollThrough","Slimebound:SlimeBarrage+1"],"picked":"SKIP","floor":78.0},{"not_picked":["Slimebound:Schlurp","Slimebound:SplitAcid+1","Slimebound:TongueLash"],"picked":"SKIP","floor":80.0},{"not_picked":["Slimebound:PressTheAttack","Slimebound:GoopSpray","Slimebound:SlimeBarrage+1"],"picked":"SKIP","floor":81.0},{"not_picked":["Slimebound:PressTheAttack+1","Slimebound:RollThrough","Slimebound:Prepare"],"picked":"SKIP","floor":82},{"not_picked":["Slimebound:GrowthPunch+1","Slimebound:MegaLick","Slimebound:HauntingLick+1"],"picked":"SKIP","floor":83}],"player_experience":324920,"relics_obtained":[{"floor":7.0,"key":"Slimebound:MaxSlimesRelic"},{"floor":11.0,"key":"Mummified Hand"},{"floor":13.0,"key":"Gremlin Horn"},{"floor":21.0,"key":"Pantograph"},{"floor":24.0,"key":"Lantern"},{"floor":25.0,"key":"Oddly Smooth Stone"},{"floor":25.0,"key":"Art of War"},{"floor":29.0,"key":"Letter Opener"},{"floor":29.0,"key":"StrikeDummy"},{"floor":40.0,"key":"Potion Belt"},{"floor":40.0,"key":"Thread and Needle"},{"floor":43.0,"key":"Centennial Puzzle"},{"floor":43.0,"key":"Slimebound:AggressiveSlimeRelic"},{"floor":46.0,"key":"Dead Branch"},{"floor":46.0,"key":"Omamori"},{"floor":58.0,"key":"Akabeko"},{"floor":59.0,"key":"White Beast Statue"},{"floor":59.0,"key":"Nunchaku"},{"floor":63.0,"key":"War Paint"},{"floor":63.0,"key":"Orichalcum"},{"floor":72.0,"key":"Turnip"},{"floor":75.0,"key":"Blood Vial"},{"floor":77.0,"key":"Blue Candle"},{"floor":77.0,"key":"Bag of Marbles"},{"floor":80.0,"key":"Happy Flower"},{"floor":80.0,"key":"Strawberry"}],"event_choices":[{"damage_healed":0.0,"max_hp_gain":5.0,"max_hp_loss":0.0,"gold_gain":0.0,"event_name":"Big Fish","player_choice":"Donut","floor":10.0,"gold_loss":0.0,"damage_taken":0.0},{"damage_healed":0.0,"max_hp_gain":0.0,"max_hp_loss":0.0,"gold_gain":0.0,"event_name":"Ghosts","player_choice":"Ignored","floor":20.0,"gold_loss":0.0,"damage_taken":0.0},{"damage_healed":0.0,"max_hp_gain":0.0,"max_hp_loss":0.0,"gold_gain":0.0,"event_name":"Addict","player_choice":"Stole Relic","floor":27.0,"gold_loss":0.0,"damage_taken":0.0,"relics_obtained":["Regal Pillow"],"cards_obtained":["Pride"]}],"is_beta":false,"boss_relics":[{"not_picked":["Sozu","Astrolabe"],"picked":"Black Star"},{"not_picked":["Calling Bell","Tiny House"],"picked":"Slimebound:TarBlob"},{"not_picked":["Runic Dome","Pandora\u0027s Box"],"picked":"bronze:MakeshiftBattery"},{"not_picked":["SlaversCollar","Fusion Hammer"],"picked":"SacredBark"}],"items_purged_floors":[45],"is_endless":false,"potions_floor_spawned":[2,6,14,25,30,33,37,40,43,46,48,53,56,57,61,62,63,65,66,67,70,71,72,73,77,78,80,81,82,83],"ascension_level":1}}