{"host":"e14va605tljgvqtz","time":1612665707,"event":{"mods":["BaseMod","Colored Map","DeckTracker","Highlight Path","Minty Spire (QoL Compilation)","Relic Stats"],"gold_per_floor":[118,138,138,148,164,164,190,190,190,190,45,80,80,40,40,114,114,125,40,59,76,95,95,19,19,45,74,74,16,49,69,69,145,145,164,174,191,203,223,223,243,275,575,590,590,607,85,100,100,100,100],"floor_reached":50,"language":"ENG","playtime":3275,"items_purged":["Strike_R","Wild Strike"],"score":1083,"play_id":"76470119-db12-4ba3-9e30-7f67bc0728a1","local_time":"20210206184147","is_ascension_mode":true,"campfire_choices":[{"data":"Bash","floor":6.0,"key":"SMITH"},{"data":"Battle Trance","floor":13.0,"key":"SMITH"},{"data":"Uppercut","floor":15.0,"key":"SMITH"},{"data":"Feed","floor":23.0,"key":"SMITH"},{"data":"Whirlwind","floor":25.0,"key":"SMITH"},{"data":"Feel No Pain","floor":32,"key":"SMITH"},{"data":"Corruption","floor":40,"key":"SMITH"},{"data":"Disarm","floor":45,"key":"SMITH"},{"data":"Dual Wield","floor":49,"key":"SMITH"}],"circlet_count":0,"master_deck":["AscendersBane","Bash+1","Pummel","Battle Trance+1","Twin Strike","Feel No Pain+1","Anger","Uppercut+1","Reaper","Dual Wield+1","Anger","Feed+1","Corruption+1","Double Tap","Juggernaut","Iron Wave","Disarm+1","Shrug It Off+1","Shrug It Off+1","Whirlwind+1","Shrug It Off+1","Metallicize","True Grit+1","Sentinel+1","True Grit+1","Flame Barrier+1","Shockwave+1","Sentinel+1","Shrug It Off+1"],"relics":["Coffee Dripper","Ancient Tea Set","Shuriken","Lizard Tail","Pandora\u0027s Box","Toxic Egg 2","Singing Bowl","Gremlin Horn","Pocketwatch","Mark of Pain","Orichalcum","Old Coin","Orrery","Oddly Smooth Stone"],"acts_visited":["Exordium","TheCity","TheBeyond"],"potions_floor_usage":[30,33,38,42,46,48,50],"damage_taken":[{"damage":0.0,"enemies":"Small Slimes","floor":1.0,"turns":3.0},{"damage":2.0,"enemies":"2 Louse","floor":2.0,"turns":3.0},{"damage":2.0,"enemies":"Jaw Worm","floor":4.0,"turns":3.0},{"damage":6.0,"enemies":"Looter","floor":5.0,"turns":3.0},{"damage":7.0,"enemies":"Lagavulin","floor":7.0,"turns":7.0},{"damage":19.0,"enemies":"3 Sentries","floor":12.0,"turns":8.0},{"damage":0.0,"enemies":"Slime Boss","floor":16.0,"turns":8.0},{"damage":0.0,"enemies":"Spheric Guardian","floor":18.0,"turns":2.0},{"damage":22.0,"enemies":"2 Thieves","floor":20.0,"turns":3.0},{"damage":25.0,"enemies":"Sentry and Sphere","floor":21.0,"turns":5.0},{"damage":19.0,"enemies":"3 Cultists","floor":22.0,"turns":5.0},{"damage":27.0,"enemies":"Gremlin Leader","floor":27.0,"turns":4.0},{"damage":48,"enemies":"Slavers","floor":30,"turns":3},{"damage":0,"enemies":"Snecko","floor":31,"turns":3},{"damage":58,"enemies":"Collector","floor":33,"turns":8},{"damage":9,"enemies":"3 Shapes","floor":35,"turns":6},{"damage":21,"enemies":"3 Darklings","floor":36,"turns":6},{"damage":8,"enemies":"Transient","floor":37,"turns":5},{"damage":13,"enemies":"Jaw Worm Horde","floor":38,"turns":4},{"damage":34,"enemies":"4 Shapes","floor":39,"turns":4},{"damage":31,"enemies":"Maw","floor":41,"turns":7},{"damage":13,"enemies":"Giant Head","floor":42,"turns":6},{"damage":24,"enemies":"3 Darklings","floor":44,"turns":4},{"damage":9,"enemies":"Writhing Mass","floor":46,"turns":7},{"damage":1,"enemies":"4 Shapes","floor":48,"turns":5},{"damage":63,"enemies":"Awakened One","floor":50,"turns":10}],"seed_played":"-8997780113488915353","potions_obtained":[{"floor":2.0,"key":"EssenceOfSteel"},{"floor":4.0,"key":"EssenceOfSteel"},{"floor":20.0,"key":"Dexterity Potion"},{"floor":22.0,"key":"BloodPotion"},{"floor":30,"key":"EssenceOfSteel"},{"floor":33,"key":"Weak Potion"},{"floor":35,"key":"Swift Potion"},{"floor":38,"key":"LiquidMemories"},{"floor":42,"key":"EssenceOfSteel"},{"floor":48,"key":"Energy Potion"}],"is_trial":false,"path_per_floor":["M","M","?","M","M","R","E","?","T","?","$","E","R","$","R","B",null,"M","?","M","M","M","R","$","R","T","E","?","?","E","M","R","B",null,"M","M","M","M","M","R","M","E","T","M","R","M","$","M","R","B"],"character_chosen":"IRONCLAD","items_purchased":["Feel No Pain","Uppercut","Whirlwind","Orrery","Oddly Smooth Stone","Sentinel+1","BloodPotion"],"campfire_rested":0,"item_purchase_floors":[11,14,24,47,47,47,47],"current_hp_per_floor":[68,66,66,64,58,58,51,51,51,28,28,9,9,9,9,9,59,62,62,52,27,21,21,21,21,21,19,19,19,12,19,19,29,85,86,85,79,75,60,60,36,35,35,13,13,10,16,53,53,0,0],"gold":100,"neow_bonus":"BOSS_RELIC","is_daily":false,"chose_seed":false,"campfire_upgraded":9,"win_rate":0.0,"timestamp":1612665707,"path_taken":["M","M","?","M","M","R","E","?","T","?","?","E","R","$","R","BOSS","M","?","M","M","M","R","$","R","T","E","?","?","E","M","R","BOSS","M","M","?","M","M","R","?","E","T","M","R","M","$","M","R","BOSS"],"items_purchased_type":["Card","Card","Card","Relic","Relic","Card","Potion"],"build_version":"2020-12-22","purchased_purges":2,"victory":false,"max_hp_per_floor":[75,75,75,75,75,75,75,75,75,75,75,75,75,75,75,75,75,78,78,81,81,84,84,84,84,84,88,88,88,98,98,98,104,104,110,116,118,118,122,122,122,124,124,126,126,128,134,138,138,138,138],"relic_stats":{"Lizard Tail":49,"Singing Bowl":22,"Gremlin Horn":[22,26],"counters":[26,132],"Shuriken":[62],"Pandora\u0027s Box":["Wild Strike","Dual Wield","Anger","Feed","Corruption","Double Tap","Juggernaut","Iron Wave"],"Orichalcum":[18],"obtain_stats":[{"Singing Bowl":27,"Gremlin Horn":29,"Oddly Smooth Stone":47,"Orichalcum":42,"Ancient Tea Set":7,"Burning Blood":0,"Old Coin":43,"Lizard Tail":12,"Shuriken":9,"Orrery":47,"Pandora\u0027s Box":17,"Mark of Pain":34,"Coffee Dripper":0,"Toxic Egg 2":19,"Pocketwatch":30},{"Singing Bowl":12,"Gremlin Horn":12,"Oddly Smooth Stone":24,"Orichalcum":22,"Ancient Tea Set":5,"Burning Blood":0,"Old Coin":22,"Lizard Tail":6,"Shuriken":5,"Orrery":24,"Pandora\u0027s Box":7,"Mark of Pain":15,"Coffee Dripper":0,"Toxic Egg 2":8,"Pocketwatch":13},{"Singing Bowl":54,"Gremlin Horn":54,"Oddly Smooth Stone":117,"Orichalcum":106,"Ancient Tea Set":19,"Burning Blood":0,"Old Coin":106,"Lizard Tail":27,"Shuriken":19,"Orrery":117,"Pandora\u0027s Box":35,"Mark of Pain":68,"Coffee Dripper":0,"Toxic Egg 2":37,"Pocketwatch":57}],"Pocketwatch":[45]},"card_choices":[{"not_picked":["Shrug It Off","Warcry","Armaments"],"picked":"SKIP","floor":1.0},{"not_picked":["Thunderclap","Brutality"],"picked":"Pummel","floor":2.0},{"not_picked":["Combust","Shrug It Off"],"picked":"Battle Trance","floor":4.0},{"not_picked":["Body Slam","Rampage"],"picked":"Twin Strike","floor":5.0},{"not_picked":["Hemokinesis","Warcry","Shockwave"],"picked":"SKIP","floor":7.0},{"not_picked":["Pommel Strike","Juggernaut"],"picked":"Anger","floor":12.0},{"not_picked":["Bludgeon","Double Tap"],"picked":"Reaper","floor":16.0},{"not_picked":["Sword Boomerang","Burning Pact"],"picked":"Disarm","floor":18.0},{"not_picked":["Twin Strike","Uppercut"],"picked":"Shrug It Off+1","floor":20.0},{"not_picked":["Armaments+1","Thunderclap"],"picked":"Shrug It Off+1","floor":21.0},{"not_picked":["Flex+1","Warcry+1","Wild Strike"],"picked":"SKIP","floor":22.0},{"not_picked":["Clash","Flex+1"],"picked":"Shrug It Off+1","floor":27.0},{"not_picked":["Offering+1","Brutality","Body Slam"],"picked":"Singing Bowl","floor":30},{"not_picked":["Sever Soul+1","Body Slam"],"picked":"Metallicize","floor":31},{"not_picked":["Demon Form","Offering+1","Double Tap+1"],"picked":"Singing Bowl","floor":33},{"not_picked":["Heavy Blade","Twin Strike+1","Cleave"],"picked":"Singing Bowl","floor":35},{"not_picked":["Heavy Blade","Flex+1","Wild Strike"],"picked":"Singing Bowl","floor":36},{"not_picked":["Pommel Strike","Heavy Blade+1","Clash+1"],"picked":"Singing Bowl","floor":37},{"not_picked":["Disarm+1","Heavy Blade+1"],"picked":"True Grit+1","floor":38},{"not_picked":["Reckless Charge+1","Entrench+1"],"picked":"Sentinel+1","floor":39},{"not_picked":["Cleave+1","Iron Wave"],"picked":"True Grit+1","floor":41},{"not_picked":["Juggernaut","Seeing Red+1","Perfected Strike+1"],"picked":"Singing Bowl","floor":42},{"not_picked":["Whirlwind","Twin Strike","Havoc+1"],"picked":"Singing Bowl","floor":44},{"not_picked":["Sword Boomerang","Clash+1","Armaments+1"],"picked":"Singing Bowl","floor":46},{"not_picked":["Pummel+1","Combust"],"picked":"Flame Barrier+1","floor":47},{"not_picked":["True Grit+1","Thunderclap+1"],"picked":"Shockwave+1","floor":47},{"not_picked":["Pummel","Body Slam+1","Twin Strike"],"picked":"Singing Bowl","floor":47},{"not_picked":["Perfected Strike","Sword Boomerang+1","Brutality"],"picked":"Singing Bowl","floor":47},{"not_picked":["Flex+1","Warcry+1","Wild Strike"],"picked":"Singing Bowl","floor":47},{"not_picked":["Carnage+1","Anger+1"],"picked":"Shrug It Off+1","floor":48}],"player_experience":307888,"relics_obtained":[{"floor":7.0,"key":"Ancient Tea Set"},{"floor":9.0,"key":"Shuriken"},{"floor":12.0,"key":"Lizard Tail"},{"floor":27.0,"key":"Singing Bowl"},{"floor":30,"key":"Pocketwatch"},{"floor":42,"key":"Orichalcum"},{"floor":43,"key":"Old Coin"}],"event_choices":[{"damage_healed":0.0,"max_hp_gain":0.0,"max_hp_loss":0.0,"gold_gain":0.0,"event_name":"Liars Game","player_choice":"Ignored","floor":3.0,"gold_loss":0.0,"damage_taken":0.0},{"damage_healed":0.0,"max_hp_gain":0.0,"max_hp_loss":0.0,"gold_gain":0.0,"event_name":"Dead Adventurer","player_choice":"Searched \u00270\u0027 times","floor":8.0,"gold_loss":0.0,"damage_taken":0.0},{"damage_healed":0.0,"max_hp_gain":0.0,"max_hp_loss":0.0,"gold_gain":0.0,"event_name":"Shining Light","player_choice":"Entered Light","floor":10.0,"gold_loss":0.0,"damage_taken":23.0,"cards_upgraded":["Strike_R","Strike_R"]},{"damage_healed":0.0,"max_hp_gain":0.0,"max_hp_loss":0.0,"gold_gain":0.0,"event_name":"Addict","player_choice":"Obtained Relic","floor":19.0,"gold_loss":85.0,"damage_taken":0.0,"relics_obtained":["Toxic Egg 2"]},{"damage_healed":0.0,"max_hp_gain":0.0,"max_hp_loss":0.0,"gold_gain":0.0,"event_name":"Vampires","player_choice":"Ignored","floor":28.0,"gold_loss":0.0,"damage_taken":0.0},{"damage_healed":0.0,"max_hp_gain":0.0,"max_hp_loss":0.0,"gold_gain":0.0,"event_name":"WeMeetAgain","player_choice":"Paid Gold","floor":29.0,"gold_loss":58.0,"damage_taken":0.0,"relics_obtained":["Gremlin Horn"]}],"is_beta":false,"boss_relics":[{"not_picked":["Runic Cube","Snecko Eye"],"picked":"Pandora\u0027s Box"},{"not_picked":["Philosopher\u0027s Stone","Velvet Choker"],"picked":"Mark of Pain"}],"items_purged_floors":[11,47],"is_endless":false,"potions_floor_spawned":[2,4,20,22,30,31,33,35,37,38,42,48],"killed_by":"Awakened One","ascension_level":15}}