{"host":"23qk1co0p3p8qz56","time":1612668149,"event":{"mods":["100% Spire Juice","AchievementEnabler","Act Like it!","Arknights","BaseMod","Better Note","Better Third Choice","BetterRewards","CapriCore","Chen","Colored Map","Downfall","Friendly Minions","Gensokyo","Gold Saver","KinomotoSakuraMod(木之本?)","Koishi","Lobotomy","LobotomyExtend","Marisa（霧雨　魔理沙）","Minty Spire (QoL Compilation)","Prisma Mod","Reimu（博??梦）","Remilia（蕾米莉?）","StSLib","The Administrix","The Alterego","The Animator","The Immortal","The Senshi","TheSwordswoman","Waifu the Spire","WarShipGirlsR/??少女R mod","Yakumo Yukari mod","Yohane!","Yuyuko"],"gold_per_floor":[301,331,331,343,361,361,351,351,351,199,199,199,210,229,229,332,332,352,352,352,364,380,380,380,58,58,90,106,106,38,49,49,146,146,157,157,157,157,173,173,183,183,183,195,195,206,206,229,229,229,229],"floor_reached":50,"language":"ENG","playtime":7643,"items_purged":["animator:Strike"],"score":511,"play_id":"32018582-5b71-4514-bfb4-8ff542b66373","local_time":"20210206202229","is_ascension_mode":false,"campfire_choices":[{"data":"animator:DolaSchwi","floor":8,"key":"SMITH"},{"data":"animator:DolaSchwi","floor":11,"key":"SMITH"},{"data":"animator:DolaCouronne","floor":15,"key":"SMITH"},{"data":"animator:Evileye","floor":23,"key":"SMITH"},{"data":"animator:HigakiRinne","floor":29,"key":"SMITH"},{"data":"animator:FielNirvalen","floor":32,"key":"SMITH"},{"data":"animator:Demiurge","floor":40,"key":"SMITH"},{"data":"animator:Eris","floor":42,"key":"SMITH"},{"data":"animator:Demiurge","floor":45,"key":"SMITH"},{"data":"animator:Demiurge","floor":49,"key":"SMITH"}],"circlet_count":0,"master_deck":["animator:Strike_NoGameNoLife","animator:Defend_NoGameNoLife","animator:Strike","animator:Strike","animator:Defend+1","animator:Defend","animator:DolaSchwi+1","animator:DolaCouronne+1","animator:AcuraAkari","animator:Shuna","animator:ChlammyZell+1","animator:DolaSchwi+1","animator:Shuna","animator:Envy","animator:Evileye+1","animator:HigakiRinne+1","animator:RinTohsaka","animator:IzunaHatsuse","animator:FielNirvalen+1","animator:Eris+1","animator:Demiurge+1","animator:Shuna+1","animator:Demiurge+1","animator:Demiurge+1","animator:DolaStephanie"],"relics":["animator:VividPicture","animator:TheMissingPiece","animator:PurgingStone","LetterFromLob","Bird Faced Urn","War Paint","animator:BattleDrones","animator:HolyGrailRelic","Strawberry"],"acts_visited":["Exordium","TheCity","TheBeyond"],"potions_floor_usage":[35,41,50,50,50],"damage_taken":[{"damage":3,"enemies":"Small Slimes","floor":1,"turns":5},{"damage":2,"enemies":"2 Louse","floor":2,"turns":4},{"damage":9,"enemies":"Jaw Worm","floor":4,"turns":4},{"damage":4,"enemies":"2 Fungi Beasts","floor":5,"turns":5},{"damage":7,"enemies":"Exordium Thugs","floor":13,"turns":5},{"damage":2,"enemies":"Blue Slaver","floor":14,"turns":4},{"damage":6,"enemies":"Hexaghost","floor":16,"turns":9},{"damage":28,"enemies":"2 Thieves","floor":18,"turns":5},{"damage":0,"enemies":"Shell Parasite","floor":21,"turns":5},{"damage":9,"enemies":"Snake Plant","floor":22,"turns":4},{"damage":0,"enemies":"Centurion and Healer","floor":27,"turns":5},{"damage":0,"enemies":"Cultist and Chosen","floor":28,"turns":5},{"damage":4,"enemies":"Sentry and Sphere","floor":31,"turns":4},{"damage":0,"enemies":"Automaton","floor":33,"turns":6},{"damage":0,"enemies":"3 Shapes","floor":35,"turns":6},{"damage":4,"enemies":"Orb Walker","floor":39,"turns":4},{"damage":20,"enemies":"Sphere and 2 Shapes","floor":41,"turns":7},{"damage":25,"enemies":"4 Shapes","floor":44,"turns":9},{"damage":0,"enemies":"Writhing Mass","floor":46,"turns":5},{"damage":6,"enemies":"Spire Growth","floor":48,"turns":5},{"damage":95,"enemies":"Donu and Deca","floor":50,"turns":9}],"seed_played":"-429453431132719484","potions_obtained":[{"floor":4,"key":"ColorlessPotion"},{"floor":13,"key":"AttackPotion"},{"floor":16,"key":"SteroidPotion"},{"floor":35,"key":"SteroidPotion"},{"floor":41,"key":"SpeedPotion"},{"floor":48,"key":"Weak Potion"}],"is_trial":false,"path_per_floor":["M","M","?","M","M","?","?","R","T","$","R","M","M","M","R","B",null,"M","?","?","M","M","R","?","$","T","M","M","R","$","M","R","B",null,"M","?","?","?","M","R","M","R","T","M","R","M","?","M","R","B"],"character_chosen":"THE_ANIMATOR","items_purchased":["War Paint","animator:BattleDrones","animator:IzunaHatsuse"],"campfire_rested":0,"item_purchase_floors":[10,25,30],"current_hp_per_floor":[63,61,66,57,53,53,53,53,53,53,53,53,46,44,44,38,71,45,45,39,41,34,34,34,34,34,36,38,38,38,37,37,43,80,82,82,82,82,80,80,67,67,74,61,61,71,71,75,75,0,0],"gold":229,"neow_bonus":"TRANSFORM_CARD","is_daily":false,"chose_seed":false,"campfire_upgraded":10,"win_rate":0.0,"timestamp":1612668149,"path_taken":["M","M","?","M","M","?","?","R","T","$","R","M","M","M","R","BOSS","M","?","?","?","M","R","?","$","T","M","M","R","?","M","R","BOSS","M","?","?","?","M","R","M","R","T","?","R","M","?","M","R","BOSS"],"items_purchased_type":["Relic","Relic","Card"],"build_version":"2020-12-22","purchased_purges":1,"victory":false,"max_hp_per_floor":[66,66,71,71,71,71,71,71,71,71,71,71,71,71,71,71,71,71,71,71,71,71,71,71,71,71,71,71,71,71,72,72,72,80,82,82,82,82,84,84,81,81,88,90,90,87,87,87,87,84,84],"card_choices":[{"not_picked":["animator:Verdia","animator:OrikoMikuni"],"picked":"animator:Shuna","floor":1},{"not_picked":["animator:Laby","animator:YuiTsuruno"],"picked":"animator:ChlammyZell","floor":2},{"not_picked":["animator:Lu","animator:Cocytus","animator:SuzuneAmano"],"picked":"SKIP","floor":4},{"not_picked":["animator:ChlammyZell","animator:DolaCouronne"],"picked":"animator:DolaSchwi","floor":5},{"not_picked":["animator:Pride","animator:Tyuule","animator:Viivi"],"picked":"SKIP","floor":13},{"not_picked":["animator:ElricEdward","animator:HiiragiShinya"],"picked":"animator:Shuna","floor":14},{"not_picked":["animator:MadokaKaname","animator:Boros"],"picked":"animator:Envy","floor":16},{"not_picked":["animator:OrikoMikuni","animator:DolaCouronne"],"picked":"animator:Evileye","floor":18},{"not_picked":["animator:Raven","animator:UneriGinkaku","animator:Cocytus"],"picked":"SKIP","floor":22},{"not_picked":["animator:Ain+1","animator:Azekura"],"picked":"animator:HigakiRinne","floor":27},{"not_picked":["animator:UneriGinkaku","animator:RoyMustang"],"picked":"animator:RinTohsaka","floor":28},{"not_picked":["animator:DolaRiku","animator:Jibril"],"picked":"animator:FielNirvalen","floor":31},{"not_picked":["animator:Albedo","animator:Kyubey"],"picked":"animator:Eris","floor":33},{"not_picked":["animator:FielNirvalen","animator:Vesta","animator:Genos"],"picked":"SKIP","floor":35},{"not_picked":["animator:YachiyoNanami","animator:Layla+1"],"picked":"animator:Demiurge","floor":39},{"not_picked":["animator:KyokoSakura+1","animator:ChaikaBohdan"],"picked":"animator:Shuna+1","floor":41},{"not_picked":["animator:Cocytus","animator:Entoma"],"picked":"animator:Demiurge","floor":44},{"not_picked":["animator:Vanir+1","animator:Caster"],"picked":"animator:Demiurge","floor":46},{"not_picked":["animator:YachiyoNanami+1","animator:Mikaela"],"picked":"animator:DolaStephanie","floor":48}],"player_experience":107850,"relics_obtained":[{"floor":1,"key":"LetterFromLob"},{"floor":9,"key":"Bird Faced Urn"},{"floor":43,"key":"Strawberry"}],"event_choices":[{"damage_healed":0,"gold_gain":0,"player_choice":"Donut","damage_taken":0,"max_hp_gain":5,"max_hp_loss":0,"event_name":"Big Fish","floor":3,"gold_loss":0},{"damage_healed":0,"gold_gain":0,"player_choice":"Ignored","damage_taken":0,"max_hp_gain":0,"max_hp_loss":0,"event_name":"Golden Idol","floor":6,"gold_loss":0},{"damage_healed":0,"gold_gain":0,"player_choice":"Ignored","damage_taken":0,"max_hp_gain":0,"max_hp_loss":0,"event_name":"betterNote:BetterNote","floor":19,"gold_loss":0,"cards_obtained":["animator:Megumin"]},{"damage_healed":0,"gold_gain":0,"player_choice":"","damage_taken":6,"max_hp_gain":0,"max_hp_loss":0,"event_name":"Knowing Skull","floor":20,"potions_obtained":[],"gold_loss":0,"cards_obtained":[]},{"damage_healed":0,"gold_gain":0,"player_choice":"Ignored","damage_taken":0,"max_hp_gain":0,"max_hp_loss":0,"event_name":"Vampires","floor":24,"gold_loss":0},{"damage_healed":0,"gold_gain":0,"player_choice":"Ignored","damage_taken":0,"max_hp_gain":0,"max_hp_loss":0,"event_name":"Mysterious Sphere","floor":36,"gold_loss":0},{"damage_healed":0,"gold_gain":0,"player_choice":"Ignored","damage_taken":0,"max_hp_gain":0,"max_hp_loss":0,"event_name":"OrinTheCat","floor":37,"gold_loss":0},{"cards_removed":["Wraith"],"damage_healed":0,"gold_gain":0,"player_choice":"Removed Curses","damage_taken":0,"max_hp_gain":0,"max_hp_loss":0,"event_name":"Fountain of Cleansing","floor":47,"gold_loss":0}],"is_beta":false,"boss_relics":[{"not_picked":["Calling Bell","Philosopher\u0027s Stone"],"picked":"animator:VividPicture"},{"not_picked":["bronze:MakeshiftBattery","Runic Dome"],"picked":"animator:HolyGrailRelic"}],"items_purged_floors":[25],"is_endless":false,"potions_floor_spawned":[4,13,16,21,22,27,31,35,41,48],"killed_by":"Donu and Deca","ascension_level":0}}