{"host":"s41rn2jhghpwfrvz","time":1612688524,"event":{"mods":["BaseMod","Minty Spire (QoL Compilation)","Quick Restart","Relic Stats","SuperFastMode"],"gold_per_floor":[116,134,152,168,168,203,30,30,30,63,63,79,59,73,73,144,144,157,157,157,185,202,227,242,267,267,267,267],"floor_reached":27,"language":"ENG","playtime":1053,"items_purged":[],"score":570,"play_id":"a059c2d8-3b3d-42ed-a206-3823505c601b","local_time":"20210207110204","daily_mods":["SealedDeck","Diverse","DeadlyEvents"],"is_ascension_mode":true,"campfire_choices":[{"data":"PathToVictory","floor":8,"key":"SMITH"},{"data":"White Noise","floor":15,"key":"SMITH"}],"circlet_count":0,"master_deck":["AscendersBane","Prepared","Collect","FTL","PathToVictory+1","Turbo","Self Repair","Flame Barrier","Acrobatics","Acrobatics","White Noise+1","Vault"],"relics":["Burning Blood","White Beast Statue","Art of War","Mango","Busted Crown","Paper Frog","Anchor","Pantograph","Sundial"],"acts_visited":["Exordium","TheCity"],"potions_floor_usage":[27],"damage_taken":[{"damage":1,"enemies":"Small Slimes","floor":1,"turns":4},{"damage":5,"enemies":"Jaw Worm","floor":2,"turns":4},{"damage":0,"enemies":"Cultist","floor":3,"turns":3},{"damage":11,"enemies":"Looter","floor":4,"turns":2},{"damage":8,"enemies":"Lagavulin","floor":6,"turns":4},{"damage":20,"enemies":"3 Sentries","floor":10,"turns":6},{"damage":0,"enemies":"Exordium Wildlife","floor":12,"turns":3},{"damage":11,"enemies":"Exordium Thugs","floor":13,"turns":4},{"damage":0,"enemies":"Lots of Slimes","floor":14,"turns":2},{"damage":4,"enemies":"The Guardian","floor":16,"turns":5},{"damage":6,"enemies":"Chosen","floor":18,"turns":5},{"damage":12,"enemies":"Gremlin Leader","floor":21,"turns":4},{"damage":9,"enemies":"Shell Parasite","floor":22,"turns":3},{"damage":23,"enemies":"Slavers","floor":23,"turns":5},{"damage":21,"enemies":"Shelled Parasite and Fungi","floor":24,"turns":4},{"damage":21,"enemies":"Gremlin Leader","floor":25,"turns":5},{"damage":42,"enemies":"Slavers","floor":27,"turns":4}],"seed_played":"906888049469466665","potions_obtained":[{"floor":3,"key":"SteroidPotion"},{"floor":10,"key":"ElixirPotion"}],"is_trial":true,"path_per_floor":["M","M","M","M","?","E","$","R","T","E","$","M","M","M","R","B",null,"M","?","?","E","M","E","M","E","T","E"],"character_chosen":"IRONCLAD","items_purchased":["Art of War"],"campfire_rested":0,"item_purchase_floors":[7],"current_hp_per_floor":[75,75,75,75,75,75,75,75,75,82,82,89,89,89,89,89,89,89,89,63,64,68,58,50,42,42,0,0],"gold":267,"neow_bonus":"","is_daily":false,"chose_seed":false,"campfire_upgraded":2,"win_rate":0.0,"timestamp":1612688524,"path_taken":["M","M","M","M","?","E","$","R","T","E","?","M","M","M","R","BOSS","M","?","?","?","M","E","M","E","T","E"],"items_purchased_type":["Relic"],"build_version":"2020-12-22","purchased_purges":0,"victory":false,"max_hp_per_floor":[75,75,75,75,75,75,75,75,75,89,89,89,89,89,89,89,89,89,89,94,94,94,94,94,94,94,94,94],"relic_stats":{"Busted Crown":12,"counters":[17,67],"Sundial":[2],"Pantograph":0,"Art of War":[19],"obtain_stats":[{"Anchor":23,"Busted Crown":17,"Sundial":26,"Pantograph":25,"Mango":10,"Art of War":7,"Burning Blood":0,"White Beast Statue":6,"Paper Frog":21},{"Anchor":14,"Busted Crown":10,"Sundial":16,"Pantograph":16,"Mango":6,"Art of War":5,"Burning Blood":0,"White Beast Statue":5,"Paper Frog":12},{"Anchor":54,"Busted Crown":37,"Sundial":63,"Pantograph":63,"Mango":23,"Art of War":17,"Burning Blood":0,"White Beast Statue":17,"Paper Frog":46}],"Burning Blood":81},"card_choices":[{"not_picked":["InnerPeace","Twin Strike","Sunder"],"picked":"SKIP","floor":1},{"not_picked":["Seeing Red","Headbutt","Masterful Stab"],"picked":"SKIP","floor":2},{"not_picked":["Evaluate","Darkness","Gash"],"picked":"SKIP","floor":3},{"not_picked":["Second Wind","Flex","Setup"],"picked":"SKIP","floor":4},{"not_picked":["Twin Strike","Cold Snap","Prostrate"],"picked":"SKIP","floor":6},{"not_picked":["Calculated Gamble","Evolve","Hello World"],"picked":"SKIP","floor":10},{"not_picked":["Backstab","Havoc","Body Slam"],"picked":"SKIP","floor":12},{"not_picked":["Terror","Shrug It Off","ReachHeaven"],"picked":"SKIP","floor":13},{"not_picked":["BowlingBash","Cold Snap","PiercingWail"],"picked":"SKIP","floor":14},{"not_picked":["Reboot","Rainbow"],"picked":"Vault","floor":16},{"not_picked":["TalkToTheHand"],"picked":"SKIP","floor":18},{"not_picked":["Bludgeon"],"picked":"SKIP","floor":21},{"not_picked":["Clothesline"],"picked":"SKIP","floor":22},{"not_picked":["Sword Boomerang"],"picked":"SKIP","floor":23},{"not_picked":["Protect"],"picked":"SKIP","floor":24},{"not_picked":["Rip and Tear"],"picked":"SKIP","floor":25}],"player_experience":1884448,"relics_obtained":[{"floor":6,"key":"White Beast Statue"},{"floor":10,"key":"Mango"},{"floor":21,"key":"Paper Frog"},{"floor":23,"key":"Anchor"},{"floor":25,"key":"Pantograph"},{"floor":26,"key":"Sundial"}],"event_choices":[{"damage_healed":0,"gold_gain":0,"player_choice":"Ignored","damage_taken":0,"max_hp_gain":0,"max_hp_loss":0,"event_name":"Liars Game","floor":5,"gold_loss":0},{"damage_healed":0,"gold_gain":0,"player_choice":"Ignored","damage_taken":0,"max_hp_gain":0,"max_hp_loss":0,"event_name":"Vampires","floor":19,"gold_loss":0},{"damage_healed":0,"gold_gain":0,"player_choice":"Shed Blood","damage_taken":31,"max_hp_gain":5,"max_hp_loss":0,"event_name":"Forgotten Altar","floor":20,"gold_loss":0}],"is_beta":false,"boss_relics":[{"not_picked":["Snecko Eye","Philosopher\u0027s Stone"],"picked":"Busted Crown"}],"items_purged_floors":[],"is_endless":false,"potions_floor_spawned":[3,10,12,13,14,16,18,21,22,23,24,25],"killed_by":"Slavers","ascension_level":20}}