{"host":"i4vlfbz13gs2xtdj","time":1612729926,"event":{"mods":["2.2 Compatiblity","AchievementEnabler","Act Like it!","Aspiration","BaseMod","Bestiary","Better Altar","Better Match","Better Note","Better Sensory Stone","Better Skull","Better Third Choice","BetterRewards","CatGirl Mod","Challenge The Spire","Colored Map","Colored Powertips","Curses Come First","Defuse TimeMaze Blight","Elementarium","Energized Spire","Fox Events","Friendly Minions","GifTheSpireLib","Halation","Hubris","Infinite Spire","Jedi Mod","Marked Mod","Menagerie","Minty Spire (QoL Compilation)","Pale of the Ancients","Potionbrewer","Rare Cards Sparkle","Relic Sorter","Relic Stats","Reliquary","Replay The Spire","Shop Mod","Somnambulant","Spicy Shops","Spikes Relics","Spire Arcade","StSLib","Stuff the Spire","The Blue Laboratory","The Marked","The Sage","Trackpad","Useless Jewels Mod","Wandering Minibosses"],"gold_per_floor":[109,124,124,3,3,336,336,351,351,20,20,122,135,210,210,309,309,328,328,328,346,346,346],"floor_reached":22,"language":"ENG","playtime":1161,"items_purged":["Writhe"],"score":209,"play_id":"05abee54-22a7-4d6a-89cf-c2431176e1fe","local_time":"20210207153206","is_ascension_mode":false,"campfire_choices":[{"data":"theMarked:Improvise","floor":7,"key":"SMITH"}],"circlet_count":0,"master_deck":["theMarked:Strike","theMarked:Strike","theMarked:Strike","theMarked:Defend","theMarked:Defend","theMarked:Defend","theMarked:SoldierOfQuellstein","theMarked:Improvise+1","theMarked:Aftermath+1","theMarked:FavorableWinds","Shame","theMarked:ChainLightning","theMarked:Indomitable","Die Die Die","theMarked:WastefulAttack","Finisher","Atom Bomb","jedi:rejectivetoxin","Seek","theMarked:SwordAndMagic"],"relics":["theMarked:ArtifactOfAir","NeowsBlessing","halation:EternalFortune","jedi:archwizardhat","Old Coin","Replay:Multitool","StuffTheSpire:HeavyRock","potionbrewer:ToyAutogyro","Membership Card","hubris:DisguiseKit","StuffTheSpire:RunicHypercube"],"acts_visited":["Exordium","TheCity"],"potions_floor_usage":[18],"damage_taken":[{"damage":0,"enemies":"2 Louse","floor":1,"turns":1},{"damage":0,"enemies":"Jaw Worm","floor":2,"turns":1},{"damage":0,"enemies":"Lagavulin","floor":6,"turns":1},{"damage":0,"enemies":"Small Slimes","floor":8,"turns":3},{"damage":2,"enemies":"Blue Slaver","floor":12,"turns":7},{"damage":1,"enemies":"Exordium Thugs","floor":13,"turns":4},{"damage":62,"enemies":"The Guardian","floor":16,"turns":10},{"damage":0,"enemies":"Spheric Guardian","floor":18,"turns":3},{"damage":35,"enemies":"3 Byrds","floor":21,"turns":6},{"damage":46,"enemies":"Shelled Parasite and Fungi","floor":22,"turns":4}],"seed_played":"4549562007411250779","potions_obtained":[{"floor":8,"key":"blueLaboratory:BottledHope"},{"floor":13,"key":"Dexterity Potion"}],"is_trial":false,"path_per_floor":["M","M","?","$","?","E","R","M","T","$","?","M","M","?","R","B",null,"M","?","?","M","M"],"character_chosen":"THE_DEFAULT","items_purchased":["jedi:archwizardhat","StuffTheSpire:HeavyRock","potionbrewer:ToyAutogyro","Membership Card"],"campfire_rested":0,"item_purchase_floors":[4,10,10,10],"current_hp_per_floor":[70,70,73,73,73,73,73,73,73,73,73,71,70,59,73,11,73,76,76,76,44,0,0],"gold":346,"neow_bonus":"THREE_ENEMY_KILL","is_daily":false,"chose_seed":false,"campfire_upgraded":1,"win_rate":0.0,"timestamp":1612729926,"path_taken":["M","M","?","?","?","E","R","M","T","$","?","M","?","?","R","BOSS","M","?","?","?","M"],"items_purchased_type":["Relic","Relic","Relic","Relic"],"build_version":"2020-12-22","purchased_purges":1,"victory":false,"max_hp_per_floor":[70,70,73,73,73,73,73,73,73,73,73,73,73,73,73,73,73,76,76,76,79,79,79],"relic_stats":{"counters":[10,39],"obtain_stats":[{"theMarked:ArtifactOfAir":0,"hubris:DisguiseKit":11,"NeowsBlessing":0,"StuffTheSpire:RunicHypercube":17,"StuffTheSpire:HeavyRock":10,"halation:EternalFortune":3,"Replay:Multitool":9,"Membership Card":10,"jedi:archwizardhat":4,"potionbrewer:ToyAutogyro":10,"Old Coin":6},{"theMarked:ArtifactOfAir":0,"hubris:DisguiseKit":4,"NeowsBlessing":0,"StuffTheSpire:RunicHypercube":7,"StuffTheSpire:HeavyRock":4,"halation:EternalFortune":2,"Replay:Multitool":4,"Membership Card":4,"jedi:archwizardhat":2,"potionbrewer:ToyAutogyro":4,"Old Coin":3},{"theMarked:ArtifactOfAir":0,"hubris:DisguiseKit":6,"NeowsBlessing":0,"StuffTheSpire:RunicHypercube":27,"StuffTheSpire:HeavyRock":6,"halation:EternalFortune":2,"Replay:Multitool":6,"Membership Card":6,"jedi:archwizardhat":2,"potionbrewer:ToyAutogyro":6,"Old Coin":3}]},"card_choices":[{"not_picked":["theMarked:BanishingStrike","theMarked:RepellingDischarge"],"picked":"theMarked:Improvise","floor":1},{"not_picked":["theMarked:TheMission","theMarked:Pokerface"],"picked":"theMarked:Aftermath","floor":2},{"not_picked":["theMarked:MuscleMemory","theMarked:RepellingDischarge"],"picked":"theMarked:FavorableWinds","floor":6},{"not_picked":["theMarked:SelfDefenseTraining","theMarked:RogueSparks","theMarked:Overthink"],"picked":"SKIP","floor":8},{"not_picked":["theMarked:ElectricStrings","theMarked:Parkour","Slice"],"picked":"theMarked:ChainLightning","floor":12},{"not_picked":["theMarked:Parkour","theMarked:Frustration","Dagger Spray"],"picked":"theMarked:Indomitable","floor":13},{"not_picked":["theMarked:DispelDoubt","theMarked:TakeOffHeels","theMarked:ThrowWeapon"],"picked":"Die Die Die","floor":16},{"not_picked":["theMarked:TunnelVision","theMarked:StartUp","Choke"],"picked":"theMarked:WastefulAttack","floor":18},{"not_picked":["theMarked:Reabsorb+1","theMarked:Convert+1","Poisoned Stab"],"picked":"theMarked:SwordAndMagic","floor":21}],"player_experience":357576,"relics_obtained":[{"floor":6,"key":"Old Coin"},{"floor":9,"key":"Replay:Multitool"},{"floor":18,"key":"halation:EternalFortune"},{"floor":21,"key":"halation:EternalFortune"}],"event_choices":[{"damage_healed":0,"gold_gain":75,"player_choice":"Gold","damage_taken":11,"max_hp_gain":0,"max_hp_loss":0,"event_name":"betterThird:BetterGoop","floor":14,"gold_loss":0},{"cards_removed":["Die Die Die"],"damage_healed":0,"gold_gain":0,"player_choice":"Take \u0026 Give","damage_taken":0,"max_hp_gain":0,"max_hp_loss":0,"event_name":"betterNote:BetterNote","floor":20,"gold_loss":0,"cards_obtained":["Seek"]}],"is_beta":false,"boss_relics":[{"not_picked":["halation:PlatinumPhoenix","Calling Bell"],"picked":"StuffTheSpire:RunicHypercube"}],"items_purged_floors":[10],"is_endless":false,"potions_floor_spawned":[8,13],"killed_by":"Shelled Parasite and Fungi","ascension_level":0}}