{"host":"wttmrzzrx8nzm6lv","time":1612681125,"event":{"mods":["Arknights","BaseMod","Marisa£®ÏF”Í°°ƒß¿Ì…≥£©","Minty Spire (QoL Compilation)","Remilia£®¿Ÿ√◊¿Ú—«£©","StSLib","Youmu£®ªÍ∆«—˝√Œ£©"],"gold_per_floor":[112,13,88,88,88,88,88,109,109,15,50,63,63,103,103,103,103],"floor_reached":16,"language":"ZHS","playtime":160,"items_purged":["Defend_R"],"score":131,"play_id":"6d2306e4-7899-4c04-bbb5-8e334b01b114","local_time":"20210207145845","is_ascension_mode":false,"campfire_choices":[{"data":"Clash","floor":7.0,"key":"SMITH"},{"data":"Bludgeon","floor":15,"key":"SMITH"}],"circlet_count":0,"master_deck":["Strike_R","Strike_R","Strike_R","Strike_R","Defend_R","Defend_R","Bash","Clash+1","Trip","True Grit","Bludgeon+1"],"relics":["Burning Blood","NeowsBlessing","Golden Idol","Regal Pillow","Akabeko","Self Forming Clay"],"acts_visited":["Exordium"],"potions_floor_usage":[14,14],"damage_taken":[{"damage":0.0,"enemies":"Small Slimes","floor":1.0,"turns":1.0},{"damage":0.0,"enemies":"Jaw Worm","floor":8.0,"turns":1.0},{"damage":0.0,"enemies":"Lagavulin","floor":11.0,"turns":1.0},{"damage":0.0,"enemies":"2 Louse","floor":12.0,"turns":2.0},{"damage":13,"enemies":"3 Sentries","floor":14,"turns":7},{"damage":0,"enemies":"Hexaghost","floor":16,"turns":1}],"seed_played":"6010100222645803367","potions_obtained":[{"floor":8.0,"key":"SkillPotion"},{"floor":11.0,"key":"BlessingOfTheForge"}],"is_trial":false,"path_per_floor":["M","$","?","?","?","$","R","M","T","$","E","M","?","E","R","B"],"character_chosen":"IRONCLAD","items_purchased":["Clash","Trip"],"campfire_rested":0,"item_purchase_floors":[2,10],"current_hp_per_floor":[80,80,69,49,42,42,42,48,48,48,54,60,60,53,53,53,53],"gold":103,"neow_bonus":"THREE_ENEMY_KILL","is_daily":false,"chose_seed":false,"campfire_upgraded":2,"win_rate":0.0,"timestamp":1612681125,"path_taken":["M","$","?","?","?","?","R","M","T","?","E","M","?","E","R","BOSS"],"items_purchased_type":["Card","Card"],"build_version":"2020-12-22","purchased_purges":1,"victory":false,"max_hp_per_floor":[80,80,80,80,80,80,80,80,80,80,80,80,80,80,80,80,80],"card_choices":[{"not_picked":["Anger","Feel No Pain","Pummel"],"picked":"SKIP","floor":1.0},{"not_picked":["Armaments","Warcry","Clothesline"],"picked":"SKIP","floor":8.0},{"not_picked":["True Grit","Twin Strike","Cleave"],"picked":"SKIP","floor":11.0},{"not_picked":["Thunderclap","Shrug It Off","Cleave"],"picked":"SKIP","floor":12.0},{"not_picked":["Combust","Pommel Strike"],"picked":"Bludgeon","floor":14}],"player_experience":749159,"relics_obtained":[{"floor":9.0,"key":"Regal Pillow"},{"floor":11.0,"key":"Akabeko"},{"floor":14,"key":"Self Forming Clay"}],"event_choices":[{"damage_healed":0.0,"max_hp_gain":0.0,"max_hp_loss":0.0,"gold_gain":75.0,"event_name":"World of Goop","player_choice":"Gather Gold","floor":3.0,"gold_loss":0.0,"damage_taken":11.0},{"damage_healed":0.0,"max_hp_gain":0.0,"max_hp_loss":0.0,"gold_gain":0.0,"event_name":"Golden Idol","player_choice":"Take Damage","floor":4.0,"gold_loss":0.0,"damage_taken":20.0,"relics_obtained":["Golden Idol"]},{"cards_removed":["Strike_R"],"damage_healed":0.0,"max_hp_gain":0.0,"max_hp_loss":0.0,"gold_gain":0.0,"event_name":"Golden Wing","player_choice":"Card Removal","floor":5.0,"gold_loss":0.0,"damage_taken":7.0},{"damage_healed":0.0,"max_hp_gain":0.0,"max_hp_loss":0.0,"gold_gain":0.0,"cards_transformed":["Defend_R"],"event_name":"Transmorgrifier","player_choice":"Transformed","floor":13.0,"gold_loss":0.0,"damage_taken":0.0,"cards_obtained":["True Grit"]}],"is_beta":false,"boss_relics":[],"items_purged_floors":[2],"is_endless":false,"potions_floor_spawned":[8,11],"killed_by":"Hexaghost","ascension_level":0}}