{"host":"9tzam4717zt8ei1o","time":1612658151,"event":{"mods":["BaseMod","Colored Map","Keyboard Shortcuts","Minty Spire (QoL Compilation)","Quick Restart","StSLib","SuperFastMode"],"gold_per_floor":[117,117,137,137,49,49,83,83,83,83,8,41,54,54,54,54,54],"floor_reached":16,"language":"KOR","playtime":185,"items_purged":["Strike_G"],"score":236,"play_id":"8427bd09-6652-4bd5-86a1-014a267888a4","local_time":"20210207093551","is_ascension_mode":true,"campfire_choices":[{"data":"Bouncing Flask","floor":6.0,"key":"SMITH"},{"data":"Acrobatics","floor":10.0,"key":"SMITH"},{"data":"Flechettes","floor":15.0,"key":"SMITH"}],"circlet_count":0,"master_deck":["AscendersBane","Strike_G","Strike_G","Strike_G","Defend_G","Defend_G","Defend_G","Defend_G","Defend_G","Survivor","Neutralize","Acrobatics+1","Bouncing Flask+1","Flechettes+1","Escape Plan"],"relics":["Ring of the Snake","NeowsBlessing","Golden Idol","Centennial Puzzle","Regal Pillow","Darkstone Periapt"],"acts_visited":["Exordium"],"potions_floor_usage":[16,16],"damage_taken":[{"damage":0.0,"enemies":"2 Louse","floor":1.0,"turns":1.0},{"damage":0.0,"enemies":"Small Slimes","floor":3.0,"turns":1.0},{"damage":0.0,"enemies":"Gremlin Nob","floor":7.0,"turns":1.0},{"damage":37.0,"enemies":"3 Sentries","floor":12.0,"turns":9.0},{"damage":0.0,"enemies":"Cultist","floor":13.0,"turns":3.0},{"damage":29,"enemies":"Slime Boss","floor":16,"turns":4}],"seed_played":"1724446469280011660","potions_obtained":[{"floor":7.0,"key":"PowerPotion"},{"floor":12.0,"key":"Dexterity Potion"},{"floor":13.0,"key":"LiquidMemories"}],"is_trial":false,"path_per_floor":["M","?","M","?","$","R","E","?","T","R","$","E","M","$","R","B"],"character_chosen":"THE_SILENT","items_purchased":["Bouncing Flask"],"campfire_rested":0,"item_purchase_floors":[5],"current_hp_per_floor":[59,36,36,36,36,36,36,66,66,66,66,29,29,29,29,0,0],"gold":54,"neow_bonus":"THREE_ENEMY_KILL","is_daily":false,"chose_seed":false,"campfire_upgraded":3,"win_rate":0.0,"timestamp":1612658151,"path_taken":["M","?","M","?","$","R","E","?","T","R","$","E","?","?","R","BOSS"],"items_purchased_type":["Card"],"build_version":"2020-12-22","purchased_purges":1,"victory":false,"max_hp_per_floor":[66,66,66,66,66,66,66,66,66,66,66,66,66,66,66,66,66],"card_choices":[{"not_picked":["Dagger Spray","Deadly Poison","Backflip"],"picked":"SKIP","floor":1.0},{"not_picked":["Outmaneuver","Flying Knee"],"picked":"Acrobatics","floor":3.0},{"not_picked":["Flying Knee","Quick Slash","Riddle With Holes"],"picked":"SKIP","floor":7.0},{"not_picked":["Night Terror","Skewer"],"picked":"Flechettes","floor":12.0},{"not_picked":["Caltrops","Setup"],"picked":"Escape Plan","floor":13.0}],"player_experience":122717,"relics_obtained":[{"floor":7.0,"key":"Centennial Puzzle"},{"floor":9.0,"key":"Regal Pillow"},{"floor":12.0,"key":"Darkstone Periapt"}],"event_choices":[{"damage_healed":0.0,"max_hp_gain":0.0,"max_hp_loss":0.0,"gold_gain":0.0,"event_name":"Golden Idol","player_choice":"Take Damage","floor":2.0,"gold_loss":0.0,"damage_taken":23.0,"relics_obtained":["Golden Idol"]},{"cards_removed":["Strike_G"],"damage_healed":0.0,"max_hp_gain":0.0,"max_hp_loss":0.0,"gold_gain":0.0,"event_name":"Living Wall","player_choice":"Forget","floor":4.0,"gold_loss":0.0,"damage_taken":0.0},{"damage_healed":30.0,"max_hp_gain":0.0,"max_hp_loss":0.0,"gold_gain":0.0,"event_name":"Wheel of Change","player_choice":"Full Heal","floor":8.0,"gold_loss":0.0,"damage_taken":0.0}],"is_beta":false,"boss_relics":[],"items_purged_floors":[11],"is_endless":false,"potions_floor_spawned":[7,12,13],"killed_by":"Slime Boss","ascension_level":16}}