{"host":"oeh4wb93hhtrshvk","time":1612697877,"event":{"mods":["2.2 Compatiblity","AchievementEnabler","Act Like it!","Aspiration","BaseMod","Better Skull","Better Third Choice","Block Reminder","Bossed Relics","Card Filter","Colored Powertips","Conspire","Curses Come First","Defuse TimeMaze Blight","Displayed Cursed Tome","Downfall","Energized Spire","GifTheSpireLib","Hermit","Hubris","Infinite Spire","Marisa????????","Minty Spire (QoL Compilation)","Pale of the Ancients","Quick Restart","Rare Cards Sparkle","Relic Filter","Reliquary","Replay The Spire","Shop Mod","Spicy Shops","StS++","StSLib","The Blue Laboratory","The Cursed","Transform Curses","Wandering Minibosses","Weighted Paths","Wide Potions"],"gold_per_floor":[115,115,115,168,0,0,18,48,48,77,88,88,2,30,30,134,134,152,152,202,226,251,263,288,300,390,419,451,1,11,21,21,126,126,126],"floor_reached":34,"language":"FRA","playtime":2518,"items_purged":[],"score":497,"play_id":"02e4f6fd-e0f6-49f0-9cfa-5172d1c89235","local_time":"20210207123757","daily_mods":["Heirloom","DeadlyEvents"],"is_ascension_mode":false,"campfire_choices":[{"data":"CarveReality","floor":6,"key":"SMITH"},{"data":"DevaForm","floor":12,"key":"SMITH"},{"data":"Trip","floor":15,"key":"SMITH"},{"data":"TalkToTheHand","floor":23,"key":"SMITH"},{"data":"Enlightenment","floor":25,"key":"SMITH"}],"circlet_count":0,"master_deck":["Strike_P","Strike_P","Strike_P","Strike_P","Defend_P","Defend_P","Defend_P","Defend_P","Eruption","Vigilance","ClearTheMind","CarveReality+1","Enlightenment+1","SignatureMove","DevaForm+1","TalkToTheHand+1","Trip+1","DevaForm","hubris:Gluttony","Pray+1","Consecrate+1","infinitespire:Pacifist","infinitespire:Pacifist","StSpp:Cataclysm","WheelKick+1","Omniscience"],"relics":["PureWater","FossilizedHelix","Centennial Puzzle","Guardian:PocketSentry","aspiration:HatOfInfinitePower","Slimebound:PreparedRelic","TeardropLocket","hubris:ScarierMask","hubris:CrystalStatue","Ring of Greed","MawBank","Replay:Wax Seal","Ring of Fury","wanderingMiniBosses:Blackblade","reliquary:HotPoker","hubris:TenFootPole","StrikeDummy","aspiration:PoetsPen_weak"],"acts_visited":["Exordium","TheCity","TheBeyond"],"potions_floor_usage":[10,18,18],"damage_taken":[{"damage":0,"enemies":"2 Louse","floor":1,"turns":3},{"damage":0,"enemies":"Jaw Worm","floor":7,"turns":1},{"damage":9,"enemies":"3 Sentries","floor":8,"turns":4},{"damage":0,"enemies":"Gremlin Nob","floor":10,"turns":3},{"damage":0,"enemies":"Small Slimes","floor":11,"turns":1},{"damage":6,"enemies":"3 Sentries","floor":14,"turns":3},{"damage":0,"enemies":"Fading Forest","floor":16,"turns":11},{"damage":24,"enemies":"Spheric Guardian","floor":18,"turns":6},{"damage":0,"enemies":"2 Thieves","floor":21,"turns":2},{"damage":0,"enemies":"3 Cultists","floor":22,"turns":4},{"damage":10,"enemies":"Snake Plant","floor":24,"turns":4},{"damage":0,"enemies":"Chosen and Byrds","floor":27,"turns":2},{"damage":0,"enemies":"Shelled Parasite and Fungi","floor":28,"turns":2},{"damage":0,"enemies":"Sentry and Sphere","floor":30,"turns":1},{"damage":0,"enemies":"Chosen and Byrds","floor":31,"turns":3},{"damage":0,"enemies":"Champ","floor":33,"turns":4}],"seed_played":"-2215137025672497249","potions_obtained":[{"floor":8,"key":"Swift Potion"},{"floor":14,"key":"blueLaboratory:BottleOfRum"},{"floor":16,"key":"hexamod:SoulburnPotion"},{"floor":21,"key":"Dexterity Potion"},{"floor":24,"key":"infinitespire:BlackPotion"},{"floor":27,"key":"LiquidBronze"}],"is_trial":true,"path_per_floor":["M","?","?","T","?","R","M","E","T","E","M","R","$","E","R","B",null,"M","T","?","M","M","R","M","R","T","M","M","$","M","M","R","B",null],"character_chosen":"WATCHER","items_purchased":["Trip","StSpp:Cataclysm","hubris:TenFootPole","StrikeDummy"],"campfire_rested":0,"item_purchase_floors":[13,29,29,29],"current_hp_per_floor":[72,72,72,72,78,78,78,69,69,69,69,69,69,63,63,73,78,54,54,54,54,54,54,44,44,44,44,44,44,44,44,67,67,78,78],"gold":126,"neow_bonus":"","is_daily":false,"chose_seed":false,"campfire_upgraded":5,"win_rate":0.0,"timestamp":1612697877,"path_taken":["M","?","?","?","?","R","M","E","T","?","M","R","$","E","R","BOSS","M","?","?","M","?","R","?","R","T","?","M","$","M","M","R","BOSS"],"items_purchased_type":["Card","Card","Relic","Relic"],"build_version":"2020-12-22","purchased_purges":0,"victory":false,"max_hp_per_floor":[72,72,72,72,78,78,78,78,78,78,78,78,78,78,78,78,78,78,78,78,78,78,78,78,78,78,78,78,78,78,78,78,78,78,78],"card_choices":[{"not_picked":["Replay:ManipulateFuture","Vengeance"],"picked":"ClearTheMind","floor":1},{"not_picked":["Perseverance","Fasting2"],"picked":"SignatureMove","floor":7},{"not_picked":["Replay:AtTheReady","Pray"],"picked":"DevaForm","floor":8},{"not_picked":["FlurryOfBlows","JustLucky"],"picked":"TalkToTheHand","floor":10},{"not_picked":["Prostrate","Perseverance","BowlingBash"],"picked":"SKIP","floor":11},{"not_picked":["FlurryOfBlows","Collect","Fasting2"],"picked":"SKIP","floor":14},{"not_picked":["Alpha","Brilliance"],"picked":"DevaForm","floor":16},{"not_picked":["LikeWater","PathToVictory","JustLucky"],"picked":"SKIP","floor":18},{"not_picked":["JustLucky","FlurryOfBlows"],"picked":"Pray+1","floor":21},{"not_picked":["EmptyMind+1","Tantrum"],"picked":"Consecrate","floor":22},{"not_picked":["wanderingMiniBosses:FinaleOfPromise"],"picked":"SKIP","floor":24},{"not_picked":["CutThroughFate","EmptyBody","BowlingBash"],"picked":"SKIP","floor":24},{"not_picked":["Wireheading+1","EmptyBody+1","Tantrum"],"picked":"SKIP","floor":27},{"not_picked":["Tantrum","SandsOfTime","StSpp:LatentStrike"],"picked":"SKIP","floor":28},{"not_picked":["ThirdEye","CutThroughFate"],"picked":"WheelKick+1","floor":30},{"not_picked":["BowlingBash","FlyingSleeves","Conclude"],"picked":"SKIP","floor":31},{"not_picked":["Establishment","ConjureBlade"],"picked":"Omniscience","floor":33}],"player_experience":664398,"relics_obtained":[{"floor":4,"key":"Centennial Puzzle"},{"floor":8,"key":"Guardian:PocketSentry"},{"floor":9,"key":"aspiration:HatOfInfinitePower"},{"floor":10,"key":"Slimebound:PreparedRelic"},{"floor":14,"key":"TeardropLocket"},{"floor":19,"key":"hubris:CrystalStatue"},{"floor":20,"key":"Ring of Greed"},{"floor":20,"key":"MawBank"},{"floor":20,"key":"Replay:Wax Seal"},{"floor":20,"key":"Ring of Fury"},{"floor":24,"key":"wanderingMiniBosses:Blackblade"},{"floor":26,"key":"reliquary:HotPoker"}],"event_choices":[{"damage_healed":0,"gold_gain":0,"player_choice":"RENOUNCE","damage_taken":168,"max_hp_gain":0,"max_hp_loss":0,"event_name":"betterThird:BetterSerpent","floor":5,"gold_loss":168,"cards_obtained":["Enlightenment"]}],"is_beta":false,"boss_relics":[{"not_picked":["expansioncontent:StudyCardRelic","aspiration:FutureDiary"],"picked":"hubris:ScarierMask"},{"not_picked":["energizedSpire:DeadBattery","energizedSpire:OgreHead"],"picked":"aspiration:PoetsPen_weak"}],"items_purged_floors":[],"is_endless":false,"potions_floor_spawned":[8,14,16,21,24,27,30,33],"ascension_level":0}}