{"host":"t7mx8yfj1no5p62f","time":1612674708,"event":{"mods":["BaseMod","Colored Map","Colored Powertips","Curses Come First","Minty Spire (QoL Compilation)","Relic Stats","StSLib"],"gold_per_floor":[213,227,238,257,257,257,23,23,72,103,103,3,3,29,29,105,105,121,131,56,86,86,86],"floor_reached":22,"language":"ENG","playtime":746,"items_purged":["Strike_R","Strike_R"],"score":384,"play_id":"78be0777-8138-412f-b50c-8bb848fc91df","local_time":"20210207001148","is_ascension_mode":true,"campfire_choices":[{"data":"Pommel Strike","floor":6,"key":"SMITH"},{"data":"Combust","floor":8,"key":"SMITH"},{"data":"Blood for Blood","floor":11,"key":"SMITH"},{"floor":15,"key":"REST"}],"circlet_count":0,"master_deck":["AscendersBane","Defend_R","Defend_R","Defend_R+1","Bash","Flame Barrier+1","Clothesline","Iron Wave","Pommel Strike+1","Blood for Blood+1","Combust+1","Blood for Blood+1","Immolate+1","Combust+1","Bludgeon+1","Cleave+1","Ghostly Armor"],"relics":["Burning Blood","Toy Ornithopter","Vajra","Molten Egg 2","Astrolabe","Red Mask"],"acts_visited":["Exordium","TheCity"],"potions_floor_usage":[10,16,19],"damage_taken":[{"damage":7,"enemies":"Cultist","floor":1,"turns":4},{"damage":6,"enemies":"Jaw Worm","floor":2,"turns":6},{"damage":6,"enemies":"2 Louse","floor":3,"turns":3},{"damage":9,"enemies":"Looter","floor":4,"turns":5},{"damage":28,"enemies":"Gremlin Nob","floor":10,"turns":4},{"damage":17,"enemies":"3 Sentries","floor":14,"turns":5},{"damage":15,"enemies":"The Guardian","floor":16,"turns":10},{"damage":27,"enemies":"Shell Parasite","floor":18,"turns":5},{"damage":38,"enemies":"Chosen","floor":19,"turns":4},{"damage":18,"enemies":"Masked Bandits","floor":21,"turns":3},{"damage":13,"enemies":"Sentry and Sphere","floor":22,"turns":2}],"seed_played":"7397033937277315228","potions_obtained":[{"floor":1,"key":"ElixirPotion"},{"floor":4,"key":"FearPotion"},{"floor":14,"key":"PowerPotion"}],"is_trial":false,"path_per_floor":["M","M","M","M","?","R","$","R","T","E","R","$","?","E","R","B",null,"M","M","?","?","M"],"character_chosen":"IRONCLAD","items_purchased":["Blood for Blood","Combust"],"campfire_rested":1,"item_purchase_floors":[7,7],"current_hp_per_floor":[67,67,67,64,69,69,69,69,69,52,52,52,28,17,41,37,69,48,21,21,9,0,0],"gold":86,"neow_bonus":"HUNDRED_GOLD","is_daily":false,"chose_seed":false,"campfire_upgraded":3,"win_rate":0.0,"timestamp":1612674708,"path_taken":["M","M","M","?","?","R","$","R","T","E","R","?","?","E","R","BOSS","M","M","?","?","M"],"items_purchased_type":["Card","Card"],"build_version":"2020-12-22","purchased_purges":2,"victory":false,"max_hp_per_floor":[75,75,75,75,80,80,80,80,80,80,80,80,80,80,80,80,80,80,80,80,80,80,80],"relic_stats":{"counters":[11,51],"Astrolabe":["Combust","Bludgeon","Cleave"],"obtain_stats":[{"Astrolabe":17,"Vajra":10,"Molten Egg 2":14,"Red Mask":21,"Burning Blood":0,"Toy Ornithopter":9},{"Astrolabe":7,"Vajra":5,"Molten Egg 2":6,"Red Mask":10,"Burning Blood":0,"Toy Ornithopter":4},{"Astrolabe":37,"Vajra":22,"Molten Egg 2":27,"Red Mask":49,"Burning Blood":0,"Toy Ornithopter":18}],"Burning Blood":60,"Toy Ornithopter":15},"card_choices":[{"not_picked":["Inflame","Sword Boomerang"],"picked":"Flame Barrier","floor":1},{"not_picked":["Searing Blow","Second Wind"],"picked":"Clothesline","floor":2},{"not_picked":["Thunderclap","Hemokinesis"],"picked":"Iron Wave","floor":3},{"not_picked":["Anger","Thunderclap"],"picked":"Pommel Strike","floor":4},{"not_picked":["Cleave","Clash","Infernal Blade"],"picked":"SKIP","floor":10},{"not_picked":["Body Slam+1","Clash+1"],"picked":"Blood for Blood+1","floor":14},{"not_picked":["Barricade","Juggernaut"],"picked":"Immolate+1","floor":16},{"not_picked":["Iron Wave+1","Sentinel","Twin Strike+1"],"picked":"SKIP","floor":18},{"not_picked":["Flame Barrier","Dark Embrace"],"picked":"Ghostly Armor","floor":19}],"player_experience":1951730,"relics_obtained":[{"floor":9,"key":"Toy Ornithopter"},{"floor":10,"key":"Vajra"},{"floor":14,"key":"Molten Egg 2"},{"floor":21,"key":"Red Mask"}],"event_choices":[{"damage_healed":0,"gold_gain":0,"player_choice":"Donut","damage_taken":0,"max_hp_gain":5,"max_hp_loss":0,"event_name":"Big Fish","floor":5,"gold_loss":0},{"damage_healed":0,"gold_gain":0,"player_choice":"Entered Light","damage_taken":24,"max_hp_gain":0,"max_hp_loss":0,"event_name":"Shining Light","floor":13,"gold_loss":0,"cards_upgraded":["Flame Barrier","Defend_R"]},{"cards_removed":["Defend_R"],"damage_healed":0,"gold_gain":0,"player_choice":"Gave Gold","damage_taken":0,"max_hp_gain":0,"max_hp_loss":0,"event_name":"Beggar","floor":20,"gold_loss":75},{"damage_healed":0,"gold_gain":0,"player_choice":"Fought Bandits","damage_taken":0,"max_hp_gain":0,"max_hp_loss":0,"event_name":"Masked Bandits","floor":21,"gold_loss":0}],"is_beta":false,"boss_relics":[{"not_picked":["Calling Bell","Runic Cube"],"picked":"Astrolabe"}],"items_purged_floors":[7,12],"is_endless":false,"potions_floor_spawned":[1,4,14],"killed_by":"Sentry and Sphere","ascension_level":20}}