{"host":"gkm149kh1ihaqy0o","time":1612673930,"event":{"mods":["AchievementEnabler","BaseMod","Colored Powertips","Googly Eyes","Key Reminder","Minty Spire (QoL Compilation)","Permanent Neow","Quick Restart","Random Character Button","Rare Cards Sparkle","Relic Sorter","Relic Stats","SuperFastMode","Unceasing Turn Reminder","everything is the same but u backflip on backflip"],"gold_per_floor":[115,128,138,63,73,104,104,136,136,168,185,0,0,32,32,137,137,148,148,148,162,77,77,77,107,131,157,157,168,185,216,216,312,312,325,343,343,356,367,398,413,490,490,544,544,20,20,67,67,67,67,67,17,46,46],"floor_reached":56,"language":"ENG","playtime":2871,"items_purged":["Strike_P","Shame","Defend_P"],"score":2330,"play_id":"6d835b24-5c9e-4900-be93-916b2c394db7","local_time":"20210206225850","is_ascension_mode":true,"campfire_choices":[{"data":"Eruption","floor":7,"key":"SMITH"},{"data":"TalkToTheHand","floor":15,"key":"SMITH"},{"floor":23,"key":"RECALL"},{"floor":32,"key":"REST"},{"floor":49,"key":"REST"},{"floor":52,"key":"REST"}],"circlet_count":0,"master_deck":["Strike_P+1","Strike_P+1","Strike_P+1","Defend_P+1","Defend_P+1","Eruption+1","Vigilance","CutThroughFate","Consecrate","CarveReality","FollowUp","Judgement+1","Vengeance","FlurryOfBlows+1","TalkToTheHand+1","Ragnarok","Vault","Collect+1","RitualDagger","Ghostly","Ghostly","Ghostly","Ghostly","Ghostly","Conclude","Omniscience","DeusExMachina","EmptyFist","ClearTheMind+1","LessonLearned","EmptyBody+1","WheelKick","Parasite","Wish","Vengeance+1","Fasting2+1","TalkToTheHand","EmptyMind","Apotheosis","Dark Shackles","Crescendo"],"relics":["Black Star","Pear","Lantern","Yang","Shuriken","Boot","The Courier","FossilizedHelix","Membership Card","MealTicket","Kunai","War Paint","Fusion Hammer","Eternal Feather","TungstenRod","Ice Cream","Bottled Flame","Akabeko","Ancient Tea Set","Centennial Puzzle","HornCleat","White Beast Statue","Du-Vu Doll","Cursed Key","Dream Catcher","Turnip","Letter Opener","Vajra","Smiling Mask","Ornamental Fan","Bronze Scales","Chemical X","Omamori","Incense Burner","Pen Nib","Whetstone","CaptainsWheel","Bag of Marbles","StrikeDummy"],"acts_visited":["Exordium","TheCity","TheBeyond","TheEnding"],"potions_floor_usage":[6,11,16,27,50,55,55,55],"damage_taken":[{"damage":0,"enemies":"Small Slimes","floor":1,"turns":2},{"damage":3,"enemies":"Cultist","floor":2,"turns":4},{"damage":3,"enemies":"2 Louse","floor":3,"turns":2},{"damage":4,"enemies":"Looter","floor":5,"turns":3},{"damage":5,"enemies":"3 Sentries","floor":6,"turns":4},{"damage":0,"enemies":"Gremlin Nob","floor":8,"turns":2},{"damage":1,"enemies":"3 Sentries","floor":10,"turns":3},{"damage":0,"enemies":"Large Slime","floor":11,"turns":3},{"damage":0,"enemies":"Lagavulin","floor":14,"turns":2},{"damage":11,"enemies":"The Guardian","floor":16,"turns":6},{"damage":0,"enemies":"Spheric Guardian","floor":18,"turns":3},{"damage":4,"enemies":"3 Byrds","floor":21,"turns":5},{"damage":0,"enemies":"Book of Stabbing","floor":25,"turns":4},{"damage":0,"enemies":"Gremlin Leader","floor":27,"turns":3},{"damage":0,"enemies":"Snecko","floor":29,"turns":2},{"damage":0,"enemies":"Snake Plant","floor":30,"turns":4},{"damage":0,"enemies":"Book of Stabbing","floor":31,"turns":3},{"damage":0,"enemies":"Automaton","floor":33,"turns":7},{"damage":0,"enemies":"3 Darklings","floor":35,"turns":6},{"damage":2,"enemies":"3 Shapes","floor":36,"turns":5},{"damage":0,"enemies":"Spire Growth","floor":38,"turns":4},{"damage":0,"enemies":"Writhing Mass","floor":39,"turns":6},{"damage":0,"enemies":"Giant Head","floor":40,"turns":6},{"damage":0,"enemies":"Transient","floor":41,"turns":6},{"damage":0,"enemies":"Reptomancer","floor":42,"turns":5},{"damage":0,"enemies":"Nemesis","floor":44,"turns":4},{"damage":0,"enemies":"2 Orb Walkers","floor":48,"turns":5},{"damage":0,"enemies":"Time Eater","floor":50,"turns":5},{"damage":0,"enemies":"Shield and Spear","floor":54,"turns":4},{"damage":0,"enemies":"The Heart","floor":55,"turns":8}],"seed_played":"-5817470808973849130","potions_obtained":[{"floor":1,"key":"BottledMiracle"},{"floor":2,"key":"BlessingOfTheForge"},{"floor":10,"key":"EssenceOfSteel"},{"floor":11,"key":"EssenceOfSteel"},{"floor":14,"key":"Explosive Potion"},{"floor":25,"key":"StancePotion"},{"floor":29,"key":"LiquidMemories"},{"floor":33,"key":"Strength Potion"},{"floor":35,"key":"LiquidMemories"},{"floor":54,"key":"SteroidPotion"}],"is_trial":false,"path_per_floor":["M","M","M","$","M","E","R","E","T","E","M","$","?","E","R","B",null,"M","?","?","M","?","R","T","E","T","E","T","M","M","E","R","B",null,"M","M","?","M","M","E","M","E","T","E","?","$","?","?","R","B",null,"R","$","E","B",null],"character_chosen":"WATCHER","items_purchased":["Membership Card","MealTicket","Bronze Scales","TalkToTheHand","Chemical X","Omamori","Incense Burner","Pen Nib","Whetstone","EmptyMind"],"campfire_rested":3,"item_purchase_floors":[12,12,46,46,46,46,46,46,46,46],"current_hp_per_floor":[65,62,59,59,55,60,60,60,60,59,59,59,59,59,59,48,74,74,68,41,37,37,41,41,41,41,41,41,41,41,41,41,41,41,41,39,39,39,39,39,39,39,39,39,39,39,30,30,39,39,39,39,39,39,39],"gold":46,"neow_bonus":"BOSS_RELIC","is_daily":false,"chose_seed":false,"campfire_upgraded":2,"win_rate":0.0,"timestamp":1612673930,"path_taken":["M","M","M","$","M","E","R","E","T","E","M","$","?","E","R","BOSS","M","?","?","M","?","R","?","E","T","E","?","?","M","E","R","BOSS","M","M","?","M","M","E","M","E","T","E","?","$","?","?","R","BOSS","R","$","E","BOSS"],"items_purchased_type":["Relic","Relic","Relic","Card","Relic","Relic","Relic","Relic","Relic","Card"],"build_version":"2020-12-22","purchased_purges":3,"victory":true,"max_hp_per_floor":[72,72,72,72,72,82,82,82,82,82,82,82,82,82,82,82,82,82,82,41,41,41,41,41,41,41,41,41,41,41,41,41,41,41,41,41,41,41,41,41,41,41,41,41,39,39,39,39,39,39,39,39,39,39,39],"relic_stats":{"counters":[30,126],"Yang":[279],"Eternal Feather":13,"Pen Nib":[5],"Letter Opener":[61],"Whetstone":["Strike_P","FlurryOfBlows"],"War Paint":["Judgement","Defend_P"],"Boot":[55],"Cursed Key":1,"Smiling Mask":-10,"Centennial Puzzle":[3],"Dream Catcher":2,"Shuriken":[62],"Ornamental Fan":[52],"Bronze Scales":[156],"MealTicket":0,"Turnip":[3],"Black Star":11,"Kunai":[57],"Chemical X":[2],"obtain_stats":[{"Ice Cream":25,"Lantern":6,"Vajra":42,"Yang":8,"Incense Burner":46,"Whetstone":46,"Boot":9,"Ancient Tea Set":27,"Cursed Key":34,"Smiling Mask":44,"Centennial Puzzle":27,"Dream Catcher":40,"HornCleat":28,"MealTicket":12,"Fusion Hammer":17,"Kunai":14,"Chemical X":46,"Pear":6,"Eternal Feather":22,"The Courier":10,"Pen Nib":46,"Omamori":46,"Letter Opener":42,"War Paint":14,"Akabeko":26,"White Beast Statue":31,"keyreminder:keyreminder":14,"Du-Vu Doll":31,"Bottled Flame":25,"CaptainsWheel":48,"Shuriken":8,"Ornamental Fan":44,"Bronze Scales":46,"Turnip":40,"Black Star":0,"Bag of Marbles":54,"Membership Card":12,"PureWater":0,"StrikeDummy":54,"FossilizedHelix":10,"TungstenRod":24},{"Ice Cream":13,"Lantern":5,"Vajra":25,"Yang":6,"Incense Burner":26,"Whetstone":26,"Boot":6,"Ancient Tea Set":14,"Cursed Key":18,"Smiling Mask":26,"Centennial Puzzle":14,"Dream Catcher":23,"HornCleat":14,"MealTicket":8,"Fusion Hammer":10,"Kunai":9,"Chemical X":26,"Pear":5,"Eternal Feather":12,"The Courier":7,"Pen Nib":26,"Omamori":26,"Letter Opener":25,"War Paint":9,"Akabeko":13,"White Beast Statue":17,"keyreminder:keyreminder":9,"Du-Vu Doll":17,"Bottled Flame":13,"CaptainsWheel":27,"Shuriken":6,"Ornamental Fan":26,"Bronze Scales":26,"Turnip":23,"Black Star":0,"Bag of Marbles":29,"Membership Card":8,"PureWater":0,"StrikeDummy":29,"FossilizedHelix":7,"TungstenRod":12},{"Ice Cream":43,"Lantern":15,"Vajra":100,"Yang":17,"Incense Burner":104,"Whetstone":104,"Boot":17,"Ancient Tea Set":46,"Cursed Key":62,"Smiling Mask":104,"Centennial Puzzle":46,"Dream Catcher":89,"HornCleat":46,"MealTicket":23,"Fusion Hammer":31,"Kunai":25,"Chemical X":104,"Pear":15,"Eternal Feather":39,"The Courier":20,"Pen Nib":104,"Omamori":104,"Letter Opener":100,"War Paint":25,"Akabeko":43,"White Beast Statue":55,"keyreminder:keyreminder":25,"Du-Vu Doll":55,"Bottled Flame":43,"CaptainsWheel":109,"Shuriken":17,"Ornamental Fan":104,"Bronze Scales":104,"Turnip":89,"Black Star":0,"Bag of Marbles":118,"Membership Card":23,"PureWater":0,"StrikeDummy":118,"FossilizedHelix":20,"TungstenRod":39}],"TungstenRod":24},"card_choices":[{"not_picked":["Prostrate","Evaluate"],"picked":"CutThroughFate","floor":1},{"not_picked":["CutThroughFate","ClearTheMind"],"picked":"Consecrate","floor":2},{"not_picked":["CrushJoints","CutThroughFate"],"picked":"CarveReality","floor":3},{"not_picked":["Worship","Evaluate"],"picked":"FollowUp","floor":5},{"not_picked":["ThirdEye","PathToVictory"],"picked":"Judgement","floor":6},{"not_picked":["CrushJoints","BattleHymn"],"picked":"Vengeance","floor":8},{"not_picked":["Vengeance","Halt"],"picked":"FlurryOfBlows","floor":10},{"not_picked":["CrushJoints","EmptyMind"],"picked":"TalkToTheHand","floor":11},{"not_picked":["Perseverance","Fasting2"],"picked":"Ragnarok","floor":14},{"not_picked":["MasterReality","Brilliance"],"picked":"Vault","floor":16},{"not_picked":["Protect+1","SashWhip"],"picked":"Collect+1","floor":18},{"not_picked":["BowlingBash","JustLucky"],"picked":"Conclude","floor":21},{"not_picked":["Adaptation","Consecrate+1"],"picked":"Omniscience","floor":25},{"not_picked":["SashWhip","Collect+1"],"picked":"DeusExMachina","floor":27},{"not_picked":["JustLucky","CutThroughFate+1"],"picked":"EmptyFist","floor":29},{"not_picked":["CrushJoints+1","FlurryOfBlows"],"picked":"ClearTheMind","floor":30},{"not_picked":["FlurryOfBlows","Evaluate","Vault"],"picked":"SKIP","floor":31},{"not_picked":["DevaForm","Vault"],"picked":"LessonLearned","floor":33},{"not_picked":["ClearTheMind+1","PathToVictory+1","SashWhip"],"picked":"SKIP","floor":35},{"not_picked":["Consecrate+1","FollowUp"],"picked":"EmptyBody+1","floor":36},{"not_picked":["EmptyFist+1","Prostrate+1"],"picked":"WheelKick","floor":38},{"not_picked":["EmptyFist","FlyingSleeves+1","Halt"],"picked":"SKIP","floor":39},{"not_picked":["EmptyFist","FlyingSleeves+1","Halt"],"picked":"SKIP","floor":39},{"not_picked":["Wallop","SandsOfTime+1"],"picked":"Wish","floor":40},{"not_picked":["BowlingBash+1","Meditate","PathToVictory+1"],"picked":"SKIP","floor":41},{"not_picked":["Evaluate","Consecrate"],"picked":"Vengeance+1","floor":42},{"not_picked":["Pray+1","Perseverance"],"picked":"Fasting2+1","floor":44},{"not_picked":["Finesse","Madness"],"picked":"Apotheosis","floor":47},{"not_picked":["Forethought","Swift Strike"],"picked":"Dark Shackles","floor":47},{"not_picked":["EmptyFist+1","JustLucky"],"picked":"Crescendo","floor":49},{"not_picked":["Consecrate+1","WreathOfFlame","LessonLearned"],"picked":"SKIP","floor":54}],"player_experience":634816,"relics_obtained":[{"floor":6,"key":"Pear"},{"floor":6,"key":"Lantern"},{"floor":8,"key":"Yang"},{"floor":8,"key":"Shuriken"},{"floor":9,"key":"Boot"},{"floor":10,"key":"The Courier"},{"floor":10,"key":"FossilizedHelix"},{"floor":14,"key":"Kunai"},{"floor":14,"key":"War Paint"},{"floor":24,"key":"TungstenRod"},{"floor":25,"key":"Ice Cream"},{"floor":25,"key":"Bottled Flame"},{"floor":26,"key":"Akabeko"},{"floor":27,"key":"Ancient Tea Set"},{"floor":27,"key":"Centennial Puzzle"},{"floor":28,"key":"HornCleat"},{"floor":31,"key":"White Beast Statue"},{"floor":31,"key":"Du-Vu Doll"},{"floor":40,"key":"Dream Catcher"},{"floor":40,"key":"Turnip"},{"floor":42,"key":"Letter Opener"},{"floor":42,"key":"Vajra"},{"floor":44,"key":"Smiling Mask"},{"floor":44,"key":"Ornamental Fan"},{"floor":48,"key":"CaptainsWheel"},{"floor":54,"key":"Bag of Marbles"},{"floor":54,"key":"StrikeDummy"}],"event_choices":[{"damage_healed":0,"gold_gain":0,"player_choice":"0 cards matched","damage_taken":0,"max_hp_gain":0,"max_hp_loss":0,"event_name":"Match and Keep!","floor":13,"gold_loss":0,"cards_obtained":[]},{"damage_healed":0,"gold_gain":0,"player_choice":"Joined the Cult","damage_taken":6,"max_hp_gain":0,"max_hp_loss":0,"event_name":"Nest","floor":19,"gold_loss":0,"cards_obtained":["RitualDagger"]},{"damage_healed":0,"gold_gain":0,"player_choice":"Became a Ghost","damage_taken":0,"max_hp_gain":0,"max_hp_loss":41,"event_name":"Ghosts","floor":20,"gold_loss":0,"cards_obtained":["Ghostly","Ghostly","Ghostly","Ghostly","Ghostly"]},{"damage_healed":0,"gold_gain":0,"player_choice":"Obtained Relic","damage_taken":0,"relics_obtained":["Eternal Feather"],"max_hp_gain":0,"max_hp_loss":0,"event_name":"Addict","floor":22,"gold_loss":85},{"cards_removed":["Defend_P"],"damage_healed":0,"gold_gain":0,"player_choice":"Removed Skill","damage_taken":0,"max_hp_gain":0,"max_hp_loss":0,"event_name":"Falling","floor":37,"gold_loss":0},{"damage_healed":0,"gold_gain":0,"player_choice":"Max HP","damage_taken":0,"max_hp_gain":0,"max_hp_loss":2,"event_name":"Winding Halls","floor":45,"gold_loss":0},{"damage_healed":0,"gold_gain":0,"player_choice":"Memory 3","damage_taken":10,"max_hp_gain":0,"max_hp_loss":0,"event_name":"SensoryStone","floor":47,"gold_loss":0},{"damage_healed":0,"gold_gain":0,"player_choice":"Fight","damage_taken":0,"max_hp_gain":0,"max_hp_loss":0,"event_name":"Mysterious Sphere","floor":48,"gold_loss":0}],"is_beta":false,"boss_relics":[{"not_picked":["SlaversCollar","Empty Cage"],"picked":"Fusion Hammer"},{"not_picked":["Busted Crown","Velvet Choker"],"picked":"Cursed Key"}],"items_purged_floors":[4,46,53],"is_endless":false,"potions_floor_spawned":[1,2,10,11,14,25,29,31,33,35,36,38,39,40,41,42,44,48,54],"ascension_level":7}}