{"host":"cijwx898anu8dehj","time":1612732663,"event":{"mods":["AchievementEnabler","AlwaysNeverKeys","BaseMod","Colored Map","Colored Powertips","Highlight Path","Minty Spire (QoL Compilation)","Rare Cards Sparkle","Relic Stats","Slay-I"],"gold_per_floor":[111,111,111,124,137,163,163,191,191,191,191,208,221,248,248,352,352,367,377,337,356,366,395,395,421,421,447,302,331,331,331,331,427,427,438,449,496,515,127,127,157,157,182,214,228,72,102,129,141,153,153],"floor_reached":50,"language":"ENG","playtime":5239,"items_purged":[],"score":903,"play_id":"2f06ec16-3df5-4923-a588-7ff6c40ff1c1","local_time":"20210207191743","daily_mods":["SealedDeck","Heirloom","DeadlyEvents","Elite Swarm","Uncertain Future"],"is_ascension_mode":false,"campfire_choices":[{"data":"Consecrate","floor":7,"key":"SMITH"},{"data":"Vault","floor":11,"key":"SMITH"},{"data":"LikeWater","floor":15,"key":"SMITH"},{"data":"ForeignInfluence","floor":24,"key":"SMITH"},{"data":"1","floor":30,"key":"LIFT"},{"floor":32,"key":"REST"},{"data":"2","floor":40,"key":"LIFT"},{"floor":42,"key":"REST"},{"data":"3","floor":49,"key":"LIFT"}],"circlet_count":0,"master_deck":["CutThroughFate","Consecrate+1","ForeignInfluence+1","Evaluate","ThirdEye+1","SashWhip","CutThroughFate","SandsOfTime","Meditate","LikeWater+1","EmptyFist","DeusExMachina","Vault+1","Conclude+1","Nirvana","Ragnarok","CutThroughFate+1","ThirdEye+1","Collect+1","RitualDagger"],"relics":["PureWater","Ice Cream","Du-Vu Doll","Bag of Preparation","Sundial","Black Star","TungstenRod","Turnip","Girya","StrikeDummy","Blue Candle","War Paint","Lantern","Strawberry","Regal Pillow","CloakClasp","Strange Spoon","Shuriken","Letter Opener","Bottled Flame","Tiny Chest","Damaru","Prayer Wheel","Vajra","MawBank","Art of War"],"acts_visited":["Exordium","TheCity","TheBeyond"],"potions_floor_usage":[25,27,37,50,50],"damage_taken":[{"damage":0,"enemies":"2 Louse","floor":1,"turns":2},{"damage":0,"enemies":"Small Slimes","floor":4,"turns":2},{"damage":0,"enemies":"Cultist","floor":5,"turns":2},{"damage":2,"enemies":"Lagavulin","floor":6,"turns":5},{"damage":5,"enemies":"Gremlin Nob","floor":8,"turns":3},{"damage":0,"enemies":"2 Fungi Beasts","floor":12,"turns":3},{"damage":0,"enemies":"Looter","floor":13,"turns":1},{"damage":0,"enemies":"3 Sentries","floor":14,"turns":3},{"damage":0,"enemies":"Slime Boss","floor":16,"turns":5},{"damage":0,"enemies":"Shell Parasite","floor":18,"turns":4},{"damage":0,"enemies":"3 Byrds","floor":19,"turns":4},{"damage":0,"enemies":"3 Cultists","floor":21,"turns":3},{"damage":8,"enemies":"Snake Plant","floor":22,"turns":5},{"damage":10,"enemies":"Book of Stabbing","floor":23,"turns":7},{"damage":19,"enemies":"Slavers","floor":25,"turns":4},{"damage":4,"enemies":"Book of Stabbing","floor":27,"turns":6},{"damage":6,"enemies":"Slavers","floor":29,"turns":4},{"damage":20,"enemies":"Automaton","floor":33,"turns":10},{"damage":12,"enemies":"3 Shapes","floor":35,"turns":4},{"damage":0,"enemies":"Orb Walker","floor":36,"turns":4},{"damage":14,"enemies":"2 Orb Walkers","floor":37,"turns":5},{"damage":0,"enemies":"3 Darklings","floor":38,"turns":5},{"damage":13,"enemies":"Nemesis","floor":41,"turns":6},{"damage":8,"enemies":"Giant Head","floor":44,"turns":7},{"damage":0,"enemies":"Maw","floor":45,"turns":7},{"damage":8,"enemies":"Reptomancer","floor":47,"turns":4},{"damage":11,"enemies":"Spire Growth","floor":48,"turns":4},{"damage":68,"enemies":"Time Eater","floor":50,"turns":10}],"seed_played":"-9182327521174097011","potions_obtained":[{"floor":1,"key":"PowerPotion"},{"floor":4,"key":"ColorlessPotion"},{"floor":5,"key":"Weak Potion"},{"floor":35,"key":"EssenceOfSteel"},{"floor":38,"key":"Dexterity Potion"},{"floor":41,"key":"SmokeBomb"}],"is_trial":true,"path_per_floor":["M","$","?","M","M","E","R","E","T","?","R","M","M","E","R","B",null,"M","M","?","M","M","E","R","E","T","E","$","E","R","?","R","B",null,"M","M","?","M","$","R","E","R","T","E","M","$","E","M","R","B"],"character_chosen":"WATCHER","items_purchased":["Strawberry","Strange Spoon","Shuriken","Vajra"],"campfire_rested":2,"item_purchase_floors":[28,39,39,46],"current_hp_per_floor":[72,72,72,72,72,70,70,65,65,65,65,65,65,65,65,65,72,72,72,72,72,64,54,54,35,35,31,38,32,32,27,65,45,79,67,67,53,53,53,53,40,78,78,70,70,70,62,51,51,0,0],"gold":153,"neow_bonus":"","is_daily":false,"chose_seed":false,"campfire_upgraded":4,"win_rate":0.0,"timestamp":1612732663,"path_taken":["M","$","?","M","M","E","R","E","T","?","R","?","M","E","R","BOSS","M","M","?","M","M","E","R","E","T","E","$","?","R","?","R","BOSS","M","M","?","?","?","R","E","R","T","E","M","$","E","M","R","BOSS"],"items_purchased_type":["Relic","Relic","Relic","Relic"],"build_version":"2020-12-22","purchased_purges":0,"victory":false,"max_hp_per_floor":[72,72,72,72,72,72,72,72,72,72,72,72,72,72,72,72,72,72,72,72,72,72,72,72,72,72,72,79,79,79,79,79,79,79,79,79,79,79,79,79,79,79,79,79,79,79,79,79,79,79,79],"relic_stats":{"Regal Pillow":30,"counters":[28,129],"Blue Candle":[0],"Bag of Preparation":[52],"CloakClasp":[91],"Letter Opener":[85],"War Paint":["ThirdEye","ThirdEye"],"MawBank":36,"Strange Spoon":[36],"Sundial":[26],"Shuriken":[20],"Tiny Chest":0,"Prayer Wheel":2,"Turnip":[3],"Black Star":7,"Art of War":[0],"obtain_stats":[{"Ice Cream":0,"Lantern":27,"Regal Pillow":29,"Vajra":46,"Bag of Preparation":8,"CloakClasp":37,"Sundial":9,"Strawberry":28,"Tiny Chest":43,"Prayer Wheel":44,"Girya":25,"Blue Candle":26,"Damaru":44,"Letter Opener":41,"War Paint":27,"MawBank":47,"Du-Vu Doll":6,"Strange Spoon":39,"Bottled Flame":41,"Shuriken":39,"Turnip":23,"Black Star":17,"Art of War":47,"PureWater":0,"StrikeDummy":25,"TungstenRod":23},{"Ice Cream":0,"Lantern":16,"Regal Pillow":17,"Vajra":25,"Bag of Preparation":5,"CloakClasp":21,"Sundial":5,"Strawberry":16,"Tiny Chest":23,"Prayer Wheel":24,"Girya":15,"Blue Candle":15,"Damaru":24,"Letter Opener":23,"War Paint":16,"MawBank":26,"Du-Vu Doll":4,"Strange Spoon":22,"Bottled Flame":23,"Shuriken":22,"Turnip":14,"Black Star":9,"Art of War":26,"PureWater":0,"StrikeDummy":15,"TungstenRod":14},{"Ice Cream":0,"Lantern":59,"Regal Pillow":63,"Vajra":111,"Bag of Preparation":14,"CloakClasp":86,"Sundial":14,"Strawberry":59,"Tiny Chest":97,"Prayer Wheel":104,"Girya":53,"Blue Candle":53,"Damaru":104,"Letter Opener":97,"War Paint":59,"MawBank":115,"Du-Vu Doll":11,"Strange Spoon":91,"Bottled Flame":97,"Shuriken":91,"Turnip":49,"Black Star":26,"Art of War":115,"PureWater":0,"StrikeDummy":53,"TungstenRod":49}],"TungstenRod":28},"card_choices":[{"not_picked":["ClearTheMind","JustLucky"],"picked":"EmptyFist","floor":1},{"not_picked":["Prostrate","BattleHymn","PathToVictory"],"picked":"SKIP","floor":4},{"not_picked":["BowlingBash","Consecrate","SashWhip"],"picked":"SKIP","floor":5},{"not_picked":["LessonLearned","Devotion"],"picked":"DeusExMachina","floor":6},{"not_picked":["Omniscience","Devotion"],"picked":"Vault","floor":8},{"not_picked":["Consecrate","Prostrate"],"picked":"Conclude","floor":12},{"not_picked":["Crescendo","JustLucky"],"picked":"Nirvana","floor":13},{"not_picked":["Omniscience","Establishment","ConjureBlade"],"picked":"SKIP","floor":14},{"not_picked":["Vault","Brilliance"],"picked":"Ragnarok","floor":16},{"not_picked":["Consecrate","ReachHeaven+1"],"picked":"CutThroughFate+1","floor":18},{"not_picked":["Indignation+1","Meditate","Wireheading+1"],"picked":"SKIP","floor":19},{"not_picked":["Sanctity","Crescendo"],"picked":"ThirdEye","floor":21},{"not_picked":["ThirdEye","Protect"],"picked":"Collect+1","floor":22},{"not_picked":["Omniscience","Ragnarok","MasterReality"],"picked":"SKIP","floor":23},{"not_picked":["Vault","ConjureBlade","Establishment"],"picked":"SKIP","floor":25},{"not_picked":["Brilliance","ConjureBlade","MasterReality"],"picked":"SKIP","floor":27},{"not_picked":["Establishment","SpiritShield","Brilliance"],"picked":"SKIP","floor":29},{"not_picked":["BowlingBash+1","Wireheading+1","Collect+1"],"picked":"SKIP","floor":35},{"not_picked":["Wireheading+1","Halt","EmptyFist"],"picked":"SKIP","floor":36},{"not_picked":["PathToVictory","Crescendo+1","ThirdEye"],"picked":"SKIP","floor":38},{"not_picked":["ConjureBlade","DeusExMachina","Wish"],"picked":"SKIP","floor":41},{"not_picked":["Brilliance","Establishment","Alpha"],"picked":"SKIP","floor":44},{"not_picked":["SashWhip+1","EmptyFist+1","CutThroughFate+1"],"picked":"SKIP","floor":45},{"not_picked":["SashWhip","ClearTheMind","FollowUp"],"picked":"SKIP","floor":45},{"not_picked":["Devotion","Ragnarok","Brilliance"],"picked":"SKIP","floor":47},{"not_picked":["FlyingSleeves+1","Protect","ThirdEye"],"picked":"SKIP","floor":48},{"not_picked":["Wireheading+1","ThirdEye+1","FlyingSleeves"],"picked":"SKIP","floor":48}],"player_experience":1113550,"relics_obtained":[{"floor":6,"key":"Du-Vu Doll"},{"floor":8,"key":"Bag of Preparation"},{"floor":9,"key":"Sundial"},{"floor":23,"key":"TungstenRod"},{"floor":23,"key":"Turnip"},{"floor":25,"key":"Girya"},{"floor":25,"key":"StrikeDummy"},{"floor":26,"key":"Blue Candle"},{"floor":27,"key":"War Paint"},{"floor":27,"key":"Lantern"},{"floor":29,"key":"Regal Pillow"},{"floor":37,"key":"CloakClasp"},{"floor":41,"key":"Letter Opener"},{"floor":41,"key":"Bottled Flame"},{"floor":43,"key":"Tiny Chest"},{"floor":44,"key":"Damaru"},{"floor":44,"key":"Prayer Wheel"},{"floor":47,"key":"MawBank"},{"floor":47,"key":"Art of War"}],"event_choices":[{"damage_healed":0,"gold_gain":0,"player_choice":"Ignored","damage_taken":0,"max_hp_gain":0,"max_hp_loss":0,"event_name":"Liars Game","floor":3,"gold_loss":0},{"damage_healed":0,"gold_gain":0,"player_choice":"Leave","damage_taken":0,"max_hp_gain":0,"max_hp_loss":0,"event_name":"The Cleric","floor":10,"gold_loss":0},{"damage_healed":0,"gold_gain":0,"player_choice":"Upgrade","damage_taken":0,"max_hp_gain":0,"max_hp_loss":0,"event_name":"Designer","floor":20,"gold_loss":40,"cards_upgraded":["Conclude"]},{"damage_healed":0,"gold_gain":0,"player_choice":"Joined the Cult","damage_taken":6,"max_hp_gain":0,"max_hp_loss":0,"event_name":"Nest","floor":31,"gold_loss":0,"cards_obtained":["RitualDagger"]},{"damage_healed":0,"gold_gain":0,"player_choice":"Fight","damage_taken":0,"max_hp_gain":0,"max_hp_loss":0,"event_name":"Mysterious Sphere","floor":37,"gold_loss":0}],"is_beta":false,"boss_relics":[{"not_picked":["Cursed Key","Busted Crown"],"picked":"Black Star"},{"not_picked":["Velvet Choker","Calling Bell","Coffee Dripper"]}],"items_purged_floors":[],"is_endless":true,"potions_floor_spawned":[1,4,5,12,19,21,23,35,38,41,48],"killed_by":"Time Eater","ascension_level":0}}