{"host":"ocll6kdfqxraqtza","time":1612719072,"event":{"mods":["2.2 Compatiblity","Act Like it!","Aspiration","BaseMod","Better Third Choice","Gensokyo","Hallownest","Hermit","Hubris","Jorbs\u0027s Wanderer Trilogy","Luminous","Marisa（霧雨　魔理沙）","Minty Spire (QoL Compilation)","Reimu（博??梦）","Replay The Spire","Shade Mod","StSLib","The Alterego","The Bug Knight","The Cursed","The Hierophant","The Marked","The Runesmith","TheBandit","Wandering Minibosses"],"gold_per_floor":[112,112,125,142,42,42,71,71,71,71,87,87,87,114,114,213,213,228,228,240,258,275,200,200,200],"floor_reached":24,"language":"ENG","playtime":858,"items_purged":["alterego_mod:Strike"],"score":232,"play_id":"e04f39c3-7177-4346-acd9-81761c85c51f","local_time":"20210208013112","is_ascension_mode":true,"campfire_choices":[{"data":"alterego_mod:Impale","floor":6,"key":"SMITH"},{"data":"alterego_mod:1TonWallop","floor":13,"key":"SMITH"},{"data":"Outmaneuver","floor":15,"key":"SMITH"}],"circlet_count":0,"master_deck":["alterego_mod:Defend","alterego_mod:Impale+1","alterego_mod:BigMeatyClaws+1","alterego_mod:BrynhildrsRune","alterego_mod:Undulate","Choke","Outmaneuver","Dash","alterego_mod:MagicResistance","alterego_mod:RidiculouslyBig","alterego_mod:Collar","alterego_mod:Rip","alterego_mod:Cooking","Doppelganger","Outmaneuver+1","Unload","alterego_mod:1TonWallop+1","alterego_mod:ChallengeComplete+1","alterego_mod:PainIsPleasure","alterego_mod:Mirror+1","alterego_mod:SakuraFive+1","alterego_mod:Cooking","alterego_mod:GachaTicket+1"],"relics":["alterego_mod:MasochisticConstitution","Eternal Feather","Runesmith:Locket","Ornamental Fan","MealTicket","aspiration:FutureDiary"],"acts_visited":["Gensokyo:Gensokyo","TheCity"],"potions_floor_usage":[],"damage_taken":[{"damage":7.0,"enemies":"Gensokyo:Gryphon","floor":1.0,"turns":6.0},{"damage":0.0,"enemies":"Gensokyo:Python","floor":3.0,"turns":2.0},{"damage":0.0,"enemies":"Gensokyo:3_Fairies","floor":4.0,"turns":5.0},{"damage":0,"enemies":"Gensokyo:Mamizou","floor":7,"turns":7},{"damage":0,"enemies":"Gensokyo:Gryphon_and_Rabbit","floor":11,"turns":3},{"damage":4,"enemies":"Gensokyo:Kokoro","floor":16,"turns":10},{"damage":7,"enemies":"Shell Parasite","floor":18,"turns":5},{"damage":1,"enemies":"Spheric Guardian","floor":20,"turns":4},{"damage":18,"enemies":"3 Cultists","floor":21,"turns":5},{"damage":23,"enemies":"Chosen and Byrds","floor":22,"turns":7},{"damage":5,"enemies":"Snake Plant","floor":24,"turns":2}],"seed_played":"-2174538057693478384","potions_obtained":[{"floor":1.0,"key":"Weak Potion"},{"floor":4.0,"key":"SneckoOil"},{"floor":16,"key":"GamblersBrew"}],"is_trial":false,"path_per_floor":["M","?","M","M","?","R","E","?","T","?","M","?","R","T","R","B",null,"M","?","M","M","M","$","M"],"character_chosen":"The_Alterego","items_purchased":[],"campfire_rested":0,"item_purchase_floors":[],"current_hp_per_floor":[64,64,64,64,64,70,70,70,70,70,71,71,71,71,71,68,72,66,66,69,55,39,54,55,55],"gold":200,"neow_bonus":"UPGRADE_CARD","is_daily":false,"chose_seed":false,"campfire_upgraded":3,"win_rate":0.0,"timestamp":1612719072,"path_taken":["M","?","?","M","?","R","E","?","T","?","?","?","R","?","R","BOSS","M","?","M","M","M","$","M"],"items_purchased_type":[],"build_version":"2020-12-22","purchased_purges":1,"victory":false,"max_hp_per_floor":[71,71,71,71,71,71,71,71,71,71,71,71,71,71,71,72,72,73,73,74,75,76,76,76,76],"card_choices":[{"not_picked":["alterego_mod:Birthday","alterego_mod:Table"],"picked":"alterego_mod:Undulate","floor":1.0},{"not_picked":["alterego_mod:Complex","alterego_mod:PresenceConcealment"],"picked":"alterego_mod:MagicResistance","floor":3.0},{"not_picked":["alterego_mod:MagicResistance","alterego_mod:Collar"],"picked":"alterego_mod:RidiculouslyBig","floor":4.0},{"not_picked":["alterego_mod:Birthday","alterego_mod:Belts"],"picked":"alterego_mod:Collar","floor":7},{"not_picked":["alterego_mod:SakuraPetals","alterego_mod:Maid"],"picked":"alterego_mod:Rip","floor":8},{"not_picked":["alterego_mod:DustData","alterego_mod:Maid"],"picked":"alterego_mod:Cooking","floor":8},{"not_picked":["alterego_mod:BiFurious","alterego_mod:Cycle"],"picked":"alterego_mod:1TonWallop","floor":11},{"not_picked":["alterego_mod:Lift","alterego_mod:BrynhildrRomantia"],"picked":"alterego_mod:PainIsPleasure","floor":16},{"not_picked":["alterego_mod:Birthday+1","alterego_mod:DestructionOfProperty"],"picked":"alterego_mod:Mirror+1","floor":18},{"not_picked":["alterego_mod:SakuraPetals","alterego_mod:Birthday"],"picked":"alterego_mod:SakuraFive+1","floor":20},{"not_picked":["alterego_mod:Pet","alterego_mod:Bunnysuit"],"picked":"alterego_mod:Cooking","floor":21},{"not_picked":["alterego_mod:1TonWallop","alterego_mod:RocketPunch"],"picked":"alterego_mod:GachaTicket+1","floor":22}],"player_experience":516734,"relics_obtained":[{"floor":7,"key":"Runesmith:Locket"},{"floor":9,"key":"Ornamental Fan"},{"floor":14,"key":"MealTicket"}],"event_choices":[{"damage_healed":0,"gold_gain":0,"player_choice":"Ignored","damage_taken":0,"max_hp_gain":0,"max_hp_loss":0,"event_name":"Vampires","floor":19,"gold_loss":0}],"is_beta":false,"boss_relics":[{"not_picked":["ChewingGum","Fusion Hammer"],"picked":"aspiration:FutureDiary"}],"items_purged_floors":[23],"is_endless":false,"potions_floor_spawned":[1,4,16,18,20],"killed_by":"Snake Plant","ascension_level":1}}