{"host":"ydg0vn0pu4pubmdt","time":1612727158,"event":{"mods":["AchievementEnabler","BaseMod","Colored Map","Gold Saver","Minty Spire (QoL Compilation)","Quick Restart","SuperFastMode"],"gold_per_floor":[259,276,426,445,445,465,477,477,477,127,127,158,158,174,174,245,245,263,263,278,292,114,145,145,162,162,187,62,89,89,116,116,193,193,212,62,82,98,109,109,134,39,66,66,4,20,20,30,30,30,30,30],"floor_reached":51,"language":"KOR","playtime":1642,"items_purged":["Doubt","Defend_P","Strike_P","Defend_P"],"score":1664,"play_id":"c39f7a9e-4a5d-456d-88f3-082fe52c2750","local_time":"20210208044558","is_ascension_mode":true,"campfire_choices":[{"data":"Eruption","floor":8.0,"key":"SMITH"},{"floor":11.0,"key":"REST"},{"data":"Adaptation","floor":15.0,"key":"SMITH"},{"data":"CrushJoints","floor":24.0,"key":"SMITH"},{"floor":30.0,"key":"DIG"},{"floor":32.0,"key":"DIG"},{"data":"EmptyMind","floor":40.0,"key":"SMITH"},{"floor":44.0,"key":"DIG"},{"floor":49.0,"key":"RECALL"}],"circlet_count":0,"master_deck":["AscendersBane","Strike_P","Strike_P","Defend_P","Defend_P","Eruption+1","Vigilance","InnerPeace","CrushJoints+1","Tantrum","WheelKick","Adaptation+1","EmptyFist+1","FearNoEvil+1","EmptyBody","Ragnarok+1","Swivel","FlurryOfBlows+1","TalkToTheHand+1","ConjureBlade","EmptyMind+1","Adaptation"],"relics":["PureWater","NeowsBlessing","Gremlin Horn","Molten Egg 2","Blood Vial","HornCleat","Sozu","Meat on the Bone","Mummified Hand","Ancient Tea Set","Shovel","Lantern","Shuriken","InkBottle","VioletLotus","Ice Cream","The Courier","Bronze Scales"],"acts_visited":["Exordium","TheCity","TheBeyond"],"potions_floor_usage":[],"damage_taken":[{"damage":0.0,"enemies":"Cultist","floor":1.0,"turns":1.0},{"damage":0.0,"enemies":"Small Slimes","floor":2.0,"turns":1.0},{"damage":0.0,"enemies":"Jaw Worm","floor":4.0,"turns":1.0},{"damage":2.0,"enemies":"Exordium Wildlife","floor":6.0,"turns":4.0},{"damage":0.0,"enemies":"Blue Slaver","floor":7.0,"turns":3.0},{"damage":0.0,"enemies":"Gremlin Nob","floor":12.0,"turns":2.0},{"damage":0.0,"enemies":"Large Slime","floor":14.0,"turns":2.0},{"damage":0.0,"enemies":"Slime Boss","floor":16.0,"turns":3.0},{"damage":4.0,"enemies":"3 Byrds","floor":18.0,"turns":4.0},{"damage":0.0,"enemies":"Spheric Guardian","floor":20.0,"turns":3.0},{"damage":0.0,"enemies":"Centurion and Healer","floor":21.0,"turns":3.0},{"damage":13.0,"enemies":"Slavers","floor":23.0,"turns":3.0},{"damage":0.0,"enemies":"3 Cultists","floor":25.0,"turns":3.0},{"damage":1.0,"enemies":"Gremlin Leader","floor":27.0,"turns":4.0},{"damage":5.0,"enemies":"Book of Stabbing","floor":29.0,"turns":4.0},{"damage":18.0,"enemies":"Slavers","floor":31.0,"turns":4.0},{"damage":0.0,"enemies":"Automaton","floor":33.0,"turns":4.0},{"damage":16.0,"enemies":"3 Shapes","floor":35.0,"turns":3.0},{"damage":23.0,"enemies":"3 Darklings","floor":37.0,"turns":3.0},{"damage":1.0,"enemies":"Jaw Worm Horde","floor":38.0,"turns":2.0},{"damage":19.0,"enemies":"Transient","floor":39.0,"turns":4.0},{"damage":12.0,"enemies":"Nemesis","floor":41.0,"turns":3.0},{"damage":13.0,"enemies":"Spire Growth","floor":46.0,"turns":4.0},{"damage":7.0,"enemies":"Sphere and 2 Shapes","floor":48.0,"turns":4.0},{"damage":9.0,"enemies":"Awakened One","floor":50.0,"turns":3.0},{"damage":42,"enemies":"Time Eater","floor":51,"turns":2}],"seed_played":"-5570143625597472701","potions_obtained":[{"floor":2.0,"key":"SkillPotion"},{"floor":7.0,"key":"SneckoOil"},{"floor":12.0,"key":"DuplicationPotion"}],"is_trial":false,"path_per_floor":["M","M","?","M","?","M","M","R","T","$","R","E","?","M","R","B",null,"M","?","M","M","$","E","R","M","T","E","$","E","R","E","R","B",null,"M","$","M","M","M","R","E","?","T","R","$","M","$","M","R","B","B"],"character_chosen":"WATCHER","items_purchased":["Blood Vial","Block Potion","EmptyFist+1","TalkToTheHand+1","Adaptation"],"campfire_rested":1,"item_purchase_floors":[10,10,10,22,45],"current_hp_per_floor":[61,61,61,61,5,3,3,3,3,3,23,25,18,20,20,22,57,55,55,57,59,59,48,48,50,50,51,51,48,48,44,44,46,63,49,49,40,41,36,36,38,38,38,38,38,39,39,46,46,39,0,0],"gold":30,"neow_bonus":"THREE_ENEMY_KILL","is_daily":false,"chose_seed":false,"campfire_upgraded":4,"win_rate":0.0,"timestamp":1612727158,"path_taken":["M","M","?","M","?","M","?","R","T","$","R","E","?","M","R","BOSS","M","?","M","M","$","E","R","M","T","E","$","E","R","E","R","BOSS","M","$","M","M","M","R","E","?","T","R","$","M","?","?","R","BOSS","BOSS"],"items_purchased_type":["Relic","Potion","Card","Card","Card"],"build_version":"2020-12-22","purchased_purges":4,"victory":false,"max_hp_per_floor":[68,68,68,68,68,68,68,68,68,68,68,68,68,68,68,68,68,68,68,68,68,68,68,68,68,68,68,68,68,68,68,68,68,68,68,68,68,68,68,68,68,68,68,68,68,68,68,68,68,68,68,68],"card_choices":[{"not_picked":["EmptyFist","Evaluate"],"picked":"InnerPeace","floor":1.0},{"not_picked":["JustLucky","Evaluate"],"picked":"CrushJoints","floor":2.0},{"not_picked":["Nirvana","Protect"],"picked":"Tantrum","floor":4.0},{"not_picked":["WaveOfTheHand","BowlingBash"],"picked":"WheelKick","floor":6.0},{"not_picked":["Protect","Halt"],"picked":"Adaptation","floor":7.0},{"not_picked":["Protect","ThirdEye"],"picked":"FearNoEvil+1","floor":12.0},{"not_picked":["EmptyFist+1","CrushJoints+1"],"picked":"EmptyBody","floor":14.0},{"not_picked":["Devotion","MasterReality"],"picked":"Ragnarok+1","floor":16.0},{"not_picked":["Crescendo","InnerPeace"],"picked":"Swivel","floor":18.0},{"not_picked":["WindmillStrike+1","Conclude+1"],"picked":"FlurryOfBlows+1","floor":20.0},{"not_picked":["Indignation","ClearTheMind","CrushJoints+1"],"picked":"SKIP","floor":21.0},{"not_picked":["Collect","WaveOfTheHand","CrushJoints+1"],"picked":"SKIP","floor":23.0},{"not_picked":["Collect","WaveOfTheHand","CrushJoints+1"],"picked":"SKIP","floor":23.0},{"not_picked":["Perseverance+1","FlyingSleeves+1","Consecrate+1"],"picked":"SKIP","floor":25.0},{"not_picked":["SashWhip+1","ClearTheMind","FearNoEvil+1"],"picked":"SKIP","floor":27.0},{"not_picked":["ForeignInfluence","FlurryOfBlows+1","InnerPeace+1"],"picked":"SKIP","floor":29.0},{"not_picked":["FlyingSleeves+1","Establishment","Fasting2"],"picked":"SKIP","floor":31.0},{"not_picked":["LessonLearned+1","DevaForm"],"picked":"ConjureBlade","floor":33.0},{"not_picked":["Prostrate","FlurryOfBlows+1","Wallop+1"],"picked":"SKIP","floor":35.0},{"not_picked":["Prostrate","FlurryOfBlows+1","Wallop+1"],"picked":"SKIP","floor":35.0},{"not_picked":["BattleHymn","Prostrate+1","PathToVictory+1"],"picked":"SKIP","floor":37.0},{"not_picked":["Meditate","Vengeance","WindmillStrike+1"],"picked":"SKIP","floor":38.0},{"not_picked":["EmptyBody","Consecrate+1"],"picked":"EmptyMind","floor":39.0},{"not_picked":["Wish","FlurryOfBlows+1","Wallop+1"],"picked":"SKIP","floor":41.0},{"not_picked":["JustLucky+1","Protect","Adaptation"],"picked":"SKIP","floor":46.0},{"not_picked":["BowlingBash+1","Pray","EmptyFist+1"],"picked":"SKIP","floor":48.0}],"player_experience":654534,"relics_obtained":[{"floor":9.0,"key":"Molten Egg 2"},{"floor":12.0,"key":"HornCleat"},{"floor":23.0,"key":"Meat on the Bone"},{"floor":26.0,"key":"Mummified Hand"},{"floor":27.0,"key":"Ancient Tea Set"},{"floor":29.0,"key":"Shovel"},{"floor":30.0,"key":"Lantern"},{"floor":31.0,"key":"Shuriken"},{"floor":32.0,"key":"InkBottle"},{"floor":41.0,"key":"Ice Cream"},{"floor":44.0,"key":"Bronze Scales"}],"event_choices":[{"damage_healed":0.0,"max_hp_gain":0.0,"max_hp_loss":0.0,"gold_gain":150.0,"event_name":"Liars Game","player_choice":"AGREE","floor":3.0,"gold_loss":0.0,"damage_taken":0.0,"cards_obtained":["Doubt"]},{"damage_healed":0.0,"max_hp_gain":0.0,"max_hp_loss":0.0,"gold_gain":0.0,"event_name":"Scrap Ooze","player_choice":"Success","floor":5.0,"gold_loss":0.0,"damage_taken":56.0,"relics_obtained":["Gremlin Horn"]},{"cards_removed":["Strike_P"],"damage_healed":0.0,"max_hp_gain":0.0,"max_hp_loss":0.0,"gold_gain":0.0,"event_name":"Golden Wing","player_choice":"Card Removal","floor":13.0,"gold_loss":0.0,"damage_taken":7.0},{"damage_healed":0.0,"max_hp_gain":0.0,"max_hp_loss":0.0,"gold_gain":0.0,"event_name":"Cursed Tome","player_choice":"Ignored","floor":19.0,"gold_loss":0.0,"damage_taken":0.0},{"damage_healed":0.0,"max_hp_gain":0.0,"max_hp_loss":0.0,"gold_gain":0.0,"event_name":"WeMeetAgain","player_choice":"Paid Gold","floor":42.0,"gold_loss":95.0,"damage_taken":0.0,"relics_obtained":["The Courier"]}],"is_beta":false,"boss_relics":[{"not_picked":["Runic Dome","Calling Bell"],"picked":"Sozu"},{"not_picked":["Tiny House","Snecko Eye"],"picked":"VioletLotus"}],"items_purged_floors":[10,22,28,36],"is_endless":false,"potions_floor_spawned":[2,7,12,14,20,23,25,27,29,35,39,41,46],"killed_by":"Time Eater","ascension_level":20}}