{"host":"87fdiiwflhrwsj8a","time":1612668654,"event":{"mods":["Aspiration","BaseMod","Better Match","Better Third Choice","BetterRewards","Colored Map","Conspire","GifTheSpireLib","Infinite Spire","Minty Spire (QoL Compilation)","Quick Restart","Relic Sorter","Replay The Spire","StSLib","Stuff the Spire","The Marked","The Servant 0.9.4"],"gold_per_floor":[114,23,23,23,41,41,6,35,35,35,62,74,349,359,371,1,75,178,178,189,189,204,204,218,243,22,56,56,56,90,90,107,122,122,219,219,229,229,248,277,295,321,371,397,421,467,467,467,508,569,569,569,569,569,4,36,36],"floor_reached":58,"language":"ENG","playtime":3347,"items_purged":["Regret"],"score":2506,"play_id":"7c633161-657c-4b28-8ad5-7e284a95393c","local_time":"20210206223054","is_ascension_mode":true,"campfire_choices":[{"floor":9.0,"key":"REST"},{"floor":47,"key":"RECALL"},{"data":"KillingDoll","floor":51,"key":"SMITH"},{"data":"ReplayTheSpireMod:Private Reserves","floor":54,"key":"SMITH"}],"circlet_count":0,"master_deck":["Strike_S","Strike_S","Strike_S","Defend_S","Defend_S","Defend_S","KidneyShot","Exchange","Secret Weapon","Blind","Dramatic Entrance","Rearm","ReplayTheSpireMod:Private Reserves+1","Rearm","Desolation","Reset","FanOfKnives","SurpressingFire","Ricochet","Trip","FlawlessForm","DoubleEdge","infinitespire:Collect","BottledTime","MurderousAura","SilverBlades","FloweringNight+1","SurpressingFire+1","Moonlight","Spin","DoubleEdge","KillingDoll+1","ReplayUltimateDefense+1","Rewind+1"],"relics":["Uniform","StuffTheSpire:BottledEssence","Durian","Iron Hammer","Bronze Scales","ClockworkSouvenir","Onion Ring","ReplayTheSpireMod:ShopPack","Replay:Towering Pillar of Hats","aspiration:TrustyKnives","Pen Nib","Busted Crown","aspiration:ArtOfWarUpgrade","Singing Bowl","Bag of Preparation","Frozen Egg 2","Mirror","StuffTheSpire:Gunfinga","Snecko Heart","StrikeDummy","ReplayTheSpireMod:TigerMarble","Replay:Kaleidoscope","aspiration:AnachronicSnailShell","Blood Vial","infinitespire:EvilPickle","Unceasing Top","Blue Doll","conspire:InfiniteJournal","aspiration:HiddenCompartment"],"acts_visited":["Exordium","TheCity","TheBeyond","TheEnding"],"potions_floor_usage":[39,39,46,52,57,57,57],"damage_taken":[{"damage":0.0,"enemies":"2 Louse","floor":1.0,"turns":1.0},{"damage":0.0,"enemies":"Cultist","floor":5.0,"turns":2.0},{"damage":21.0,"enemies":"Lagavulin","floor":8.0,"turns":6.0},{"damage":0.0,"enemies":"conspire:RoseBush","floor":12.0,"turns":1.0},{"damage":0.0,"enemies":"Red Slaver","floor":14.0,"turns":1.0},{"damage":0.0,"enemies":"Blue Slaver","floor":15.0,"turns":2.0},{"damage":0.0,"enemies":"Fading Forest","floor":18.0,"turns":11.0},{"damage":0.0,"enemies":"Chosen","floor":20.0,"turns":2.0},{"damage":14.0,"enemies":"2 Thieves","floor":22.0,"turns":2.0},{"damage":13.0,"enemies":"Centurion and Healer","floor":24.0,"turns":2.0},{"damage":8.0,"enemies":"Slavers","floor":25.0,"turns":4.0},{"damage":0,"enemies":"conspire:Head Lice","floor":27,"turns":3},{"damage":20,"enemies":"Replay:Snechameleon","floor":30,"turns":3},{"damage":0,"enemies":"Snake Plant","floor":32,"turns":2},{"damage":0,"enemies":"conspire:HollyBat","floor":33,"turns":4},{"damage":16,"enemies":"Pondfish","floor":35,"turns":6},{"damage":0,"enemies":"Orb Walker","floor":37,"turns":3},{"damage":1,"enemies":"3 Shapes","floor":39,"turns":2},{"damage":0,"enemies":"conspire:MimicChest","floor":40,"turns":3},{"damage":18,"enemies":"Sphere and 2 Shapes","floor":41,"turns":3},{"damage":0,"enemies":"Giant Head","floor":42,"turns":3},{"damage":0,"enemies":"Mind Bloom Boss Battle","floor":43,"turns":5},{"damage":0,"enemies":"R_Hoarder","floor":44,"turns":6},{"damage":8,"enemies":"Writhing Mass","floor":46,"turns":2},{"damage":3,"enemies":"4 Shapes","floor":49,"turns":2},{"damage":0,"enemies":"Reptomancer","floor":50,"turns":3},{"damage":41,"enemies":"infinitespire:MassOfShapes","floor":52,"turns":5},{"damage":0,"enemies":"Shield and Spear","floor":56,"turns":2},{"damage":11,"enemies":"The Heart","floor":57,"turns":6}],"seed_played":"-6282738767632612477","potions_obtained":[{"floor":5.0,"key":"SpeedPotion"},{"floor":20.0,"key":"BlessingOfTheForge"},{"floor":24.0,"key":"SpeedPotion"},{"floor":43,"key":"SneckoOil"},{"floor":44,"key":"Weak Potion"},{"floor":49,"key":"ColorlessPotion"},{"floor":50,"key":"CultistPotion"}],"is_trial":false,"path_per_floor":["M","$","PTL","PTL","M","$","?","E","R","?","T","M","?","M","M","$","R_BF","B",null,"M","AVR","M","?","M","E","$","E","T","?","E","R","M","M","R","B",null,"M","?","M","?","M","E","?","E","T","M","R","AVR","M","E","R","B",null,"R","$","E","B",null],"character_chosen":"THE_SERVANT","items_purchased":["StuffTheSpire:BottledEssence","Iron Hammer","Bronze Scales","ClockworkSouvenir","Onion Ring","ReplayTheSpireMod:ShopPack","ReplayTheSpireMod:Private Reserves","Ricochet","Pen Nib","Trip","Bag of Preparation","SilverBlades","conspire:InfiniteJournal","ReplayUltimateDefense+1","Rewind+1","Weak Potion"],"campfire_rested":1,"item_purchase_floors":[0,0,0,0,0,0,2,16,16,16,26,26,55,55,55,55],"current_hp_per_floor":[29,29,29,29,29,29,46,25,46,46,46,46,46,46,46,46,46,54,66,66,66,52,52,39,31,31,33,33,33,15,15,17,19,19,3,59,61,61,60,62,44,46,48,48,48,44,44,44,43,45,45,6,68,68,68,72,63],"gold":36,"neow_bonus":"","is_daily":false,"chose_seed":false,"campfire_upgraded":2,"win_rate":0.0,"timestamp":1612668654,"path_taken":["M","$","PTL","PTL","M","$","?","E","R","?","T","?","?","?","M","$","R_BF","BOSS","M","AVR","M","?","?","E","$","E","T","?","E","R","?","M","R","BOSS","M","?","M","?","M","E","?","E","T","M","R","AVR","M","E","R","BOSS","R","$","E","BOSS"],"items_purchased_type":["Relic","Relic","Relic","Relic","Relic","Relic","Card","Card","Relic","Card","Relic","Card","Relic","Card","Card","Potion"],"build_version":"2020-12-22","purchased_purges":1,"victory":true,"max_hp_per_floor":[70,70,70,70,70,70,70,70,70,70,70,70,70,70,70,70,70,70,70,70,70,70,70,70,70,70,72,72,72,74,74,76,78,78,78,78,80,80,80,82,82,84,86,86,86,88,88,88,88,88,88,88,88,88,88,90,90],"card_choices":[{"not_picked":["Midas Touch","Transmutation"],"picked":"Secret Weapon","floor":0.0},{"not_picked":["StuffTheSpire:PlasmaPulse","Replay:BasicMightCard"],"picked":"Blind","floor":0.0},{"not_picked":["Deep Breath","Blind"],"picked":"Dramatic Entrance","floor":0.0},{"not_picked":["FastForward","Starlight"],"picked":"Rearm","floor":1.0},{"not_picked":["BottledTime","Alleviate"],"picked":"Rearm","floor":5.0},{"not_picked":["Contraction","Alleviate"],"picked":"Desolation","floor":8.0},{"not_picked":["Revamp","Defy"],"picked":"FanOfKnives","floor":12.0},{"not_picked":["DualDimension","FanOfKnives"],"picked":"SurpressingFire","floor":14.0},{"not_picked":["ShatteredReality","Revamp","SilverMatrix"],"picked":"SKIP","floor":15.0},{"not_picked":["Duplication","Sunlight"],"picked":"FlawlessForm","floor":18.0},{"not_picked":[],"picked":"DoubleEdge","floor":20.0},{"not_picked":[],"picked":"BottledTime","floor":22.0},{"not_picked":["DancingSilver"],"picked":"SKIP","floor":24.0},{"not_picked":[],"picked":"MurderousAura","floor":25.0},{"not_picked":["Barrier"],"picked":"Singing Bowl","floor":27},{"not_picked":["Rewind+1"],"picked":"Singing Bowl","floor":30},{"not_picked":["FastForward"],"picked":"Singing Bowl","floor":32},{"not_picked":["ShatteredReality"],"picked":"Singing Bowl","floor":33},{"not_picked":[],"picked":"FloweringNight+1","floor":35},{"not_picked":["Foresight+1"],"picked":"Singing Bowl","floor":37},{"not_picked":[],"picked":"SurpressingFire+1","floor":39},{"not_picked":["Replace"],"picked":"Singing Bowl","floor":40},{"not_picked":[],"picked":"Moonlight","floor":41},{"not_picked":["MoonPhase+1"],"picked":"Singing Bowl","floor":42},{"not_picked":["Reset+1"],"picked":"Singing Bowl","floor":43},{"not_picked":[],"picked":"Spin","floor":44},{"not_picked":["Revamp"],"picked":"Singing Bowl","floor":46},{"not_picked":[],"picked":"DoubleEdge","floor":49},{"not_picked":[],"picked":"KillingDoll","floor":50},{"not_picked":["Advance"],"picked":"Singing Bowl","floor":56}],"player_experience":2600491,"relics_obtained":[{"floor":8.0,"key":"aspiration:TrustyKnives"},{"floor":25.0,"key":"Singing Bowl"},{"floor":27,"key":"Frozen Egg 2"},{"floor":28,"key":"Mirror"},{"floor":30,"key":"StuffTheSpire:Gunfinga"},{"floor":40,"key":"StrikeDummy"},{"floor":42,"key":"ReplayTheSpireMod:TigerMarble"},{"floor":43,"key":"Replay:Kaleidoscope"},{"floor":44,"key":"aspiration:AnachronicSnailShell"},{"floor":45,"key":"Blood Vial"},{"floor":50,"key":"Blue Doll"},{"floor":56,"key":"aspiration:HiddenCompartment"}],"event_choices":[{"damage_healed":17.0,"max_hp_gain":0.0,"max_hp_loss":0.0,"gold_gain":0.0,"event_name":"The Cleric","player_choice":"Healed","floor":7.0,"gold_loss":35.0,"damage_taken":0.0},{"damage_healed":0.0,"max_hp_gain":0.0,"max_hp_loss":0.0,"gold_gain":0.0,"cards_transformed":["Strike_S"],"event_name":"Transmorgrifier","player_choice":"Transformed","floor":10.0,"gold_loss":0.0,"damage_taken":0.0,"cards_obtained":["Reset"]},{"damage_healed":0.0,"max_hp_gain":0.0,"max_hp_loss":0.0,"gold_gain":275.0,"event_name":"Golden Shrine","player_choice":"Desecrate","floor":13.0,"gold_loss":0.0,"damage_taken":0.0,"cards_obtained":["Regret"]},{"damage_healed":0.0,"max_hp_gain":0.0,"max_hp_loss":0.0,"gold_gain":0.0,"event_name":"The Woman in Blue","player_choice":"Bought 0 Potions","floor":23.0,"gold_loss":0.0,"damage_taken":0.0},{"cards_removed":["Defend_S"],"damage_healed":0,"gold_gain":0,"player_choice":"Purged","damage_taken":0,"max_hp_gain":0,"max_hp_loss":0,"event_name":"Purifier","floor":29,"gold_loss":0},{"damage_healed":0,"gold_gain":0,"player_choice":"Ignored","damage_taken":0,"max_hp_gain":0,"max_hp_loss":0,"event_name":"Tomb of Lord Red Mask","floor":38,"gold_loss":0},{"damage_healed":0,"gold_gain":0,"player_choice":"Fight","damage_taken":0,"max_hp_gain":0,"max_hp_loss":0,"event_name":"MindBloom","floor":43,"gold_loss":0}],"is_beta":false,"boss_relics":[{"not_picked":["infinitespire:Cupcake","Replay:Bronze Core"],"picked":"Busted Crown"},{"not_picked":["ReplayTheSpireMod:DimensionalGlitch","Replay:Wanted Poster"],"picked":"Snecko Heart"}],"items_purged_floors":[16],"is_endless":false,"potions_floor_spawned":[5,20,24,30,32,37,43,44,49,50],"ascension_level":5}}