{"host":"bcpyscfajg8dk59p","time":1612656347,"event":{"mods":["Act Like it!","BaseMod","BetterRewards","Colored Map","Colored Powertips","Conspire","Downfall","Friendly Minions","Hubris","Infinite Spire","Ironclad Rager","Minty Spire (QoL Compilation)","Permanent Neow","Quarter Circle Forward PUNCH!","Replay The Spire","StSLib","SuperFastMode","The Jungle","Trackpad"],"gold_per_floor":[109,109,72,88,105,105,135,135,215,227,227,227,244,254,254,350,350,368,368,368,378,388,413,192,208,234,234,234,267,267,267],"floor_reached":30,"language":"ENG","playtime":1453,"items_purged":["Study","Strike_P"],"score":250,"play_id":"c7c701bc-9296-41e5-87b0-fca9090bf3e4","local_time":"20210206160547","is_ascension_mode":false,"campfire_choices":[{"floor":6,"key":"RECALL"},{"data":"Wish","floor":8,"key":"SMITH"},{"floor":12,"key":"REST"},{"data":"Replay:AtTheReady","floor":15,"key":"SMITH"},{"data":"FlyingSleeves","floor":28,"key":"SMITH"}],"circlet_count":0,"master_deck":["Strike_P","Strike_P","Strike_P","Defend_P","Defend_P","Defend_P","Defend_P","Eruption","Vigilance","WindmillStrike","Evaluate","Wish+1","FollowUp","WindmillStrike","Replay:AtTheReady+1","Omniscience","SandsOfTime","FlyingSleeves+1","Replay:Hum+1"],"relics":["PureWater","NeowsBlessing","CultistMask","trackpad:PetRock","hubris:ScarierMask","Ring of Searing","Ring of Fangs","ReplayTheSpireMod:Lightbulb","Orichalcum","Pet Ghost","trackpad:SneckoScepter","Red Mask"],"acts_visited":["Exordium","TheCity"],"potions_floor_usage":[13,16],"damage_taken":[{"damage":0,"enemies":"Jaw Worm","floor":1,"turns":1},{"damage":0,"enemies":"Cultist","floor":4,"turns":1},{"damage":0,"enemies":"2 Louse","floor":5,"turns":1},{"damage":32,"enemies":"Lagavulin","floor":7,"turns":7},{"damage":5,"enemies":"Looter","floor":10,"turns":3},{"damage":7,"enemies":"2 Fungi Beasts","floor":13,"turns":6},{"damage":3,"enemies":"Exordium Wildlife","floor":14,"turns":5},{"damage":19,"enemies":"Slime Boss","floor":16,"turns":9},{"damage":1,"enemies":"Spheric Guardian","floor":18,"turns":6},{"damage":1,"enemies":"Shell Parasite","floor":21,"turns":6},{"damage":0,"enemies":"Sentry and Sphere","floor":22,"turns":2},{"damage":10,"enemies":"conspire:Head Lice","floor":23,"turns":6},{"damage":7,"enemies":"Snecko","floor":25,"turns":3},{"damage":13,"enemies":"Masked Bandits","floor":29,"turns":3},{"damage":31,"enemies":"Snake Plant","floor":30,"turns":5}],"seed_played":"-2577760054562603754","potions_obtained":[{"floor":1,"key":"Doom Potion"},{"floor":10,"key":"Regen Potion"},{"floor":14,"key":"Milkshake"},{"floor":16,"key":"Fruit Juice"},{"floor":21,"key":"Strength Potion"},{"floor":22,"key":"LiquidMemories"}],"is_trial":false,"path_per_floor":["M","?","$","M","M","R","E","R","T","M","?","R","M","M","R","B",null,"M","?","?","M","M","E","$","M","T","AVR","R","?","M"],"character_chosen":"WATCHER","items_purchased":["WindmillStrike","Orichalcum"],"campfire_rested":1,"item_purchase_floors":[3,24],"current_hp_per_floor":[72,72,72,72,72,72,40,40,40,35,17,38,45,42,42,28,77,76,62,62,61,61,51,51,44,44,44,44,31,0,0],"gold":267,"neow_bonus":"THREE_ENEMY_KILL","is_daily":false,"chose_seed":false,"campfire_upgraded":3,"win_rate":0.0,"timestamp":1612656347,"path_taken":["M","?","$","?","M","R","E","R","T","M","?","R","M","M","R","BOSS","M","?","?","M","M","E","$","M","T","AVR","R","?","M"],"items_purchased_type":["Card","Relic"],"build_version":"2020-12-22","purchased_purges":2,"victory":false,"max_hp_per_floor":[72,72,72,72,72,72,72,72,72,72,72,72,72,72,72,77,77,77,82,82,82,82,82,82,82,82,82,82,82,82,82],"card_choices":[{"not_picked":["SashWhip","Indignation","Replay:BluntJabs"],"picked":"SKIP","floor":1},{"not_picked":["FearNoEvil","MentalFortress"],"picked":"Evaluate","floor":4},{"not_picked":["FlyingSleeves","Crescendo"],"picked":"Study","floor":5},{"not_picked":["DeceiveReality","CrushJoints"],"picked":"Wish","floor":7},{"not_picked":["SashWhip","Weave"],"picked":"FollowUp","floor":10},{"not_picked":["ReplayTheSpireMod:Haul","hubris:InfiniteBlow"],"picked":"infinitespire:SealOfDarkness+","floor":11},{"not_picked":["BowlingBash","CutThroughFate"],"picked":"WindmillStrike","floor":13},{"not_picked":["Replay:BluntJabs","JustLucky"],"picked":"Replay:AtTheReady","floor":14},{"not_picked":["Replay:LoomingThreat","Replay:AllIn"],"picked":"Omniscience","floor":16},{"not_picked":["JustLucky","PathToVictory"],"picked":"SandsOfTime","floor":18},{"not_picked":["FlurryOfBlows","EmptyFist+1","SashWhip"],"picked":"SKIP","floor":21},{"not_picked":["Evaluate+1","Collect"],"picked":"FlyingSleeves","floor":22},{"not_picked":["EmptyBody","Fasting2","ThirdEye+1"],"picked":"SKIP","floor":23},{"not_picked":["CrushJoints+1","BowlingBash"],"picked":"Replay:Hum+1","floor":25}],"player_experience":451372,"relics_obtained":[{"floor":7,"key":"trackpad:PetRock"},{"floor":20,"key":"Ring of Searing"},{"floor":20,"key":"Ring of Fangs"},{"floor":23,"key":"ReplayTheSpireMod:Lightbulb"},{"floor":26,"key":"Pet Ghost"},{"floor":29,"key":"Red Mask"}],"event_choices":[{"damage_healed":0,"gold_gain":0,"player_choice":"Trade","damage_taken":0,"relics_obtained":["CultistMask"],"max_hp_gain":0,"max_hp_loss":0,"event_name":"FaceTrader","floor":2,"gold_loss":0},{"damage_healed":0,"gold_gain":0,"player_choice":"Shed Blood","damage_taken":19,"max_hp_gain":5,"max_hp_loss":0,"event_name":"Forgotten Altar","floor":19,"gold_loss":0},{"damage_healed":0,"gold_gain":0,"player_choice":"Fought Bandits","damage_taken":0,"max_hp_gain":0,"max_hp_loss":0,"event_name":"Masked Bandits","floor":29,"gold_loss":0}],"is_beta":false,"boss_relics":[{"not_picked":["Snecko Eye","Replay:Drink Me"],"picked":"hubris:ScarierMask"}],"items_purged_floors":[24,27],"is_endless":false,"potions_floor_spawned":[1,10,14,16,21,22,23,29],"killed_by":"Snake Plant","ascension_level":0}}