{"host":"mcmflfjoldkjkv7m","time":1612697752,"event":{"mods":["AchievementEnabler","BaseMod","DeckTracker","Minty Spire (QoL Compilation)","SuperFastMode"],"gold_per_floor":[109,123,123,137,137,168,168,179,205,205,217,246,14,14,14,14,14],"floor_reached":16,"language":"KOR","playtime":417,"items_purged":["Defend_G"],"score":155,"play_id":"b77e70ff-2ef6-4ed5-a7ec-ec6b669e7b38","local_time":"20210207203552","is_ascension_mode":true,"campfire_choices":[{"data":"Riddle With Holes","floor":7,"key":"SMITH"},{"floor":15,"key":"REST"}],"circlet_count":0,"master_deck":["AscendersBane","Strike_G","Strike_G","Strike_G","Defend_G","Defend_G","Defend_G","Defend_G","Survivor","Neutralize","Riddle With Holes+1","Acrobatics","Well Laid Plans","Adrenaline","After Image"],"relics":["Ring of the Snake","NeowsBlessing","Akabeko","Dream Catcher","Odd Mushroom"],"acts_visited":["Exordium"],"potions_floor_usage":[6,12],"damage_taken":[{"damage":0,"enemies":"Jaw Worm","floor":1,"turns":1},{"damage":0,"enemies":"Cultist","floor":2,"turns":1},{"damage":0,"enemies":"Small Slimes","floor":4,"turns":1},{"damage":32,"enemies":"3 Sentries","floor":6,"turns":9},{"damage":8,"enemies":"3 Louse","floor":8,"turns":4},{"damage":0,"enemies":"Red Slaver","floor":11,"turns":1},{"damage":19,"enemies":"The Mushroom Lair","floor":12,"turns":6},{"damage":58,"enemies":"Hexaghost","floor":16,"turns":14}],"seed_played":"-8699384229002337854","potions_obtained":[{"floor":4,"key":"AttackPotion"},{"floor":6,"key":"PowerPotion"},{"floor":12,"key":"FairyPotion"}],"is_trial":false,"path_per_floor":["M","M","?","M","?","E","R","M","T","?","M","?","$","?","R","B"],"character_chosen":"THE_SILENT","items_purchased":["Adrenaline"],"campfire_rested":1,"item_purchase_floors":[13],"current_hp_per_floor":[63,63,63,63,63,31,31,23,23,23,23,4,4,9,31,0,0],"gold":14,"neow_bonus":"THREE_ENEMY_KILL","is_daily":false,"chose_seed":false,"campfire_upgraded":1,"win_rate":0.0,"timestamp":1612697752,"path_taken":["M","M","?","?","?","E","R","M","T","?","?","?","$","?","R","BOSS"],"items_purchased_type":["Card"],"build_version":"2020-12-22","purchased_purges":1,"victory":false,"max_hp_per_floor":[70,70,70,70,70,70,70,70,70,70,70,70,70,75,75,75,75],"card_choices":[{"not_picked":["Flying Knee","Caltrops"],"picked":"Riddle With Holes","floor":1},{"not_picked":["Riddle With Holes","Bane","Deflect"],"picked":"SKIP","floor":2},{"not_picked":["Leg Sweep","Bouncing Flask","Heel Hook"],"picked":"SKIP","floor":4},{"not_picked":["Dodge and Roll","Outmaneuver","Blur"],"picked":"SKIP","floor":6},{"not_picked":["Dagger Spray","Deadly Poison"],"picked":"Acrobatics","floor":8},{"not_picked":["Cloak And Dagger","Backflip","Expertise"],"picked":"SKIP","floor":11},{"not_picked":["PiercingWail","Flying Knee"],"picked":"Well Laid Plans","floor":12},{"not_picked":["PiercingWail","Blade Dance"],"picked":"After Image","floor":15}],"player_experience":361837,"relics_obtained":[{"floor":6,"key":"Akabeko"},{"floor":9,"key":"Dream Catcher"},{"floor":12,"key":"Odd Mushroom"}],"event_choices":[{"cards_removed":["Strike_G"],"damage_healed":0,"gold_gain":0,"player_choice":"Card Removal","damage_taken":0,"max_hp_gain":0,"max_hp_loss":0,"event_name":"Wheel of Change","floor":3,"gold_loss":0},{"cards_removed":["Strike_G"],"damage_healed":0,"gold_gain":0,"player_choice":"Forget","damage_taken":0,"max_hp_gain":0,"max_hp_loss":0,"event_name":"Living Wall","floor":5,"gold_loss":0},{"damage_healed":0,"gold_gain":0,"player_choice":"Bought 0 Potions","damage_taken":0,"max_hp_gain":0,"max_hp_loss":0,"event_name":"The Woman in Blue","floor":10,"gold_loss":0},{"damage_healed":0,"gold_gain":0,"player_choice":"Fought Mushrooms","damage_taken":0,"max_hp_gain":0,"max_hp_loss":0,"event_name":"Mushrooms","floor":12,"gold_loss":0},{"damage_healed":0,"gold_gain":0,"player_choice":"Donut","damage_taken":0,"max_hp_gain":5,"max_hp_loss":0,"event_name":"Big Fish","floor":14,"gold_loss":0}],"is_beta":false,"boss_relics":[],"items_purged_floors":[13],"is_endless":false,"potions_floor_spawned":[4,6,12],"killed_by":"Hexaghost","ascension_level":11}}