{"host":"wghdsg8ym2wc7ov9","time":1612686117,"event":{"mods":["A Penny For Your Troubles","AchievementEnabler","Astrologer","BaseMod","Beaked The Cultist","Better Altar","Better Note","Bossed Relics","ChefMod","Colored Map","Evolution","Fox Events","Hermit","Highlight Path","Jorbs\u0027s Wanderer Trilogy","KinomotoSakuraMod(????)","Minty Spire (QoL Compilation)","Random Character Button","Relic Stats","SIMod","Shop Mod","StSLib","The Blackbeard","The Bladedancer","The Construct","The Cursed","The Death Knight","The Gatherer","The Hierophant","The Marked","The Mystic","The Necromancer","The Runesmith","The Senshi","The Servant 0.9.4","Weighted Paths"],"gold_per_floor":[119,136,152,164,178,178,207,217,217,217,217,217,229,247,247,349,349,362,362,374,385,395,395,395,385,408,120,120,120,135,135,135,232,232,246,257,257,257,257],"floor_reached":38,"language":"ENG","playtime":4540,"items_purged":[],"score":475,"play_id":"4c5fb947-f3d2-454c-add7-accf480f3897","local_time":"20210207002157","is_ascension_mode":false,"campfire_choices":[{"data":"beaked:Ceremony","floor":6.0,"key":"SMITH"},{"data":"beaked:Ceremony","floor":10.0,"key":"SMITH"},{"data":"beaked:VigorBurst","floor":15.0,"key":"SMITH"},{"data":"beaked:CrazyRituals","floor":23.0,"key":"SMITH"},{"floor":28.0,"key":"REST"},{"data":"beaked:MimicMachine","floor":32.0,"key":"SMITH"}],"circlet_count":0,"master_deck":["beaked:Strike_Y","beaked:Strike_Y","beaked:Strike_Y","beaked:Strike_Y","beaked:Strike_Y","beaked:Defend_Y","beaked:Defend_Y","beaked:Defend_Y","beaked:Defend_Y","beaked:Ceremony+1","beaked:Ceremony+1","beaked:Ceremony+1","beaked:MimicMachine","beaked:DesperateSwing","beaked:Windmill","beaked:Brace","beaked:Windmill","beaked:Windmill","beaked:VigorBurst+1","beaked:MachineSpirit","beaked:CrazyRituals","beaked:SacrificialScars","beaked:Insight","beaked:SurvivalInstinct","beaked:CrazyRituals+1","beaked:SacrificialDive","beaked:MimicMachine+1","DeathKnight:Razorice","beaked:Hexing","beaked:RitualOfBody+1","beaked:Windmill","beaked:Evade","beaked:ScreechingChant","beaked:VigorBurst","beaked:WarriorEssence+1"],"relics":["beaked:BlessedCoat","EVO:Axolotl","Mercury Hourglass","StrikeDummy","Bottled Tornado","betterAltar:BloodRelic","SlaversCollar"],"acts_visited":["TheCity","TheBeyond"],"potions_floor_usage":[],"damage_taken":[{"damage":7.0,"enemies":"Cultist","floor":1.0,"turns":5.0},{"damage":9.0,"enemies":"2 Louse","floor":2.0,"turns":4.0},{"damage":11.0,"enemies":"Jaw Worm","floor":3.0,"turns":5.0},{"damage":5.0,"enemies":"3 Louse","floor":4.0,"turns":4.0},{"damage":20.0,"enemies":"Looter","floor":5.0,"turns":4.0},{"damage":43.0,"enemies":"3 Sentries","floor":7.0,"turns":8.0},{"damage":9.0,"enemies":"Blue Slaver","floor":8.0,"turns":3.0},{"damage":0.0,"enemies":"2 Fungi Beasts","floor":13.0,"turns":3.0},{"damage":21.0,"enemies":"Red Slaver","floor":14.0,"turns":3.0},{"damage":16.0,"enemies":"Slime Boss","floor":16.0,"turns":8.0},{"damage":41.0,"enemies":"2 Thieves","floor":18.0,"turns":5.0},{"damage":6.0,"enemies":"Chosen","floor":20.0,"turns":4.0},{"damage":34.0,"enemies":"Snecko","floor":21.0,"turns":6.0},{"damage":28.0,"enemies":"Sentry and Sphere","floor":22.0,"turns":4.0},{"damage":63.0,"enemies":"Book of Stabbing","floor":25.0,"turns":6.0},{"damage":21.0,"enemies":"Centurion and Healer","floor":30.0,"turns":5.0},{"damage":43.0,"enemies":"Champ","floor":33.0,"turns":9.0},{"damage":32.0,"enemies":"3 Shapes","floor":35.0,"turns":7.0},{"damage":90.0,"enemies":"3 Darklings","floor":36.0,"turns":7.0},{"damage":121,"enemies":"Transient","floor":38,"turns":5}],"seed_played":"8340075648241735707","potions_obtained":[{"floor":2.0,"key":"Weak Potion"},{"floor":3.0,"key":"EssenceOfSteel"},{"floor":5.0,"key":"Explosive Potion"},{"floor":8.0,"key":"SneckoOil"},{"floor":13.0,"key":"SpeedPotion"},{"floor":14.0,"key":"SpeedPotion"},{"floor":20.0,"key":"GamblersBrew"},{"floor":25.0,"key":"Strength Potion"},{"floor":30.0,"key":"LiquidBronze"}],"is_trial":false,"path_per_floor":["M","M","M","M","M","R","E","M","T","R","?","?","M","M","R","B",null,"M","?","M","M","M","R","?","E","T","$","R","?","M","?","R","B",null,"M","M","?","M"],"character_chosen":"BEAKED_THE_CULTIST","items_purchased":["beaked:RitualOfBody","Blood Vial","beaked:Windmill","AttackPotion"],"campfire_rested":1,"item_purchase_floors":[27,27,27,27],"current_hp_per_floor":[55,55,54,55,46,46,28,35,35,35,23,23,37,36,36,52,60,35,35,48,42,28,28,28,8,8,8,27,8,49,49,49,66,66,62,53,53,0,0],"gold":257,"neow_bonus":"TEN_PERCENT_HP_BONUS","is_daily":false,"chose_seed":false,"campfire_upgraded":5,"win_rate":0.0,"timestamp":1612686117,"path_taken":["M","?","?","M","M","R","E","M","T","R","?","?","M","?","R","BOSS","M","?","M","M","M","R","?","E","T","$","R","?","M","?","R","BOSS","M","M","?","M"],"items_purchased_type":["Card","Relic","Card","Potion"],"build_version":"2020-12-22","purchased_purges":0,"victory":false,"max_hp_per_floor":[55,55,55,55,55,55,55,60,60,60,60,60,60,60,60,60,60,62,62,62,64,66,66,66,66,66,66,66,66,66,66,66,66,66,73,73,73,73,73],"relic_stats":{"counters":[20,104],"obtain_stats":[{"Blood Vial":27,"SlaversCollar":34,"betterAltar:BloodRelic":29,"EVO:Axolotl":0,"beaked:MendingPlumage":0,"Bottled Tornado":25,"StrikeDummy":9,"beaked:BlessedCoat":17,"Mercury Hourglass":7},{"Blood Vial":15,"SlaversCollar":17,"betterAltar:BloodRelic":15,"EVO:Axolotl":0,"beaked:MendingPlumage":0,"Bottled Tornado":15,"StrikeDummy":7,"beaked:BlessedCoat":10,"Mercury Hourglass":6},{"Blood Vial":71,"SlaversCollar":85,"betterAltar:BloodRelic":71,"EVO:Axolotl":0,"beaked:MendingPlumage":0,"Bottled Tornado":71,"StrikeDummy":33,"beaked:BlessedCoat":47,"Mercury Hourglass":30}],"Mercury Hourglass":[272]},"card_choices":[{"not_picked":["beaked:Tweet","beaked:Overexert"],"picked":"beaked:MimicMachine","floor":1.0},{"not_picked":["beaked:BarbedWire","beaked:HuntressEssence"],"picked":"beaked:DesperateSwing","floor":2.0},{"not_picked":["beaked:Struggle","beaked:Redirect"],"picked":"beaked:Windmill","floor":3.0},{"not_picked":["beaked:SurvivalInstinct","beaked:BraceForImpact"],"picked":"beaked:Brace","floor":4.0},{"not_picked":["beaked:Redirect","beaked:WarriorSpirit"],"picked":"beaked:Windmill","floor":5.0},{"not_picked":["beaked:Struggle","beaked:Cower"],"picked":"beaked:Windmill","floor":7.0},{"not_picked":["beaked:TuckingFeathers","beaked:Overpower"],"picked":"beaked:VigorBurst","floor":8.0},{"not_picked":["beaked:Windmill","beaked:FullHouse"],"picked":"beaked:MachineSpirit","floor":13.0},{"not_picked":["beaked:Tradeoff","beaked:Devastation"],"picked":"beaked:CrazyRituals","floor":14.0},{"not_picked":["beaked:ShadowFade","beaked:Caw"],"picked":"beaked:SacrificialScars","floor":16.0},{"not_picked":["beaked:Tradeoff+1","beaked:Cower"],"picked":"beaked:Insight","floor":18.0},{"not_picked":["beaked:CursingBlood+1","beaked:Insight"],"picked":"beaked:CrazyRituals","floor":20.0},{"not_picked":["beaked:Cower","beaked:BloodRitual"],"picked":"beaked:SacrificialDive","floor":21.0},{"not_picked":["beaked:DarkPact","beaked:Redirect"],"picked":"beaked:MimicMachine","floor":22.0},{"not_picked":["beaked:Flinch+1","beaked:WarriorEssence"],"picked":"beaked:Hexing","floor":25.0},{"not_picked":["beaked:DesperateSwing","beaked:DigDeep"],"picked":"beaked:Evade","floor":30.0},{"not_picked":["beaked:ShadowFade","beaked:FullHouse"],"picked":"beaked:ScreechingChant","floor":33.0},{"not_picked":["beaked:HuntressSpirit","beaked:Resilience"],"picked":"beaked:VigorBurst","floor":35.0},{"not_picked":["beaked:Cower","beaked:Struggle"],"picked":"beaked:WarriorEssence+1","floor":36.0}],"player_experience":903891,"relics_obtained":[{"floor":7.0,"key":"Mercury Hourglass"},{"floor":9.0,"key":"StrikeDummy"},{"floor":25.0,"key":"Bottled Tornado"}],"event_choices":[{"damage_healed":0.0,"max_hp_gain":0.0,"max_hp_loss":0.0,"gold_gain":0.0,"event_name":"Shining Light","player_choice":"Entered Light","floor":11.0,"gold_loss":0.0,"damage_taken":12.0,"cards_upgraded":["beaked:Poke","beaked:Ceremony"]},{"damage_healed":0.0,"max_hp_gain":0.0,"max_hp_loss":0.0,"gold_gain":0.0,"event_name":"The Woman in Blue","player_choice":"Bought 0 Potions","floor":12.0,"gold_loss":0.0,"damage_taken":0.0},{"damage_healed":0.0,"max_hp_gain":0.0,"max_hp_loss":0.0,"gold_gain":0.0,"cards_transformed":["beaked:Poke"],"event_name":"Transmorgrifier","player_choice":"Transformed","floor":19.0,"gold_loss":0.0,"damage_taken":0.0,"cards_obtained":["beaked:SurvivalInstinct"]},{"cards_removed":["beaked:CrazyRituals"],"damage_healed":0.0,"max_hp_gain":0.0,"max_hp_loss":0.0,"gold_gain":0.0,"event_name":"betterNote:BetterNote","player_choice":"Take \u0026 Give","floor":24.0,"gold_loss":0.0,"damage_taken":0.0,"cards_obtained":["DeathKnight:Razorice"]},{"damage_healed":0.0,"max_hp_gain":27.0,"max_hp_loss":8.0,"gold_gain":0.0,"event_name":"betterAltar:BetterAltar","player_choice":" RottenVial Potion ","floor":29.0,"potions_obtained":["betterAltar:AltarPotion"],"relics_lost":["Blood Vial"],"gold_loss":0.0,"damage_taken":19.0,"relics_obtained":["betterAltar:BloodRelic"]},{"damage_healed":0.0,"max_hp_gain":0.0,"max_hp_loss":0.0,"gold_gain":0.0,"event_name":"Upgrade Shrine","player_choice":"Upgraded","floor":31.0,"gold_loss":0.0,"damage_taken":0.0,"cards_upgraded":["beaked:RitualOfBody"]},{"damage_healed":0,"gold_gain":0,"player_choice":"Ignored","damage_taken":0,"max_hp_gain":0,"max_hp_loss":0,"event_name":"Mysterious Sphere","floor":37,"gold_loss":0}],"is_beta":false,"boss_relics":[{"not_picked":["Tiny House","Busted Crown"],"picked":"beaked:BlessedCoat"},{"not_picked":["construct:WeddingRing","Coffee Dripper"],"picked":"SlaversCollar"}],"items_purged_floors":[],"is_endless":false,"potions_floor_spawned":[2,3,5,8,13,14,20,25,30],"killed_by":"Transient","ascension_level":0}}