{"host":"ej72cplobca8grby","time":1612727469,"event":{"mods":["BaseMod","Downfall","Minty Spire (QoL Compilation)","StSLib"],"gold_per_floor":[99,118,568,579,17,47,47,147,157,57,157,171,202,215,232,328,328,128,148,148,33,45,45,45,77,95,126,111,128,157,167,178,277,277,277,13,33,53,72,106,106,122,149,149,161,161,188,201,212,212,212,247,97,97,97,97,97,97],"floor_reached":56,"language":"ENG","playtime":5242,"items_purged":["downfall:Icky","downfall:Icky","champ:Strike","champ:Strike"],"score":888,"play_id":"57661541-db4a-4af3-98cf-2028cc3acd45","local_time":"20210207215109","is_ascension_mode":false,"campfire_choices":[{"floor":1,"key":"RECALL"},{"data":"champ:FanOfKnives","floor":10,"key":"SMITH"},{"data":"champ:AdrenalArmor","floor":18,"key":"SMITH"},{"data":"champ:AdrenalArmor","floor":23,"key":"SMITH"},{"floor":35,"key":"REST"},{"floor":54,"key":"REST"}],"circlet_count":0,"master_deck":["champ:Strike","champ:Defend","champ:Defend","champ:Defend","champ:Defend","champ:Taunt+1","champ:FanOfKnives+1","champ:AdrenalArmor+1","champ:RecklessLeap+1","champ:AdrenalArmor+1","champ:RapidStrikes+1","champ:ShieldSlam","champ:BerserkerStyle","champ:EnragedBash+1","champ:MurderStrike+1","champ:ViciousMockery+1","champ:AdrenalArmor","champ:AdrenalArmor+1","champ:MurderStrike+1","champ:FocusedBerserking+1","champ:BerserkerStyle+1","champ:FancyFootwork+1"],"relics":["champ:ChampionCrown","Molten Egg 2","MealTicket","TungstenRod","downfall:HeartBlessingRed","Blood Vial","Runic Pyramid","downfall:HeartBlessingGreen","downfall:HeartBlessingBlue","White Beast Statue","Mango","Ornamental Fan","Pocketwatch","Fusion Hammer","Kunai","Bottled Flame","Question Card","InkBottle","Toxic Egg 2","Singing Bowl","Eternal Feather","Blue Candle"],"acts_visited":["Exordium","TheCity","TheBeyond","TheEnding"],"potions_floor_usage":[6,6,15,15,16,30,36],"damage_taken":[{"damage":20,"enemies":"Cultist","floor":2,"turns":5},{"damage":14,"enemies":"Small Slimes","floor":4,"turns":3},{"damage":10,"enemies":"downfall:FleeingMerchant","floor":5,"turns":4},{"damage":96,"enemies":"Lagavulin","floor":6,"turns":11},{"damage":9,"enemies":"2 Louse","floor":9,"turns":3},{"damage":102,"enemies":"downfall:Heads","floor":11,"turns":6},{"damage":27,"enemies":"Lots of Slimes","floor":12,"turns":2},{"damage":56,"enemies":"Gremlin Nob","floor":13,"turns":4},{"damage":10,"enemies":"Exordium Wildlife","floor":14,"turns":3},{"damage":15,"enemies":"Exordium Thugs","floor":15,"turns":2},{"damage":55,"enemies":"IC_STATUS_ARCHETYPE","floor":16,"turns":9},{"damage":49,"enemies":"3 Byrds","floor":19,"turns":7},{"damage":62,"enemies":"downfall:FleeingMerchant","floor":21,"turns":4},{"damage":55,"enemies":"Shell Parasite","floor":22,"turns":6},{"damage":68,"enemies":"Slavers","floor":25,"turns":6},{"damage":31,"enemies":"Centurion and Healer","floor":26,"turns":5},{"damage":68,"enemies":"Book of Stabbing","floor":27,"turns":4},{"damage":65,"enemies":"downfall:FleeingMerchant","floor":28,"turns":4},{"damage":58,"enemies":"Snecko","floor":29,"turns":5},{"damage":51,"enemies":"Slavers","floor":30,"turns":4},{"damage":65,"enemies":"Sentry and Sphere","floor":31,"turns":4},{"damage":58,"enemies":"Cultist and Chosen","floor":32,"turns":5},{"damage":132,"enemies":"WA_ARCHETYPE_CALM","floor":33,"turns":9},{"damage":54,"enemies":"downfall:FleeingMerchant","floor":36,"turns":4},{"damage":52,"enemies":"3 Shapes","floor":37,"turns":3},{"damage":42,"enemies":"3 Darklings","floor":38,"turns":3},{"damage":114,"enemies":"Maw","floor":39,"turns":6},{"damage":46,"enemies":"Nemesis","floor":40,"turns":3},{"damage":75,"enemies":"Spire Growth","floor":42,"turns":5},{"damage":120,"enemies":"Giant Head","floor":43,"turns":6},{"damage":42,"enemies":"Sphere and 2 Shapes","floor":45,"turns":3},{"damage":76,"enemies":"Nemesis","floor":47,"turns":3},{"damage":84,"enemies":"Writhing Mass","floor":48,"turns":3},{"damage":124,"enemies":"Transient","floor":49,"turns":5},{"damage":152,"enemies":"SI_POISON_ARCHETYPE","floor":50,"turns":11},{"damage":183,"enemies":"downfall:CharBossMerchant","floor":52,"turns":7},{"damage":277,"enemies":"downfall:NeowBoss","floor":55,"turns":16},{"damage":113,"enemies":"downfall:NeowBossFinal","floor":56,"turns":5}],"seed_played":"-7233802496858993700","potions_obtained":[{"floor":0,"key":"FairyPotion"},{"floor":0,"key":"Regen Potion"},{"floor":0,"key":"Swift Potion"},{"floor":4,"key":"Fruit Juice"},{"floor":11,"key":"Energy Potion"},{"floor":12,"key":"Explosive Potion"},{"floor":13,"key":"Weak Potion"},{"floor":16,"key":"champ:UltimateStancePotion"},{"floor":19,"key":"bronze:BurnAndBuffPotion"},{"floor":20,"key":"downfall:CursedFountainPotion"},{"floor":25,"key":"champ:TechniquePotion"},{"floor":26,"key":"Strength Potion"},{"floor":29,"key":"Guardian:BlockOnCardUsePotion"},{"floor":30,"key":"Fruit Juice"},{"floor":31,"key":"AttackPotion"},{"floor":33,"key":"Energy Potion"},{"floor":36,"key":"champ:UltimateStancePotion"}],"is_trial":false,"path_per_floor":["R","M","?","M","$","E","T","?","M","R","?","M","E","M","M","B",null,"R","M","?","$","M","R","T","E","M","E","$","M","E","M","M","B",null,"R","$","M","M","M","E","T","M","E","?","M","?","E","M","M","B",null,"E","$","R","B","B"],"character_chosen":"THE_CHAMP","items_purchased":["Molten Egg 2","MealTicket","champ:RecklessLeap+1","Kunai","Bottled Flame"],"campfire_rested":2,"item_purchase_floors":[5,5,5,36,36],"current_hp_per_floor":[90,90,90,86,86,44,44,44,45,45,54,57,42,46,43,35,95,105,105,105,105,105,105,105,96,103,93,108,119,113,118,123,99,124,124,124,115,124,124,123,123,99,109,109,109,109,119,125,128,124,128,122,130,130,106,0,0,0],"gold":97,"neow_bonus":"THREE_SMALL_POTIONS","is_daily":false,"chose_seed":false,"campfire_upgraded":3,"win_rate":0.0,"timestamp":1612727469,"path_taken":["R","M","?","M","$","E","T","?","M","R","?","M","E","M","M","BOSS","R","M","?","$","M","R","T","E","?","E","$","M","E","M","M","BOSS","R","$","M","M","M","E","T","M","E","?","M","?","E","M","M","BOSS","E","$","R","BOSS","BOSS"],"items_purchased_type":["Relic","Relic","Card","Relic","Relic"],"build_version":"2020-12-22","purchased_purges":4,"victory":false,"max_hp_per_floor":[90,90,90,90,90,95,95,95,95,95,95,95,95,95,95,95,95,105,105,105,105,105,105,105,119,119,119,119,119,124,124,124,124,124,124,124,124,124,124,124,124,124,124,124,124,124,124,126,128,128,128,130,130,130,130,130,130,130],"card_choices":[{"not_picked":["champ:DefensiveShout","champ:BladeFlurry"],"picked":"champ:FanOfKnives","floor":2},{"not_picked":["champ:BringItOn","champ:Parry"],"picked":"champ:AdrenalArmor","floor":4},{"not_picked":["champ:Haymaker","champ:BringItOn","champ:GladiatorStyle"],"picked":"SKIP","floor":5},{"not_picked":["champ:UltimateStance","champ:DeathBlow+1"],"picked":"champ:AdrenalArmor","floor":6},{"not_picked":["champ:ViciousMockery","champ:BringItOn","champ:DefensiveShout"],"picked":"SKIP","floor":9},{"not_picked":["champ:GutPunch+1","champ:EnGarde"],"picked":"champ:ShieldSlam","floor":11},{"not_picked":["champ:Circumvent","champ:CrownThrow+1"],"picked":"champ:BerserkerStyle","floor":12},{"not_picked":["champ:FanOfKnives+1","champ:Circumvent"],"picked":"champ:EnragedBash+1","floor":13},{"not_picked":["champ:CalledShot","champ:FanOfKnives+1","champ:FlashCut+1"],"picked":"SKIP","floor":14},{"not_picked":["champ:PreemptiveStrike+1","champ:EndlessRage","champ:Encircle+1"],"picked":"SKIP","floor":15},{"not_picked":["champ:StrikeOfGenius","champ:SwordThrow+1"],"picked":"champ:MurderStrike+1","floor":16},{"not_picked":["champ:Duel+1","champ:CalledShot","champ:ShieldWall"],"picked":"SKIP","floor":19},{"not_picked":["champ:DefensiveShout","champ:FlashCut+1","champ:PerfectedStrike+1"],"picked":"SKIP","floor":21},{"not_picked":["champ:Backstep","champ:Circumvent"],"picked":"champ:ViciousMockery+1","floor":22},{"not_picked":["champ:FocusedBerserking","champ:RisingSlash+1","champ:CrownThrow+1"],"picked":"SKIP","floor":25},{"not_picked":["champ:Backstep","champ:BerserkersShout","champ:Circumvent"],"picked":"SKIP","floor":26},{"not_picked":["champ:Parry+1","champ:FlashCut+1"],"picked":"champ:AdrenalArmor","floor":27},{"not_picked":["champ:TornadoPunch+1","champ:Devastate+1"],"picked":"champ:AdrenalArmor+1","floor":28},{"not_picked":["champ:TornadoPunch+1","champ:Endure","champ:FaceSlap+1"],"picked":"SKIP","floor":29},{"not_picked":["champ:TornadoPunch+1","champ:Endure","champ:FaceSlap+1"],"picked":"SKIP","floor":29},{"not_picked":["champ:DefensiveShout+1","champ:Duel+1","champ:EndlessRage"],"picked":"SKIP","floor":30},{"not_picked":["champ:DefensiveShout","champ:GutPunch+1","champ:TornadoPunch+1"],"picked":"SKIP","floor":31},{"not_picked":["champ:Circumvent","champ:CrownThrow+1","champ:Encircle+1"],"picked":"SKIP","floor":32},{"not_picked":["champ:HeavySlash+1","champ:StrikeOfGenius"],"picked":"champ:MurderStrike+1","floor":33},{"not_picked":["champ:PreciseThrust+1","champ:Endure+1"],"picked":"champ:FocusedBerserking+1","floor":36},{"not_picked":["champ:FlashCut+1","champ:PreciseThrust+1","champ:FanOfKnives+1"],"picked":"SKIP","floor":37},{"not_picked":["champ:BerserkersShout","champ:PreciseThrust+1","champ:Circumvent+1"],"picked":"SKIP","floor":38},{"not_picked":["champ:PerfectedStrike+1","champ:BerserkersShout","champ:PreemptiveStrike+1"],"picked":"SKIP","floor":39},{"not_picked":["champ:RisingSlash+1","champ:DefensiveShout","champ:Circumvent"],"picked":"SKIP","floor":40},{"not_picked":["champ:ShieldSlam","champ:Encircle+1","champ:Parry","champ:BringItOn+1"],"picked":"SKIP","floor":42},{"not_picked":["champ:Endure+1","champ:Backstep+1","champ:DefensiveShout+1","champ:Shatter+1"],"picked":"SKIP","floor":43},{"not_picked":["champ:Endure+1","champ:SetATrap+1","champ:SwordThrow+1"],"picked":"champ:BerserkerStyle+1","floor":45},{"not_picked":["champ:Lariat+1","champ:TornadoPunch+1","champ:FlashCut+1"],"picked":"champ:FancyFootwork+1","floor":47},{"not_picked":["champ:FocusedBerserking+1","champ:IronFortress+1","champ:FocusedDefense+1","champ:CrownThrow+1"],"picked":"Singing Bowl","floor":48},{"not_picked":["champ:EnGarde+1","champ:BladeFlurry+1","champ:PerfectedStrike+1","champ:ShieldThrow+1"],"picked":"Singing Bowl","floor":49},{"not_picked":["champ:BringItOn+1","champ:DefensiveShout+1","champ:Encircle+1","champ:StanceDance+1"],"picked":"Singing Bowl","floor":52}],"player_experience":1177991,"relics_obtained":[{"floor":6,"key":"TungstenRod"},{"floor":13,"key":"Blood Vial"},{"floor":24,"key":"White Beast Statue"},{"floor":25,"key":"Mango"},{"floor":27,"key":"Ornamental Fan"},{"floor":30,"key":"Pocketwatch"},{"floor":40,"key":"Question Card"},{"floor":41,"key":"InkBottle"},{"floor":43,"key":"Toxic Egg 2"},{"floor":44,"key":"Singing Bowl"},{"floor":47,"key":"Eternal Feather"},{"floor":52,"key":"Blue Candle"}],"event_choices":[{"cards_removed":["champ:Execute"],"damage_healed":0,"gold_gain":0,"player_choice":"Removed Attack","damage_taken":0,"max_hp_gain":0,"max_hp_loss":0,"event_name":"Falling","floor":46,"gold_loss":0}],"is_beta":false,"boss_relics":[{"not_picked":["Snecko Eye","SacredBark"],"picked":"Runic Pyramid"},{"not_picked":["Philosopher\u0027s Stone","Black Star"],"picked":"Fusion Hammer"}],"items_purged_floors":[5,21,36,53],"is_endless":false,"potions_floor_spawned":[4,11,12,13,16,19,25,26,27,28,29,30,31,32,33,36,37,38,39,40,42,43,45,47,48,49,52],"killed_by":"downfall:NeowBossFinal","ascension_level":0}}