{"host":"ydh61a5ftgdajrbo","time":1612702940,"event":{"mods":["BaseMod","Colored Map","DeckTracker","Downfall","Minty Spire (QoL Compilation)","Spire Arcade","StSLib","The Animator","The Cursed","The Mystic","The Servant 0.9.4"],"gold_per_floor":[119,119,138,157,82,82,102,102,102,102,102],"floor_reached":10,"language":"ZHS","playtime":248,"items_purged":[],"score":104,"play_id":"58e04bed-709d-4ce3-82a6-2ab70c51cef7","local_time":"20210207210220","is_ascension_mode":true,"campfire_choices":[{"data":"Dagger Spray","floor":6,"key":"SMITH"},{"data":"Cloak And Dagger","floor":8,"key":"SMITH"}],"circlet_count":0,"master_deck":["AscendersBane","Strike_G","Strike_G","Strike_G","Strike_G","Strike_G","Defend_G","Defend_G","Defend_G","Defend_G","Survivor","Neutralize","Backflip","Dagger Spray+1","Cloak And Dagger+1"],"relics":["bronze:MakeshiftBattery","InkBottle","Molten Egg 2"],"acts_visited":["Exordium"],"potions_floor_usage":[],"damage_taken":[{"damage":2,"enemies":"Small Slimes","floor":1,"turns":4},{"damage":12,"enemies":"Cultist","floor":3,"turns":6},{"damage":2,"enemies":"2 Louse","floor":4,"turns":3},{"damage":0,"enemies":"Blue Slaver","floor":7,"turns":4},{"damage":12,"enemies":"Lagavulin","floor":10,"turns":3}],"seed_played":"-2720569062244524068","potions_obtained":[],"is_trial":false,"path_per_floor":["M","?","M","M","?","R","M","R","T","E"],"character_chosen":"THE_SILENT","items_purchased":[],"campfire_rested":0,"item_purchase_floors":[],"current_hp_per_floor":[57,57,45,43,43,43,43,43,43,31,31],"gold":102,"neow_bonus":"BOSS_RELIC","is_daily":false,"chose_seed":false,"campfire_upgraded":2,"win_rate":0.0,"timestamp":1612702940,"path_taken":["M","?","M","?","?","R","M","R","T","E"],"items_purchased_type":[],"build_version":"2020-12-22","purchased_purges":0,"victory":false,"max_hp_per_floor":[66,66,66,66,66,66,66,66,66,66,66],"card_choices":[{"not_picked":["Quick Slash","Dodge and Roll"],"picked":"Dagger Spray","floor":1},{"not_picked":["Dodge and Roll","Expertise"],"picked":"Backflip","floor":3},{"not_picked":["Deflect","Acrobatics"],"picked":"Dagger Spray","floor":4},{"not_picked":["Endless Agony","Corpse Explosion"],"picked":"Cloak And Dagger","floor":7}],"player_experience":366705,"relics_obtained":[{"floor":9,"key":"Molten Egg 2"}],"event_choices":[{"cards_removed":["Dagger Spray"],"damage_healed":0,"gold_gain":0,"player_choice":"Gave Card","damage_taken":0,"relics_obtained":["InkBottle"],"max_hp_gain":0,"max_hp_loss":0,"event_name":"WeMeetAgain","floor":2,"gold_loss":0},{"cards_removed":["Defend_G"],"damage_healed":0,"gold_gain":0,"player_choice":"Card Removal","damage_taken":0,"max_hp_gain":0,"max_hp_loss":0,"event_name":"The Cleric","floor":5,"gold_loss":75}],"is_beta":false,"boss_relics":[],"items_purged_floors":[],"is_endless":false,"potions_floor_spawned":[],"killed_by":"Lagavulin","ascension_level":16}}