{"host":"8vrmceg1p8ljousa","time":1612704781,"event":{"mods":["BaseMod","Hermit","Highlight Path","Minty Spire (QoL Compilation)","StSLib"],"gold_per_floor":[109,129,129,155,172,172,202,216,216,233,233,233,44,119,119,219,219,231,261,186,212,44,44,71,71,98,98,98,128,128,128],"floor_reached":30,"language":"ENG","playtime":1268,"items_purged":["hermit:Strike_Hermit"],"score":230,"play_id":"39498751-1e5f-416e-be90-db1fe3ed253d","local_time":"20210207153301","is_ascension_mode":false,"campfire_choices":[{"data":"hermit:TakeAim","floor":6,"key":"SMITH"},{"floor":12,"key":"REST"},{"floor":15,"key":"REST"},{"floor":23,"key":"REST"},{"floor":25,"key":"REST"},{"floor":27,"key":"REST"}],"circlet_count":0,"master_deck":["hermit:Strike_Hermit","hermit:Strike_Hermit","hermit:Defend_Hermit","hermit:Defend_Hermit","hermit:Defend_Hermit","hermit:Defend_Hermit+1","hermit:Snapshot+1","hermit:Covet","hermit:TakeAim+1","hermit:GhostlyPresence","hermit:Headshot+1","hermit:Gambit","hermit:Quickdraw","hermit:BigShot","hermit:Enervate","hermit:Feint","hermit:FlashPowder","hermit:Snipe","hermit:Dive","hermit:Glare","hermit:DeadOrAlive","hermit:Manifest","hermit:CalledShot","Good Instincts","hermit:Combo","hermit:HoleUp","hermit:OverwhelmingPower"],"relics":["hermit:Momento","NeowsBlessing","Dream Catcher","Sundial","Orichalcum","Orrery","SacredBark","Anchor","Meat on the Bone"],"acts_visited":["Exordium","TheCity"],"potions_floor_usage":[8,29],"damage_taken":[{"damage":0,"enemies":"Cultist","floor":1,"turns":1},{"damage":7,"enemies":"Small Slimes","floor":2,"turns":2},{"damage":0,"enemies":"Jaw Worm","floor":5,"turns":1},{"damage":25,"enemies":"3 Sentries","floor":7,"turns":10},{"damage":4,"enemies":"Lots of Slimes","floor":8,"turns":4},{"damage":8,"enemies":"Large Slime","floor":10,"turns":3},{"damage":22,"enemies":"The Guardian","floor":16,"turns":14},{"damage":14,"enemies":"2 Thieves","floor":18,"turns":5},{"damage":36,"enemies":"3 Byrds","floor":19,"turns":9},{"damage":21,"enemies":"3 Cultists","floor":21,"turns":6},{"damage":14,"enemies":"Snake Plant","floor":24,"turns":5},{"damage":24,"enemies":"Shelled Parasite and Fungi","floor":29,"turns":10},{"damage":51,"enemies":"3 Cultists","floor":30,"turns":4}],"seed_played":"-3280339098087022078","potions_obtained":[{"floor":5,"key":"SkillPotion"},{"floor":10,"key":"Dexterity Potion"},{"floor":16,"key":"DuplicationPotion"},{"floor":18,"key":"SkillPotion"}],"is_trial":false,"path_per_floor":["M","M","?","T","M","R","E","M","T","M","?","R","$","?","R","B",null,"M","M","?","M","$","R","M","R","T","R","?","M","M"],"character_chosen":"HERMIT","items_purchased":["hermit:Enervate","Orrery","Good Instincts"],"campfire_rested":5,"item_purchase_floors":[13,13,22],"current_hp_per_floor":[75,68,53,53,53,53,28,24,24,16,16,38,38,27,49,27,75,61,25,25,4,4,26,12,34,34,56,56,44,0,0],"gold":128,"neow_bonus":"THREE_ENEMY_KILL","is_daily":false,"chose_seed":false,"campfire_upgraded":1,"win_rate":0.0,"timestamp":1612704781,"path_taken":["M","?","?","?","?","R","E","M","T","M","?","R","$","?","R","BOSS","M","M","?","M","$","R","M","R","T","R","?","M","M"],"items_purchased_type":["Card","Relic","Card"],"build_version":"2020-12-22","purchased_purges":1,"victory":false,"max_hp_per_floor":[75,75,75,75,75,75,75,75,75,75,75,75,75,75,75,75,75,75,75,75,75,75,75,75,75,75,75,75,75,75,75],"card_choices":[{"not_picked":["hermit:WideOpen","hermit:CalledShot"],"picked":"hermit:TakeAim","floor":1},{"not_picked":["hermit:CalledShot","hermit:HighCaliber"],"picked":"hermit:GhostlyPresence","floor":2},{"not_picked":["hermit:TrackingShot","hermit:Scavenge"],"picked":"hermit:Headshot","floor":5},{"not_picked":["hermit:Manifest","hermit:BodyArmor"],"picked":"hermit:Gambit","floor":7},{"not_picked":["hermit:Feint","hermit:SprayPray"],"picked":"hermit:Quickdraw","floor":8},{"not_picked":["hermit:Midnight","hermit:Desperado"],"picked":"hermit:BigShot","floor":10},{"not_picked":["hermit:Malice","hermit:Spite"],"picked":"hermit:Feint","floor":13},{"not_picked":["hermit:Deadeye","hermit:Feint"],"picked":"hermit:FlashPowder","floor":13},{"not_picked":["hermit:BigShot","hermit:Spite"],"picked":"hermit:Snipe","floor":13},{"not_picked":["hermit:Ricochet","hermit:Coalescence"],"picked":"hermit:Dive","floor":13},{"not_picked":["hermit:RoundhouseKick","hermit:Coalescence"],"picked":"hermit:Glare","floor":15},{"not_picked":["hermit:FromBeyond","hermit:Gambit"],"picked":"hermit:DeadOrAlive","floor":16},{"not_picked":["hermit:Feint","hermit:Desperado","hermit:Headshot"],"picked":"SKIP","floor":18},{"not_picked":["hermit:Shortfuse","hermit:Quickdraw"],"picked":"hermit:Manifest","floor":19},{"not_picked":["hermit:Showdown","hermit:Roulette+1"],"picked":"hermit:CalledShot","floor":21},{"not_picked":["hermit:Vantage+1","hermit:HighCaliber+1"],"picked":"hermit:Combo","floor":24},{"not_picked":["hermit:LuckOfTheDraw","hermit:Shortfuse"],"picked":"hermit:HoleUp","floor":25},{"not_picked":["hermit:Grudge+1","hermit:SprayPray"],"picked":"hermit:OverwhelmingPower","floor":29}],"player_experience":71456,"relics_obtained":[{"floor":4,"key":"Dream Catcher"},{"floor":7,"key":"Sundial"},{"floor":9,"key":"Orichalcum"},{"floor":26,"key":"Anchor"}],"event_choices":[{"damage_healed":0,"gold_gain":0,"player_choice":"Entered Light","damage_taken":15,"max_hp_gain":0,"max_hp_loss":0,"event_name":"Shining Light","floor":3,"gold_loss":0,"cards_upgraded":["hermit:Defend_Hermit","hermit:Snapshot"]},{"damage_healed":0,"gold_gain":0,"player_choice":"Grow","damage_taken":0,"max_hp_gain":0,"max_hp_loss":0,"event_name":"Living Wall","floor":11,"gold_loss":0,"cards_upgraded":["hermit:Headshot"]},{"damage_healed":0,"gold_gain":75,"player_choice":"Gather Gold","damage_taken":11,"max_hp_gain":0,"max_hp_loss":0,"event_name":"World of Goop","floor":14,"gold_loss":0},{"cards_removed":["hermit:Strike_Hermit"],"damage_healed":0,"gold_gain":0,"player_choice":"Gave Gold","damage_taken":0,"max_hp_gain":0,"max_hp_loss":0,"event_name":"Beggar","floor":20,"gold_loss":75},{"damage_healed":0,"gold_gain":0,"player_choice":"Opened","damage_taken":0,"relics_obtained":["Meat on the Bone"],"max_hp_gain":0,"max_hp_loss":0,"event_name":"The Mausoleum","floor":28,"gold_loss":0}],"is_beta":false,"boss_relics":[{"not_picked":["Busted Crown","Tiny House"],"picked":"SacredBark"}],"items_purged_floors":[22],"is_endless":false,"potions_floor_spawned":[5,10,16,18],"killed_by":"3 Cultists","ascension_level":0}}