{"host":"udzsrhbqdxqtlypj","time":1612717162,"event":{"mods":["BaseMod","Minty Spire (QoL Compilation)","Relic Stats"],"gold_per_floor":[18,35,48,123,136,136,169,188,215,215,225,259,259,259,259,259,259],"floor_reached":16,"language":"ENG","playtime":1257,"items_purged":[],"score":168,"play_id":"86dbe0f2-637f-4bc9-9710-53c759d41d3b","local_time":"20210207105922","is_ascension_mode":true,"campfire_choices":[{"data":"Sadistic Nature","floor":6,"key":"SMITH"},{"data":"Deadly Poison","floor":10,"key":"SMITH"},{"floor":13,"key":"REST"},{"data":"All Out Attack","floor":15,"key":"SMITH"}],"circlet_count":0,"master_deck":["AscendersBane","Strike_G","Strike_G","Strike_G","Strike_G","Strike_G","Defend_G","Defend_G","Defend_G","Defend_G","Defend_G","Survivor","Neutralize","Sadistic Nature+1","Dagger Throw","Quick Slash","Deadly Poison+1","All Out Attack+1"],"relics":["Ring of the Snake","Orichalcum","Snake Skull","Omamori","Strawberry"],"acts_visited":["Exordium"],"potions_floor_usage":[7,7,16,16],"damage_taken":[{"damage":3,"enemies":"2 Louse","floor":1,"turns":4},{"damage":0,"enemies":"Small Slimes","floor":2,"turns":5},{"damage":0,"enemies":"Cultist","floor":3,"turns":3},{"damage":1,"enemies":"3 Louse","floor":5,"turns":4},{"damage":4,"enemies":"Gremlin Nob","floor":7,"turns":3},{"damage":0,"enemies":"Exordium Wildlife","floor":8,"turns":3},{"damage":17,"enemies":"Gremlin Gang","floor":11,"turns":4},{"damage":23,"enemies":"Lagavulin","floor":12,"turns":6},{"damage":38,"enemies":"Slime Boss","floor":16,"turns":10}],"seed_played":"-7726072502438736225","potions_obtained":[{"floor":2,"key":"Block Potion"},{"floor":5,"key":"FearPotion"},{"floor":11,"key":"SpeedPotion"},{"floor":12,"key":"FearPotion"}],"is_trial":false,"path_per_floor":["M","M","M","?","M","R","E","M","T","R","M","E","R","?","R","B"],"character_chosen":"THE_SILENT","items_purchased":[],"campfire_rested":1,"item_purchase_floors":[],"current_hp_per_floor":[60,60,60,49,48,48,44,44,44,44,27,4,25,29,29,0,0],"gold":259,"neow_bonus":"RANDOM_COLORLESS_2","is_daily":false,"chose_seed":false,"campfire_upgraded":3,"win_rate":0.0,"timestamp":1612717162,"path_taken":["M","M","M","?","M","R","E","M","T","R","M","E","R","?","R","BOSS"],"items_purchased_type":[],"build_version":"2020-12-22","purchased_purges":0,"victory":false,"max_hp_per_floor":[70,70,70,70,70,70,70,70,70,70,70,70,70,77,77,77,77],"relic_stats":{"counters":[9,42],"Snake Skull":[6],"Orichalcum":[90],"obtain_stats":[{"Strawberry":14,"Snake Skull":9,"Omamori":12,"Orichalcum":7,"Ring of the Snake":0},{"Strawberry":8,"Snake Skull":6,"Omamori":8,"Orichalcum":5,"Ring of the Snake":0},{"Strawberry":32,"Snake Skull":22,"Omamori":32,"Orichalcum":19,"Ring of the Snake":0}],"Ring of the Snake":[18]},"card_choices":[{"not_picked":["Violence","Transmutation"],"picked":"Sadistic Nature","floor":0},{"not_picked":["Setup","Distraction"],"picked":"Dagger Throw","floor":1},{"not_picked":["Acrobatics","Dodge and Roll"],"picked":"Quick Slash","floor":2},{"not_picked":["Skewer","Dagger Throw","Deflect"],"picked":"SKIP","floor":3},{"not_picked":["Endless Agony","Cloak And Dagger"],"picked":"Deadly Poison","floor":5},{"not_picked":["Accuracy","Caltrops","Flying Knee"],"picked":"SKIP","floor":7},{"not_picked":["Underhanded Strike","Choke","Cloak And Dagger"],"picked":"SKIP","floor":8},{"not_picked":["Quick Slash","Dagger Spray"],"picked":"All Out Attack","floor":11},{"not_picked":["Storm of Steel","Dagger Spray","Flying Knee"],"picked":"SKIP","floor":12}],"player_experience":2820931,"relics_obtained":[{"floor":7,"key":"Orichalcum"},{"floor":9,"key":"Snake Skull"},{"floor":12,"key":"Omamori"}],"event_choices":[{"damage_healed":0,"gold_gain":75,"player_choice":"Gather Gold","damage_taken":11,"max_hp_gain":0,"max_hp_loss":0,"event_name":"World of Goop","floor":4,"gold_loss":0},{"damage_healed":0,"gold_gain":0,"player_choice":"Success","damage_taken":3,"relics_obtained":["Strawberry"],"max_hp_gain":0,"max_hp_loss":0,"event_name":"Scrap Ooze","floor":14,"gold_loss":0}],"is_beta":false,"boss_relics":[],"items_purged_floors":[],"is_endless":false,"potions_floor_spawned":[2,5,11,12],"killed_by":"Slime Boss","ascension_level":10}}