{"host":"j4g6ia6asvpyu2b0","time":1612737161,"event":{"mods":["BaseMod","Colored Map","Minty Spire (QoL Compilation)","Permanent Neow","Quick Restart","Relic Stats","StSLib","Unceasing Turn Reminder"],"gold_per_floor":[13,13,29,52,71,105,105,136,136,176,176,199,230,210,210,338,338,338,338,32,32,32,32,32,32,32,32,32,32,32,32,32,32,32,32,32,32,32,32,32,32,32,32,32,32,32,32,32,32,32,32,32,32,32,32],"floor_reached":56,"language":"ENG","playtime":2380,"items_purged":[],"score":1704,"play_id":"5ae1cede-3518-4357-a592-5654eb6c783e","local_time":"20210207153241","is_ascension_mode":true,"campfire_choices":[{"data":"A Thousand Cuts","floor":7.0,"key":"SMITH"},{"floor":11.0,"key":"REST"},{"data":"Adrenaline","floor":15.0,"key":"SMITH"},{"data":"Blade Dance","floor":27.0,"key":"SMITH"},{"data":"After Image","floor":32,"key":"SMITH"},{"floor":40,"key":"RECALL"},{"floor":44,"key":"REST"},{"floor":49,"key":"REST"},{"floor":52,"key":"REST"}],"circlet_count":0,"master_deck":["Strike_G","Strike_G","Strike_G","Defend_G","Defend_G","Defend_G","Defend_G","Defend_G","Survivor","Neutralize","A Thousand Cuts+1","Bouncing Flask","Sucker Punch","PiercingWail","Leg Sweep","Predator","Footwork","Adrenaline+1","Dagger Spray","Dash","Die Die Die","After Image+1","PiercingWail","Outmaneuver+1","Blade Dance+1","Outmaneuver","Cloak And Dagger+1","Storm of Steel","Caltrops+1","Corpse Explosion","Burst","Blade Dance","After Image+1","Footwork+1","Backflip+1","Bouncing Flask+1","Deadly Poison+1","Acrobatics+1","Dagger Spray+1","Calculated Gamble+1"],"relics":["Ring of the Snake","Golden Idol","FossilizedHelix","MealTicket","Bottled Tornado","Ice Cream","Ectoplasm","Dead Branch","Letter Opener","Du-Vu Doll","Potion Belt","Juzu Bracelet","Fusion Hammer","Ornamental Fan","Toy Ornithopter","Vajra","Bag of Marbles","Lantern"],"acts_visited":["Exordium","TheCity","TheBeyond","TheEnding"],"potions_floor_usage":[42,54,55,55,55],"damage_taken":[{"damage":0.0,"enemies":"2 Louse","floor":1.0,"turns":3.0},{"damage":1.0,"enemies":"Cultist","floor":3.0,"turns":4.0},{"damage":2.0,"enemies":"Small Slimes","floor":4.0,"turns":4.0},{"damage":4.0,"enemies":"2 Fungi Beasts","floor":5.0,"turns":5.0},{"damage":20.0,"enemies":"3 Sentries","floor":6.0,"turns":10.0},{"damage":1.0,"enemies":"Lagavulin","floor":8.0,"turns":5.0},{"damage":7.0,"enemies":"3 Sentries","floor":10.0,"turns":8.0},{"damage":3.0,"enemies":"Looter","floor":12.0,"turns":3.0},{"damage":1.0,"enemies":"Lagavulin","floor":13.0,"turns":8.0},{"damage":6.0,"enemies":"Hexaghost","floor":16.0,"turns":10.0},{"damage":0.0,"enemies":"Spheric Guardian","floor":18.0,"turns":5.0},{"damage":0.0,"enemies":"Chosen","floor":19.0,"turns":4.0},{"damage":0.0,"enemies":"Snake Plant","floor":21.0,"turns":5.0},{"damage":2.0,"enemies":"Centurion and Healer","floor":22.0,"turns":3.0},{"damage":0.0,"enemies":"Gremlin Leader","floor":23.0,"turns":4.0},{"damage":0.0,"enemies":"Snecko","floor":24.0,"turns":4.0},{"damage":7.0,"enemies":"Slavers","floor":25.0,"turns":2.0},{"damage":20,"enemies":"Snake Plant","floor":29,"turns":5},{"damage":0,"enemies":"Gremlin Leader","floor":30,"turns":3},{"damage":0,"enemies":"Chosen and Byrds","floor":31,"turns":3},{"damage":0,"enemies":"Collector","floor":33,"turns":9},{"damage":0,"enemies":"3 Darklings","floor":35,"turns":2},{"damage":0,"enemies":"Orb Walker","floor":41,"turns":3},{"damage":0,"enemies":"Giant Head","floor":42,"turns":7},{"damage":0,"enemies":"Transient","floor":45,"turns":5},{"damage":0,"enemies":"Spire Growth","floor":46,"turns":3},{"damage":0,"enemies":"Jaw Worm Horde","floor":47,"turns":2},{"damage":16,"enemies":"Reptomancer","floor":48,"turns":4},{"damage":12,"enemies":"Donu and Deca","floor":50,"turns":6},{"damage":31,"enemies":"Shield and Spear","floor":54,"turns":5},{"damage":0,"enemies":"The Heart","floor":55,"turns":8}],"seed_played":"-2799693312384657061","potions_obtained":[{"floor":1.0,"key":"GhostInAJar"},{"floor":6.0,"key":"SkillPotion"},{"floor":10.0,"key":"Fire Potion"},{"floor":12.0,"key":"Weak Potion"},{"floor":14.0,"key":"CultistPotion"},{"floor":16.0,"key":"SkillPotion"},{"floor":22.0,"key":"Regen Potion"},{"floor":25.0,"key":"DuplicationPotion"},{"floor":30,"key":"Ancient Potion"},{"floor":31,"key":"DistilledChaos"},{"floor":42,"key":"Fruit Juice"},{"floor":45,"key":"FearPotion"},{"floor":48,"key":"SkillPotion"}],"is_trial":false,"path_per_floor":["M","?","M","M","M","E","R","E","T","E","R","M","E","?","R","B",null,"M","M","$","M","M","E","M","E","T","R","$","M","E","M","R","B",null,"M","$","T","?","?","R","M","E","T","R","M","M","M","E","R","B",null,"R","$","E","B",null],"character_chosen":"THE_SILENT","items_purchased":["Dead Branch"],"campfire_rested":4,"item_purchase_floors":[20],"current_hp_per_floor":[70,53,52,50,46,26,26,25,25,18,39,36,35,35,35,29,70,70,70,70,70,68,68,68,61,61,61,70,50,50,50,50,50,70,70,70,70,70,70,70,70,75,75,75,75,75,75,59,75,63,75,75,75,49,75],"gold":32,"neow_bonus":"TRANSFORM_TWO_CARDS","is_daily":false,"chose_seed":false,"campfire_upgraded":4,"win_rate":0.0,"timestamp":1612737161,"path_taken":["M","?","M","M","M","E","R","E","T","E","R","M","E","?","R","BOSS","M","?","$","M","M","E","M","E","T","R","?","M","E","M","R","BOSS","M","?","?","?","?","R","M","E","T","R","M","M","M","E","R","BOSS","R","$","E","BOSS"],"items_purchased_type":["Relic"],"build_version":"2020-12-22","purchased_purges":0,"victory":true,"max_hp_per_floor":[70,70,70,70,70,70,70,70,70,70,70,70,70,70,70,70,70,70,70,70,70,70,70,70,70,70,70,70,70,70,70,70,70,70,70,70,70,70,70,70,70,75,75,75,75,75,75,75,75,75,75,75,75,75,75],"relic_stats":{"counters":[31,152],"Golden Idol":238,"Ornamental Fan":[176],"Dead Branch":[230],"MealTicket":9,"Ectoplasm":624,"Juzu Bracelet":2,"Letter Opener":[241],"obtain_stats":[{"Ice Cream":13,"Potion Belt":26,"Lantern":54,"Golden Idol":2,"Dead Branch":20,"Vajra":43,"Juzu Bracelet":30,"Letter Opener":23,"Bottled Tornado":10,"Du-Vu Doll":25,"Ornamental Fan":37,"MealTicket":8,"Ectoplasm":17,"Fusion Hammer":34,"Bag of Marbles":48,"FossilizedHelix":6,"Toy Ornithopter":42,"Ring of the Snake":0},{"Ice Cream":9,"Potion Belt":17,"Lantern":30,"Golden Idol":1,"Dead Branch":12,"Vajra":24,"Juzu Bracelet":19,"Letter Opener":15,"Bottled Tornado":7,"Du-Vu Doll":17,"Ornamental Fan":22,"MealTicket":6,"Ectoplasm":10,"Fusion Hammer":21,"Bag of Marbles":28,"FossilizedHelix":5,"Toy Ornithopter":24,"Ring of the Snake":0},{"Ice Cream":50,"Potion Belt":87,"Lantern":144,"Golden Idol":3,"Dead Branch":69,"Vajra":119,"Juzu Bracelet":95,"Letter Opener":81,"Bottled Tornado":39,"Du-Vu Doll":87,"Ornamental Fan":109,"MealTicket":31,"Ectoplasm":60,"Fusion Hammer":107,"Bag of Marbles":133,"FossilizedHelix":26,"Toy Ornithopter":119,"Ring of the Snake":0}],"Toy Ornithopter":20,"Ring of the Snake":[62]},"card_choices":[{"not_picked":["Deflect","Terror"],"picked":"Sucker Punch","floor":1.0},{"not_picked":["Expertise","Masterful Stab"],"picked":"PiercingWail","floor":3.0},{"not_picked":["Flechettes","Doppelganger"],"picked":"Leg Sweep","floor":4.0},{"not_picked":["Flying Knee","Outmaneuver"],"picked":"Predator","floor":5.0},{"not_picked":["PiercingWail","Bouncing Flask"],"picked":"Footwork","floor":6.0},{"not_picked":["Quick Slash","Blur"],"picked":"Adrenaline","floor":8.0},{"not_picked":["Quick Slash","Sucker Punch"],"picked":"Dagger Spray","floor":10.0},{"not_picked":["Dodge and Roll","Calculated Gamble"],"picked":"Dash","floor":12.0},{"not_picked":["Flechettes","Deflect"],"picked":"Die Die Die","floor":13.0},{"not_picked":["Doppelganger","Phantasmal Killer"],"picked":"After Image","floor":16.0},{"not_picked":["Skewer","Flechettes"],"picked":"PiercingWail","floor":18.0},{"not_picked":["Prepared","Reflex"],"picked":"Outmaneuver+1","floor":19.0},{"not_picked":["Deadly Poison","Caltrops+1"],"picked":"Blade Dance","floor":21.0},{"not_picked":["Sucker Punch","Deadly Poison","Poisoned Stab"],"picked":"SKIP","floor":22.0},{"not_picked":["A Thousand Cuts","Slice"],"picked":"Outmaneuver","floor":23.0},{"not_picked":["Deflect","Backstab"],"picked":"Cloak And Dagger+1","floor":24.0},{"not_picked":["Dodge and Roll","Grand Finale"],"picked":"Storm of Steel","floor":25.0},{"not_picked":["Leg Sweep+1","Deadly Poison"],"picked":"Caltrops+1","floor":29},{"not_picked":["All Out Attack","Dagger Spray"],"picked":"Corpse Explosion","floor":30},{"not_picked":["All Out Attack","Flechettes","Prepared"],"picked":"SKIP","floor":31},{"not_picked":["Night Terror","Phantasmal Killer"],"picked":"Burst","floor":33},{"not_picked":["Sucker Punch+1","Underhanded Strike"],"picked":"Blade Dance","floor":35},{"not_picked":["Cloak And Dagger","Outmaneuver"],"picked":"Footwork+1","floor":41},{"not_picked":["Finisher+1","Leg Sweep+1"],"picked":"Backflip+1","floor":42},{"not_picked":["Sucker Punch+1","Skewer+1"],"picked":"Bouncing Flask+1","floor":45},{"not_picked":["Bane","Dagger Throw"],"picked":"Deadly Poison+1","floor":46},{"not_picked":["Riddle With Holes+1","Dodge and Roll"],"picked":"Acrobatics+1","floor":47},{"not_picked":["Distraction","Concentrate"],"picked":"Dagger Spray+1","floor":48},{"not_picked":["Bouncing Flask","Deflect"],"picked":"Calculated Gamble+1","floor":54}],"player_experience":1174028,"relics_obtained":[{"floor":6.0,"key":"FossilizedHelix"},{"floor":8.0,"key":"MealTicket"},{"floor":10.0,"key":"Bottled Tornado"},{"floor":13.0,"key":"Ice Cream"},{"floor":23.0,"key":"Letter Opener"},{"floor":25.0,"key":"Du-Vu Doll"},{"floor":26.0,"key":"Potion Belt"},{"floor":30,"key":"Juzu Bracelet"},{"floor":37,"key":"Ornamental Fan"},{"floor":42,"key":"Toy Ornithopter"},{"floor":43,"key":"Vajra"},{"floor":48,"key":"Bag of Marbles"},{"floor":54,"key":"Lantern"}],"event_choices":[{"damage_healed":0.0,"max_hp_gain":0.0,"max_hp_loss":0.0,"gold_gain":0.0,"event_name":"Golden Idol","player_choice":"Take Damage","floor":2.0,"gold_loss":0.0,"damage_taken":17.0,"relics_obtained":["Golden Idol"]},{"damage_healed":0.0,"max_hp_gain":0.0,"max_hp_loss":0.0,"gold_gain":0.0,"event_name":"The Woman in Blue","player_choice":"Bought 1 Potion","floor":14.0,"gold_loss":0.0,"damage_taken":0.0},{"damage_healed":0,"gold_gain":0,"player_choice":"Copied","damage_taken":0,"max_hp_gain":0,"max_hp_loss":0,"event_name":"Duplicator","floor":38,"gold_loss":0,"cards_obtained":["After Image"]},{"damage_healed":0,"gold_gain":0,"player_choice":"Ignored","damage_taken":0,"max_hp_gain":0,"max_hp_loss":0,"event_name":"The Moai Head","floor":39,"gold_loss":0}],"is_beta":false,"boss_relics":[{"not_picked":["Calling Bell","Astrolabe"],"picked":"Ectoplasm"},{"not_picked":["Runic Pyramid","WristBlade"],"picked":"Fusion Hammer"}],"items_purged_floors":[],"is_endless":false,"potions_floor_spawned":[1,6,10,12,13,16,22,23,25,30,31,41,42,45,48],"ascension_level":3}}