{"host":"05vhm55ztg7fyvhd","time":1612733828,"event":{"mods":["BaseMod","Downfall","Googly Eyes","Hubris","Minty Spire (QoL Compilation)","Replay The Spire","Shop Mod","StSLib"],"gold_per_floor":[99,129,304,304,317,331,331,331,347,365,365,376,376,57,71,71,71,71],"floor_reached":16,"language":"ENG","playtime":822,"items_purged":["Doubt"],"score":92,"play_id":"fc251981-2f7a-4a99-b1c1-5919b3c3998d","local_time":"20210207223708","is_ascension_mode":false,"campfire_choices":[{"data":"bronze:Goto","floor":1,"key":"SMITH"},{"data":"bronze:DigitalCarnage","floor":8,"key":"SMITH"},{"data":"bronze:Overload","floor":11,"key":"SMITH"},{"data":"bronze:GetLatest","floor":13,"key":"SMITH"}],"circlet_count":0,"master_deck":["bronze:Strike","bronze:Strike","bronze:Strike","bronze:Strike","bronze:Defend","bronze:Defend","bronze:Defend","bronze:Replicate","bronze:Goto+1","bronze:BuggyMess","bronze:DigitalCarnage+1","bronze:GetLatest+1","bronze:Overload+1","bronze:FineTuning","bronze:FineTuning","bronze:Optimize","bronze:ChosenStrike"],"relics":["bronze:BronzeCore","hubris:Zylophone","Akabeko","Medical Kit"],"acts_visited":["Exordium"],"potions_floor_usage":[14,14,16],"damage_taken":[{"damage":0,"enemies":"2 Louse","floor":5,"turns":3},{"damage":5,"enemies":"Small Slimes","floor":6,"turns":3},{"damage":6,"enemies":"Jaw Worm","floor":9,"turns":2},{"damage":4,"enemies":"Exordium Thugs","floor":10,"turns":3},{"damage":0,"enemies":"Red Slaver","floor":12,"turns":1},{"damage":10,"enemies":"downfall:FleeingMerchant","floor":14,"turns":4},{"damage":5,"enemies":"Lots of Slimes","floor":15,"turns":2},{"damage":60,"enemies":"DF_ARCHETYPE_STREAMLINE","floor":16,"turns":6}],"seed_played":"-593316094243459153","potions_obtained":[{"floor":9,"key":"bronze:BurnAndBuffPotion"},{"floor":12,"key":"Venom Potion"},{"floor":15,"key":"sneckomod:MuddlingPotion"}],"is_trial":false,"path_per_floor":["R","?","?","?","M","M","T","R","M","M","R","M","R","$","M","B"],"character_chosen":"THE_AUTOMATON","items_purchased":["Medical Kit","bronze:Optimize"],"campfire_rested":0,"item_purchase_floors":[14,14],"current_hp_per_floor":[77,77,77,77,77,72,72,72,66,62,62,62,62,52,47,0,0,0],"gold":71,"neow_bonus":"TEN_PERCENT_HP_BONUS","is_daily":false,"chose_seed":false,"campfire_upgraded":4,"win_rate":0.0,"timestamp":1612733828,"path_taken":["R","?","?","?","M","?","T","R","M","M","R","M","R","$","M","BOSS"],"items_purchased_type":["Relic","Card"],"build_version":"2020-12-22","purchased_purges":1,"victory":false,"max_hp_per_floor":[77,77,77,77,77,77,77,77,77,77,77,77,77,77,77,77,77,77],"card_choices":[{"not_picked":["bronze:Repair","bronze:BugBarrage"],"picked":"bronze:BuggyMess","floor":5},{"not_picked":["bronze:OilSpill","bronze:FineTuning"],"picked":"bronze:DigitalCarnage","floor":6},{"not_picked":["bronze:Deprecate","bronze:ForLoop"],"picked":"bronze:GetLatest","floor":9},{"not_picked":["bronze:CutThrough","bronze:Turbo"],"picked":"bronze:Overload","floor":10},{"not_picked":["bronze:Safeguard","bronze:BronzeArmor"],"picked":"bronze:FineTuning","floor":12},{"not_picked":["bronze:BuggyMess","bronze:CutThrough"],"picked":"bronze:FineTuning","floor":14},{"not_picked":["bronze:Invalidate","bronze:OilSpill"],"picked":"bronze:ChosenStrike","floor":15}],"player_experience":459389,"relics_obtained":[{"floor":7,"key":"Akabeko"}],"event_choices":[],"is_beta":false,"boss_relics":[],"items_purged_floors":[14],"is_endless":false,"potions_floor_spawned":[9,12,15],"killed_by":"DF_ARCHETYPE_STREAMLINE","ascension_level":0}}