{"host":"aapp7ew3jk5k1bvd","time":1612694734,"event":{"mods":["AchievementEnabler","BaseMod","Colored Map","Minty Spire (QoL Compilation)","Permanent Neow","StSLib","SuperFastMode"],"gold_per_floor":[411,429,354,369,224,224,244,119,119,139,159,159,159,9,9,109,109,119,139,90,101,115,115,115,115,141,95,95,114,129,139,139,238,238,249,260,85,0,0,0,15,35,60,60,73,88,88,106,106,106],"floor_reached":51,"language":"KOR","playtime":1203,"items_purged":["Strike_B","Strike_B","Strike_B","Strike_B","Defend_B"],"score":670,"play_id":"9e350019-0f1e-48c5-966c-99b06dde76ed","local_time":"20210207194534","is_ascension_mode":false,"campfire_choices":[{"data":"Zap","floor":6.0,"key":"SMITH"},{"data":"Dualcast","floor":13.0,"key":"SMITH"},{"floor":15.0,"key":"REST"},{"data":"Hologram","floor":23.0,"key":"SMITH"},{"floor":25.0,"key":"REST"},{"data":"Conserve Battery","floor":28.0,"key":"SMITH"},{"floor":32.0,"key":"REST"},{"floor":44,"key":"REST"},{"data":"Gash","floor":49,"key":"SMITH"}],"circlet_count":0,"master_deck":["Defend_B+1","Defend_B+1","Defend_B","Zap+1","Dualcast+1","Gash","Go for the Eyes","Hologram+1","Gash+1","Gash","All For One","Conserve Battery+1","Gash+1","Conserve Battery","Go for the Eyes","Steam+1","Seek","Coolheaded+1","Dramatic Entrance","Steam","Seek","Gash+1"],"relics":["FrozenCore","Old Coin","Pantograph","Akabeko","Red Mask","InkBottle","DataDisk"],"acts_visited":["Exordium","TheCity","TheBeyond"],"potions_floor_usage":[45,50,50,50],"damage_taken":[{"damage":1.0,"enemies":"Cultist","floor":1.0,"turns":4.0},{"damage":2.0,"enemies":"Small Slimes","floor":2.0,"turns":4.0},{"damage":3.0,"enemies":"Jaw Worm","floor":4.0,"turns":3.0},{"damage":0.0,"enemies":"3 Louse","floor":7.0,"turns":2.0},{"damage":3.0,"enemies":"Exordium Thugs","floor":10.0,"turns":4.0},{"damage":0.0,"enemies":"Red Slaver","floor":11.0,"turns":3.0},{"damage":25.0,"enemies":"Hexaghost","floor":16.0,"turns":8.0},{"damage":0.0,"enemies":"Shell Parasite","floor":18.0,"turns":2.0},{"damage":12.0,"enemies":"2 Thieves","floor":19.0,"turns":3.0},{"damage":23.0,"enemies":"Shelled Parasite and Fungi","floor":21.0,"turns":4.0},{"damage":4.0,"enemies":"Centurion and Healer","floor":22.0,"turns":4.0},{"damage":0.0,"enemies":"Snecko","floor":29.0,"turns":2.0},{"damage":0.0,"enemies":"Chosen and Byrds","floor":30.0,"turns":3.0},{"damage":0.0,"enemies":"Cultist and Chosen","floor":31.0,"turns":4.0},{"damage":44.0,"enemies":"Champ","floor":33.0,"turns":8.0},{"damage":0.0,"enemies":"Orb Walker","floor":35.0,"turns":3.0},{"damage":18.0,"enemies":"3 Shapes","floor":36.0,"turns":3.0},{"damage":1.0,"enemies":"Writhing Mass","floor":41.0,"turns":5.0},{"damage":10,"enemies":"Jaw Worm Horde","floor":42,"turns":5},{"damage":3,"enemies":"4 Shapes","floor":45,"turns":3},{"damage":3,"enemies":"Sphere and 2 Shapes","floor":46,"turns":4},{"damage":12,"enemies":"Spire Growth","floor":48,"turns":6},{"damage":23,"enemies":"Awakened One","floor":50,"turns":13}],"seed_played":"7298887662872288492","potions_obtained":[{"floor":1.0,"key":"Weak Potion"},{"floor":2.0,"key":"DistilledChaos"},{"floor":19.0,"key":"LiquidBronze"},{"floor":21.0,"key":"DuplicationPotion"},{"floor":22.0,"key":"Strength Potion"},{"floor":33.0,"key":"Weak Potion"},{"floor":41,"key":"Explosive Potion"},{"floor":46,"key":"Fire Potion"}],"is_trial":false,"path_per_floor":["M","M","$","M","$","R","M","$","T","M","M","?","R","$","R","B",null,"M","M","$","M","M","R","?","R","T","$","R","M","M","M","R","B",null,"M","M","$","?","?","?","M","M","T","R","M","M","$","M","R","B",null],"character_chosen":"DEFECT","items_purchased":["Hologram","Conserve Battery","Go for the Eyes"],"campfire_rested":4,"item_purchase_floors":[5,20,27],"current_hp_per_floor":[67,65,65,62,62,62,62,62,62,59,59,45,45,45,65,43,68,68,56,56,33,29,29,29,49,49,49,49,49,49,49,68,24,68,68,50,50,50,50,50,49,39,39,59,56,53,53,41,41,43],"gold":106,"neow_bonus":"ONE_RARE_RELIC","is_daily":false,"chose_seed":false,"campfire_upgraded":5,"win_rate":0.0,"timestamp":1612694734,"path_taken":["M","M","$","M","$","R","M","$","T","M","?","?","R","?","R","BOSS","M","M","$","M","M","R","?","R","T","?","R","M","M","?","R","BOSS","M","M","$","?","?","?","M","?","T","R","M","M","$","M","R","BOSS"],"items_purchased_type":["Card","Card","Card"],"build_version":"2020-12-22","purchased_purges":5,"victory":true,"max_hp_per_floor":[68,68,68,68,68,68,68,68,68,68,68,68,68,68,68,68,68,68,68,68,68,68,68,68,68,68,68,68,68,68,68,68,68,68,68,68,68,68,68,68,68,68,68,68,68,68,68,68,68,68],"card_choices":[{"not_picked":["Blizzard","Beam Cell"],"picked":"Gash","floor":1.0},{"not_picked":["Turbo","Double Energy"],"picked":"Go for the Eyes","floor":2.0},{"not_picked":["Barrage","Double Energy","Steam Power"],"picked":"SKIP","floor":4.0},{"not_picked":["Leap","Beam Cell"],"picked":"Gash","floor":7.0},{"not_picked":["Hello World","Lockon"],"picked":"Gash","floor":10.0},{"not_picked":["Amplify","Capacitor","Streamline"],"picked":"SKIP","floor":11.0},{"not_picked":["Fission","Buffer"],"picked":"All For One","floor":16.0},{"not_picked":["Blizzard","Sweeping Beam"],"picked":"Conserve Battery","floor":18.0},{"not_picked":["White Noise","Compile Driver"],"picked":"Gash+1","floor":19.0},{"not_picked":["Hologram","Reinforced Body","Sweeping Beam+1"],"picked":"SKIP","floor":21.0},{"not_picked":["Compile Driver","Creative AI","Ball Lightning+1"],"picked":"SKIP","floor":22.0},{"not_picked":["Hologram","Stack","Turbo"],"picked":"SKIP","floor":29.0},{"not_picked":["Rebound","Streamline"],"picked":"Steam+1","floor":30.0},{"not_picked":["Biased Cognition","Redo","Hologram"],"picked":"SKIP","floor":31.0},{"not_picked":["Machine Learning","Fission"],"picked":"Seek","floor":33.0},{"not_picked":["Ball Lightning","Conserve Battery","Defragment"],"picked":"SKIP","floor":35.0},{"not_picked":["Force Field+1","Gash"],"picked":"Coolheaded+1","floor":36.0},{"not_picked":["Dark Shackles","Swift Strike"],"picked":"Dramatic Entrance","floor":39.0},{"not_picked":["Coolheaded+1","Self Repair+1"],"picked":"Steam","floor":41},{"not_picked":["Cold Snap+1","Auto Shields","Stack"],"picked":"SKIP","floor":42},{"not_picked":["Go for the Eyes+1","Self Repair","Cold Snap"],"picked":"SKIP","floor":45},{"not_picked":["Barrage","Streamline+1"],"picked":"Seek","floor":46},{"not_picked":["Hologram","Rip and Tear"],"picked":"Gash+1","floor":48}],"player_experience":1332617,"relics_obtained":[{"floor":9.0,"key":"Pantograph"},{"floor":26.0,"key":"Akabeko"},{"floor":40.0,"key":"InkBottle"},{"floor":43,"key":"DataDisk"}],"event_choices":[{"damage_healed":0.0,"max_hp_gain":0.0,"max_hp_loss":0.0,"gold_gain":0.0,"event_name":"Shining Light","player_choice":"Entered Light","floor":12.0,"gold_loss":0.0,"damage_taken":14.0,"cards_upgraded":["Defend_B","Defend_B"]},{"damage_healed":0.0,"max_hp_gain":0.0,"max_hp_loss":0.0,"gold_gain":0.0,"event_name":"NoteForYourself","player_choice":"Ignored","floor":24.0,"gold_loss":0.0,"damage_taken":0.0},{"damage_healed":0.0,"max_hp_gain":0.0,"max_hp_loss":0.0,"gold_gain":0.0,"event_name":"Tomb of Lord Red Mask","player_choice":"Paid","floor":38.0,"gold_loss":85.0,"damage_taken":0.0,"relics_obtained":["Red Mask"]},{"damage_healed":0.0,"max_hp_gain":0.0,"max_hp_loss":0.0,"gold_gain":0.0,"event_name":"SensoryStone","player_choice":"Memory 1","floor":39.0,"gold_loss":0.0,"damage_taken":0.0},{"damage_healed":0.0,"max_hp_gain":0.0,"max_hp_loss":0.0,"gold_gain":0.0,"event_name":"Wheel of Change","player_choice":"Relic","floor":40.0,"gold_loss":0.0,"damage_taken":0.0}],"is_beta":false,"boss_relics":[{"not_picked":["Fusion Hammer","Sozu","Philosopher\u0027s Stone"]},{"not_picked":["Snecko Eye","Calling Bell"],"picked":"FrozenCore"}],"items_purged_floors":[3,5,8,14,37],"is_endless":false,"potions_floor_spawned":[1,2,19,21,22,33,41,46,48],"ascension_level":0}}