{"host":"i0avyit1s6jb1siw","time":1612697699,"event":{"mods":["BaseMod","DeckTracker","Dota2Spire","Highlight Path","Minty Spire (QoL Compilation)","Quick Restart","StSLib","SuperFastMode"],"gold_per_floor":[10,22,22,36,57,57,97,97,97,115,139,139,178,192,192,192,283,283,297,322,322,372,386,386,421,16,16,66,66,82,82,125,145,145,239,239,264,264,322,341,341,341,376,399,434,457,457,495,48,91,91,91,104,104,104,104,104,104,104,4,43,43],"floor_reached":63,"language":"ENG","playtime":1802,"items_purged":["Strike_G","Strike_G"],"score":3054,"play_id":"6b569c74-84a7-41a1-b318-f8733da56289","local_time":"20210207123459","is_ascension_mode":true,"campfire_choices":[{"data":"Apotheosis","floor":6.0,"key":"SMITH"},{"data":"Noxious Fumes","floor":8.0,"key":"SMITH"},{"floor":12.0,"key":"REST"},{"data":"Deadly Poison","floor":16.0,"key":"SMITH"},{"floor":24,"key":"REST"},{"floor":29,"key":"RECALL"},{"data":"Neutralize","floor":31,"key":"SMITH"},{"data":"1","floor":34,"key":"LIFT"},{"data":"2","floor":42,"key":"LIFT"},{"data":"3","floor":51,"key":"LIFT"},{"data":"Strike_G","floor":54,"key":"PURGE"},{"data":"Strike_G","floor":55,"key":"PURGE"},{"data":"Strike_G","floor":59,"key":"PURGE"}],"circlet_count":0,"master_deck":["AscendersBane","Defend_G","Defend_G+1","Defend_G","Defend_G","Defend_G","Survivor","Neutralize+1","Apotheosis+1","Noxious Fumes+1","Backstab","Blade Dance","Dagger Spray","Burst+1","Deadly Poison+1","Escape Plan","Dodge and Roll+1","Masterful Stab","Cloak And Dagger","Malaise","Backflip","Blade Dance","Venomology","Accuracy","PiercingWail","Panacea","Flash of Steel","Deep Breath","Outmaneuver+1","Footwork","Concentrate","Catalyst+1","PiercingWail","Backflip","Well Laid Plans"],"relics":["Ring of the Snake","Golden Idol","Dota2Spire:HeartOfTarrasque","Ice Cream","Thread and Needle","WristBlade","Nilry\u0027s Codex","Dota2Spire:Desolator","Dota2Spire:Mjollnir","Dota2Spire:ShivaGuard","Girya","Dota2Spire:RefresherOrb","Peace Pipe","Vajra","Question Card","War Paint","Anchor","Ginger","Dota2Spire:MonkeyKingBar","Dota2Spire:EchoSabre","Lantern","Dota2Spire:ArcaneBoots"],"acts_visited":["Exordium","TheCity","TheBeyond","TheEnding"],"potions_floor_usage":[17,20,25,32,39,43,45,48,50,50,56,57,62,62,62],"damage_taken":[{"damage":4.0,"enemies":"Small Slimes","floor":1.0,"turns":4.0},{"damage":2.0,"enemies":"2 Louse","floor":2.0,"turns":3.0},{"damage":1.0,"enemies":"Jaw Worm","floor":4.0,"turns":3.0},{"damage":6.0,"enemies":"Looter","floor":5.0,"turns":4.0},{"damage":7.0,"enemies":"Lagavulin","floor":7.0,"turns":7.0},{"damage":2.0,"enemies":"Exordium Wildlife","floor":10.0,"turns":3.0},{"damage":0.0,"enemies":"Large Slime","floor":11.0,"turns":4.0},{"damage":39.0,"enemies":"Gremlin Nob","floor":13.0,"turns":4.0},{"damage":0.0,"enemies":"Blue Slaver","floor":14.0,"turns":3.0},{"damage":3,"enemies":"Hexaghost","floor":17,"turns":8},{"damage":0,"enemies":"3 Byrds","floor":19,"turns":5},{"damage":2,"enemies":"2 Thieves","floor":20,"turns":3},{"damage":13,"enemies":"Centurion and Healer","floor":23,"turns":5},{"damage":5,"enemies":"Book of Stabbing","floor":25,"turns":8},{"damage":0,"enemies":"Chosen and Byrds","floor":30,"turns":4},{"damage":7,"enemies":"Slavers","floor":32,"turns":3},{"damage":0,"enemies":"Cultist and Chosen","floor":33,"turns":4},{"damage":8,"enemies":"Collector","floor":35,"turns":10},{"damage":0,"enemies":"3 Shapes","floor":37,"turns":4},{"damage":2,"enemies":"2 Orb Walkers","floor":39,"turns":4},{"damage":0,"enemies":"Orb Walker","floor":40,"turns":2},{"damage":15,"enemies":"Reptomancer","floor":43,"turns":5},{"damage":0,"enemies":"4 Shapes","floor":44,"turns":4},{"damage":0,"enemies":"Giant Head","floor":45,"turns":6},{"damage":8,"enemies":"Nemesis","floor":48,"turns":7},{"damage":0,"enemies":"Reptomancer","floor":50,"turns":4},{"damage":0,"enemies":"Writhing Mass","floor":53,"turns":4},{"damage":13,"enemies":"Time Eater","floor":56,"turns":14},{"damage":17,"enemies":"Donu and Deca","floor":57,"turns":7},{"damage":0,"enemies":"Shield and Spear","floor":61,"turns":5},{"damage":101,"enemies":"The Heart","floor":62,"turns":12}],"seed_played":"4703047747761426840","potions_obtained":[{"floor":5.0,"key":"LiquidMemories"},{"floor":11.0,"key":"Swift Potion"},{"floor":13.0,"key":"Strength Potion"},{"floor":17,"key":"CunningPotion"},{"floor":20,"key":"Dexterity Potion"},{"floor":23,"key":"Fruit Juice"},{"floor":25,"key":"AttackPotion"},{"floor":33,"key":"SteroidPotion"},{"floor":45,"key":"Weak Potion"},{"floor":50,"key":"SteroidPotion"},{"floor":61,"key":"Regen Potion"}],"is_trial":false,"path_per_floor":["M","M","?","M","M","R","E","R","T","M","M","R","E","M","?","R","B",null,"M","M","?","?","M","R","E","$","T","T","R","M","R","E","M","R","B",null,"M","?","?","M","?","R","E","M","E","T","T","E","$","E","R","?","M","R","R","B","B",null,"R","$","E","B",null],"character_chosen":"THE_SILENT","items_purchased":["Dota2Spire:Mjollnir","Dota2Spire:MonkeyKingBar","Dota2Spire:EchoSabre"],"campfire_rested":2,"item_purchase_floors":[26,49,49],"current_hp_per_floor":[55,53,53,52,46,46,47,47,47,45,49,68,29,29,34,34,43,66,73,71,50,50,37,58,70,70,70,70,70,74,74,67,71,71,67,75,78,78,76,76,66,66,51,55,67,67,67,63,63,67,67,67,71,71,71,74,61,71,71,71,74,20],"gold":43,"neow_bonus":"RANDOM_COLORLESS_2","is_daily":false,"chose_seed":false,"campfire_upgraded":4,"win_rate":0.0,"timestamp":1612697699,"path_taken":["M","M","?","M","M","R","E","R","T","M","M","R","E","M","?","R","BOSS","M","M","?","?","M","R","E","$","T","T","R","M","R","E","M","R","BOSS","M","?","?","M","?","R","E","M","E","T","T","E","$","E","R","?","M","R","R","BOSS","BOSS","R","$","E","BOSS"],"items_purchased_type":["Relic","Relic","Relic"],"build_version":"2020-12-22","purchased_purges":2,"victory":true,"max_hp_per_floor":[66,66,60,60,60,60,68,68,68,68,68,68,68,68,73,73,73,73,73,73,73,73,73,73,78,78,78,78,78,78,78,78,78,78,78,78,78,78,78,78,78,78,78,78,78,78,78,78,78,78,78,74,74,74,74,74,74,74,74,74,74,74],"card_choices":[{"not_picked":["Magnetism","Metamorphosis"],"picked":"Apotheosis","floor":0.0},{"not_picked":["Flying Knee","Outmaneuver"],"picked":"Noxious Fumes","floor":1.0},{"not_picked":["Caltrops","Deflect"],"picked":"Backstab","floor":2.0},{"not_picked":["Acrobatics","Setup"],"picked":"Blade Dance","floor":4.0},{"not_picked":["Dodge and Roll","Quick Slash"],"picked":"Dagger Spray","floor":5.0},{"not_picked":["Deflect","Infinite Blades"],"picked":"Burst","floor":7.0},{"not_picked":["Dagger Throw","Reflex"],"picked":"Deadly Poison","floor":10.0},{"not_picked":["Expertise","Setup"],"picked":"Escape Plan","floor":11.0},{"not_picked":["All Out Attack","Flying Knee","Dagger Throw"],"picked":"SKIP","floor":13.0},{"not_picked":["Blade Dance","Flying Knee","Skewer"],"picked":"SKIP","floor":14.0},{"not_picked":["Bouncing Flask","Flying Knee+1"],"picked":"Dodge and Roll+1","floor":19},{"not_picked":["Deadly Poison","Dodge and Roll","Sucker Punch"],"picked":"SKIP","floor":20},{"not_picked":["Crippling Poison","Quick Slash"],"picked":"Masterful Stab","floor":23},{"not_picked":["Reflex","Tactician"],"picked":"Cloak And Dagger","floor":25},{"not_picked":["Cloak And Dagger","Underhanded Strike"],"picked":"Malaise","floor":30},{"not_picked":["Tactician","Bouncing Flask+1"],"picked":"Backflip","floor":32},{"not_picked":["Underhanded Strike","Deflect"],"picked":"Blade Dance","floor":33},{"not_picked":["Tools of the Trade","Storm of Steel"],"picked":"Venomology","floor":35},{"not_picked":["Sucker Punch+1","Deadly Poison","Quick Slash"],"picked":"SKIP","floor":37},{"not_picked":["Escape Plan+1","Noxious Fumes"],"picked":"Accuracy","floor":39},{"not_picked":["PiercingWail","Sucker Punch","Dagger Spray"],"picked":"SKIP","floor":40},{"not_picked":["Sucker Punch","Dagger Spray"],"picked":"PiercingWail","floor":40},{"not_picked":["Jack Of All Trades","Forethought"],"picked":"Panacea","floor":41},{"not_picked":["Secret Technique","Mind Blast"],"picked":"Flash of Steel","floor":41},{"not_picked":["Discovery","PanicButton"],"picked":"Deep Breath","floor":41},{"not_picked":["Flying Knee","Catalyst"],"picked":"Outmaneuver+1","floor":43},{"not_picked":["Cloak And Dagger+1","Expertise"],"picked":"Footwork","floor":44},{"not_picked":["Quick Slash","PiercingWail"],"picked":"Concentrate","floor":45},{"not_picked":["Dodge and Roll+1","Calculated Gamble+1","A Thousand Cuts"],"picked":"Catalyst+1","floor":48},{"not_picked":["Prepared","Calculated Gamble","Choke+1"],"picked":"PiercingWail","floor":50},{"not_picked":["Reflex","Underhanded Strike+1","Dagger Throw+1"],"picked":"Backflip","floor":53},{"not_picked":["Reflex","Setup","Dagger Spray+1"],"picked":"Well Laid Plans","floor":61}],"player_experience":2419210,"relics_obtained":[{"floor":7.0,"key":"Dota2Spire:HeartOfTarrasque"},{"floor":9.0,"key":"Ice Cream"},{"floor":13.0,"key":"Thread and Needle"},{"floor":21,"key":"Nilry\u0027s Codex"},{"floor":25,"key":"Dota2Spire:Desolator"},{"floor":27,"key":"Dota2Spire:ShivaGuard"},{"floor":32,"key":"Girya"},{"floor":39,"key":"Peace Pipe"},{"floor":43,"key":"Vajra"},{"floor":45,"key":"Question Card"},{"floor":46,"key":"War Paint"},{"floor":47,"key":"Anchor"},{"floor":48,"key":"Ginger"},{"floor":50,"key":"Lantern"},{"floor":61,"key":"Dota2Spire:ArcaneBoots"}],"event_choices":[{"damage_healed":0.0,"max_hp_gain":0.0,"max_hp_loss":6.0,"gold_gain":0.0,"event_name":"Golden Idol","player_choice":"Lose Max HP","floor":3.0,"gold_loss":0.0,"damage_taken":0.0,"relics_obtained":["Golden Idol"]},{"damage_healed":0.0,"max_hp_gain":5.0,"max_hp_loss":0.0,"gold_gain":0.0,"event_name":"Big Fish","player_choice":"Donut","floor":15.0,"gold_loss":0.0,"damage_taken":0.0},{"damage_healed":0,"gold_gain":0,"player_choice":"Obtained Book","damage_taken":21,"max_hp_gain":0,"max_hp_loss":0,"event_name":"Cursed Tome","floor":21,"gold_loss":0},{"damage_healed":0,"gold_gain":50,"player_choice":"Stole From Cult","damage_taken":0,"max_hp_gain":0,"max_hp_loss":0,"event_name":"Nest","floor":22,"gold_loss":0},{"damage_healed":0,"gold_gain":0,"player_choice":"Ignored","damage_taken":0,"max_hp_gain":0,"max_hp_loss":0,"event_name":"Tomb of Lord Red Mask","floor":38,"gold_loss":0},{"damage_healed":0,"gold_gain":0,"player_choice":"Fight","damage_taken":0,"max_hp_gain":0,"max_hp_loss":0,"event_name":"Mysterious Sphere","floor":39,"gold_loss":0},{"damage_healed":0,"gold_gain":0,"player_choice":"Memory 3","damage_taken":10,"max_hp_gain":0,"max_hp_loss":0,"event_name":"SensoryStone","floor":41,"gold_loss":0},{"damage_healed":0,"gold_gain":0,"player_choice":"Max HP","damage_taken":0,"max_hp_gain":0,"max_hp_loss":4,"event_name":"Winding Halls","floor":52,"gold_loss":0}],"is_beta":false,"boss_relics":[{"not_picked":["Philosopher\u0027s Stone","Ectoplasm"],"picked":"WristBlade"},{"not_picked":["SlaversCollar","Astrolabe"],"picked":"Dota2Spire:RefresherOrb"}],"items_purged_floors":[26,60],"is_endless":false,"potions_floor_spawned":[5,11,13,17,19,20,23,25,33,44,45,50,53,61],"ascension_level":20}}