{"host":"ihsge0lre3slh6sc","time":1612728010,"event":{"mods":["BaseMod","Highlight Path","Lobotomy","LobotomyExtend","Marisa（F雨　魔理沙）","Minty Spire (QoL Compilation)","MostiFishMod","Quick Restart","Remilia（蕾米莉亚）","Shop Mod","StSLib","TestMod","Waifu the Spire","WarShipGirlsR/战舰少女R mod","Youmu（魂魄妖梦）","[IsaacMod]以撒尖塔","篝火指南"],"gold_per_floor":[119,136,154,167,185,214,214,230,255,430,480,515,328,338,288,388,388,400,411,811,811,829,861,414,414,438,454,482,500,515,547,272,294,325,353,384,396,433,458,503,564,590,635,662,477,522,327,444,456,480,542,554,579,645,685,708,325,337,384,396,420,466,493,505,517,529,245,257,286,286],"floor_reached":56,"language":"ZHS","playtime":3480,"items_purged":["Clumsy","Strike_RM","Strike_RM","Doubt","Strike_RM","ScarletShoot+1","Defend_RM","AfternoonTea","MostiFishMod:Disappear","ScarletCoffin"],"score":2622,"play_id":"da4c763b-b113-4bff-aae7-c5b1970d0e45","local_time":"20210208040010","is_ascension_mode":true,"campfire_choices":[{"data":"KillingBlow","floor":7.0,"key":"SMITH"},{"floor":49,"key":"RECALL"}],"circlet_count":0,"master_deck":["Defend_RM+1","Defend_RM+1","Defend_RM+1","RedMoon+1","KillingBlow+1","BlasphemousPunishment","EndlessAdversity+1","DiffusionOfMisfortune+1","ChainGang+1","BombardNight","ScarletDevilSign+1","UnderTheZenith+1","NightLord+1","MostiFishMod:ButterFly","ScarletDevilSign+1","DiffusionOfMisfortune+1","ScarletGensokyo+1","TricksterDevil","ChaoticDestiny","EternalNight+1","QueenOfMidnight","Harmony+1","BlasphemousPunishment+1","Heatsinks","ScarletCoffin","BloodyHallows","rmod:mineteam+1","BloodySeventeenLaser","testmod-DeathImprint","BloodySeventeenLaser","BloodRain"],"relics":["ScarletHat","HushsDoor","testmod-TestBox","EGODaCapo","testmod-CrystalShield","SteamSale","SynthV:TestCard","Mercury Hourglass","LetterFromLob","Leech","Happy Flower","TheAbacus","Nunchaku","testmod-IncinerationGenerator","GuppysCollar","Anchor","BookOfRevelations","War Paint","Medical Kit","StrikeDummy","GuppysPaw","Smiling Mask","Regal Pillow","Pen Nib","MawBank","Darkstone Periapt","SynthV:C4","Toy Ornithopter","BelialBook","Bag of Marbles","PrismaticShard","testmod-TurbochargingSystem","BionicSphere","ChiXiaoBlade","MomsKnife","TypeBBloodRedTea","DoctorsRemote","CatCart","Question Card","Bottled Tornado","Omamori","Singing Bowl","Frozen Egg 2","Art of War","testmod-Fortitude","Whetstone","Membership Card","Boot","BFFS","testmod-IndustrialRevolution","testmod-OneHitWonder"],"acts_visited":["Exordium","TheCity","TheBeyond","TheEnding"],"potions_floor_usage":[27,27,24,28],"damage_taken":[{"damage":0.0,"enemies":"Small Slimes","floor":1.0,"turns":3.0},{"damage":0.0,"enemies":"2 Louse","floor":2.0,"turns":2.0},{"damage":10.0,"enemies":"Jaw Worm","floor":3.0,"turns":3.0},{"damage":10.0,"enemies":"Blue Slaver","floor":4.0,"turns":3.0},{"damage":0.0,"enemies":"Gremlin Gang","floor":5.0,"turns":4.0},{"damage":10.0,"enemies":"3 Sentries","floor":6.0,"turns":3.0},{"damage":0.0,"enemies":"Looter","floor":8.0,"turns":3.0},{"damage":0.0,"enemies":"Lagavulin","floor":12.0,"turns":2.0},{"damage":0.0,"enemies":"Exordium Wildlife","floor":14.0,"turns":1.0},{"damage":20.0,"enemies":"Hexaghost","floor":16.0,"turns":8.0},{"damage":0.0,"enemies":"3 Byrds","floor":18.0,"turns":4.0},{"damage":0.0,"enemies":"Spheric Guardian","floor":19.0,"turns":3.0},{"damage":0.0,"enemies":"Cultist and Chosen","floor":22.0,"turns":4.0},{"damage":0.0,"enemies":"Slavers","floor":23.0,"turns":3.0},{"damage":0,"enemies":"Snake Plant","floor":27,"turns":2},{"damage":10,"enemies":"Book of Stabbing","floor":28,"turns":4},{"damage":0,"enemies":"3 Cultists","floor":29,"turns":3},{"damage":10,"enemies":"Centurion and Healer","floor":30,"turns":1},{"damage":0,"enemies":"Gremlin Leader","floor":31,"turns":3},{"damage":0,"enemies":"Shell Parasite","floor":18,"turns":1},{"damage":10,"enemies":"Spheric Guardian","floor":19,"turns":1},{"damage":7,"enemies":"Snecko","floor":20,"turns":1},{"damage":0,"enemies":"Snake Plant","floor":21,"turns":1},{"damage":10,"enemies":"Book of Stabbing","floor":23,"turns":2},{"damage":0,"enemies":"Centurion and Healer","floor":24,"turns":3},{"damage":10,"enemies":"Gremlin Leader","floor":25,"turns":3},{"damage":0,"enemies":"Shelled Parasite and Fungi","floor":27,"turns":2},{"damage":17,"enemies":"Book of Stabbing","floor":28,"turns":2},{"damage":0,"enemies":"Sentry and Sphere","floor":29,"turns":1},{"damage":0,"enemies":"Slavers","floor":31,"turns":1},{"damage":43,"enemies":"Automaton","floor":33,"turns":4},{"damage":0,"enemies":"Orb Walker","floor":35,"turns":2},{"damage":13,"enemies":"Mind Bloom Boss Battle","floor":36,"turns":2},{"damage":0,"enemies":"3 Darklings","floor":38,"turns":1},{"damage":10,"enemies":"Orin","floor":39,"turns":4},{"damage":10,"enemies":"Nemesis","floor":40,"turns":3},{"damage":24,"enemies":"Transient","floor":41,"turns":5},{"damage":18,"enemies":"Giant Head","floor":44,"turns":4},{"damage":0,"enemies":"4 Shapes","floor":46,"turns":1},{"damage":18,"enemies":"Nemesis","floor":47,"turns":3},{"damage":27,"enemies":"Spire Growth","floor":48,"turns":2},{"damage":10,"enemies":"Donu and Deca","floor":50,"turns":2},{"damage":28,"enemies":"Shield and Spear","floor":54,"turns":2},{"damage":0,"enemies":"The Heart","floor":55,"turns":5}],"seed_played":"-6684893198595630248","potions_obtained":[{"floor":2.0,"key":"FearPotion"},{"floor":3.0,"key":"Swift Potion"},{"floor":5.0,"key":"SkillPotion"},{"floor":28,"key":"Dexterity Potion"},{"floor":31,"key":"ColorlessPotion"},{"floor":28,"key":"Weak Potion"},{"floor":33,"key":"Explosive Potion"},{"floor":41,"key":"SpeedPotion"}],"is_trial":false,"path_per_floor":["M","M","M","M","M","E","R","M","T","?","?","E","$","M","R","B",null,"M","M","?","?","M","E","R","T","T","M","E","M","M","E","R","M","M","M","M","?","E","M","E","T","M","E","M","R","E","R","B",null,"M","?","?","M","?","E","M","R","T","E","?","M","E","M","R","B",null,"R","$","E","B",null],"character_chosen":"REMILIA","items_purchased":["TheAbacus","Nunchaku","GuppysCollar","Medical Kit","StrikeDummy","GuppysPaw","MostiFishMod:ButterFly","MawBank","ForgetMeNow","Bag of Marbles","PrismaticShard","BionicSphere","MomsKnife","Omamori","Singing Bowl","ScarletCoffin","BloodyHallows","Whetstone","Membership Card","Boot","BloodySeventeenLaser","testmod-DeathImprint","BFFS","testmod-IndustrialRevolution","BloodySeventeenLaser","BloodRain"],"campfire_rested":0,"item_purchase_floors":[13,13,17,24,24,24,24,32,32,30,30,32,34,42,42,42,42,52,52,52,52,52,53,53,53,53],"current_hp_per_floor":[68,68,59,50,52,42,42,44,44,44,49,50,50,50,50,40,57,62,62,62,47,51,53,53,53,53,60,53,55,58,62,62,62,52,51,51,51,55,62,53,53,62,56,62,62,62,62,20,28,30,30,30,30,30,30,30,30,30,32,32,32,34,36,36,36,36,36,36,38,38],"gold":286,"neow_bonus":"THREE_RARE_CARDS","is_daily":false,"chose_seed":false,"campfire_upgraded":1,"win_rate":0.0,"timestamp":1612728010,"path_taken":["M","M","M","M","M","E","R","M","T","?","?","E","$","M","R","BOSS","M","M","?","?","M","E","R","?","T","M","E","M","?","E","R","M","M","M","M","?","E","M","E","T","M","E","M","R","E","R","BOSS","M","?","?","M","?","E","M","R","T","E","?","M","E","?","R","BOSS","R","$","E","BOSS"],"items_purchased_type":["Relic","Relic","Relic","Relic","Relic","Relic","Card","Relic","Relic","Relic","Relic","Relic","Relic","Relic","Relic","Card","Card","Relic","Relic","Relic","Card","Card","Relic","Relic","Card","Card"],"build_version":"2020-12-22","purchased_purges":10,"victory":true,"max_hp_per_floor":[75,75,75,75,75,75,75,75,75,75,80,80,80,80,80,80,62,62,62,62,62,62,62,62,62,62,62,62,62,62,62,62,62,62,62,62,62,62,62,62,62,62,62,62,62,62,62,62,30,30,30,30,30,30,30,30,30,30,32,32,32,34,36,36,36,36,36,36,38,38],"card_choices":[{"not_picked":[],"picked":"Bomb","floor":0.0},{"not_picked":["TransientEternity","QueenOfMidnight"],"picked":"KillingBlow","floor":0.0},{"not_picked":["ScarletDevilSign","BloodyMagicSquare","VampireKiss"],"picked":"SKIP","floor":1.0},{"not_picked":["VampireClaw","ScarletDream","VampirishNight","BombardNight"],"picked":"BlasphemousPunishment","floor":2.0},{"not_picked":["EmergencyRegeneration","ScarletImprint","VampireClaw","RedRainbow","Ultimatum"],"picked":"SKIP","floor":3.0},{"not_picked":["VampireKiss","ForbiddenFruit","EternalNight","UnstableMagic"],"picked":"EndlessAdversity","floor":4.0},{"not_picked":["ForecastOfChange","FavorOfDestiny","VampireSweep","StarOfDavid"],"picked":"DiffusionOfMisfortune","floor":5.0},{"not_picked":["VampireFantasy","EndlessAdversity","Septette","EternalNight"],"picked":"ChainGang","floor":6.0},{"not_picked":["BloodyTrap","UnderTheZenith","EternalNight","CharismaGuard"],"picked":"Bomb","floor":8.0},{"not_picked":["Stigmanizer","HunterOfTheNight","Bomb","CharismaGuard"],"picked":"BombardNight","floor":11.0},{"not_picked":["NightDance","EquivalentExchange","SuperhumanBloodyKnife","StarOfDavid"],"picked":"BombardNight","floor":12.0},{"not_picked":["BombardNight","EmergencyRegeneration","VampireKiss","DiffusionOfMisfortune","EndlessAdversity"],"picked":"SKIP","floor":14.0},{"not_picked":["KillingBlow","BloodRain","EquivalentExchange","CeilingFear"],"picked":"ScarletCoffin","floor":16.0},{"not_picked":["ScarletDevil","FavorOfDestiny","BloodHunter","EndlessAdversity","ScarletGensokyo"],"picked":"SKIP","floor":18.0},{"not_picked":["ScarletDevil+1","EndlessAdversity+1","ForecastOfChange","NightDance"],"picked":"ScarletDevilSign","floor":19.0},{"not_picked":["VampireKiss","BloodHunter","MastersStateliness","BombardNight"],"picked":"UnderTheZenith+1","floor":22.0},{"not_picked":["EndlessAdversity","UnderTheZenith","ScarletDream","DevilSight"],"picked":"NightLord+1","floor":23.0},{"not_picked":["BloodyMagicSquare","RedRainbow+1","Stigmanizer","CharismaGuard","UltimateOffering+1"],"picked":"SKIP","floor":27},{"not_picked":["CurseOfVladTepes","UltimateOffering","EndlessAdversity+1","BlasphemousPunishment","BadLadyScramble"],"picked":"SKIP","floor":28},{"not_picked":["BlasphemousPunishment","CharismaGuard+1","UnderTheZenith","MastersStateliness","VampireKiss"],"picked":"SKIP","floor":29},{"not_picked":["BloodAndWine","MiserableFate","MillenniumVampire","ScarletImprint"],"picked":"ScarletDevilSign+1","floor":30},{"not_picked":["ScarletDevil","ForecastOfChange","UnderTheZenith+1","VampireFantasy","GlobalNightmare"],"picked":"SKIP","floor":31},{"not_picked":["BlasphemousPunishment","UnstableMagic","ReincarnationDial","CharismaGuard+1","MastersStateliness"],"picked":"SKIP","floor":18},{"not_picked":["VampireKiss+1","Stigmanizer+1","TransientEternity","BloodHunter"],"picked":"DiffusionOfMisfortune+1","floor":19},{"not_picked":["EndlessAdversity","BloodHunter+1","GlobalNightmare","ReincarnationDial+1","FavorOfDestiny"],"picked":"SKIP","floor":20},{"not_picked":["StarOfDavid","GlobalNightmare","UnderTheZenith","BadLadyScramble"],"picked":"ScarletGensokyo+1","floor":21},{"not_picked":["EndlessAdversity","FitfulNightmare+1","BloodyMagicSquare","MillenniumVampire"],"picked":"ChaoticDestiny","floor":23},{"not_picked":["VampireSweep","UnderTheZenith","MiserableFate+1","ScarletDevil"],"picked":"EternalNight+1","floor":24},{"not_picked":["EquivalentExchange","BadLadyScramble+1","RedMagic","BombardNight","ScarletDevilSign+1"],"picked":"SKIP","floor":25},{"not_picked":["BloodHunter","BloodyTrap","DiffusionOfMisfortune","VampireKiss","BlasphemousPunishment"],"picked":"SKIP","floor":27},{"not_picked":["BlasphemousPunishment","VampireKiss","UnstableMagic","BloodHunter","UnderTheZenith"],"picked":"SKIP","floor":28},{"not_picked":["MiserableFate","EndlessAdversity","ScarletNetherworld+1","MastersStateliness","UnstableMagic"],"picked":"SKIP","floor":29},{"not_picked":["MagicBullet","rmod:supportescort","Penitence","Flash of Steel+1"],"picked":"MostiFishMod:Disappear","floor":31},{"not_picked":["MostiFishMod:FireWorks","rmod:fletcher","Core Surge","ConjureBlade"],"picked":"QueenOfMidnight","floor":33},{"not_picked":["rmod:unsinkable+1","Sword Boomerang+1","Skewer+1","rmod:diaomin+1","Fusion+1"],"picked":"SKIP","floor":35},{"not_picked":["Beam Cell+1","Fire Breathing","Cleave+1","MastersStateliness+1"],"picked":"Harmony","floor":36},{"not_picked":["HeartExcerptSlash+1","EmptyBody+1","6A","Havoc+1","MostiFishMod:PushDownKick"],"picked":"SKIP","floor":38},{"not_picked":["Dodge and Roll","RedRainbow","Christmas+1","BloodHunter"],"picked":"BlasphemousPunishment+1","floor":39},{"not_picked":["Robbery","GlobalNightmare","Collect+1","Dash"],"picked":"Heatsinks","floor":40},{"not_picked":["SashWhip","MostiFishMod:Speedup","Cleave","rmod:robin+1","Protect+1","MostiFishMod:PoisonShield"],"picked":"SKIP","floor":41},{"not_picked":["rmod:supportescort","CherryBlossomSword+1","JustLucky+1","Lockon","rmod:luckystar","rmod:tearstotiara+1"],"picked":"Singing Bowl","floor":44},{"not_picked":["DispleasureOfTheSevenHakus","CutThroughFate+1","Sunder","WaveOfTheHand","EmptyFist+1"],"picked":"rmod:mineteam+1","floor":46},{"not_picked":["testmod-BackupPower","Weave","CrushJoints","Heavy Blade","MilkyWay","ShootTheMoon"],"picked":"Singing Bowl","floor":47},{"not_picked":["Armaments+1","Sucker Punch+1","Hologram+1","Havoc+1","Rebound","Poisoned Stab+1"],"picked":"Singing Bowl","floor":48},{"not_picked":["ScarletGensokyo+1","BowlingBash","Establishment+1","Horn","VampirishNight","Metamorphosis"],"picked":"Singing Bowl","floor":54}],"player_experience":817190,"relics_obtained":[{"floor":1.0,"key":"SynthV:TestCard"},{"floor":6.0,"key":"Mercury Hourglass"},{"floor":8.0,"key":"LetterFromLob"},{"floor":9.0,"key":"Leech"},{"floor":12.0,"key":"Happy Flower"},{"floor":22.0,"key":"BookOfRevelations"},{"floor":23.0,"key":"War Paint"},{"floor":26.0,"key":"Smiling Mask"},{"floor":28,"key":"Regal Pillow"},{"floor":31,"key":"Pen Nib"},{"floor":23,"key":"Darkstone Periapt"},{"floor":25,"key":"SynthV:C4"},{"floor":26,"key":"Toy Ornithopter"},{"floor":28,"key":"BelialBook"},{"floor":31,"key":"testmod-TurbochargingSystem"},{"floor":36,"key":"TypeBBloodRedTea"},{"floor":39,"key":"CatCart"},{"floor":40,"key":"Question Card"},{"floor":40,"key":"Bottled Tornado"},{"floor":43,"key":"Frozen Egg 2"},{"floor":44,"key":"Art of War"},{"floor":47,"key":"testmod-Fortitude"},{"floor":54,"key":"testmod-OneHitWonder"}],"event_choices":[{"damage_healed":0.0,"max_hp_gain":0.0,"max_hp_loss":0.0,"gold_gain":175.0,"event_name":"Liars Game","player_choice":"AGREE","floor":10.0,"gold_loss":0.0,"damage_taken":0.0,"cards_obtained":["Doubt"]},{"damage_healed":0.0,"max_hp_gain":0.0,"max_hp_loss":0.0,"gold_gain":0.0,"event_name":"给自己的盒子","player_choice":"Swap Relic","floor":11.0,"relics_lost":["Tiny House"],"gold_loss":0.0,"damage_taken":0.0,"relics_obtained":["Tiny House"]},{"damage_healed":0.0,"max_hp_gain":0.0,"max_hp_loss":0.0,"gold_gain":400.0,"event_name":"恩洛斯的盘子","player_choice":"Sell","floor":20.0,"relics_lost":["DaveBox"],"gold_loss":0.0,"damage_taken":0.0},{"damage_healed":0,"gold_gain":0,"cards_transformed":["BombardNight","Strike_RM"],"player_choice":"Became Test Subject","damage_taken":0,"max_hp_gain":0,"max_hp_loss":0,"event_name":"Drug Dealer","floor":22,"gold_loss":0,"cards_obtained":["TricksterDevil","AfternoonTea"]},{"damage_healed":0,"gold_gain":0,"player_choice":"Fight","damage_taken":0,"max_hp_gain":0,"max_hp_loss":0,"event_name":"MindBloom","floor":36,"gold_loss":0},{"damage_healed":0,"gold_gain":0,"player_choice":"Gave Potion","damage_taken":0,"relics_obtained":["DoctorsRemote"],"max_hp_gain":0,"max_hp_loss":0,"event_name":"WeMeetAgain","floor":37,"gold_loss":0},{"damage_healed":0,"gold_gain":0,"player_choice":"Fight","damage_taken":0,"max_hp_gain":0,"max_hp_loss":0,"event_name":"OrinTheCat","floor":39,"gold_loss":0},{"damage_healed":0,"gold_gain":0,"player_choice":"Ignored","damage_taken":0,"max_hp_gain":0,"max_hp_loss":0,"event_name":"Tomb of Lord Red Mask","floor":45,"gold_loss":0}],"is_beta":false,"boss_relics":[{"not_picked":["EE1DDrone","SacredBark"],"picked":"testmod-IncinerationGenerator"},{"not_picked":[]},{"not_picked":["Black Star","Pandora\u0027s Box"],"picked":"ChiXiaoBlade"},{"not_picked":[]}],"items_purged_floors":[13,15,17,24,32,30,32,42,52,53],"is_endless":false,"potions_floor_spawned":[2,3,5,12,14,18,22,23,28,31,20,24,28,31,33,35,41,44,47,48,54],"ascension_level":8}}