{"host":"1q02rw1wpi0nrsss","time":1612721883,"event":{"mods":["AchievementEnabler","BaseMod","Better Note","Better Third Choice","Bossed Relics","Custom Start","Dark Map","DeckTracker","Disable Question Mark Monsters","Minty Spire (QoL Compilation)","Permanent Neow","Quick Restart","Rare Cards Sparkle","Relic Stats","StSLib","??????REMEMod"],"gold_per_floor":[19,19,31,31,50,50,64,64,87,87,112,128,139,153,153,254,254,271,271,29,43,56,56,87,87,114,24,24,24,38,56,56,155,155,166,181,181,199,209,209,261,161,184,196,227,227,243,274,274,274],"floor_reached":51,"language":"ENG","playtime":2218,"items_purged":["Sever Soul","Strike_R"],"score":856,"play_id":"dea41e4b-7dfb-4b07-bbe1-bc481c37d825","local_time":"20210207101803","is_ascension_mode":false,"campfire_choices":[{"data":"Rage","floor":6,"key":"SMITH"},{"data":"Spot Weakness","floor":8,"key":"SMITH"},{"data":"REME_ACTH","floor":15,"key":"SMITH"},{"data":"Double Tap","floor":23,"key":"SMITH"},{"data":"Bash","floor":28,"key":"SMITH"},{"data":"Strike_R","floor":32,"key":"SMITH"},{"data":"Strike_R","floor":40,"key":"SMITH"},{"data":"REME_ACTH","floor":46,"key":"SMITH"},{"data":"Strike_R","floor":49,"key":"SMITH"}],"circlet_count":0,"master_deck":["Strike_R+1","Strike_R+1","Strike_R+1","Strike_R+1","Defend_R","Defend_R","Bash+1","REME_BattleFury+1","Rage+1","Thunderclap","Spot Weakness+1","REME_ACTH+1","Double Tap+1","REME_Flogging+1","Warcry+1","REME_ACTH+1"],"relics":["Black Blood","REME_ComplimentaryCards","Lizard Tail","War Paint","Potion Belt","CultistMask","Art of War","Happy Flower","Empty Cage","Champion Belt","Dream Catcher","Strawberry","Paper Frog"],"acts_visited":["Exordium","TheCity","TheBeyond"],"potions_floor_usage":[11,16,18,18,33,33,41,45,50,50,50],"damage_taken":[{"damage":8,"enemies":"Jaw Worm","floor":1,"turns":3},{"damage":0,"enemies":"2 Louse","floor":3,"turns":2},{"damage":1,"enemies":"Cultist","floor":5,"turns":3},{"damage":7,"enemies":"2 Fungi Beasts","floor":7,"turns":3},{"damage":14,"enemies":"3 Sentries","floor":11,"turns":6},{"damage":3,"enemies":"Red Slaver","floor":12,"turns":2},{"damage":9,"enemies":"Large Slime","floor":13,"turns":3},{"damage":0,"enemies":"Exordium Wildlife","floor":14,"turns":3},{"damage":0,"enemies":"Slime Boss","floor":16,"turns":6},{"damage":17,"enemies":"2 Thieves","floor":18,"turns":3},{"damage":2,"enemies":"Chosen","floor":21,"turns":3},{"damage":22,"enemies":"3 Cultists","floor":22,"turns":4},{"damage":0,"enemies":"Gremlin Leader","floor":24,"turns":3},{"damage":13,"enemies":"Snake Plant","floor":30,"turns":2},{"damage":0,"enemies":"Centurion and Healer","floor":31,"turns":2},{"damage":16,"enemies":"Champ","floor":33,"turns":5},{"damage":0,"enemies":"Orb Walker","floor":35,"turns":1},{"damage":16,"enemies":"3 Darklings","floor":36,"turns":2},{"damage":5,"enemies":"Writhing Mass","floor":38,"turns":3},{"damage":34,"enemies":"4 Shapes","floor":39,"turns":3},{"damage":0,"enemies":"2 Orb Walkers","floor":41,"turns":2},{"damage":4,"enemies":"3 Darklings","floor":44,"turns":2},{"damage":4,"enemies":"Reptomancer","floor":45,"turns":2},{"damage":0,"enemies":"Sphere and 2 Shapes","floor":47,"turns":1},{"damage":0,"enemies":"Giant Head","floor":48,"turns":2},{"damage":19,"enemies":"Time Eater","floor":50,"turns":5}],"seed_played":"387734061143346501","potions_obtained":[{"floor":7,"key":"AttackPotion"},{"floor":11,"key":"Explosive Potion"},{"floor":12,"key":"DistilledChaos"},{"floor":14,"key":"Explosive Potion"},{"floor":22,"key":"Dexterity Potion"},{"floor":31,"key":"SteroidPotion"},{"floor":33,"key":"Fire Potion"},{"floor":35,"key":"GamblersBrew"},{"floor":38,"key":"Dexterity Potion"},{"floor":44,"key":"Weak Potion"},{"floor":47,"key":"Ancient Potion"}],"is_trial":false,"path_per_floor":["M","?","M","?","M","R","M","R","T","?","E","M","M","M","R","B",null,"M","?","$","M","M","R","E","?","T","?","R","$","M","M","R","B",null,"M","M","?","M","M","R","?","$","T","M","E","R","M","E","R","B",null],"character_chosen":"IRONCLAD","items_purchased":["REME_Flogging"],"campfire_rested":0,"item_purchase_floors":[20],"current_hp_per_floor":[78,78,80,80,80,80,79,79,79,79,71,74,71,77,77,80,80,75,75,75,80,70,70,80,80,80,80,80,80,79,80,80,76,80,80,76,76,80,58,58,70,70,70,78,87,87,87,87,87,80],"gold":274,"neow_bonus":"ONE_RARE_RELIC","is_daily":false,"chose_seed":false,"campfire_upgraded":9,"win_rate":0.0,"timestamp":1612721883,"path_taken":["M","?","M","?","M","R","M","R","T","?","E","M","M","?","R","BOSS","M","?","$","?","M","R","E","?","T","?","R","?","M","M","R","BOSS","M","M","?","M","M","R","?","?","T","?","E","R","M","E","R","BOSS"],"items_purchased_type":["Card"],"build_version":"2020-12-22","purchased_purges":2,"victory":true,"max_hp_per_floor":[80,80,80,80,80,80,80,80,80,80,80,80,80,80,80,80,80,80,80,80,80,80,80,80,80,80,80,80,80,80,80,80,80,80,80,80,80,80,80,80,80,80,80,80,87,87,87,87,87,87],"relic_stats":{"Lizard Tail":0,"Dream Catcher":0,"Happy Flower":[10],"counters":[26,76],"Black Blood":183,"Art of War":[2],"Champion Belt":[17],"War Paint":["Defend_R","Defend_R"],"obtain_stats":[{"Potion Belt":11,"Happy Flower":26,"Black Blood":17,"War Paint":9,"Empty Cage":34,"Burning Blood":0,"Lizard Tail":0,"Dream Catcher":43,"Strawberry":45,"CultistMask":19,"Art of War":24,"Champion Belt":41,"REME_ComplimentaryCards":0,"Paper Frog":48},{"Potion Belt":5,"Happy Flower":13,"Black Blood":9,"War Paint":4,"Empty Cage":16,"Burning Blood":0,"Lizard Tail":0,"Dream Catcher":21,"Strawberry":23,"CultistMask":10,"Art of War":13,"Champion Belt":21,"REME_ComplimentaryCards":0,"Paper Frog":25},{"Potion Belt":17,"Happy Flower":44,"Black Blood":31,"War Paint":11,"Empty Cage":53,"Burning Blood":0,"Lizard Tail":0,"Dream Catcher":64,"Strawberry":68,"CultistMask":34,"Art of War":44,"Champion Belt":64,"REME_ComplimentaryCards":0,"Paper Frog":71}]},"card_choices":[{"not_picked":["Perfected Strike","Havoc"],"picked":"Rage","floor":1},{"not_picked":["True Grit","Clothesline"],"picked":"Thunderclap","floor":3},{"not_picked":["Clash","Wild Strike","Cleave"],"picked":"SKIP","floor":5},{"not_picked":["Flex","Searing Blow"],"picked":"Spot Weakness","floor":7},{"not_picked":["Flex","Whirlwind"],"picked":"REME_ACTH","floor":11},{"not_picked":["Body Slam","REME_SingleHolding","Metallicize"],"picked":"SKIP","floor":12},{"not_picked":["Power Through","Evolve","Sword Boomerang"],"picked":"SKIP","floor":13},{"not_picked":["Twin Strike","Perfected Strike","Flex"],"picked":"SKIP","floor":14},{"not_picked":["Juggernaut","Feed"],"picked":"Double Tap","floor":16},{"not_picked":["Second Wind+1","Heavy Blade","Sever Soul+1"],"picked":"SKIP","floor":18},{"not_picked":["Disarm","Metallicize+1","Heavy Blade"],"picked":"SKIP","floor":21},{"not_picked":["Anger","Dark Embrace","Havoc"],"picked":"SKIP","floor":22},{"not_picked":["Shockwave","Seeing Red","Brutality"],"picked":"SKIP","floor":24},{"not_picked":["Anger","Headbutt","Havoc"],"picked":"SKIP","floor":30},{"not_picked":["Wild Strike","Burning Pact+1"],"picked":"Warcry+1","floor":31},{"not_picked":["Cleave+1","Shrug It Off","Havoc"],"picked":"SKIP","floor":35},{"not_picked":["Thunderclap","Intimidate+1","Carnage+1"],"picked":"SKIP","floor":36},{"not_picked":["Fire Breathing","Warcry+1","Thunderclap"],"picked":"SKIP","floor":38},{"not_picked":["Dropkick","Corruption","Intimidate"],"picked":"SKIP","floor":39},{"not_picked":["Second Wind","Anger","Havoc+1"],"picked":"SKIP","floor":44},{"not_picked":["Iron Wave+1","Shrug It Off+1"],"picked":"REME_ACTH","floor":45},{"not_picked":["Power Through+1","Thunderclap+1","Sentinel"],"picked":"SKIP","floor":47},{"not_picked":["Twin Strike","Sword Boomerang","Thunderclap"],"picked":"SKIP","floor":48}],"player_experience":85442,"relics_obtained":[{"floor":9,"key":"War Paint"},{"floor":11,"key":"Potion Belt"},{"floor":24,"key":"Art of War"},{"floor":26,"key":"Happy Flower"},{"floor":41,"key":"Champion Belt"},{"floor":43,"key":"Dream Catcher"},{"floor":45,"key":"Strawberry"},{"floor":48,"key":"Paper Frog"}],"event_choices":[{"damage_healed":0,"gold_gain":0,"player_choice":"Grow","damage_taken":0,"max_hp_gain":0,"max_hp_loss":0,"event_name":"Living Wall","floor":2,"gold_loss":0,"cards_upgraded":["REME_BattleFury"]},{"damage_healed":0,"gold_gain":0,"player_choice":"Ignored","damage_taken":31,"max_hp_gain":0,"max_hp_loss":0,"event_name":"betterThird:BetterSerpent","floor":4,"gold_loss":0},{"damage_healed":0,"gold_gain":0,"player_choice":"2 cards matched","damage_taken":0,"max_hp_gain":0,"max_hp_loss":0,"event_name":"Match and Keep!","floor":10,"gold_loss":0,"cards_obtained":["Sever Soul","Bash"]},{"damage_healed":0,"gold_gain":0,"player_choice":"Trade","damage_taken":0,"relics_obtained":["CultistMask"],"max_hp_gain":0,"max_hp_loss":0,"event_name":"FaceTrader","floor":19,"gold_loss":0},{"damage_healed":0,"gold_gain":0,"player_choice":"Forge","damage_taken":0,"max_hp_gain":0,"max_hp_loss":0,"event_name":"Accursed Blacksmith","floor":25,"gold_loss":0,"cards_upgraded":["REME_Flogging"]},{"cards_removed":["Bash"],"damage_healed":0,"gold_gain":0,"player_choice":"Upgrade and Remove","damage_taken":0,"max_hp_gain":0,"max_hp_loss":0,"event_name":"Designer","floor":27,"gold_loss":90,"cards_upgraded":["Strike_R"]},{"damage_healed":0,"gold_gain":0,"player_choice":"Ignored","damage_taken":0,"max_hp_gain":0,"max_hp_loss":0,"event_name":"Tomb of Lord Red Mask","floor":37,"gold_loss":0},{"damage_healed":0,"gold_gain":0,"player_choice":"Fight","damage_taken":0,"max_hp_gain":0,"max_hp_loss":0,"event_name":"Mysterious Sphere","floor":41,"gold_loss":0}],"is_beta":false,"boss_relics":[{"not_picked":["Astrolabe","REME_DuelDisc"],"picked":"Black Blood"},{"not_picked":["REME_LowDesire","Velvet Choker"],"picked":"Empty Cage"}],"items_purged_floors":[20,42],"is_endless":false,"potions_floor_spawned":[7,11,12,14,22,31,33,35,38,44,47],"ascension_level":0}}