{"host":"djoj10dqzzvtkauc","time":1612729348,"event":{"mods":["2.2 Compatiblity","BaseMod","Colored Map","DeckTracker","Highlight Path","Keyboard Shortcuts","Marisa£¨Ùöéë¡¡Øª×âÞÞ£©","Minty Spire (QoL Compilation)","Permanent Neow","Quick Restart","Random Character Button","StSLib","SuperFastMode","everything is the same but u backflip on backflip"],"gold_per_floor":[111,111,127,141,19,19,19,19,46,74,85,97,97,97],"floor_reached":13,"language":"KOR","playtime":415,"items_purged":[],"score":95,"play_id":"5c1e2b3e-574e-4bc6-9d80-08d1264f1bb9","local_time":"20210208052228","is_ascension_mode":false,"campfire_choices":[{"data":"UpSweep","floor":6.0,"key":"SMITH"},{"data":"FairyDestructionRay","floor":8.0,"key":"SMITH"}],"circlet_count":0,"master_deck":["Strike_MRS","Strike_MRS","Strike_MRS","Defend_MRS","Defend_MRS","Defend_MRS","Defend_MRS","MasterSpark","UpSweep+1","NonDirectionalLaser","FairyDestructionRay+1","SprinkleStarSeal","LuminesStrike","GrandCross","MilkyWay","UltimateShortwave","GravityBeat","PowerUp"],"relics":["MiniHakkero","NeowsBlessing","FaceOfCleric","Pen Nib","Ancient Tea Set"],"acts_visited":["Exordium"],"potions_floor_usage":[],"damage_taken":[{"damage":0.0,"enemies":"Small Slimes","floor":1.0,"turns":1.0},{"damage":0.0,"enemies":"Cultist","floor":3.0,"turns":1.0},{"damage":0.0,"enemies":"2 Louse","floor":4.0,"turns":1.0},{"damage":8.0,"enemies":"Gremlin Nob","floor":10.0,"turns":4.0},{"damage":5.0,"enemies":"Looter","floor":11.0,"turns":2.0},{"damage":0.0,"enemies":"Lots of Slimes","floor":12.0,"turns":2.0},{"damage":16.0,"enemies":"Lagavulin","floor":13.0,"turns":5.0}],"seed_played":"2611875802563797992","potions_obtained":[{"floor":1.0,"key":"Fire Potion"},{"floor":3.0,"key":"Explosive Potion"},{"floor":10.0,"key":"SpeedPotion"}],"is_trial":false,"path_per_floor":["M","?","M","M","$","R","?","R","T","E","M","M","E"],"character_chosen":"MARISA","items_purchased":["LuminesStrike","GrandCross","MilkyWay"],"campfire_rested":0,"item_purchase_floors":[5,5,5],"current_hp_per_floor":[75,75,76,77,77,77,77,77,77,70,66,67,52,52],"gold":97,"neow_bonus":"THREE_ENEMY_KILL","is_daily":false,"chose_seed":false,"campfire_upgraded":2,"win_rate":0.0,"timestamp":1612729348,"path_taken":["M","?","?","M","$","R","?","R","T","E","M","?","E"],"items_purchased_type":["Card","Card","Card"],"build_version":"2020-12-22","purchased_purges":0,"victory":false,"max_hp_per_floor":[75,75,76,77,77,77,77,77,77,78,79,80,81,81],"card_choices":[{"not_picked":["RefractionSpark","StarlightTyphoon"],"picked":"NonDirectionalLaser","floor":1.0},{"not_picked":["EventHorizon","6A"],"picked":"FairyDestructionRay","floor":3.0},{"not_picked":["IllusionStar","OrrerysSun"],"picked":"SprinkleStarSeal","floor":4.0},{"not_picked":["GrandCross","NonDirectionalLaser"],"picked":"UltimateShortwave","floor":10.0},{"not_picked":["AsteroidBelt","WitchOfGreed"],"picked":"GravityBeat","floor":11.0},{"not_picked":["ChargingUp","LuminesStrike"],"picked":"PowerUp","floor":12.0}],"player_experience":194394,"relics_obtained":[{"floor":9.0,"key":"Pen Nib"},{"floor":10.0,"key":"Ancient Tea Set"}],"event_choices":[{"damage_healed":0.0,"max_hp_gain":0.0,"max_hp_loss":0.0,"gold_gain":0.0,"event_name":"FaceTrader","player_choice":"Trade","floor":2.0,"gold_loss":0.0,"damage_taken":0.0,"relics_obtained":["FaceOfCleric"]},{"cards_removed":["Strike_MRS"],"damage_healed":0.0,"max_hp_gain":0.0,"max_hp_loss":0.0,"gold_gain":0.0,"event_name":"Bonfire Elementals","player_choice":"Offered Basic","floor":7.0,"gold_loss":0.0,"damage_taken":0.0}],"is_beta":false,"boss_relics":[],"items_purged_floors":[],"is_endless":false,"potions_floor_spawned":[1,3,10,12],"killed_by":"Lagavulin","ascension_level":0}}