{"host":"j019w4cyowrad0mf","time":1612660657,"event":{"mods":["2.2 Compatiblity","Act Like it!","BaseMod","CapriCore","Gensokyo","HololiveMod","Marisa????????","Minty Spire (QoL Compilation)","Reimu??????","StSLib","Waifu the Spire","WarShipGirlsR/????R mod"],"gold_per_floor":[79,9,9,40,65,111,129,174,174,216,316,326,326,26,26,147,147,166,166,166,166,9,48,48,62,132,132,0,26,52,83,83,180,180,204,204,57,57,101,162,162,202,202,102,174,209,52,83,83,83,83,83,35,70,70,70],"floor_reached":55,"language":"ENG","playtime":3468,"items_purged":["Hololive_RevenueRecovery","Parasite"],"score":1314,"play_id":"599de872-fa32-4dd7-a79e-626dd7bdbbdb","local_time":"20210206171737","is_ascension_mode":true,"campfire_choices":[{"data":"Hololive_CallShiranuiFlare","floor":15.0,"key":"SMITH"},{"data":"Hololive_CallAkiRosenthal","floor":24,"key":"SMITH"},{"data":"Hololive_CallTsunomakiWatame","floor":27,"key":"SMITH"},{"floor":32,"key":"RECALL"},{"data":"Hololive_CallManoAloe","floor":41,"key":"SMITH"},{"floor":49,"key":"DIG"},{"floor":52,"key":"DIG"}],"circlet_count":0,"master_deck":["Hololive_CallHoushouMarine","Hololive_CallUruhaRushia","Hololive_CallShiranuiFlare+1","Hololive_CallUsadaPekora","Hololive_StrengthChampion+1","Hololive_CallSakuraMiko+1","Hololive_CallAkaiHaato","Hololive_CallMinatoAqua","Hololive_Teleport+1","Hololive_CallYukihanaLamy","Hololive_HuntDinosaur+1","Hololive_OpenUp+1","Hololive_Psychosis+1","Hololive_CallTsunomakiWatame+1","Hololive_CallYuzukiChoco+1","Hololive_Spy+1","Hololive_CallAkiRosenthal+1","Hololive_Nanodesu+1","Hololive_CallManoAloe+1","Gensokyo:ShootingStar+1","Hololive_DurableLive+1","Hololive_CallManoAloe+1","Hololive_Nanodesu+1","Hololive_Yoholoon+1","Hololive_Yoholoon+1","Hololive_CallMomosuzuNene+4","Hololive_FlareMind+1","Hololive_Breathe+1","Hololive_HuntDinosaur+1","Hololive_DevilCharm+1","Hololive_HuntDinosaur+1","Hololive_OvertimeWork+1","Hololive_FlyingPonyTail+1"],"relics":["Hololive_TheStar","Oddly Smooth Stone","Bottled Tornado","Molten Egg 2","Toxic Egg 2","Orichalcum","Frozen Eye","TentaclePot:ReiMu","Cursed Key","Gensokyo:RedStar","Hololive_LightStick","Whetstone","War Paint","Astrolabe","Shovel","White Beast Statue","Anchor","Darkstone Periapt","FossilizedHelix","Toolbox","RuthlessExorcism:ReiMu","Bottled Lightning","Pocketwatch"],"acts_visited":["Exordium","Gensokyo:Gensokyo","Gensokyo:Gensokyoer","TheEnding"],"potions_floor_usage":[],"damage_taken":[{"damage":0.0,"enemies":"Gensokyo:Gryphon","floor":1.0,"turns":2.0},{"damage":0.0,"enemies":"Gensokyo:3_Fairies","floor":4.0,"turns":3.0},{"damage":0.0,"enemies":"Gensokyo:Python","floor":5.0,"turns":3.0},{"damage":0.0,"enemies":"Gensokyo:Mamizou","floor":6.0,"turns":5.0},{"damage":0.0,"enemies":"Gensokyo:Kitsune","floor":7.0,"turns":2.0},{"damage":0.0,"enemies":"Gensokyo:Aya","floor":8.0,"turns":2.0},{"damage":0.0,"enemies":"Gensokyo:Aya","floor":10.0,"turns":2.0},{"damage":0.0,"enemies":"Gensokyo:VengefulSpirit","floor":12.0,"turns":2.0},{"damage":0.0,"enemies":"Gensokyo:Kokoro","floor":16.0,"turns":4.0},{"damage":0.0,"enemies":"Gensokyo:CosmicMonolith","floor":18.0,"turns":1.0},{"damage":0,"enemies":"Gensokyo:Koishi","floor":23,"turns":3},{"damage":0,"enemies":"Gensokyo:3_Dogs","floor":25,"turns":3},{"damage":0,"enemies":"Gensokyo:Reisen","floor":29,"turns":4},{"damage":0,"enemies":"Gensokyo:Swordslinger","floor":30,"turns":2},{"damage":0,"enemies":"Gensokyo:Monolith_and_Dog","floor":31,"turns":3},{"damage":0,"enemies":"Gensokyo:Eiki","floor":33,"turns":4},{"damage":0,"enemies":"Gensokyo:AncientGuardian","floor":35,"turns":2},{"damage":0,"enemies":"Gensokyo:3_Boulders","floor":39,"turns":3},{"damage":0,"enemies":"Gensokyo:Kasen","floor":40,"turns":5},{"damage":0,"enemies":"Gensokyo:Marisa","floor":42,"turns":4},{"damage":0,"enemies":"Gensokyo:Doremy","floor":45,"turns":4},{"damage":0,"enemies":"Gensokyo:Sharpion","floor":46,"turns":4},{"damage":0,"enemies":"Gensokyo:Dusk_and_Dawn","floor":48,"turns":4},{"damage":0,"enemies":"Gensokyo:Shinki","floor":50,"turns":8},{"damage":0,"enemies":"Shield and Spear","floor":54,"turns":6},{"damage":31,"enemies":"The Heart","floor":55,"turns":3}],"seed_played":"-4361811206907292646","potions_obtained":[{"floor":1.0,"key":"Weak Potion"},{"floor":6.0,"key":"MagicPotion:ReiMu"},{"floor":7.0,"key":"Fire Potion"},{"floor":10.0,"key":"Energy Potion"},{"floor":16.0,"key":"MagicPotion:ReiMu"},{"floor":30,"key":"Energy Potion"}],"is_trial":false,"path_per_floor":["M","?","$","M","M","E","M","?","T","E","?","M","?","COS","R","B",null,"M","?","?","?","$","E","R","M","T","R","?","E","M","M","R","B",null,"M","?","$","?","M","E","R","E","T","$","E","M","COS","M","R","B",null,"R","$","E","B"],"character_chosen":"Hololive_HololiveCharacter","items_purchased":["Hololive_CallYuzukiChoco","Hololive_Spy+1","Hololive_Yoholoon+1","Hololive_OvertimeWork+1"],"campfire_rested":0,"item_purchase_floors":[22,22,37,53],"current_hp_per_floor":[35,35,35,35,35,35,35,35,35,35,35,35,21,21,21,21,35,35,35,35,33,33,33,33,33,33,33,33,33,33,33,33,33,33,33,20,20,20,20,20,20,20,20,20,20,20,20,20,20,20,30,30,30,30,0,0],"gold":70,"neow_bonus":"TRANSFORM_CARD","is_daily":false,"chose_seed":false,"campfire_upgraded":4,"win_rate":0.0,"timestamp":1612660657,"path_taken":["M","?","?","M","M","E","M","?","T","E","?","?","?","COS","R","BOSS","M","?","?","?","?","E","R","M","T","R","?","E","?","M","R","BOSS","M","?","$","?","?","E","R","E","T","$","E","M","COS","M","R","BOSS","R","$","E","BOSS"],"items_purchased_type":["Card","Card","Card","Card"],"build_version":"2020-12-22","purchased_purges":2,"victory":false,"max_hp_per_floor":[35,35,35,35,35,35,35,35,35,35,35,35,35,35,35,35,35,35,35,35,33,33,33,33,33,33,33,33,33,33,33,33,33,33,33,33,33,33,33,33,33,33,33,30,30,30,30,30,30,30,30,30,30,30,30,30],"card_choices":[{"not_picked":["Hololive_HuntDinosaur","Hololive_CallHoushouMarine","Hololive_Rebound"],"picked":"Hololive_CallSakuraMiko","floor":1.0},{"not_picked":["Hololive_OvertimeWork","Hololive_CallRoboco","Hololive_Sequa","Hololive_CallCivia"],"picked":"SKIP","floor":4.0},{"not_picked":["Hololive_RevenueBasedLive","Hololive_LuckPotion","Hololive_StrengthChampion"],"picked":"Hololive_CallAkaiHaato","floor":5.0},{"not_picked":["Hololive_StrengthChampion","Hololive_CocoNews","Hololive_ILoveYou"],"picked":"Hololive_CallMinatoAqua","floor":6.0},{"not_picked":["Hololive_Trident","Hololive_Recruit","Hololive_LuckPotion"],"picked":"Hololive_Teleport","floor":7.0},{"not_picked":["Hololive_RevenueBasedLive","Hololive_Rebound","Hololive_Trident+1"],"picked":"Hololive_CallYukihanaLamy","floor":8.0},{"not_picked":["Hololive_CocoNews+1","Hololive_Psychosis+1","Hololive_Breathe+1"],"picked":"Hololive_HuntDinosaur+1","floor":10.0},{"not_picked":["Hololive_CallUruhaRushia","Hololive_Trident+1","Hololive_LuckPotion+1"],"picked":"Hololive_Drill+1","floor":12.0},{"not_picked":["Hololive_FlareMind+1","Hololive_Thief+1","Hololive_DDD+1"],"picked":"Hololive_OpenUp+1","floor":16.0},{"not_picked":["Hololive_LuckPotion+1","Hololive_CallRosalyn","Hololive_HuntDinosaur+1"],"picked":"Hololive_Psychosis+1","floor":18.0},{"not_picked":["Hololive_OpenUp+1","Hololive_HuntDinosaur+1","Hololive_StrengthChampion+1"],"picked":"Hololive_CallAkiRosenthal","floor":23},{"not_picked":["Hololive_FlyingPonyTail+1","Hololive_HuntDinosaur+1","Hololive_Trident+1"],"picked":"Hololive_CallArtia","floor":25},{"not_picked":["Hololive_CallNekomataOkayu","Hololive_FlyingPonyTail+1","Hololive_Trident+1"],"picked":"Hololive_Nanodesu+1","floor":29},{"not_picked":["Hololive_RevenueBasedLive+1","Hololive_OvertimeWork+1","Hololive_LuckPotion+1"],"picked":"Hololive_CallManoAloe","floor":30},{"not_picked":["Hololive_Breathe+1","Hololive_Rebound+1","Hololive_Trident+1"],"picked":"Hololive_LuckPotion+1","floor":31},{"not_picked":[],"picked":"Gensokyo:ShootingStar","floor":33},{"not_picked":["Hololive_IdolExercise+1","Hololive_Thief+1","Hololive_WolfAndLamb+1"],"picked":"Hololive_DurableLive+1","floor":33},{"not_picked":["Hololive_RevenueBasedLive+1","Hololive_Rebound+1","Hololive_CocoNews+1"],"picked":"Hololive_Yoholoon+1","floor":35},{"not_picked":["Hololive_RevenueBasedLive+1","Hololive_CallKiryuuCoco","Hololive_Yoholoon+1"],"picked":"Hololive_CallMomosuzuNene+1","floor":39},{"not_picked":["Hololive_StrengthChampion+1","Hololive_Breathe+1","Hololive_Rebound+1"],"picked":"Hololive_FlareMind+1","floor":40},{"not_picked":["Hololive_Sequa+1","Hololive_ManjiGathering+1","Hololive_CallUruhaRushia+1"],"picked":"Hololive_Breathe+1","floor":42},{"not_picked":["Hololive_CallMomosuzuNene+1","Hololive_Rebound+1","Hololive_Trident+1"],"picked":"Hololive_HuntDinosaur+1","floor":45},{"not_picked":["Hololive_Trident+1","Hololive_SummonFox+1","Hololive_StrengthChampion+1"],"picked":"Hololive_DevilCharm+1","floor":46},{"not_picked":["Hololive_FlyingPonyTail+1","Hololive_CallKiryuuCoco","Hololive_Nanodesu+1"],"picked":"Hololive_HuntDinosaur+1","floor":48},{"not_picked":["Hololive_OvertimeWork+1","Hololive_Rebound+1","Hololive_CallYukihanaLamy"],"picked":"Hololive_FlyingPonyTail+1","floor":54}],"player_experience":359365,"relics_obtained":[{"floor":6.0,"key":"Bottled Tornado"},{"floor":8.0,"key":"Molten Egg 2"},{"floor":9.0,"key":"Toxic Egg 2"},{"floor":10.0,"key":"Orichalcum"},{"floor":23,"key":"Whetstone"},{"floor":29,"key":"War Paint"},{"floor":40,"key":"White Beast Statue"},{"floor":42,"key":"Anchor"},{"floor":43,"key":"Darkstone Periapt"},{"floor":45,"key":"FossilizedHelix"},{"floor":49,"key":"RuthlessExorcism:ReiMu"},{"floor":52,"key":"Bottled Lightning"},{"floor":54,"key":"Pocketwatch"}],"event_choices":[],"is_beta":false,"boss_relics":[{"not_picked":["Hololive_ChaosS","Runic Pyramid"],"picked":"Cursed Key"},{"not_picked":["Hololive_TopUpMoneyS","Sozu"],"picked":"Astrolabe"}],"items_purged_floors":[37,44],"is_endless":false,"potions_floor_spawned":[1,6,7,10,16,18,30,31,35,42,45,46,48,54],"killed_by":"The Heart","ascension_level":1}}