{"host":"72j3if4hls1tefkc","time":1612721795,"event":{"mods":["AchievementEnabler","Always Whale","Aspiration","BaseMod","Beaked The Cultist","Colored Map","Conspire","FetchMod","Halation","Hermit","Hubris","Infinite Spire","Minty Spire (QoL Compilation)","Reliquary","Replay The Spire","Shop Mod","StSLib","The Construct","The Cursed","The Jungle","The Marked","The Necromancer","The Poker Player"],"gold_per_floor":[116,116,6,6,25,25,57,67,67,67,67,67,97,116,116,219,219,238,152,188,200,216,247,247,266,266,266,266,266,266,283,283,378,378,391,391,403,422,441,441,441,89,113,126,126,144,16,26,26,26],"floor_reached":51,"language":"ENG","playtime":1975,"items_purged":["Strike_G","Strike_G","Strike_G","Strike_G"],"score":1296,"play_id":"6a541210-eeaf-4dfe-b221-324419d15f14","local_time":"20210207111635","is_ascension_mode":true,"campfire_choices":[{"floor":6,"key":"REST"},{"data":"Noxious Fumes","floor":11,"key":"SMITH"},{"data":"Noxious Fumes","floor":15,"key":"SMITH"},{"floor":24,"key":"REST"},{"data":"Bullet Time","floor":27,"key":"SMITH"},{"data":"Dodge and Roll","floor":27,"key":"SMITH"},{"data":"Acrobatics","floor":32,"key":"SMITH"},{"data":"Deflect","floor":32,"key":"SMITH"},{"data":"Survivor","floor":41,"key":"SMITH"},{"data":"Blur","floor":41,"key":"SMITH"},{"data":"Crippling Poison","floor":45,"key":"SMITH"},{"data":"Defend_G","floor":45,"key":"SMITH"},{"data":"Footwork","floor":49,"key":"SMITH"},{"data":"Defend_G","floor":49,"key":"SMITH"}],"circlet_count":0,"master_deck":["Defend_G","Defend_G","Defend_G","Defend_G+1","Defend_G+1","Survivor+1","Neutralize+1","Noxious Fumes+1","Acrobatics+1","ReplayTheSpireMod:Speed Training","Deadly Poison","Noxious Fumes+1","Bullet Time+1","Deadly Poison+1","Blur+1","Deflect+1","Dodge and Roll+1","Crippling Poison+1","Deflect+1","infinitespire:Neurotoxin+1","Dodge and Roll+1","Backflip+1","Backflip+1","Footwork+1","Blur+1"],"relics":["Ring of the Snake","Chameleon Ring","reliquary:KillPill","Smiling Mask","hubris:Towel","hubris:ScarierMask","Replay:Arrowhead","construct:FoamFinger","White Beast Statue","infinitespire:Cupcake","Oddly Smooth Stone","Frozen Eye","Orichalcum"],"acts_visited":["Exordium","theJungle:Jungle","TheBeyond"],"potions_floor_usage":[16,20,33,50,50],"damage_taken":[{"damage":0,"enemies":"2 Louse","floor":1,"turns":3},{"damage":0,"enemies":"Cultist","floor":5,"turns":5},{"damage":16,"enemies":"Lagavulin","floor":7,"turns":14},{"damage":1,"enemies":"Jaw Worm","floor":8,"turns":6},{"damage":3,"enemies":"Large Slime","floor":14,"turns":7},{"damage":0,"enemies":"The Guardian","floor":16,"turns":7},{"damage":12,"enemies":"Shell Parasite","floor":18,"turns":5},{"damage":22,"enemies":"conspire:MimicChest","floor":20,"turns":6},{"damage":9,"enemies":"theJungle:Flameango_and_Byrd","floor":21,"turns":5},{"damage":2,"enemies":"theJungle:JungleHuntersEncounter","floor":22,"turns":4},{"damage":0,"enemies":"theJungle:2_Phrogs","floor":23,"turns":4},{"damage":6,"enemies":"theJungle:Lyon","floor":25,"turns":4},{"damage":0,"enemies":"theJungle:2_Flameangoes","floor":31,"turns":5},{"damage":1,"enemies":"theJungle:QueenSpyder","floor":33,"turns":5},{"damage":6,"enemies":"Orb Walker","floor":35,"turns":5},{"damage":0,"enemies":"3 Darklings","floor":37,"turns":4},{"damage":0,"enemies":"Jaw Worm Horde","floor":38,"turns":4},{"damage":0,"enemies":"Sphere and 2 Shapes","floor":39,"turns":3},{"damage":0,"enemies":"4 Shapes","floor":44,"turns":5},{"damage":3,"enemies":"Transient","floor":46,"turns":5},{"damage":0,"enemies":"3 Darklings","floor":48,"turns":3},{"damage":3,"enemies":"Time Eater","floor":50,"turns":9}],"seed_played":"8695638136891275441","potions_obtained":[{"floor":8,"key":"LifebloodPotion"},{"floor":16,"key":"LifebloodPotion"},{"floor":18,"key":"CunningPotion"},{"floor":20,"key":"Toxic Potion"},{"floor":22,"key":"DistilledChaos"},{"floor":33,"key":"FairyPotion"}],"is_trial":false,"path_per_floor":["M","?","$","?","M","R","E","M","T","?","R","?","?","M","R","B",null,"M","$","?","M","M","E","R","M","T","R","?","?","?","M","R","B",null,"M","?","M","M","M","?","R","$","T","M","R","M","$","M","R","B",null],"character_chosen":"THE_SILENT","items_purchased":["Noxious Fumes","Deadly Poison+1","Oddly Smooth Stone","Frozen Eye","Footwork"],"campfire_rested":2,"item_purchase_floors":[3,19,42,42,47],"current_hp_per_floor":[63,38,38,38,38,59,43,42,42,35,35,35,35,32,32,32,61,49,49,27,18,16,16,37,31,31,31,33,33,33,33,33,32,61,55,55,55,55,55,55,55,55,55,55,55,52,52,52,52,49],"gold":26,"neow_bonus":"UPGRADE_CARD","is_daily":false,"chose_seed":false,"campfire_upgraded":12,"win_rate":0.0,"timestamp":1612721795,"path_taken":["M","?","$","?","?","R","E","M","T","?","R","?","?","M","R","BOSS","M","$","?","M","M","E","R","M","T","R","?","?","?","M","R","BOSS","M","?","?","M","M","?","R","$","T","?","R","M","$","?","R","BOSS"],"items_purchased_type":["Card","Card","Relic","Relic","Card"],"build_version":"2020-12-22","purchased_purges":4,"victory":true,"max_hp_per_floor":[70,70,70,70,70,70,70,70,70,70,70,70,70,70,70,70,70,70,70,70,70,70,70,70,70,70,70,70,70,70,70,70,70,70,70,70,70,70,70,70,70,70,70,70,70,70,70,70,70,70],"card_choices":[{"not_picked":["Hidden Blade","Deadly Poison","Eviscerate"],"picked":"SKIP","floor":1},{"not_picked":["Poisoned Stab","Dodge and Roll"],"picked":"ReplayTheSpireMod:Speed Training","floor":5},{"not_picked":["Reflex","Choke","Acrobatics"],"picked":"SKIP","floor":7},{"not_picked":["Dash","Hidden Blade"],"picked":"Deadly Poison","floor":8},{"not_picked":["Flechettes","Die Die Die"],"picked":"Noxious Fumes","floor":14},{"not_picked":["Night Terror","Poison Darts"],"picked":"Bullet Time","floor":16},{"not_picked":["Setup","ReplayTheSpireMod:The Works","Poisoned Stab+1"],"picked":"SKIP","floor":18},{"not_picked":["Cloak And Dagger+1","Terror"],"picked":"Blur","floor":20},{"not_picked":["Dagger Throw","Slice+1","Draining Mist+1"],"picked":"SKIP","floor":21},{"not_picked":["Poisoned Stab","Bane"],"picked":"Deflect","floor":22},{"not_picked":["Grand Finale","Sneak Up"],"picked":"Dodge and Roll","floor":23},{"not_picked":["Dagger Throw+1","Outmaneuver"],"picked":"Crippling Poison","floor":25},{"not_picked":["Flechettes","Outmaneuver"],"picked":"Deflect","floor":31},{"not_picked":["Poison Darts","Adrenaline"],"picked":"infinitespire:Neurotoxin","floor":33},{"not_picked":["Poisoned Stab+1","Concentrate+1","Bane+1"],"picked":"SKIP","floor":35},{"not_picked":["Well Laid Plans","All Out Attack"],"picked":"Backflip+1","floor":37},{"not_picked":["Outmaneuver+1","Infinite Blades","Underhanded Strike+1"],"picked":"SKIP","floor":38},{"not_picked":["Acrobatics+1","Blade Dance"],"picked":"Backflip+1","floor":39},{"not_picked":["Prepared","Dagger Spray","Outmaneuver+1"],"picked":"SKIP","floor":44},{"not_picked":["Quick Slash","Replay:Poison Smokescreen","Bane"],"picked":"SKIP","floor":46},{"not_picked":["Eviscerate","Accuracy"],"picked":"Blur+1","floor":48}],"player_experience":395888,"relics_obtained":[{"floor":7,"key":"reliquary:KillPill"},{"floor":9,"key":"Smiling Mask"},{"floor":20,"key":"Replay:Arrowhead"},{"floor":23,"key":"construct:FoamFinger"},{"floor":26,"key":"White Beast Statue"},{"floor":43,"key":"Orichalcum"}],"event_choices":[{"damage_healed":0,"gold_gain":0,"player_choice":"Success","damage_taken":25,"relics_obtained":["Chameleon Ring"],"max_hp_gain":0,"max_hp_loss":0,"event_name":"Scrap Ooze","floor":2,"gold_loss":0},{"damage_healed":0,"gold_gain":0,"player_choice":"1 cards matched","damage_taken":0,"max_hp_gain":0,"max_hp_loss":0,"event_name":"Match and Keep!","floor":4,"gold_loss":0,"cards_obtained":["Acrobatics"]},{"cards_removed":["Strike_G"],"damage_healed":0,"gold_gain":0,"player_choice":"Card Removal","damage_taken":7,"max_hp_gain":0,"max_hp_loss":0,"event_name":"Golden Wing","floor":10,"gold_loss":0},{"damage_healed":0,"gold_gain":30,"player_choice":"Searched \u00271\u0027 times","damage_taken":0,"max_hp_gain":0,"max_hp_loss":0,"event_name":"Dead Adventurer","floor":13,"gold_loss":0},{"damage_healed":0,"gold_gain":0,"player_choice":"Upgraded","damage_taken":0,"max_hp_gain":0,"max_hp_loss":0,"event_name":"Upgrade Shrine","floor":30,"gold_loss":0,"cards_upgraded":["Deflect"]},{"damage_healed":0,"gold_gain":0,"player_choice":"Copied","damage_taken":0,"max_hp_gain":0,"max_hp_loss":0,"event_name":"Duplicator","floor":36,"gold_loss":0,"cards_obtained":["Dodge and Roll"]},{"damage_healed":0,"gold_gain":0,"player_choice":"Upgraded","damage_taken":0,"max_hp_gain":0,"max_hp_loss":0,"event_name":"Upgrade Shrine","floor":40,"gold_loss":0,"cards_upgraded":["infinitespire:Neurotoxin"]}],"is_beta":false,"boss_relics":[{"not_picked":["conspire:SlowCooker","reliquary:RedPaperclip"],"picked":"hubris:ScarierMask"},{"not_picked":["Replay:Ancient Bell","aspiration:PoetsPen_weak"],"picked":"infinitespire:Cupcake"}],"items_purged_floors":[3,19,42,47],"is_endless":false,"potions_floor_spawned":[8,16,18,20,22,31,33,35,37,38,39,44,46,48],"ascension_level":9}}