{"host":"lly094a91h6n5nv5","time":1612659630,"event":{"mods":["AchievementEnabler","BaseMod","Block Reminder","Colored Map","Minty Spire (QoL Compilation)"],"gold_per_floor":[116,130,16,35,54,54,88,102,102,102,119,119,7,7,7,104,104,117,17,31,31,49,49,49,49],"floor_reached":24,"language":"ENG","playtime":2519,"items_purged":["Strike_B","Strike_B"],"score":267,"play_id":"d7132785-8d70-4bbd-85a3-8a1c3cfe9f28","local_time":"20210206190030","is_ascension_mode":true,"campfire_choices":[{"data":"Redo","floor":6,"key":"SMITH"},{"data":"Defragment","floor":10,"key":"SMITH"},{"data":"Redo","floor":12,"key":"SMITH"},{"data":"Defragment","floor":15,"key":"SMITH"},{"data":"Capacitor","floor":23,"key":"SMITH"}],"circlet_count":0,"master_deck":["Strike_B","Strike_B","Defend_B","Defend_B","Defend_B","Defend_B","Zap","Dualcast","Redo+1","Self Repair","Capacitor+1","Redo+1","Coolheaded","Reinforced Body","Cold Snap","Defragment+1","Conserve Battery","Defragment+1","All For One","Conserve Battery+1"],"relics":["Cracked Core","Kunai","Bottled Lightning","Busted Crown"],"acts_visited":["Exordium","TheCity"],"potions_floor_usage":[16,24,24,24],"damage_taken":[{"damage":1,"enemies":"2 Louse","floor":1,"turns":2},{"damage":1,"enemies":"Cultist","floor":2,"turns":3},{"damage":13,"enemies":"Jaw Worm","floor":4,"turns":4},{"damage":8,"enemies":"2 Fungi Beasts","floor":5,"turns":5},{"damage":25,"enemies":"Lagavulin","floor":7,"turns":10},{"damage":15,"enemies":"Large Slime","floor":8,"turns":7},{"damage":4,"enemies":"Blue Slaver","floor":11,"turns":4},{"damage":14,"enemies":"Slime Boss","floor":16,"turns":9},{"damage":0,"enemies":"Chosen","floor":18,"turns":6},{"damage":10,"enemies":"3 Byrds","floor":20,"turns":7},{"damage":0,"enemies":"Snecko","floor":22,"turns":6},{"damage":111,"enemies":"Slavers","floor":24,"turns":10}],"seed_played":"4212984412210552730","potions_obtained":[{"floor":5,"key":"Swift Potion"},{"floor":7,"key":"EssenceOfSteel"},{"floor":14,"key":"Swift Potion"},{"floor":16,"key":"Regen Potion"}],"is_trial":false,"path_per_floor":["M","M","$","M","M","R","E","M","T","R","M","R","$","?","R","B",null,"M","$","M","$","M","R","E"],"character_chosen":"DEFECT","items_purchased":["Capacitor","Redo","Defragment"],"campfire_rested":0,"item_purchase_floors":[3,3,13],"current_hp_per_floor":[74,73,73,67,66,66,48,40,40,40,43,43,43,43,43,36,71,78,78,75,75,82,82,0,0],"gold":49,"neow_bonus":"TEN_PERCENT_HP_BONUS","is_daily":false,"chose_seed":false,"campfire_upgraded":5,"win_rate":0.0,"timestamp":1612659630,"path_taken":["M","M","$","M","M","R","E","M","T","R","M","R","$","?","R","BOSS","M","$","?","?","M","R","E"],"items_purchased_type":["Card","Card","Card"],"build_version":"2020-12-22","purchased_purges":2,"victory":false,"max_hp_per_floor":[82,82,82,82,82,82,82,82,82,82,82,82,82,82,82,82,82,82,82,82,82,82,82,82,82],"card_choices":[{"not_picked":["Recycle","Beam Cell"],"picked":"Redo","floor":1},{"not_picked":["Ball Lightning","BootSequence"],"picked":"Self Repair","floor":2},{"not_picked":["Go for the Eyes","Auto Shields"],"picked":"Coolheaded","floor":4},{"not_picked":["Steam","Hologram"],"picked":"Reinforced Body","floor":5},{"not_picked":["Static Discharge","Compile Driver"],"picked":"Cold Snap","floor":7},{"not_picked":["Steam Power","Stack"],"picked":"Defragment","floor":8},{"not_picked":["Scrape","Self Repair"],"picked":"Conserve Battery","floor":11},{"not_picked":["Amplify","Multi-Cast"],"picked":"All For One","floor":16},{"not_picked":["White Noise"],"picked":"SKIP","floor":18},{"not_picked":[],"picked":"Conserve Battery+1","floor":20},{"not_picked":["Beam Cell"],"picked":"SKIP","floor":22}],"player_experience":174353,"relics_obtained":[{"floor":7,"key":"Kunai"},{"floor":9,"key":"Bottled Lightning"}],"event_choices":[{"damage_healed":0,"gold_gain":0,"player_choice":"Got Potions","damage_taken":0,"max_hp_gain":0,"max_hp_loss":0,"event_name":"Lab","floor":14,"gold_loss":0}],"is_beta":false,"boss_relics":[{"not_picked":["Empty Cage","Black Star"],"picked":"Busted Crown"}],"items_purged_floors":[13,19],"is_endless":false,"potions_floor_spawned":[5,7,16],"killed_by":"Slavers","ascension_level":7}}