{"host":"at5b10nm0iti0w4x","time":1612658943,"event":{"mods":["AchievementEnabler","BaseMod","Bestiary","Block Reminder","Colored Map","Colored Powertips","Highlight Path","Keyboard Shortcuts","Minty Spire (QoL Compilation)","Relic Stats","StSLib","SuperFastMode"],"gold_per_floor":[117,94,7,18,37,68,68,68,68,68,87,99,131,145,145,245,245,264,283,283,295,306,306,306,306],"floor_reached":24,"language":"ENG","playtime":843,"items_purged":[],"score":210,"play_id":"ecd0295c-116a-47ad-87ae-e29dd84a7b8c","local_time":"20210206194903","is_ascension_mode":false,"campfire_choices":[{"data":"Sunder","floor":7,"key":"SMITH"},{"floor":10,"key":"REST"},{"data":"Streamline","floor":15,"key":"SMITH"},{"floor":23,"key":"REST"}],"circlet_count":0,"master_deck":["Strike_B","Strike_B","Strike_B","Strike_B","Defend_B","Defend_B","Defend_B","Defend_B","Zap","Dualcast","Sunder+1","Redo","Cold Snap","Beam Cell","Streamline+1","Self Repair","Leap","Capacitor","Seek","Chaos+1","Barrage","Core Surge","Steam+1"],"relics":["Cracked Core","WingedGreaves","Sundial","Oddly Smooth Stone","Letter Opener","Tiny Chest","Cursed Key"],"acts_visited":["Exordium","TheCity"],"potions_floor_usage":[6,16,16,22],"damage_taken":[{"damage":5,"enemies":"2 Louse","floor":1,"turns":3},{"damage":0,"enemies":"Cultist","floor":4,"turns":3},{"damage":6,"enemies":"Small Slimes","floor":5,"turns":2},{"damage":9,"enemies":"3 Sentries","floor":6,"turns":3},{"damage":0,"enemies":"Red Slaver","floor":11,"turns":3},{"damage":0,"enemies":"3 Louse","floor":12,"turns":2},{"damage":24,"enemies":"Lagavulin","floor":13,"turns":5},{"damage":4,"enemies":"Looter","floor":14,"turns":3},{"damage":35,"enemies":"Hexaghost","floor":16,"turns":11},{"damage":14,"enemies":"Spheric Guardian","floor":18,"turns":4},{"damage":27,"enemies":"3 Byrds","floor":19,"turns":4},{"damage":20,"enemies":"Centurion and Healer","floor":21,"turns":5},{"damage":27,"enemies":"Snake Plant","floor":22,"turns":5},{"damage":39,"enemies":"Gremlin Leader","floor":24,"turns":5}],"seed_played":"6009673125747404835","potions_obtained":[{"floor":4,"key":"Swift Potion"},{"floor":5,"key":"AttackPotion"},{"floor":11,"key":"ColorlessPotion"},{"floor":13,"key":"Swift Potion"},{"floor":21,"key":"FearPotion"}],"is_trial":false,"path_per_floor":["M","$","?","M","M","E","R","?","T","R","M","M","E","M","R","B",null,"M","M","?","M","M","R","E"],"character_chosen":"DEFECT","items_purchased":["Redo"],"campfire_rested":2,"item_purchase_floors":[2],"current_hp_per_floor":[49,49,49,49,43,34,34,27,27,49,49,56,39,42,42,14,75,68,48,48,35,15,37,0,0],"gold":306,"neow_bonus":"ONE_RARE_RELIC","is_daily":false,"chose_seed":false,"campfire_upgraded":2,"win_rate":0.0,"timestamp":1612658943,"path_taken":["M","$","?","?","M","E","R","?","T","R","M","M","E","?","R","BOSS","M","M","?","M","?","R","E"],"items_purchased_type":["Card"],"build_version":"2020-12-22","purchased_purges":0,"victory":false,"max_hp_per_floor":[75,75,75,75,75,75,75,75,75,75,75,75,75,75,75,75,75,75,75,75,75,75,75,75,75],"relic_stats":{"counters":[14,58],"Sundial":[6],"Tiny Chest":0,"Letter Opener":[67],"Cursed Key":0,"obtain_stats":[{"Sundial":3,"Oddly Smooth Stone":6,"Tiny Chest":13,"WingedGreaves":0,"Letter Opener":9,"Cracked Core":0,"Cursed Key":17},{"Sundial":1,"Oddly Smooth Stone":4,"Tiny Chest":7,"WingedGreaves":0,"Letter Opener":4,"Cracked Core":0,"Cursed Key":9},{"Sundial":3,"Oddly Smooth Stone":11,"Tiny Chest":21,"WingedGreaves":0,"Letter Opener":11,"Cracked Core":0,"Cursed Key":35}]},"card_choices":[{"not_picked":["Hologram","Compile Driver"],"picked":"Sunder","floor":1},{"not_picked":["Tempest","Hologram"],"picked":"Cold Snap","floor":4},{"not_picked":["Streamline","Sweeping Beam"],"picked":"Beam Cell","floor":5},{"not_picked":["Scrape","Turbo"],"picked":"Streamline","floor":6},{"not_picked":["Cold Snap","Barrage"],"picked":"Self Repair","floor":11},{"not_picked":["Cold Snap","Blizzard"],"picked":"Leap","floor":12},{"not_picked":["Scrape","Amplify","Compile Driver"],"picked":"SKIP","floor":13},{"not_picked":["Rebound","Doom and Gloom"],"picked":"Capacitor","floor":14},{"not_picked":["Fission","Biased Cognition"],"picked":"Seek","floor":16},{"not_picked":["Rebound","Streamline"],"picked":"Chaos","floor":18},{"not_picked":["Streamline","Tempest"],"picked":"Barrage","floor":19},{"not_picked":["Streamline","Loop"],"picked":"Core Surge","floor":21},{"not_picked":["Stack","Sweeping Beam"],"picked":"Steam+1","floor":22}],"player_experience":63726,"relics_obtained":[{"floor":6,"key":"Oddly Smooth Stone"},{"floor":9,"key":"Letter Opener"},{"floor":13,"key":"Tiny Chest"}],"event_choices":[{"damage_healed":0,"gold_gain":0,"player_choice":"Paid Gold","damage_taken":0,"relics_obtained":["Sundial"],"max_hp_gain":0,"max_hp_loss":0,"event_name":"WeMeetAgain","floor":3,"gold_loss":87},{"damage_healed":0,"gold_gain":0,"player_choice":"Damaged","damage_taken":7,"max_hp_gain":0,"max_hp_loss":0,"event_name":"Wheel of Change","floor":8,"gold_loss":0},{"damage_healed":0,"gold_gain":0,"player_choice":"Upgraded","damage_taken":0,"max_hp_gain":0,"max_hp_loss":0,"event_name":"Upgrade Shrine","floor":20,"gold_loss":0,"cards_upgraded":["Chaos"]}],"is_beta":false,"boss_relics":[{"not_picked":["Pandora\u0027s Box","SacredBark"],"picked":"Cursed Key"}],"items_purged_floors":[],"is_endless":false,"potions_floor_spawned":[4,5,11,13,21],"killed_by":"Gremlin Leader","ascension_level":0}}