{"host":"mqhvlr3kpxebko0t","time":1612685601,"event":{"mods":["AchievementEnabler","BaseMod","Colored Map","Colored Powertips","KOR Keyword Fix","Keyboard Shortcuts","Minty Spire (QoL Compilation)","StSLib","SuperFastMode"],"gold_per_floor":[116,116,127,127,127,161,161,181,181,181,51,51,67,80,80,173,173,197,221,221,136,160,160,183,201,201,201,121,134,134,178,178,178,178],"floor_reached":33,"language":"KOR","playtime":601,"items_purged":["Strike_P","Defend_P"],"score":584,"play_id":"9e76af3e-d44d-4e0b-ab6b-8cf015773c50","local_time":"20210207171321","is_ascension_mode":true,"campfire_choices":[{"data":"Eruption","floor":7.0,"key":"SMITH"},{"data":"Adaptation","floor":12.0,"key":"SMITH"},{"data":"MentalFortress","floor":15.0,"key":"SMITH"},{"floor":23.0,"key":"REST"},{"floor":30,"key":"REST"},{"floor":32,"key":"REST"}],"circlet_count":0,"master_deck":["AscendersBane","Strike_P","Strike_P","Strike_P+1","Defend_P","Defend_P","Eruption+1","Vigilance+1","EmptyFist","SandsOfTime","FlurryOfBlows","Adaptation+1","MentalFortress+1"],"relics":["PureWater","NeowsBlessing","InkBottle","The Courier","Golden Idol","Cursed Key","Regal Pillow","Pocketwatch"],"acts_visited":["Exordium","TheCity"],"potions_floor_usage":[31,31,33],"damage_taken":[{"damage":0.0,"enemies":"Jaw Worm","floor":1.0,"turns":1.0},{"damage":0.0,"enemies":"2 Louse","floor":3.0,"turns":2.0},{"damage":0.0,"enemies":"Lagavulin","floor":6.0,"turns":1.0},{"damage":3.0,"enemies":"Small Slimes","floor":8.0,"turns":2.0},{"damage":9.0,"enemies":"3 Louse","floor":13.0,"turns":4.0},{"damage":8.0,"enemies":"Looter","floor":14.0,"turns":3.0},{"damage":15.0,"enemies":"Slime Boss","floor":16.0,"turns":6.0},{"damage":29.0,"enemies":"3 Byrds","floor":18.0,"turns":5.0},{"damage":0.0,"enemies":"Chosen","floor":19.0,"turns":3.0},{"damage":14.0,"enemies":"Snake Plant","floor":22.0,"turns":3.0},{"damage":2.0,"enemies":"Cultist and Chosen","floor":24.0,"turns":4.0},{"damage":5.0,"enemies":"Centurion and Healer","floor":25.0,"turns":6.0},{"damage":2,"enemies":"Chosen and Byrds","floor":29,"turns":4},{"damage":44,"enemies":"Gremlin Leader","floor":31,"turns":6},{"damage":63,"enemies":"Champ","floor":33,"turns":10}],"seed_played":"-4042542061260389725","potions_obtained":[{"floor":6.0,"key":"BlessingOfTheForge"},{"floor":14.0,"key":"FearPotion"},{"floor":31,"key":"Fire Potion"}],"is_trial":false,"path_per_floor":["M","?","M","?","?","E","R","M","T","?","$","R","M","M","R","B",null,"M","M","?","?","M","R","M","M","T","?","$","M","R","E","R","B"],"character_chosen":"WATCHER","items_purchased":["MentalFortress"],"campfire_rested":3,"item_purchase_floors":[11],"current_hp_per_floor":[61,66,66,59,37,37,37,34,34,34,34,34,25,17,17,2,50,21,21,21,21,7,41,39,34,34,28,28,26,60,16,50,0,0],"gold":178,"neow_bonus":"THREE_ENEMY_KILL","is_daily":false,"chose_seed":false,"campfire_upgraded":3,"win_rate":0.0,"timestamp":1612685601,"path_taken":["M","?","M","?","?","E","R","M","T","?","$","R","M","M","R","BOSS","M","M","?","?","M","R","M","M","T","?","$","?","R","E","R","BOSS"],"items_purchased_type":["Card"],"build_version":"2020-12-22","purchased_purges":2,"victory":false,"max_hp_per_floor":[68,73,73,73,73,73,73,73,73,66,66,66,66,66,66,66,66,66,66,66,66,66,66,66,66,66,66,66,66,66,66,66,66,66],"card_choices":[{"not_picked":["Evaluate","Prostrate"],"picked":"EmptyFist","floor":1.0},{"not_picked":["Prostrate","SandsOfTime","DeceiveReality"],"picked":"SKIP","floor":3.0},{"not_picked":["Prostrate","DeceiveReality"],"picked":"SandsOfTime","floor":3.0},{"not_picked":["Prostrate","Protect"],"picked":"FlurryOfBlows","floor":6.0},{"not_picked":["FlyingSleeves","ClearTheMind"],"picked":"Adaptation","floor":8.0},{"not_picked":["Evaluate","CutThroughFate","EmptyFist"],"picked":"SKIP","floor":13.0},{"not_picked":["SashWhip","WindmillStrike","FlyingSleeves"],"picked":"SKIP","floor":14.0},{"not_picked":["FlurryOfBlows","SashWhip","ThirdEye"],"picked":"SKIP","floor":18.0},{"not_picked":["Protect","Crescendo+1","FlyingSleeves+1"],"picked":"SKIP","floor":19.0},{"not_picked":["PathToVictory","MentalFortress","ClearTheMind"],"picked":"SKIP","floor":22.0},{"not_picked":["Halt","PathToVictory","FlyingSleeves+1"],"picked":"SKIP","floor":24.0},{"not_picked":["LikeWater","Weave","MentalFortress"],"picked":"SKIP","floor":25.0},{"not_picked":["BowlingBash","Perseverance","CarveReality"],"picked":"SKIP","floor":29},{"not_picked":["LikeWater","Judgement","Protect+1"],"picked":"SKIP","floor":31}],"player_experience":693152,"relics_obtained":[{"floor":6.0,"key":"InkBottle"},{"floor":9.0,"key":"The Courier"},{"floor":31,"key":"Pocketwatch"}],"event_choices":[{"damage_healed":0.0,"max_hp_gain":5.0,"max_hp_loss":0.0,"gold_gain":0.0,"event_name":"Big Fish","player_choice":"Donut","floor":2.0,"gold_loss":0.0,"damage_taken":0.0},{"cards_removed":["Defend_P"],"damage_healed":0.0,"max_hp_gain":0.0,"max_hp_loss":0.0,"gold_gain":0.0,"event_name":"Golden Wing","player_choice":"Card Removal","floor":4.0,"gold_loss":0.0,"damage_taken":7.0},{"damage_healed":0.0,"max_hp_gain":0.0,"max_hp_loss":0.0,"gold_gain":0.0,"event_name":"Shining Light","player_choice":"Entered Light","floor":5.0,"gold_loss":0.0,"damage_taken":22.0,"cards_upgraded":["Strike_P","Vigilance"]},{"damage_healed":0.0,"max_hp_gain":0.0,"max_hp_loss":7.0,"gold_gain":0.0,"event_name":"Golden Idol","player_choice":"Lose Max HP","floor":10.0,"gold_loss":0.0,"damage_taken":0.0,"relics_obtained":["Golden Idol"]},{"damage_healed":0.0,"max_hp_gain":0.0,"max_hp_loss":0.0,"gold_gain":0.0,"event_name":"Ghosts","player_choice":"Ignored","floor":20.0,"gold_loss":0.0,"damage_taken":0.0},{"damage_healed":0.0,"max_hp_gain":0.0,"max_hp_loss":0.0,"gold_gain":0.0,"event_name":"Addict","player_choice":"Obtained Relic","floor":21.0,"gold_loss":85.0,"damage_taken":0.0,"relics_obtained":["Regal Pillow"]},{"damage_healed":0,"gold_gain":0,"player_choice":"","damage_taken":6,"max_hp_gain":0,"max_hp_loss":0,"event_name":"Knowing Skull","floor":27,"potions_obtained":[],"gold_loss":0,"cards_obtained":[]}],"is_beta":false,"boss_relics":[{"not_picked":["Runic Dome","SlaversCollar"],"picked":"Cursed Key"}],"items_purged_floors":[11,28],"is_endless":false,"potions_floor_spawned":[6,14,19,24,29,31],"killed_by":"Champ","ascension_level":20}}