{"host":"982whgfapomb3lkp","time":1612667138,"event":{"mods":["AchievementEnabler","BaseMod","Colored Map","Minty Spire (QoL Compilation)","Relic Stats","ojb\u0027s Info Mod"],"gold_per_floor":[119,131,141,153,153,153,183,183,183,216,233,251,251,251,251,346,346,358,34,49,49,68,68,68],"floor_reached":23,"language":"ENG","playtime":2279,"items_purged":["Flechettes"],"score":244,"play_id":"adbbb39d-7251-4a6d-9d02-2e71a399e170","local_time":"20210206220538","is_ascension_mode":true,"campfire_choices":[{"floor":6,"key":"REST"},{"data":"Dagger Throw","floor":8,"key":"SMITH"},{"data":"After Image","floor":13,"key":"SMITH"},{"floor":15,"key":"REST"}],"circlet_count":0,"master_deck":["Survivor+1","Neutralize","CurseOfTheBell","Dagger Throw","Dagger Spray+1","Underhanded Strike","Bouncing Flask","Dagger Throw+1","After Image+1","Deadly Poison","Well Laid Plans","Envenom","Deadly Poison","Wraith Form v2","Bane","Terror","Dagger Spray","Concentrate","Noxious Fumes","Glass Knife","Flying Knee","Dodge and Roll","Noxious Fumes","Acrobatics+1"],"relics":["Calling Bell","Snake Skull","Meat on the Bone","Tough Bandages","Happy Flower","Orichalcum","Question Card","Pandora\u0027s Box","Shuriken"],"acts_visited":["Exordium","TheCity"],"potions_floor_usage":[7,16,22,23],"damage_taken":[{"damage":20,"enemies":"Jaw Worm","floor":1,"turns":5},{"damage":0,"enemies":"2 Louse","floor":2,"turns":3},{"damage":1,"enemies":"Cultist","floor":3,"turns":4},{"damage":6,"enemies":"Looter","floor":4,"turns":3},{"damage":29,"enemies":"3 Sentries","floor":7,"turns":11},{"damage":14,"enemies":"Lagavulin","floor":10,"turns":5},{"damage":15,"enemies":"Large Slime","floor":11,"turns":4},{"damage":0,"enemies":"Blue Slaver","floor":12,"turns":3},{"damage":43,"enemies":"The Guardian","floor":16,"turns":7},{"damage":10,"enemies":"Chosen","floor":18,"turns":3},{"damage":30,"enemies":"Shell Parasite","floor":20,"turns":5},{"damage":23,"enemies":"Cultist and Chosen","floor":22,"turns":6},{"damage":44,"enemies":"Gremlin Leader","floor":23,"turns":5}],"seed_played":"-4981605712927851529","potions_obtained":[{"floor":1,"key":"LiquidMemories"},{"floor":3,"key":"Regen Potion"},{"floor":11,"key":"SneckoOil"},{"floor":16,"key":"FearPotion"},{"floor":20,"key":"DuplicationPotion"}],"is_trial":false,"path_per_floor":["M","M","M","M","?","R","E","R","T","E","M","M","R","?","R","B",null,"M","$","M","?","M","E"],"character_chosen":"THE_SILENT","items_purchased":["Shuriken"],"campfire_rested":2,"item_purchase_floors":[19],"current_hp_per_floor":[50,50,49,43,43,64,50,50,50,36,33,45,45,31,52,21,70,60,60,42,42,31,0,0],"gold":68,"neow_bonus":"BOSS_RELIC","is_daily":false,"chose_seed":false,"campfire_upgraded":2,"win_rate":0.0,"timestamp":1612667138,"path_taken":["M","M","M","M","?","R","E","R","T","E","M","M","R","?","R","BOSS","M","$","M","?","M","E"],"items_purchased_type":["Relic"],"build_version":"2020-12-22","purchased_purges":1,"victory":false,"max_hp_per_floor":[70,70,70,70,70,70,70,70,70,70,70,70,70,70,70,70,70,70,70,70,70,70,70,70],"relic_stats":{"Tough Bandages":[111],"Happy Flower":[12],"counters":[13,64],"Shuriken":[2],"Pandora\u0027s Box":["Deadly Poison","Wraith Form v2","Bane","Terror","Dagger Spray","Concentrate","Flechettes","Noxious Fumes","Glass Knife"],"Snake Skull":[63],"Orichalcum":[12],"Question Card":6,"obtain_stats":[{"Calling Bell":0,"Tough Bandages":0,"Happy Flower":7,"Shuriken":19,"Pandora\u0027s Box":17,"Snake Skull":0,"Orichalcum":9,"Question Card":10,"Ring of the Snake":0,"Meat on the Bone":0},{"Calling Bell":0,"Tough Bandages":0,"Happy Flower":5,"Shuriken":10,"Pandora\u0027s Box":9,"Snake Skull":0,"Orichalcum":5,"Question Card":6,"Ring of the Snake":0,"Meat on the Bone":0},{"Calling Bell":0,"Tough Bandages":0,"Happy Flower":26,"Shuriken":48,"Pandora\u0027s Box":45,"Snake Skull":0,"Orichalcum":26,"Question Card":31,"Ring of the Snake":0,"Meat on the Bone":0}],"Meat on the Bone":60},"card_choices":[{"not_picked":["Backflip","Distraction"],"picked":"Dagger Throw","floor":1},{"not_picked":["Skewer","Dodge and Roll"],"picked":"Dagger Spray","floor":2},{"not_picked":["Caltrops","Escape Plan"],"picked":"Underhanded Strike","floor":3},{"not_picked":["Finisher","Outmaneuver"],"picked":"Bouncing Flask","floor":4},{"not_picked":["Dagger Spray","Terror"],"picked":"Dagger Throw","floor":7},{"not_picked":["Grand Finale","Terror"],"picked":"After Image","floor":10},{"not_picked":["Flying Knee","Backflip","Envenom"],"picked":"Deadly Poison","floor":11},{"not_picked":["Underhanded Strike","All Out Attack","Slice"],"picked":"Well Laid Plans","floor":12},{"not_picked":["Unload","Malaise","A Thousand Cuts"],"picked":"Envenom","floor":16},{"not_picked":["Predator+1","Skewer+1","Sucker Punch"],"picked":"Flying Knee","floor":18},{"not_picked":["Cloak And Dagger","Footwork+1","Outmaneuver"],"picked":"Dodge and Roll","floor":20},{"not_picked":["Flying Knee","Dagger Throw","Slice"],"picked":"Acrobatics+1","floor":22}],"player_experience":438272,"relics_obtained":[{"floor":0,"key":"Snake Skull"},{"floor":0,"key":"Meat on the Bone"},{"floor":0,"key":"Tough Bandages"},{"floor":7,"key":"Happy Flower"},{"floor":9,"key":"Orichalcum"},{"floor":10,"key":"Question Card"}],"event_choices":[{"cards_removed":["Strike_G"],"damage_healed":0,"gold_gain":0,"player_choice":"Forget","damage_taken":0,"max_hp_gain":0,"max_hp_loss":0,"event_name":"Living Wall","floor":5,"gold_loss":0},{"damage_healed":0,"gold_gain":0,"player_choice":"Entered Light","damage_taken":14,"max_hp_gain":0,"max_hp_loss":0,"event_name":"Shining Light","floor":14,"gold_loss":0,"cards_upgraded":["Survivor","Dagger Spray"]},{"damage_healed":0,"gold_gain":0,"player_choice":"Copied","damage_taken":0,"max_hp_gain":0,"max_hp_loss":0,"event_name":"Duplicator","floor":21,"gold_loss":0,"cards_obtained":["Noxious Fumes"]}],"is_beta":false,"boss_relics":[{"not_picked":["Ectoplasm","Black Star"],"picked":"Pandora\u0027s Box"}],"items_purged_floors":[19],"is_endless":false,"potions_floor_spawned":[1,3,11,16,20],"killed_by":"Gremlin Leader","ascension_level":4}}