{"host":"sygfylmorsvdndbx","time":1612717675,"event":{"mods":["AchievementEnabler","BaseMod","Bestiary","Highlight Path","Minty Spire (QoL Compilation)","Permanent Neow","Quick Restart","Relic Stats"],"gold_per_floor":[20,20,40,57,76,76,95,95,95,95,122,156,156,13,13,109,109,126,126,126,141,156,156,190,190,190,220,30,55,55,55,55,157,157,177,222,222,235,245,245,278,278,330,365,365,415,209,226,226,226,226,226,28,56,56,56],"floor_reached":55,"language":"ENG","playtime":8151,"items_purged":["Defend_R"],"score":1234,"play_id":"1b21aaa0-0f71-46b3-955a-4bff2a0ce9f5","local_time":"20210207120755","is_ascension_mode":true,"campfire_choices":[{"data":"Uppercut","floor":6.0,"key":"SMITH"},{"data":"Carnage","floor":8,"key":"SMITH"},{"data":"True Grit","floor":13,"key":"SMITH"},{"data":"Inflame","floor":15,"key":"SMITH"},{"data":"Armaments","floor":23,"key":"SMITH"},{"floor":32,"key":"REST"},{"floor":42,"key":"RECALL"},{"data":"Strike_R+1","floor":49,"key":"PURGE"},{"data":"Defend_R","floor":52,"key":"PURGE"}],"circlet_count":0,"master_deck":["AscendersBane","Wild Strike","Sentinel","Uppercut+1","Offering","Sentinel","True Grit+1","Carnage+1","Inflame+1","Reaper","Feel No Pain","RitualDagger","Armaments+1","Cleave+1","Second Wind","Feed","Blood for Blood+1","Barricade","Thunderclap+1","Shrug It Off+1","Shrug It Off","Impervious","Cleave+1","Sentinel+1","Second Wind","Impervious","Dropkick","Burning Pact+1"],"relics":["Burning Blood","StrikeDummy","Shuriken","Runic Pyramid","Juzu Bracelet","Sundial","Happy Flower","Smiling Mask","Fusion Hammer","Dead Branch","Lantern","Whetstone","Ancient Tea Set","Peace Pipe","Bag of Preparation","Orichalcum"],"acts_visited":["Exordium","TheCity","TheBeyond","TheEnding"],"potions_floor_usage":[12,16,21,24,24,33,44,55,55,55,55,55,55],"damage_taken":[{"damage":7.0,"enemies":"2 Louse","floor":1.0,"turns":3.0},{"damage":10.0,"enemies":"Jaw Worm","floor":3.0,"turns":2.0},{"damage":10.0,"enemies":"Small Slimes","floor":4.0,"turns":3.0},{"damage":39.0,"enemies":"Gremlin Gang","floor":5.0,"turns":7.0},{"damage":7.0,"enemies":"Exordium Wildlife","floor":7.0,"turns":3.0},{"damage":0,"enemies":"Gremlin Nob","floor":11,"turns":2},{"damage":3,"enemies":"3 Louse","floor":12,"turns":2},{"damage":23,"enemies":"The Guardian","floor":16,"turns":10},{"damage":24,"enemies":"Shell Parasite","floor":18,"turns":4},{"damage":9,"enemies":"2 Thieves","floor":21,"turns":3},{"damage":27,"enemies":"Centurion and Healer","floor":22,"turns":5},{"damage":25,"enemies":"Book of Stabbing","floor":24,"turns":5},{"damage":31,"enemies":"Gremlin Leader","floor":27,"turns":8},{"damage":33,"enemies":"Book of Stabbing","floor":29,"turns":6},{"damage":52,"enemies":"Collector","floor":33,"turns":8},{"damage":6,"enemies":"3 Shapes","floor":35,"turns":5},{"damage":40,"enemies":"2 Orb Walkers","floor":36,"turns":4},{"damage":3,"enemies":"Orb Walker","floor":38,"turns":4},{"damage":15,"enemies":"4 Shapes","floor":39,"turns":3},{"damage":19,"enemies":"Reptomancer","floor":41,"turns":5},{"damage":3,"enemies":"Nemesis","floor":44,"turns":3},{"damage":14,"enemies":"Mind Bloom Boss Battle","floor":46,"turns":4},{"damage":0,"enemies":"3 Darklings","floor":48,"turns":3},{"damage":19,"enemies":"Donu and Deca","floor":50,"turns":9},{"damage":0,"enemies":"Shield and Spear","floor":54,"turns":5},{"damage":104,"enemies":"The Heart","floor":55,"turns":9}],"seed_played":"-7525807989621051771","potions_obtained":[{"floor":1.0,"key":"Ancient Potion"},{"floor":4.0,"key":"ColorlessPotion"},{"floor":5.0,"key":"Block Potion"},{"floor":11,"key":"ElixirPotion"},{"floor":12,"key":"DistilledChaos"},{"floor":16,"key":"Explosive Potion"},{"floor":22,"key":"Swift Potion"},{"floor":24,"key":"Fire Potion"},{"floor":35,"key":"Explosive Potion"},{"floor":36,"key":"Fire Potion"},{"floor":37,"key":"EntropicBrew"},{"floor":37,"key":"Energy Potion"},{"floor":48,"key":"SkillPotion"}],"is_trial":false,"path_per_floor":["M","?","M","M","M","R","M","R","T","?","E","M","R","$","R","B",null,"M","?","?","M","M","R","E","?","T","E","$","E","?","?","R","B",null,"M","?","?","M","M","?","E","R","T","E","?","?","$","M","R","B",null,"R","$","E","B"],"character_chosen":"IRONCLAD","items_purchased":["Reaper","Feel No Pain","Second Wind","Happy Flower","Bag of Preparation","Impervious","Dropkick"],"campfire_rested":1,"item_purchase_floors":[14,14,28,28,47,53,53],"current_hp_per_floor":[71,71,67,63,30,30,29,29,29,22,28,31,31,31,31,21,65,47,41,80,77,68,68,61,46,46,45,45,22,22,22,47,19,72,75,51,51,66,61,61,70,70,70,73,73,73,73,91,91,95,95,95,95,98,0,0],"gold":56,"neow_bonus":"TRANSFORM_TWO_CARDS","is_daily":false,"chose_seed":false,"campfire_upgraded":5,"win_rate":0.0,"timestamp":1612717675,"path_taken":["M","?","M","M","M","R","M","R","T","?","E","M","R","$","R","BOSS","M","?","?","M","M","R","E","?","T","E","$","E","?","?","R","BOSS","M","?","?","M","M","?","E","R","T","E","?","?","$","M","R","BOSS","R","$","E","BOSS"],"items_purchased_type":["Card","Card","Card","Relic","Relic","Card","Card"],"build_version":"2020-12-22","purchased_purges":1,"victory":false,"max_hp_per_floor":[80,80,80,80,80,80,80,80,80,80,80,80,80,80,80,80,80,80,80,80,80,80,80,80,85,85,85,85,85,85,85,85,89,89,92,92,92,92,96,91,91,91,91,91,91,91,91,91,91,95,95,95,95,98,98,98],"relic_stats":{"Happy Flower":[22],"counters":[26,125],"Dead Branch":[101],"Juzu Bracelet":2,"Bag of Preparation":[8],"Whetstone":["Strike_R","Blood for Blood"],"Orichalcum":[6],"Smiling Mask":25,"Burning Blood":135,"Peace Pipe":2,"Shuriken":[33],"Sundial":[4],"obtain_stats":[{"Lantern":41,"Happy Flower":28,"Dead Branch":36,"Juzu Bracelet":24,"Bag of Preparation":47,"Whetstone":43,"Orichalcum":54,"Smiling Mask":29,"Ancient Tea Set":44,"Burning Blood":0,"Peace Pipe":46,"Shuriken":11,"Sundial":27,"Fusion Hammer":34,"StrikeDummy":9,"Runic Pyramid":17},{"Lantern":20,"Happy Flower":13,"Dead Branch":17,"Juzu Bracelet":12,"Bag of Preparation":22,"Whetstone":20,"Orichalcum":25,"Smiling Mask":14,"Ancient Tea Set":21,"Burning Blood":0,"Peace Pipe":22,"Shuriken":6,"Sundial":13,"Fusion Hammer":15,"StrikeDummy":5,"Runic Pyramid":8},{"Lantern":92,"Happy Flower":57,"Dead Branch":80,"Juzu Bracelet":49,"Bag of Preparation":99,"Whetstone":92,"Orichalcum":116,"Smiling Mask":63,"Ancient Tea Set":95,"Burning Blood":0,"Peace Pipe":99,"Shuriken":20,"Sundial":57,"Fusion Hammer":71,"StrikeDummy":18,"Runic Pyramid":32}]},"card_choices":[{"not_picked":["Fire Breathing","Headbutt"],"picked":"Uppercut","floor":1.0},{"not_picked":["Flex","Anger"],"picked":"Sentinel","floor":3.0},{"not_picked":["Iron Wave","Perfected Strike"],"picked":"True Grit","floor":4.0},{"not_picked":["Havoc","Anger"],"picked":"Whirlwind","floor":5.0},{"not_picked":["Wild Strike","Cleave"],"picked":"Carnage","floor":7},{"not_picked":["Anger","Iron Wave"],"picked":"Inflame","floor":11},{"not_picked":["Reckless Charge","Havoc","Hemokinesis"],"picked":"SKIP","floor":12},{"not_picked":["Cleave","Thunderclap","Sword Boomerang"],"picked":"SKIP","floor":18},{"not_picked":["Perfected Strike","Body Slam","Clash+1"],"picked":"SKIP","floor":21},{"not_picked":["Perfected Strike","Body Slam","Clash+1"],"picked":"SKIP","floor":21},{"not_picked":["Inflame","Whirlwind+1"],"picked":"Armaments","floor":22},{"not_picked":["Body Slam","Havoc","Shockwave"],"picked":"SKIP","floor":24},{"not_picked":["Demon Form","Blood for Blood+1"],"picked":"Cleave+1","floor":27},{"not_picked":["Blood for Blood","Heavy Blade","Metallicize"],"picked":"SKIP","floor":29},{"not_picked":["Brutality","Feed"],"picked":"Barricade","floor":33},{"not_picked":["Clash+1","Clothesline+1"],"picked":"Thunderclap+1","floor":35},{"not_picked":["Perfected Strike","Infernal Blade"],"picked":"Shrug It Off+1","floor":36},{"not_picked":["Iron Wave+1","Twin Strike"],"picked":"Shrug It Off","floor":38},{"not_picked":["Uppercut+1","Wild Strike+1"],"picked":"Impervious","floor":39},{"not_picked":["Whirlwind+1","Sever Soul"],"picked":"Cleave+1","floor":41},{"not_picked":["Clash+1","Iron Wave","Battle Trance+1"],"picked":"SKIP","floor":44},{"not_picked":["Clothesline","Sever Soul"],"picked":"Sentinel+1","floor":46},{"not_picked":["Sword Boomerang","Heavy Blade"],"picked":"Second Wind","floor":48},{"not_picked":["Combust","Body Slam+1"],"picked":"Burning Pact+1","floor":54}],"player_experience":429921,"relics_obtained":[{"floor":9,"key":"StrikeDummy"},{"floor":11,"key":"Shuriken"},{"floor":24,"key":"Juzu Bracelet"},{"floor":27,"key":"Sundial"},{"floor":29,"key":"Smiling Mask"},{"floor":36,"key":"Dead Branch"},{"floor":41,"key":"Lantern"},{"floor":43,"key":"Whetstone"},{"floor":44,"key":"Ancient Tea Set"},{"floor":46,"key":"Peace Pipe"},{"floor":54,"key":"Orichalcum"}],"event_choices":[{"damage_healed":0.0,"max_hp_gain":0.0,"max_hp_loss":0.0,"gold_gain":0.0,"cards_transformed":["Strike_R"],"event_name":"Living Wall","player_choice":"Change","floor":2.0,"gold_loss":0.0,"damage_taken":0.0,"cards_obtained":["Offering"]},{"cards_removed":["Defend_R"],"damage_healed":0,"gold_gain":0,"player_choice":"Card Removal","damage_taken":7,"max_hp_gain":0,"max_hp_loss":0,"event_name":"Golden Wing","floor":10,"gold_loss":0},{"damage_healed":0,"gold_gain":0,"player_choice":"Joined the Cult","damage_taken":6,"max_hp_gain":0,"max_hp_loss":0,"event_name":"Nest","floor":19,"gold_loss":0,"cards_obtained":["RitualDagger"]},{"cards_removed":["Whirlwind"],"damage_healed":39,"gold_gain":0,"player_choice":"Offered Uncommon","damage_taken":0,"max_hp_gain":0,"max_hp_loss":0,"event_name":"Bonfire Elementals","floor":20,"gold_loss":0},{"damage_healed":0,"gold_gain":0,"player_choice":"Shed Blood","damage_taken":20,"max_hp_gain":5,"max_hp_loss":0,"event_name":"Forgotten Altar","floor":25,"gold_loss":0},{"damage_healed":0,"gold_gain":0,"cards_transformed":["Strike_R","Strike_R"],"player_choice":"Became Test Subject","damage_taken":0,"max_hp_gain":0,"max_hp_loss":0,"event_name":"Drug Dealer","floor":31,"gold_loss":0,"cards_obtained":["Feed","Blood for Blood"]},{"damage_healed":0,"gold_gain":0,"player_choice":"Fight","damage_taken":0,"max_hp_gain":0,"max_hp_loss":0,"event_name":"Mysterious Sphere","floor":36,"gold_loss":0},{"damage_healed":0,"gold_gain":0,"player_choice":"Got Potions","damage_taken":0,"max_hp_gain":0,"max_hp_loss":0,"event_name":"Lab","floor":37,"gold_loss":0},{"damage_healed":0,"gold_gain":0,"player_choice":"Max HP","damage_taken":0,"max_hp_gain":0,"max_hp_loss":5,"event_name":"Winding Halls","floor":40,"gold_loss":0},{"cards_removed":["Bash"],"damage_healed":0,"gold_gain":0,"player_choice":"Removed Attack","damage_taken":0,"max_hp_gain":0,"max_hp_loss":0,"event_name":"Falling","floor":45,"gold_loss":0},{"damage_healed":0,"gold_gain":0,"player_choice":"Fight","damage_taken":0,"max_hp_gain":0,"max_hp_loss":0,"event_name":"MindBloom","floor":46,"gold_loss":0}],"is_beta":false,"boss_relics":[{"not_picked":["SlaversCollar","Cursed Key"],"picked":"Runic Pyramid"},{"not_picked":["Black Blood","Black Star"],"picked":"Fusion Hammer"}],"items_purged_floors":[47],"is_endless":false,"potions_floor_spawned":[1,4,5,11,12,16,22,24,35,36,48],"killed_by":"The Heart","ascension_level":10}}