{"host":"dcj2yvrgcvh5dl2s","time":1612691130,"event":{"mods":["BaseMod","Bestiary","Better Note","Block Reminder","Colored Powertips","Curses Come First","DeckTracker","Minty Spire (QoL Compilation)","Quick Restart","Rare Cards Sparkle","Relic Stats","StSLib"],"gold_per_floor":[114,114,30,50,64,94,94,94,118,118,153,153,153,153],"floor_reached":13,"language":"ENG","playtime":385,"items_purged":[],"score":182,"play_id":"43e28c28-716b-4138-ad92-eee179b7e037","local_time":"20210207194530","is_ascension_mode":true,"campfire_choices":[{"floor":7,"key":"REST"},{"floor":8,"key":"REST"},{"data":"Flex","floor":10,"key":"SMITH"}],"circlet_count":0,"master_deck":["AscendersBane","Strike_R","Strike_R","Strike_R","Strike_R","Defend_R","Defend_R","Defend_R","Defend_R","Bash","Carnage","Shrug It Off","Sword Boomerang","Heavy Blade","Flex","Flex+1","Pommel Strike"],"relics":["Burning Blood","WingedGreaves","Happy Flower","Boot","Darkstone Periapt","Molten Egg 2"],"acts_visited":["Exordium"],"potions_floor_usage":[11,13],"damage_taken":[{"damage":12,"enemies":"Jaw Worm","floor":1,"turns":3},{"damage":0,"enemies":"Cultist","floor":4,"turns":2},{"damage":5,"enemies":"Small Slimes","floor":5,"turns":3},{"damage":40,"enemies":"Lagavulin","floor":6,"turns":6},{"damage":30,"enemies":"3 Sentries","floor":11,"turns":8},{"damage":41,"enemies":"Gremlin Nob","floor":13,"turns":3}],"seed_played":"7130946339540769294","potions_obtained":[{"floor":1,"key":"Dexterity Potion"},{"floor":5,"key":"GamblersBrew"},{"floor":11,"key":"BloodPotion"}],"is_trial":false,"path_per_floor":["M","?","$","M","M","E","R","R","T","R","E","?","E"],"character_chosen":"IRONCLAD","items_purchased":["Shrug It Off","Sword Boomerang"],"campfire_rested":2,"item_purchase_floors":[3,3],"current_hp_per_floor":[44,44,44,50,51,17,39,61,61,61,52,41,0,0],"gold":153,"neow_bonus":"ONE_RARE_RELIC","is_daily":false,"chose_seed":false,"campfire_upgraded":1,"win_rate":0.0,"timestamp":1612691130,"path_taken":["M","?","$","?","M","E","R","R","T","R","E","?","E"],"items_purchased_type":["Card","Card"],"build_version":"2020-12-22","purchased_purges":0,"victory":false,"max_hp_per_floor":[75,75,75,75,75,75,75,75,75,75,75,75,75,75],"relic_stats":{"Darkstone Periapt":0,"Happy Flower":[3],"counters":[6,25],"Boot":[2],"obtain_stats":[{"Darkstone Periapt":11,"Happy Flower":6,"Molten Egg 2":12,"WingedGreaves":0,"Boot":9,"Burning Blood":0},{"Darkstone Periapt":5,"Happy Flower":4,"Molten Egg 2":5,"WingedGreaves":0,"Boot":4,"Burning Blood":0},{"Darkstone Periapt":22,"Happy Flower":14,"Molten Egg 2":22,"WingedGreaves":0,"Boot":14,"Burning Blood":0}],"Burning Blood":30},"card_choices":[{"not_picked":["Flame Barrier","Seeing Red"],"picked":"Carnage","floor":1},{"not_picked":["Havoc","Armaments"],"picked":"Heavy Blade","floor":4},{"not_picked":["Bludgeon","Thunderclap"],"picked":"Flex","floor":5},{"not_picked":["Warcry","Intimidate"],"picked":"Flex","floor":6},{"not_picked":["Dual Wield","Twin Strike"],"picked":"Pommel Strike","floor":11}],"player_experience":2332150,"relics_obtained":[{"floor":6,"key":"Happy Flower"},{"floor":9,"key":"Boot"},{"floor":11,"key":"Darkstone Periapt"}],"event_choices":[{"cards_removed":["Strike_R"],"damage_healed":0,"gold_gain":0,"player_choice":"Offered Basic","damage_taken":0,"max_hp_gain":0,"max_hp_loss":0,"event_name":"Bonfire Elementals","floor":2,"gold_loss":0},{"damage_healed":0,"gold_gain":0,"player_choice":"Success","damage_taken":11,"relics_obtained":["Molten Egg 2"],"max_hp_gain":0,"max_hp_loss":0,"event_name":"Scrap Ooze","floor":12,"gold_loss":0}],"is_beta":false,"boss_relics":[],"items_purged_floors":[],"is_endless":false,"potions_floor_spawned":[1,5,11],"killed_by":"Gremlin Nob","ascension_level":20}}