{"host":"pe7ycb8t2t906so2","time":1612738210,"event":{"mods":["BaseMod","Colored Map","Highlight Path","Minty Spire (QoL Compilation)"],"gold_per_floor":[117,117,42,42,61,94,94,129,129,143,169,187,10,26,26,103,103,113,124,149,149,64,64,81,81,81],"floor_reached":25,"language":"FRA","playtime":1195,"items_purged":["Strike_B","Strike_B"],"score":533,"play_id":"bcbfd5e1-e046-4557-a292-6f62ffabff51","local_time":"20210207175010","is_ascension_mode":true,"campfire_choices":[{"data":"Sunder","floor":7,"key":"SMITH"},{"floor":15,"key":"REST"},{"data":"Defragment","floor":23,"key":"SMITH"}],"circlet_count":0,"master_deck":["AscendersBane","Strike_B+1","Strike_B+1","Defend_B+1","Defend_B+1","Defend_B+1","Defend_B+1","Zap+1","Dualcast","Sunder+1","Gash","Defragment+1","Electrodynamics","Chill","Chaos","Self Repair","Defragment","Cold Snap","All For One","Undo+1","Storm","Leap"],"relics":["Cracked Core","NeowsBlessing","Peace Pipe","Bottled Tornado","Shovel","Dead Branch","Velvet Choker","Red Mask"],"acts_visited":["Exordium","TheCity"],"potions_floor_usage":[8,10,12,16],"damage_taken":[{"damage":0,"enemies":"Cultist","floor":1,"turns":1},{"damage":0,"enemies":"Small Slimes","floor":5,"turns":1},{"damage":0,"enemies":"Lagavulin","floor":6,"turns":1},{"damage":10,"enemies":"Gremlin Nob","floor":8,"turns":3},{"damage":0,"enemies":"Jaw Worm","floor":10,"turns":1},{"damage":22,"enemies":"Lagavulin","floor":11,"turns":7},{"damage":6,"enemies":"Red Slaver","floor":12,"turns":3},{"damage":9,"enemies":"Looter","floor":14,"turns":3},{"damage":0,"enemies":"Slime Boss","floor":16,"turns":6},{"damage":3,"enemies":"3 Byrds","floor":18,"turns":5},{"damage":5,"enemies":"Shell Parasite","floor":19,"turns":4},{"damage":18,"enemies":"Masked Bandits","floor":20,"turns":4},{"damage":22,"enemies":"Snake Plant","floor":24,"turns":4},{"damage":52,"enemies":"Slavers","floor":25,"turns":2}],"seed_played":"399599949686152755","potions_obtained":[{"floor":6,"key":"BlessingOfTheForge"},{"floor":8,"key":"Energy Potion"},{"floor":11,"key":"Block Potion"},{"floor":14,"key":"Fire Potion"},{"floor":16,"key":"SpeedPotion"},{"floor":19,"key":"BlessingOfTheForge"}],"is_trial":false,"path_per_floor":["M","?","$","?","M","E","R","E","T","M","E","M","$","M","R","B",null,"M","M","?","?","$","R","M","E"],"character_chosen":"DEFECT","items_purchased":["Defragment","Storm"],"campfire_rested":1,"item_purchase_floors":[13,22],"current_hp_per_floor":[64,43,43,48,48,48,48,38,38,38,16,10,10,8,30,37,66,70,65,54,54,54,54,46,0,0],"gold":81,"neow_bonus":"THREE_ENEMY_KILL","is_daily":false,"chose_seed":false,"campfire_upgraded":2,"win_rate":0.0,"timestamp":1612738210,"path_taken":["M","?","$","?","M","E","R","E","T","M","E","?","?","M","R","BOSS","M","M","?","?","$","R","M","E"],"items_purchased_type":["Card","Card"],"build_version":"2020-12-22","purchased_purges":2,"victory":false,"max_hp_per_floor":[71,71,71,76,76,76,76,76,76,76,76,76,76,76,76,76,76,76,76,76,76,76,76,76,76,76],"card_choices":[{"not_picked":["Steam","Conserve Battery"],"picked":"Sunder","floor":1},{"not_picked":["Sweeping Beam","Redo"],"picked":"Gash","floor":5},{"not_picked":["Beam Cell","Steam Power"],"picked":"Defragment","floor":6},{"not_picked":["Steam","Hologram"],"picked":"Electrodynamics","floor":8},{"not_picked":["Leap","Turbo"],"picked":"Chill","floor":10},{"not_picked":["Hologram","Steam"],"picked":"Chaos","floor":11},{"not_picked":["Stack","Turbo"],"picked":"Self Repair","floor":12},{"not_picked":["Rebound","Turbo"],"picked":"Cold Snap","floor":14},{"not_picked":["Biased Cognition","Buffer"],"picked":"All For One","floor":16},{"not_picked":["Redo","Sunder","Turbo"],"picked":"SKIP","floor":18},{"not_picked":["Hello World+1","Go for the Eyes","Rebound"],"picked":"SKIP","floor":19},{"not_picked":["Reinforced Body","BootSequence"],"picked":"Undo+1","floor":20},{"not_picked":["Static Discharge","Hologram"],"picked":"Leap","floor":24}],"player_experience":1003291,"relics_obtained":[{"floor":6,"key":"Peace Pipe"},{"floor":8,"key":"Bottled Tornado"},{"floor":9,"key":"Shovel"},{"floor":11,"key":"Dead Branch"},{"floor":20,"key":"Red Mask"}],"event_choices":[{"damage_healed":0,"gold_gain":0,"player_choice":"Entered Light","damage_taken":21,"max_hp_gain":0,"max_hp_loss":0,"event_name":"Shining Light","floor":2,"gold_loss":0,"cards_upgraded":["Zap","Defend_B"]},{"damage_healed":0,"gold_gain":0,"player_choice":"Donut","damage_taken":0,"max_hp_gain":5,"max_hp_loss":0,"event_name":"Big Fish","floor":4,"gold_loss":0},{"damage_healed":0,"gold_gain":0,"player_choice":"Fought Bandits","damage_taken":0,"max_hp_gain":0,"max_hp_loss":0,"event_name":"Masked Bandits","floor":20,"gold_loss":0},{"damage_healed":0,"gold_gain":0,"player_choice":"Simplicity","damage_taken":0,"max_hp_gain":0,"max_hp_loss":0,"event_name":"Back to Basics","floor":21,"gold_loss":0,"cards_upgraded":["Strike_B","Strike_B","Defend_B","Defend_B","Defend_B"]}],"is_beta":false,"boss_relics":[{"not_picked":["Runic Dome","Snecko Eye"],"picked":"Velvet Choker"}],"items_purged_floors":[3,13],"is_endless":false,"potions_floor_spawned":[6,8,11,14,16,19],"killed_by":"Slavers","ascension_level":16}}