{"host":"j4nfyhit1dl35m08","time":1612739402,"event":{"mods":["BaseMod","Downfall","Highlight Path","Minty Spire (QoL Compilation)","StSLib"],"gold_per_floor":[99,110,121,137,147,157,180,207,207,12,27,27,52,69,81,81,81,81],"floor_reached":16,"language":"ENG","playtime":1687,"items_purged":[],"score":180,"play_id":"3cf72b1e-172f-4710-83da-71f4a05f2514","local_time":"20210207171002","is_ascension_mode":true,"campfire_choices":[{"data":"bronze:Goto","floor":1,"key":"SMITH"},{"floor":9,"key":"REST"},{"data":"bronze:DigitalCarnage","floor":12,"key":"SMITH"}],"circlet_count":0,"master_deck":["AscendersBane","bronze:Strike","bronze:Defend","bronze:Defend","bronze:Defend","bronze:Defend","bronze:Replicate","bronze:Goto+1","bronze:Overload+1","bronze:Overheat+1","bronze:ForceShield+1","bronze:Flail","bronze:Frontload+1","bronze:Philosophize+1","bronze:Optimize","bronze:DigitalCarnage+1","bronze:Turbo","bronze:Assembly","bronze:BuggyMess","bronze:MaxOutput","bronze:HardenedForm"],"relics":["Astrolabe","Toy Ornithopter","bronze:ProtectiveGoggles","OrangePellets","War Paint"],"acts_visited":["Exordium"],"potions_floor_usage":[8,16,16],"damage_taken":[{"damage":1,"enemies":"Cultist","floor":2,"turns":3},{"damage":1,"enemies":"2 Louse","floor":3,"turns":2},{"damage":2,"enemies":"Jaw Worm","floor":4,"turns":3},{"damage":37,"enemies":"Gremlin Gang","floor":5,"turns":6},{"damage":1,"enemies":"2 Fungi Beasts","floor":6,"turns":4},{"damage":5,"enemies":"3 Sentries","floor":8,"turns":9},{"damage":0,"enemies":"downfall:FleeingMerchant","floor":10,"turns":4},{"damage":0,"enemies":"Exordium Wildlife","floor":11,"turns":4},{"damage":0,"enemies":"Large Slime","floor":14,"turns":2},{"damage":9,"enemies":"3 Louse","floor":15,"turns":3},{"damage":45,"enemies":"WA_ARCHETYPE_RETAIN","floor":16,"turns":7}],"seed_played":"3676939087030504298","potions_obtained":[{"floor":2,"key":"Regen Potion"},{"floor":3,"key":"LiquidMemories"},{"floor":6,"key":"LiquidMemories"},{"floor":15,"key":"bronze:BurnAndBuffPotion"}],"is_trial":false,"path_per_floor":["R","M","M","M","M","M","T","E","R","$","M","R","T","M","M","B"],"character_chosen":"THE_AUTOMATON","items_purchased":["OrangePellets","bronze:BuggyMess"],"campfire_rested":1,"item_purchase_floors":[10,10],"current_hp_per_floor":[57,56,55,53,16,15,15,15,33,33,33,33,33,33,24,0,0,0],"gold":81,"neow_bonus":"BOSS_RELIC","is_daily":false,"chose_seed":false,"campfire_upgraded":2,"win_rate":0.0,"timestamp":1612739402,"path_taken":["R","M","M","M","?","M","T","E","R","$","M","R","?","M","M","BOSS"],"items_purchased_type":["Relic","Card"],"build_version":"2020-12-22","purchased_purges":0,"victory":false,"max_hp_per_floor":[63,63,63,63,63,63,63,63,63,63,63,63,63,63,63,63,63,63],"card_choices":[{"not_picked":["bronze:Branch","bronze:Constructor"],"picked":"bronze:Flail","floor":2},{"not_picked":["bronze:DigitalCarnage","bronze:DarkDash"],"picked":"bronze:Frontload","floor":3},{"not_picked":["bronze:Overheat","bronze:Allocate"],"picked":"bronze:Philosophize","floor":4},{"not_picked":["bronze:WildBeam","bronze:CutThrough"],"picked":"bronze:Optimize","floor":5},{"not_picked":["bronze:DarkDash","bronze:DelayedGuard"],"picked":"bronze:DigitalCarnage","floor":6},{"not_picked":["bronze:ItsAFeature","bronze:Separator"],"picked":"bronze:Turbo","floor":8},{"not_picked":["bronze:Constructor","bronze:Shield"],"picked":"bronze:Assembly","floor":10},{"not_picked":["bronze:BitShift","bronze:DelayedSlice"],"picked":"bronze:MaxOutput","floor":11},{"not_picked":["bronze:BronzeOrb","bronze:BuggyMess","bronze:DarkDash"],"picked":"SKIP","floor":14},{"not_picked":["bronze:WhirlingStrike","bronze:Constructor"],"picked":"bronze:HardenedForm","floor":15}],"player_experience":484138,"relics_obtained":[{"floor":7,"key":"Toy Ornithopter"},{"floor":8,"key":"bronze:ProtectiveGoggles"},{"floor":13,"key":"War Paint"}],"event_choices":[],"is_beta":false,"boss_relics":[],"items_purged_floors":[],"is_endless":false,"potions_floor_spawned":[2,3,4,6,15],"killed_by":"WA_ARCHETYPE_RETAIN","ascension_level":14}}