{"host":"rwmcmr2m88k7tuzm","time":1612709982,"event":{"mods":["A Magickal Journey","Aspiration","BaseMod","BetterRewards","Conspire","Downfall","Hubris","Infinite Spire","Minty Spire (QoL Compilation)","Quick Restart","Replay The Spire","Shop Mod","StSLib","SuperFastMode","The Hayseed","The Necromancer"],"gold_per_floor":[110,130,143,162,162,177,177,195,240,291,308,308,325,345,345,345,345],"floor_reached":16,"language":"ENG","playtime":504,"items_purged":[],"score":98,"play_id":"696e81b6-1fa6-4f16-9c06-8ed66401878f","local_time":"20210207145942","is_ascension_mode":false,"campfire_choices":[{"floor":7,"key":"REST"},{"floor":12,"key":"REST"},{"data":"Hellfire","floor":15,"key":"SMITH"}],"circlet_count":0,"master_deck":["Strike_W","Strike_W","Strike_W","Strike_W","Defend_W","Defend_W","Defend_W","Defend_W","Negative_Energy_Arrows","Bone_Wall","Summon_Undead_Army","Bones_to_Steel","Negative_Energy_Shield","Spectral_Armor","Hellfire+1"],"relics":["Vampire_Amulet","Replay:Rubber Ducky","Bag of Marbles","Membership Card","Singing Bowl","aspiration:BabyByrd","conspire:TopHat","Matryoshka"],"acts_visited":["Exordium"],"potions_floor_usage":[4,8,8,16],"damage_taken":[{"damage":0,"enemies":"Cultist","floor":1,"turns":3},{"damage":0,"enemies":"2 Louse","floor":2,"turns":3},{"damage":0,"enemies":"Jaw Worm","floor":3,"turns":4},{"damage":5,"enemies":"Exordium Thugs","floor":4,"turns":3},{"damage":4,"enemies":"3 Louse","floor":6,"turns":5},{"damage":0,"enemies":"Gremlin Gang","floor":8,"turns":3},{"damage":0,"enemies":"Exordium Thugs","floor":11,"turns":5},{"damage":18,"enemies":"Lots of Slimes","floor":13,"turns":7},{"damage":5,"enemies":"Blue Slaver","floor":14,"turns":3},{"damage":91,"enemies":"Fading Forest","floor":16,"turns":8}],"seed_played":"-2648703221900994317","potions_obtained":[{"floor":1,"key":"Explosive Potion"},{"floor":3,"key":"champ:CounterPotion"},{"floor":6,"key":"LiquidMemories"},{"floor":8,"key":"sneckomod:MuddlingPotion"},{"floor":10,"key":"Languid Potion"}],"is_trial":false,"path_per_floor":["M","M","M","M","?","M","R","M","T","?","M","R","M","M","R","B"],"character_chosen":"NECROMANCER","items_purchased":["Summon_Undead_Army","Bones_to_Steel","Replay:Rubber Ducky","Bag of Marbles","Membership Card","Singing Bowl","PowerPotion"],"campfire_rested":2,"item_purchase_floors":[0,0,0,0,0,0,0],"current_hp_per_floor":[44,48,52,53,53,57,81,85,85,64,68,85,79,78,78,0,0],"gold":345,"neow_bonus":"","is_daily":false,"chose_seed":false,"campfire_upgraded":1,"win_rate":0.0,"timestamp":1612709982,"path_taken":["M","M","?","M","?","M","R","M","T","?","M","R","?","M","R","BOSS"],"items_purchased_type":["Card","Card","Relic","Relic","Relic","Relic","Potion"],"build_version":"2020-12-22","purchased_purges":0,"victory":false,"max_hp_per_floor":[77,77,79,81,81,83,83,85,85,85,85,85,87,89,89,89,89],"card_choices":[{"not_picked":["Violent_Necrosis","Negative_Energy_Javelin","Shackles_Of_Pain"],"picked":"Singing Bowl","floor":1},{"not_picked":["Death_March_Dance","Blood_Whip"],"picked":"Negative_Energy_Shield","floor":2},{"not_picked":["Summon_Lich","Whirlwind_of_Bones","Bone_Bullets"],"picked":"Singing Bowl","floor":3},{"not_picked":["Vampiric_Strike","Siphon_Strength","Death_Coil"],"picked":"Singing Bowl","floor":4},{"not_picked":["Death_March_Dance","Negative_Energy_Mist","Vampiric_Strike"],"picked":"Singing Bowl","floor":6},{"not_picked":["Necromantic_Selection","Bone_Bullets","Life_Tap"],"picked":"Singing Bowl","floor":8},{"not_picked":["Bone_Prison","Acid_Javelin"],"picked":"Spectral_Armor","floor":10},{"not_picked":["Blood_Is_Power","Negative_Energy_Burst"],"picked":"Hellfire","floor":11},{"not_picked":["Consume_Illness","Finger_Of_Death","Scare"],"picked":"Singing Bowl","floor":13},{"not_picked":["Vampiric_Strike","Bone_Spikes","Negative_Energy_Burst"],"picked":"Singing Bowl","floor":14}],"player_experience":238886,"relics_obtained":[{"floor":9,"key":"conspire:TopHat"},{"floor":10,"key":"Matryoshka"}],"event_choices":[],"is_beta":false,"boss_relics":[],"items_purged_floors":[],"is_endless":false,"potions_floor_spawned":[1,3,6,8],"killed_by":"Fading Forest","ascension_level":0}}