{"host":"d00xzd9wj78hkf80","time":1612735264,"event":{"mods":["2.2 Compatiblity","AchievementEnabler","Act Like it!","AlwaysNeverKeys","Aspiration","Bartender","BaseMod","Beaked The Cultist","Better Altar","Better Match","Better Note","Better Sensory Stone","Better Silent Start","Better Skull","Better Vampires","BetterRewards","Block Reminder","Card Filter","CatGirl Mod","Challenge The Spire","Clockwork Mod","Colored Map","Colored Powertips","Defuse TimeMaze Blight","GifTheSpireLib","Gold Saver","Infinite Spire","Ironclad Rager","Mimic Mod","Minty Spire (QoL Compilation)","Quick Restart","RNG Fix","Random Character Button","Rare Cards Sparkle","Relic Sorter","Replay The Spire","Shop Mod","StSLib","Stuff the Spire","Transform Curses","Unknown Chances","Waifu the Spire","egg"],"gold_per_floor":[736,20,20,20,20,49,49,61,94,121,121,121,131,151,151,254,254,266,281,35,35,51,51,62,62,62,62,62,178,197,212,212,324,324,364,400,24,44,44,59,191,191,191,191,331,373,17,35,35,136,136,153,171,17,23,23,118,129,150,131,126,126],"floor_reached":61,"language":"ENG","playtime":2756,"items_purged":[],"score":1326,"play_id":"521a8507-37c6-4404-ad39-507af7e74e45","local_time":"20210207140104","is_ascension_mode":true,"campfire_choices":[{"floor":7.0,"key":"RECALL"},{"data":"Dual Wield","floor":15.0,"key":"SMITH"},{"floor":23.0,"key":"REST"},{"floor":25.0,"key":"REST"},{"floor":27.0,"key":"REST"},{"floor":32.0,"key":"REST"},{"floor":42,"key":"REST"},{"floor":44,"key":"REST"},{"floor":49,"key":"REST"}],"circlet_count":0,"master_deck":["Bash+1","ICR:RageStrike","ICR:RageStrike+1","ICR:RageStrike","ICR:RageStrike+1","ICR:ShieldBash","ICR:ShieldBash","ICR:ShieldBash","ICR:ShieldBash","Clash","Combust+1","ReplayTheSpireMod:Muscle Training+1","ReplayTheSpireMod:Muscle Training+1","Havoc+1","Replay:Undeath\u0027s Touch","Perfected Strike","Delirium","ThreeSidedStar","Dual Wield+1","True Grit","Pummel","Wild Strike","StuffTheSpire:Incineration","Iron Wave+1","Limit Break+1","Pommel Strike","Feel No Pain","Dark Embrace","ReplayTheSpireMod:Limb From Limb","StuffTheSpire:CelestialWarden","Havoc","Cleave","Body Slam+1","StuffTheSpire:RockThrow","Body Slam+1","Reaper","Battle Trance","ReplayTheSpireMod:Strike From Hell+1","StuffTheSpire:Incineration","Burning Pact","Wild Strike","infinitespire:SevenWalls","StuffTheSpire:RockThrow+1","Carnage","ICR:RageStrike","Run Through+1","Flex+1","Defy Death","PanicButton","Sadistic Nature","Mayhem","Sever Soul","Reaper","Heavy Blade","ICR:PowerAttack","Life Link","Life Link","True Grit","Thunderclap","Clash","Sever Soul","Sword Boomerang","ReplayTheSpireMod:Splinters","Twin Strike","Havoc"],"relics":["Burning Blood","ClockworkSouvenir","Gremlin Food","Happy Flower","ReplayTheSpireMod:Ring of Addiction","ReplayTheSpireMod:Ring of Challenge","Chameleon Ring","aspiration:FrozenJewel","StuffTheSpire:TintedRock","Philosopher\u0027s Stone","ReplayTheSpireMod:TigerMarble","aspiration:HiddenCompartment","Lee\u0027s Waffle","Busted Crown","beaked:ShinyBauble","infinitespire:EvilPickle","infinitespire:Cupcake","Another Sword","Iron Hammer","StuffTheSpire:Expresso","StuffTheSpire:Mouthbags","ReplayTheSpireMod:ShopPack","Oddly Smooth Stone","Replay:Drink Me","Strawberry","StuffTheSpire:Nightcore","MawBank"],"acts_visited":["Exordium","TheCity","TheBeyond","Exordium"],"potions_floor_usage":[41,46,50,60,60],"damage_taken":[{"damage":0.0,"enemies":"Small Slimes","floor":1.0,"turns":3.0},{"damage":31.0,"enemies":"Lagavulin","floor":6.0,"turns":4.0},{"damage":2.0,"enemies":"infinitespire:Voidling","floor":8.0,"turns":2.0},{"damage":6.0,"enemies":"Cultist","floor":9.0,"turns":5.0},{"damage":22.0,"enemies":"3 Sentries","floor":10.0,"turns":6.0},{"damage":0.0,"enemies":"Cultist","floor":13.0,"turns":3.0},{"damage":13.0,"enemies":"Large Slime","floor":14.0,"turns":4.0},{"damage":117.0,"enemies":"Fading Forest","floor":16.0,"turns":11.0},{"damage":35.0,"enemies":"Shell Parasite","floor":18.0,"turns":4.0},{"damage":31.0,"enemies":"2 Thieves","floor":19.0,"turns":3.0},{"damage":4.0,"enemies":"Cultist and Chosen","floor":22.0,"turns":4.0},{"damage":20.0,"enemies":"Chosen and Byrds","floor":24.0,"turns":4.0},{"damage":24.0,"enemies":"Slavers","floor":29.0,"turns":4.0},{"damage":19.0,"enemies":"Centurion and Healer","floor":30.0,"turns":4.0},{"damage":17.0,"enemies":"Shelled Parasite and Fungi","floor":31.0,"turns":5.0},{"damage":53.0,"enemies":"Pondfish","floor":33.0,"turns":7.0},{"damage":7.0,"enemies":"Orb Walker","floor":35.0,"turns":2.0},{"damage":60.0,"enemies":"3 Darklings","floor":36.0,"turns":7.0},{"damage":26.0,"enemies":"Transient","floor":38.0,"turns":5.0},{"damage":28.0,"enemies":"Maw","floor":40.0,"turns":6.0},{"damage":66,"enemies":"Nemesis","floor":41,"turns":6},{"damage":161,"enemies":"Nightmare","floor":45,"turns":7},{"damage":43,"enemies":"Spire Growth","floor":46,"turns":4},{"damage":41,"enemies":"Transient","floor":48,"turns":4},{"damage":17,"enemies":"infinitespire:MassOfShapes","floor":50,"turns":4},{"damage":0,"enemies":"Jaw Worm","floor":52,"turns":1},{"damage":0,"enemies":"2 Louse","floor":53,"turns":1},{"damage":0,"enemies":"Cultist","floor":55,"turns":2},{"damage":1,"enemies":"3 Sentries","floor":57,"turns":3},{"damage":0,"enemies":"2 Fungi Beasts","floor":58,"turns":1},{"damage":35,"enemies":"3 Louse","floor":60,"turns":8},{"damage":39,"enemies":"Lagavulin","floor":61,"turns":2}],"seed_played":"4810689461736603012","potions_obtained":[{"floor":3.0,"key":"SkillPotion"},{"floor":3.0,"key":"Explosive Potion"},{"floor":3.0,"key":"PowerPotion"},{"floor":6.0,"key":"AttackPotion"},{"floor":8.0,"key":"Dexterity Potion"},{"floor":16.0,"key":"ElixirPotion"},{"floor":19.0,"key":"ColorlessPotion"},{"floor":24.0,"key":"LiquidMemories"},{"floor":31.0,"key":"LiquidMemories"},{"floor":35.0,"key":"BloodPotion"},{"floor":40.0,"key":"Venom Potion"},{"floor":45,"key":"Adrenaline Potion"},{"floor":48,"key":"DistilledChaos"},{"floor":55,"key":"SkillPotion"},{"floor":58,"key":"BlessingOfTheForge"}],"is_trial":false,"path_per_floor":["M","$","?","?","?","E","R","M","MIM","E","?","?","M","M","R","B",null,"M","M","$","?","M","R","M","R","T","R","AVR","E","M","M","R","B",null,"M","M","$","M","?","M","E","R","T","R","NM","M","$","M","R","B",null,"M","M","$","M","$","E","M","?","MIM","E"],"character_chosen":"IRONCLAD","items_purchased":["ClockworkSouvenir","Gremlin Food","Happy Flower","Combust","ReplayTheSpireMod:Muscle Training","Havoc","Replay:Undeath\u0027s Touch","Perfected Strike","ReplayTheSpireMod:TigerMarble","Dark Embrace","ReplayTheSpireMod:Limb From Limb","Another Sword","StuffTheSpire:Incineration","Burning Pact","ReplayTheSpireMod:ShopPack","Oddly Smooth Stone","Defy Death","Life Link","True Grit","Thunderclap"],"campfire_rested":7,"item_purchase_floors":[2,2,2,2,2,2,2,2,20,20,20,37,37,37,47,47,47,54,54,54],"current_hp_per_floor":[80,80,80,80,80,55,55,59,59,43,51,75,78,71,71,41,76,47,22,22,22,24,45,31,52,52,70,77,59,46,35,58,11,77,76,49,49,29,29,12,16,38,38,60,39,17,17,41,62,51,54,54,54,52,52,52,57,57,57,26,0,0],"gold":126,"neow_bonus":"IRONCLAD_RAGER","is_daily":false,"chose_seed":false,"campfire_upgraded":1,"win_rate":0.0,"timestamp":1612735264,"path_taken":["M","$","?","?","?","E","R","?","MIM","E","?","?","M","M","R","BOSS","M","M","?","?","M","R","M","R","T","R","AVR","E","M","M","R","BOSS","M","M","$","M","?","M","E","R","T","R","NM","?","?","M","R","BOSS","M","?","?","M","?","E","M","?","MIM","E"],"items_purchased_type":["Relic","Relic","Relic","Card","Card","Card","Card","Card","Relic","Card","Card","Relic","Card","Card","Relic","Relic","Card","Card","Card","Card"],"build_version":"2020-12-22","purchased_purges":0,"victory":false,"max_hp_per_floor":[80,80,80,80,80,80,80,80,80,80,80,80,78,78,78,76,76,76,74,74,74,72,72,72,72,72,70,77,77,77,77,77,77,77,77,77,77,77,77,75,75,75,75,75,73,73,73,73,73,71,54,54,54,52,52,52,57,57,57,55,55,55],"card_choices":[{"not_picked":["StuffTheSpire:RockThrow","ReplayTheSpireMod:Limb From Limb"],"picked":"Clash","floor":1.0},{"not_picked":["StuffTheSpire:RockThrow","Replay:Undeath\u0027s Touch"],"picked":"Dual Wield","floor":6.0},{"not_picked":["Pommel Strike","Replay:Undeath\u0027s Touch"],"picked":"True Grit","floor":8.0},{"not_picked":["Rampage","True Grit"],"picked":"Pummel","floor":9.0},{"not_picked":["Clash","Hemogenesis"],"picked":"Wild Strike","floor":10.0},{"not_picked":["Armaments","Combust"],"picked":"StuffTheSpire:Incineration","floor":13.0},{"not_picked":["Hemokinesis","Body Slam"],"picked":"Iron Wave","floor":14.0},{"not_picked":["Eclipse","Offering"],"picked":"Limit Break","floor":16.0},{"not_picked":["Flame Barrier","Run Through"],"picked":"Pommel Strike","floor":18.0},{"not_picked":["Burning Pact+1","Hemokinesis"],"picked":"Feel No Pain","floor":19.0},{"not_picked":["Carnage+1","Warcry"],"picked":"Havoc","floor":22.0},{"not_picked":["StuffTheSpire:Slingshot","Sever Soul+1"],"picked":"Cleave","floor":24.0},{"not_picked":[],"picked":"Body Slam","floor":29.0},{"not_picked":[],"picked":"StuffTheSpire:RockThrow","floor":30.0},{"not_picked":[],"picked":"Body Slam+1","floor":31.0},{"not_picked":[],"picked":"Reaper","floor":33.0},{"not_picked":[],"picked":"Battle Trance","floor":35.0},{"not_picked":[],"picked":"ReplayTheSpireMod:Strike From Hell+1","floor":36.0},{"not_picked":[],"picked":"Wild Strike","floor":38.0},{"not_picked":["infinitespire:Menacing","infinitespire:NeuralNetwork"],"picked":"infinitespire:SevenWalls","floor":39.0},{"not_picked":[],"picked":"StuffTheSpire:RockThrow+1","floor":40.0},{"not_picked":[],"picked":"Carnage","floor":41},{"not_picked":[],"picked":"Run Through+1","floor":45},{"not_picked":[],"picked":"Flex+1","floor":46},{"not_picked":[],"picked":"PanicButton","floor":47},{"not_picked":[],"picked":"Sadistic Nature","floor":47},{"not_picked":[],"picked":"Mayhem","floor":47},{"not_picked":[],"picked":"Sever Soul","floor":48},{"not_picked":[],"picked":"Reaper","floor":50},{"not_picked":[],"picked":"Heavy Blade","floor":52},{"not_picked":[],"picked":"ICR:PowerAttack","floor":53},{"not_picked":[],"picked":"Clash","floor":55},{"not_picked":[],"picked":"Sever Soul","floor":57},{"not_picked":[],"picked":"Sword Boomerang","floor":58},{"not_picked":[],"picked":"Twin Strike","floor":59},{"not_picked":[],"picked":"Havoc","floor":60}],"player_experience":155621,"relics_obtained":[{"floor":3.0,"key":"ReplayTheSpireMod:Ring of Addiction"},{"floor":3.0,"key":"ReplayTheSpireMod:Ring of Challenge"},{"floor":3.0,"key":"Toy Ornithopter"},{"floor":3.0,"key":"Chameleon Ring"},{"floor":6.0,"key":"aspiration:FrozenJewel"},{"floor":10.0,"key":"StuffTheSpire:TintedRock"},{"floor":26.0,"key":"aspiration:HiddenCompartment"},{"floor":29.0,"key":"beaked:ShinyBauble"},{"floor":41,"key":"Iron Hammer"},{"floor":43,"key":"StuffTheSpire:Expresso"},{"floor":45,"key":"StuffTheSpire:Mouthbags"},{"floor":57,"key":"Strawberry"},{"floor":59,"key":"StuffTheSpire:Nightcore"},{"floor":60,"key":"MawBank"}],"event_choices":[{"damage_healed":0.0,"max_hp_gain":0.0,"max_hp_loss":0.0,"gold_gain":0.0,"event_name":"betterNote:BetterNote","player_choice":"Take","floor":4.0,"gold_loss":0.0,"damage_taken":0.0,"cards_obtained":["ThreeSidedStar"]}],"is_beta":false,"boss_relics":[{"not_picked":["StuffTheSpire:RunicHypercube","Pandora\u0027s Box"],"picked":"Philosopher\u0027s Stone"},{"not_picked":["Astrolabe","Replay:Ancient Bell"],"picked":"infinitespire:Cupcake"},{"not_picked":["Empty Cage","Painkiller Herb"],"picked":"Replay:Drink Me"}],"items_purged_floors":[],"is_endless":true,"potions_floor_spawned":[6,8,16,19,24,31,35,40,45,48,55,58],"killed_by":"Lagavulin","ascension_level":4}}