{"host":"gg","time":1612675542,"event":{"mods":["BaseMod","Colored Map","Googly Eyes","Minty Spire (QoL Compilation)","Permanent Neow","Relic Stats","The IronCluck"],"gold_per_floor":[112,127,402,413,413,443,443,455,455,605,127,155,155,100,100,176,176,212,137,137,137,137,194,194,246,319,382,46,46,66,85,85,198,198,269,353,366,427,427,427,465,465,488,565,619,679,739,739,739,739,739,739,739,6,47,47],"floor_reached":57,"language":"ENG","playtime":9060,"items_purged":["Doubt"],"score":3086,"play_id":"a9ac84f1-61ab-4316-8e92-18571cdd49a4","local_time":"20210206212542","is_ascension_mode":true,"campfire_choices":[{"data":"CrushJoints","floor":7.0,"key":"SMITH"},{"floor":15.0,"key":"REST"},{"data":"Writhe","floor":24.0,"key":"PURGE"},{"floor":32.0,"key":"REST"},{"data":"TalkToTheHand","floor":40.0,"key":"SMITH"},{"data":"Omniscience","floor":42.0,"key":"SMITH"},{"floor":49.0,"key":"RECALL"},{"floor":53,"key":"REST"}],"circlet_count":0,"master_deck":["AscendersBane","Strike_P+1","Strike_P+1","Strike_P+1","Defend_P+1","Eruption","Vigilance","CrushJoints+1","SashWhip","BowlingBash","TalkToTheHand+1","TalkToTheHand","Scrawl","Wish","FlurryOfBlows+1","EmptyFist+1","Swivel+1","Weave","MentalFortress","Indignation","JustLucky","JustLucky","Fasting2+1","ClearTheMind","ThirdEye","Omniscience+1","ThirdEye","FearNoEvil","FlurryOfBlows+1","SashWhip+1","Wallop","WaveOfTheHand","InnerPeace+1","TalkToTheHand","Panacea","JustLucky+1"],"relics":["Philosopher\u0027s Stone","Spirit Poop","Potion Belt","Shuriken","DollysMirror","Bag of Marbles","Mango","Peace Pipe","Astrolabe","Lantern","HornCleat","White Beast Statue","Gremlin Horn","CeramicFish","Orrery","Nunchaku","Runic Pyramid","Girya","Oddly Smooth Stone","Happy Flower","Prayer Wheel","Orichalcum","CaptainsWheel","Kunai"],"acts_visited":["Exordium","TheCity","TheBeyond","TheEnding"],"potions_floor_usage":[51,51,56,56,56],"damage_taken":[{"damage":8.0,"enemies":"Jaw Worm","floor":1.0,"turns":3.0},{"damage":0.0,"enemies":"Cultist","floor":2.0,"turns":2.0},{"damage":4.0,"enemies":"Small Slimes","floor":4.0,"turns":3.0},{"damage":25.0,"enemies":"3 Sentries","floor":6.0,"turns":10.0},{"damage":4.0,"enemies":"Looter","floor":8.0,"turns":2.0},{"damage":22.0,"enemies":"Gremlin Nob","floor":12.0,"turns":4.0},{"damage":22.0,"enemies":"The Guardian","floor":16.0,"turns":7.0},{"damage":20.0,"enemies":"2 Thieves","floor":18.0,"turns":5.0},{"damage":0.0,"enemies":"Gremlin Leader","floor":23.0,"turns":3.0},{"damage":0.0,"enemies":"Book of Stabbing","floor":25.0,"turns":3.0},{"damage":0.0,"enemies":"Gremlin Leader","floor":27.0,"turns":3.0},{"damage":0.0,"enemies":"Shell Parasite","floor":30.0,"turns":1.0},{"damage":19.0,"enemies":"Snake Plant","floor":31.0,"turns":2.0},{"damage":4.0,"enemies":"Champ","floor":33.0,"turns":7.0},{"damage":23.0,"enemies":"3 Shapes","floor":35.0,"turns":6.0},{"damage":0.0,"enemies":"Mind Bloom Boss Battle","floor":36.0,"turns":5.0},{"damage":8.0,"enemies":"Orb Walker","floor":37.0,"turns":3.0},{"damage":6.0,"enemies":"3 Darklings","floor":38.0,"turns":4.0},{"damage":0.0,"enemies":"4 Shapes","floor":39.0,"turns":1.0},{"damage":0.0,"enemies":"Reptomancer","floor":41.0,"turns":3.0},{"damage":0.0,"enemies":"Nemesis","floor":44.0,"turns":5.0},{"damage":0.0,"enemies":"Spire Growth","floor":45.0,"turns":4.0},{"damage":1.0,"enemies":"Transient","floor":46.0,"turns":6.0},{"damage":0.0,"enemies":"Reptomancer","floor":47.0,"turns":3.0},{"damage":35.0,"enemies":"Awakened One","floor":50.0,"turns":9.0},{"damage":15,"enemies":"Donu and Deca","floor":51,"turns":9},{"damage":61,"enemies":"Shield and Spear","floor":55,"turns":5},{"damage":56,"enemies":"The Heart","floor":56,"turns":8}],"seed_played":"3827051824124797132","potions_obtained":[{"floor":4.0,"key":"PowerPotion"},{"floor":6.0,"key":"Regen Potion"},{"floor":18.0,"key":"DistilledChaos"},{"floor":23.0,"key":"Block Potion"},{"floor":25.0,"key":"BottledMiracle"},{"floor":27.0,"key":"LiquidBronze"},{"floor":30.0,"key":"LiquidMemories"},{"floor":31.0,"key":"Block Potion"},{"floor":33.0,"key":"SteroidPotion"},{"floor":35.0,"key":"Regen Potion"},{"floor":36.0,"key":"ColorlessPotion"},{"floor":37.0,"key":"Energy Potion"},{"floor":38.0,"key":"SmokeBomb"},{"floor":41.0,"key":"Fruit Juice"},{"floor":44.0,"key":"FearPotion"},{"floor":45.0,"key":"AttackPotion"},{"floor":46.0,"key":"Swift Potion"},{"floor":47.0,"key":"ColorlessPotion"},{"floor":55,"key":"ColorlessPotion"}],"is_trial":false,"path_per_floor":["M","M","?","M","?","E","R","M","T","?","$","E","?","$","R","B",null,"M","?","?","?","T","E","R","E","T","E","$","?","M","M","R","B",null,"M","?","M","M","M","R","E","R","T","E","M","M","E","?","R","B","B",null,"R","$","E","B",null],"character_chosen":"WATCHER","items_purchased":["TalkToTheHand","DollysMirror","Bag of Marbles","Block Potion","Orrery","ClearTheMind","Nunchaku","FairyPotion","TalkToTheHand","CaptainsWheel","Panacea","Strength Potion","AttackPotion"],"campfire_rested":3,"item_purchase_floors":[11,11,11,14,28,28,28,54,54,54,54,54,54],"current_hp_per_floor":[53,53,53,49,49,24,24,20,20,20,20,21,21,21,45,23,67,47,47,47,47,47,47,47,47,47,47,47,23,23,4,30,26,72,49,49,41,47,47,47,47,47,47,47,52,51,51,51,51,16,1,69,92,92,31,3],"gold":47,"neow_bonus":"BOSS_RELIC","is_daily":false,"chose_seed":false,"campfire_upgraded":3,"win_rate":0.0,"timestamp":1612675542,"path_taken":["M","M","?","?","?","E","R","?","T","?","$","E","?","$","R","BOSS","M","?","?","?","?","E","R","E","T","E","$","?","M","M","R","BOSS","M","?","M","M","M","R","E","R","T","E","M","M","E","?","R","BOSS","BOSS","R","$","E","BOSS"],"items_purchased_type":["Card","Relic","Relic","Potion","Relic","Card","Relic","Potion","Card","Relic","Card","Potion","Potion"],"build_version":"2020-12-18","purchased_purges":1,"victory":true,"max_hp_per_floor":[68,68,68,68,68,68,68,68,68,68,68,82,82,82,82,82,82,82,82,82,82,82,82,82,82,82,82,82,87,87,87,87,87,87,87,87,87,87,87,87,87,87,87,87,92,92,92,92,92,92,92,92,92,92,92,92],"relic_stats":{"Peace Pipe":1,"Nunchaku":[29],"Gremlin Horn":[19,19],"Happy Flower":[16],"counters":[28,126],"Shuriken":[91],"Astrolabe":["FlurryOfBlows","EmptyFist","Swivel"],"CeramicFish":144,"Prayer Wheel":2,"Kunai":[7],"Orichalcum":[12],"obtain_stats":[{"Lantern":20,"Gremlin Horn":26,"CeramicFish":27,"Spirit Poop":5,"Mango":12,"Nunchaku":28,"HornCleat":23,"DollysMirror":11,"Philosopher\u0027s Stone":0,"Prayer Wheel":44,"Kunai":55,"Runic Pyramid":34,"Potion Belt":6,"Girya":36,"Happy Flower":43,"Astrolabe":17,"Oddly Smooth Stone":41,"Orichalcum":47,"White Beast Statue":25,"Peace Pipe":13,"CaptainsWheel":54,"Shuriken":9,"Orrery":28,"Bag of Marbles":11,"PureWater":0},{"Lantern":8,"Gremlin Horn":10,"CeramicFish":11,"Spirit Poop":3,"Mango":6,"Nunchaku":11,"HornCleat":9,"DollysMirror":5,"Philosopher\u0027s Stone":0,"Prayer Wheel":21,"Kunai":27,"Runic Pyramid":14,"Potion Belt":4,"Girya":16,"Happy Flower":20,"Astrolabe":7,"Oddly Smooth Stone":20,"Orichalcum":24,"White Beast Statue":10,"Peace Pipe":6,"CaptainsWheel":26,"Shuriken":5,"Orrery":11,"Bag of Marbles":5,"PureWater":0},{"Lantern":36,"Gremlin Horn":42,"CeramicFish":45,"Spirit Poop":8,"Mango":24,"Nunchaku":45,"HornCleat":39,"DollysMirror":20,"Philosopher\u0027s Stone":0,"Prayer Wheel":82,"Kunai":118,"Runic Pyramid":55,"Potion Belt":18,"Girya":66,"Happy Flower":77,"Astrolabe":31,"Oddly Smooth Stone":77,"Orichalcum":95,"White Beast Statue":42,"Peace Pipe":24,"CaptainsWheel":113,"Shuriken":20,"Orrery":45,"Bag of Marbles":20,"PureWater":0}]},"card_choices":[{"not_picked":["Consecrate","FlurryOfBlows"],"picked":"CrushJoints","floor":1.0},{"not_picked":["Meditate","Prostrate"],"picked":"SashWhip","floor":2.0},{"not_picked":["Crescendo","SashWhip"],"picked":"BowlingBash","floor":4.0},{"not_picked":["EmptyBody","SandsOfTime"],"picked":"FollowUp","floor":6.0},{"not_picked":["Sanctity","ReachHeaven","SignatureMove"],"picked":"SKIP","floor":8.0},{"not_picked":["Protect","InnerPeace"],"picked":"Scrawl","floor":12.0},{"not_picked":["Alpha","DeusExMachina"],"picked":"Wish","floor":16.0},{"not_picked":["Worship","SashWhip"],"picked":"Weave","floor":18.0},{"not_picked":["Collect","Consecrate"],"picked":"MentalFortress","floor":23.0},{"not_picked":["PathToVictory","Halt"],"picked":"Indignation","floor":25.0},{"not_picked":["Sanctity","ReachHeaven+1"],"picked":"JustLucky","floor":27.0},{"not_picked":["Halt","DevaForm"],"picked":"JustLucky","floor":28.0},{"not_picked":["WaveOfTheHand","BattleHymn"],"picked":"Fasting2+1","floor":28.0},{"not_picked":["Halt","BowlingBash","SandsOfTime"],"picked":"SKIP","floor":30.0},{"not_picked":["Protect","ClearTheMind"],"picked":"ThirdEye","floor":31.0},{"not_picked":["Alpha","Devotion"],"picked":"Omniscience","floor":33.0},{"not_picked":["FollowUp","CrushJoints"],"picked":"ThirdEye","floor":35.0},{"not_picked":["Crescendo+1","ClearTheMind"],"picked":"FearNoEvil","floor":36.0},{"not_picked":["FollowUp","ThirdEye","SashWhip"],"picked":"SKIP","floor":37.0},{"not_picked":["Protect+1","Brilliance","ThirdEye"],"picked":"SKIP","floor":38.0},{"not_picked":["EmptyBody","EmptyMind"],"picked":"FlurryOfBlows+1","floor":41.0},{"not_picked":["EmptyBody","ReachHeaven+1","FlyingSleeves"],"picked":"SKIP","floor":44.0},{"not_picked":["EmptyBody","ReachHeaven+1","FlyingSleeves"],"picked":"SKIP","floor":44.0},{"not_picked":["EmptyBody","ReachHeaven+1","FlyingSleeves"],"picked":"SKIP","floor":44.0},{"not_picked":["PathToVictory","Evaluate"],"picked":"SashWhip+1","floor":45.0},{"not_picked":["FlyingSleeves+1","JustLucky","SashWhip+1"],"picked":"SKIP","floor":45.0},{"not_picked":["Sanctity","EmptyFist"],"picked":"Wallop","floor":46.0},{"not_picked":["PathToVictory","WreathOfFlame"],"picked":"WaveOfTheHand","floor":46.0},{"not_picked":["FlyingSleeves","Pray"],"picked":"InnerPeace+1","floor":47.0},{"not_picked":["Meditate","EmptyBody"],"picked":"JustLucky+1","floor":55}],"player_experience":1308680,"relics_obtained":[{"floor":6.0,"key":"Potion Belt"},{"floor":9.0,"key":"Shuriken"},{"floor":12.0,"key":"Mango"},{"floor":23.0,"key":"HornCleat"},{"floor":25.0,"key":"White Beast Statue"},{"floor":26.0,"key":"Gremlin Horn"},{"floor":27.0,"key":"CeramicFish"},{"floor":36.0,"key":"Girya"},{"floor":41.0,"key":"Oddly Smooth Stone"},{"floor":43.0,"key":"Happy Flower"},{"floor":44.0,"key":"Prayer Wheel"},{"floor":47.0,"key":"Orichalcum"},{"floor":55,"key":"Kunai"}],"event_choices":[{"damage_healed":0.0,"max_hp_gain":0.0,"max_hp_loss":0.0,"gold_gain":275.0,"event_name":"Golden Shrine","player_choice":"Desecrate","floor":3.0,"gold_loss":0.0,"damage_taken":0.0,"cards_obtained":["Regret"]},{"cards_removed":["Regret"],"damage_healed":0.0,"max_hp_gain":0.0,"max_hp_loss":0.0,"gold_gain":0.0,"event_name":"Bonfire Elementals","player_choice":"Offered Curse","floor":5.0,"gold_loss":0.0,"damage_taken":0.0,"relics_obtained":["Spirit Poop"]},{"damage_healed":0.0,"max_hp_gain":0.0,"max_hp_loss":0.0,"gold_gain":150.0,"event_name":"Liars Game","player_choice":"AGREE","floor":10.0,"gold_loss":0.0,"damage_taken":0.0,"cards_obtained":["Doubt"]},{"damage_healed":0.0,"max_hp_gain":0.0,"max_hp_loss":0.0,"gold_gain":0.0,"event_name":"Dead Adventurer","player_choice":"Searched \u00271\u0027 times","floor":13.0,"gold_loss":0.0,"damage_taken":0.0,"relics_obtained":["Peace Pipe"]},{"damage_healed":0.0,"max_hp_gain":0.0,"max_hp_loss":0.0,"gold_gain":0.0,"event_name":"Dead Adventurer","player_choice":"Searched \u00271\u0027 times","floor":13.0,"gold_loss":0.0,"damage_taken":0.0,"relics_obtained":["Peace Pipe"]},{"cards_removed":["Defend_P"],"damage_healed":0.0,"max_hp_gain":0.0,"max_hp_loss":0.0,"gold_gain":0.0,"event_name":"Beggar","player_choice":"Gave Gold","floor":19.0,"gold_loss":75.0,"damage_taken":0.0},{"damage_healed":0.0,"max_hp_gain":0.0,"max_hp_loss":0.0,"gold_gain":0.0,"event_name":"The Mausoleum","player_choice":"Opened","floor":20.0,"gold_loss":0.0,"damage_taken":0.0,"relics_obtained":["Lantern"],"cards_obtained":["Writhe"]},{"damage_healed":0.0,"max_hp_gain":0.0,"max_hp_loss":0.0,"gold_gain":0.0,"event_name":"Back to Basics","player_choice":"Simplicity","floor":21.0,"gold_loss":0.0,"damage_taken":0.0,"cards_upgraded":["Strike_P","Strike_P","Strike_P","Defend_P"]},{"damage_healed":0.0,"max_hp_gain":5.0,"max_hp_loss":0.0,"gold_gain":0.0,"event_name":"Forgotten Altar","player_choice":"Shed Blood","floor":29.0,"gold_loss":0.0,"damage_taken":29.0},{"damage_healed":0.0,"max_hp_gain":0.0,"max_hp_loss":0.0,"gold_gain":0.0,"event_name":"MindBloom","player_choice":"Fight","floor":36.0,"gold_loss":0.0,"damage_taken":0.0},{"cards_removed":["FollowUp"],"damage_healed":0.0,"max_hp_gain":0.0,"max_hp_loss":0.0,"gold_gain":0.0,"event_name":"Falling","player_choice":"Removed Attack","floor":48.0,"gold_loss":0.0,"damage_taken":0.0}],"is_beta":true,"boss_relics":[{"not_picked":["Empty Cage","SacredBark"],"picked":"Astrolabe"},{"not_picked":["SlaversCollar","Sozu"],"picked":"Runic Pyramid"}],"items_purged_floors":[11],"is_endless":false,"potions_floor_spawned":[4,6,18,23,25,27,30,31,33,35,36,37,38,39,41,44,45,46,47,55],"ascension_level":20}}