{"host":"kpyf5rnb72uwap8k","time":1612702716,"event":{"mods":["AchievementEnabler","BaseMod","Colored Map","Colored Powertips","DeckTracker","Minty Spire (QoL Compilation)","Permanent Neow","Quick Restart","StSLib","SuperFastMode"],"gold_per_floor":[119,16,27,27,39,39,39,70,70,96,96,46,46,66,66,163,163,174,186,196,25,25,51,51,51,51],"floor_reached":25,"language":"KOR","playtime":795,"items_purged":["Strike_G"],"score":252,"play_id":"19f65828-d388-4c1f-bda2-a1547c6fece0","local_time":"20210207215836","is_ascension_mode":true,"campfire_choices":[{"data":"Backflip","floor":6.0,"key":"SMITH"},{"data":"Accuracy","floor":11.0,"key":"SMITH"},{"floor":13.0,"key":"REST"},{"floor":15.0,"key":"REST"},{"floor":24.0,"key":"REST"}],"circlet_count":0,"master_deck":["Defend_G","Defend_G","Defend_G","Defend_G","Defend_G","Survivor","Neutralize","Leg Sweep","Outmaneuver","Backflip+1","Dagger Spray","Blade Dance","Endless Agony","Accuracy+1","Grand Finale","Adrenaline","Reflex","Backflip+1","Acrobatics+1","Prepared"],"relics":["Ring of the Snake","Question Card","Darkstone Periapt","Strawberry","Singing Bowl","Empty Cage","Toxic Egg 2"],"acts_visited":["Exordium","TheCity"],"potions_floor_usage":[],"damage_taken":[{"damage":0.0,"enemies":"Jaw Worm","floor":1.0,"turns":5.0},{"damage":1.0,"enemies":"Small Slimes","floor":3.0,"turns":6.0},{"damage":1.0,"enemies":"Cultist","floor":5.0,"turns":4.0},{"damage":26.0,"enemies":"Gremlin Nob","floor":8.0,"turns":4.0},{"damage":19.0,"enemies":"3 Sentries","floor":10.0,"turns":9.0},{"damage":8.0,"enemies":"Exordium Thugs","floor":14.0,"turns":3.0},{"damage":44.0,"enemies":"The Guardian","floor":16.0,"turns":18.0},{"damage":35.0,"enemies":"Spheric Guardian","floor":18.0,"turns":12.0},{"damage":5.0,"enemies":"Shell Parasite","floor":19.0,"turns":9.0},{"damage":0.0,"enemies":"Centurion and Healer","floor":20.0,"turns":3.0},{"damage":14.0,"enemies":"Gremlin Leader","floor":23.0,"turns":6.0},{"damage":0,"enemies":"Book of Stabbing","floor":25,"turns":1}],"seed_played":"3746652492812518169","potions_obtained":[{"floor":3.0,"key":"CunningPotion"},{"floor":10.0,"key":"PowerPotion"},{"floor":23.0,"key":"Weak Potion"}],"is_trial":false,"path_per_floor":["M","$","M","?","M","R","?","E","T","E","R","?","R","M","R","B",null,"M","M","M","$","?","E","R","E"],"character_chosen":"THE_SILENT","items_purchased":["Backflip","Dagger Spray","Prepared","Swift Potion"],"campfire_rested":3,"item_purchase_floors":[2,2,21,21],"current_hp_per_floor":[70,70,69,69,68,68,68,42,49,30,30,30,53,47,70,26,79,44,39,39,39,39,27,51,51,51],"gold":51,"neow_bonus":"THREE_CARDS","is_daily":false,"chose_seed":false,"campfire_upgraded":2,"win_rate":0.0,"timestamp":1612702716,"path_taken":["M","$","M","?","M","R","?","E","T","E","R","?","R","M","R","BOSS","M","M","M","$","?","E","R","E"],"items_purchased_type":["Card","Card","Card","Potion"],"build_version":"2020-12-22","purchased_purges":1,"victory":false,"max_hp_per_floor":[70,70,70,70,70,70,70,70,77,77,77,77,77,79,79,79,79,79,79,79,79,79,81,81,81,81],"card_choices":[{"not_picked":["Deflect","Prepared"],"picked":"Leg Sweep","floor":0.0},{"not_picked":["Accuracy","Prepared"],"picked":"Outmaneuver","floor":1.0},{"not_picked":["PiercingWail","Dodge and Roll"],"picked":"Blade Dance","floor":3.0},{"not_picked":["Bane","Catalyst"],"picked":"Endless Agony","floor":5.0},{"not_picked":["Cloak And Dagger","Acrobatics","Riddle With Holes"],"picked":"Accuracy","floor":8.0},{"not_picked":["Blade Dance","Crippling Poison","Acrobatics"],"picked":"Grand Finale","floor":10.0},{"not_picked":["Tactician","Quick Slash","Underhanded Strike","Finisher"],"picked":"Singing Bowl","floor":14.0},{"not_picked":["Bullet Time","Die Die Die","After Image"],"picked":"Adrenaline","floor":16.0},{"not_picked":["Finisher","Cloak And Dagger+1","Underhanded Strike+1"],"picked":"Reflex","floor":18.0},{"not_picked":["PiercingWail","Underhanded Strike","Deadly Poison"],"picked":"Backflip+1","floor":19.0},{"not_picked":["Prepared","Outmaneuver","Riddle With Holes"],"picked":"Acrobatics+1","floor":20.0},{"not_picked":["Flechettes","Flying Knee","Endless Agony+1","Quick Slash"],"picked":"Singing Bowl","floor":23.0}],"player_experience":255211,"relics_obtained":[{"floor":8.0,"key":"Darkstone Periapt"},{"floor":9.0,"key":"Strawberry"},{"floor":10.0,"key":"Singing Bowl"},{"floor":23.0,"key":"Toxic Egg 2"}],"event_choices":[{"damage_healed":0.0,"max_hp_gain":0.0,"max_hp_loss":0.0,"gold_gain":0.0,"event_name":"Liars Game","player_choice":"Ignored","floor":4.0,"gold_loss":0.0,"damage_taken":0.0},{"damage_healed":0.0,"max_hp_gain":0.0,"max_hp_loss":0.0,"gold_gain":0.0,"event_name":"Dead Adventurer","player_choice":"Searched \u00272\u0027 times","floor":7.0,"gold_loss":0.0,"damage_taken":0.0,"relics_obtained":["Question Card"]},{"cards_removed":["Strike_G"],"damage_healed":0.0,"max_hp_gain":0.0,"max_hp_loss":0.0,"gold_gain":0.0,"event_name":"The Cleric","player_choice":"Card Removal","floor":12.0,"gold_loss":50.0,"damage_taken":0.0},{"cards_removed":["Strike_G"],"damage_healed":0.0,"max_hp_gain":0.0,"max_hp_loss":0.0,"gold_gain":0.0,"event_name":"Back to Basics","player_choice":"Elegance","floor":22.0,"gold_loss":0.0,"damage_taken":0.0}],"is_beta":false,"boss_relics":[{"not_picked":["Ectoplasm","Cursed Key"],"picked":"Empty Cage"}],"items_purged_floors":[21],"is_endless":false,"potions_floor_spawned":[3,10,23],"killed_by":"Book of Stabbing","ascension_level":2}}