{"host":"d4nr47a59rmbesnz","time":1612656943,"event":{"mods":["A Magickal Journey","BaseMod","Better Third Choice","Hermit","Minty Spire (QoL Compilation)","Quick Restart","Replay The Spire","Shade Mod","StSLib","The Bladedancer","The Cursed","The Death Knight","The Disciple","The Forsaken","The Hierophant","The Necromancer","The Spell Scribe","The Valiant"],"gold_per_floor":[112,125,145,145,159,159,5,5,32,62,62,76,97,110,110,240,240,264,280,195,0,0,0,0,0,27,27,60,84,84,99,99,99,99],"floor_reached":33,"language":"ENG","playtime":2857,"items_purged":[],"score":267,"play_id":"e00fb258-462a-4e8a-bc3d-6935cee3ab30","local_time":"20210207031543","is_ascension_mode":false,"campfire_choices":[{"data":"Magicka:PreciseFingerCard","floor":6,"key":"SMITH"},{"data":"Magicka:PreciseFingerCard","floor":8,"key":"SMITH"},{"data":"Magicka:PreciseFingerCard","floor":15,"key":"SMITH"},{"data":"Enlightenment","floor":23,"key":"SMITH"},{"data":"Magicka:PreciseFingerCard","floor":24,"key":"SMITH"},{"data":"Magicka:PreciseFingerCard","floor":25,"key":"SMITH"},{"data":"Magicka:FastLifeCard","floor":27,"key":"SMITH"},{"data":"Magicka:CreatePoisonCard","floor":30,"key":"SMITH"},{"floor":32,"key":"DIG"}],"circlet_count":0,"master_deck":["Magicka:HasteCard","Magicka:ReviveCard","Magicka:PreciseFingerCard+1","Magicka:PreciseFingerCard+1","Magicka:PreciseFingerCard+1","Magicka:PreciseFingerCard+1","Magicka:PreciseFingerCard+1","Magicka:TheFistCard","Magicka:DefaultBladeCard","Magicka:DefaultBladeCard","Magicka:FastShieldCard","Magicka:EarthquakeCard","Magicka:FireLongswordCard","Magicka:ExoticBladeCard","Magicka:FastLifeCard+1","Magicka:SteamSaleCard","Magicka:CleaverCard","Magicka:ThunderstrikeCard","Magicka:FastColdCard","Enlightenment+1","Magicka:CreatePoisonCard+1","Magicka:WalkBackwardsCard"],"relics":["Magicka:WizardStaff","NeowsBlessing","Membership Card","Potion Belt","Bag of Marbles","Golden Idol","Busted Crown","WingedGreaves","Ice Cream","Toy Ornithopter","Replay:Ringing Soul","ReplayTheSpireMod:TigerMarble"],"acts_visited":["Exordium","TheCity"],"potions_floor_usage":[16,16,16,16,33,33],"damage_taken":[{"damage":0,"enemies":"Small Slimes","floor":1,"turns":1},{"damage":0,"enemies":"Jaw Worm","floor":2,"turns":1},{"damage":0,"enemies":"2 Louse","floor":3,"turns":1},{"damage":12,"enemies":"2 Fungi Beasts","floor":5,"turns":7},{"damage":46,"enemies":"3 Sentries","floor":10,"turns":15},{"damage":15,"enemies":"3 Louse","floor":12,"turns":5},{"damage":10,"enemies":"Looter","floor":13,"turns":3},{"damage":18,"enemies":"2 Fungi Beasts","floor":14,"turns":4},{"damage":51,"enemies":"Fading Forest","floor":16,"turns":11},{"damage":5,"enemies":"Spheric Guardian","floor":18,"turns":3},{"damage":10,"enemies":"Chosen","floor":19,"turns":3},{"damage":30,"enemies":"Replay:Snechameleon","floor":28,"turns":5},{"damage":30,"enemies":"Snake Plant","floor":29,"turns":7},{"damage":9,"enemies":"Cultist and Chosen","floor":31,"turns":4},{"damage":84,"enemies":"Champ","floor":33,"turns":8}],"seed_played":"3014897304593474512","potions_obtained":[{"floor":1,"key":"Milkshake"},{"floor":10,"key":"Explosive Potion"},{"floor":13,"key":"DeathKnight:BottledBloodEchoes"},{"floor":14,"key":"Strength Potion"},{"floor":29,"key":"ColorlessPotion"},{"floor":31,"key":"PowerPotion"}],"is_trial":false,"path_per_floor":["M","M","M","?","M","R","$","R","T","E","?","M","M","M","R","B",null,"M","M","?","$","?","R","R","R","T","R","E","M","R","M","R","B"],"character_chosen":"MAGICKA_WIZARD","items_purchased":["Membership Card","Ice Cream","Enlightenment"],"campfire_rested":0,"item_purchase_floors":[7,21,21],"current_hp_per_floor":[40,40,40,40,40,40,40,40,40,36,26,40,30,12,12,31,40,35,30,30,30,40,40,40,40,40,40,24,40,40,46,46,0,0],"gold":99,"neow_bonus":"THREE_ENEMY_KILL","is_daily":false,"chose_seed":false,"campfire_upgraded":8,"win_rate":0.0,"timestamp":1612656943,"path_taken":["M","M","M","?","M","R","$","R","T","E","?","M","M","M","R","BOSS","M","M","?","$","?","R","R","R","T","R","E","M","R","M","R","BOSS"],"items_purchased_type":["Relic","Relic","Card"],"build_version":"2020-12-22","purchased_purges":0,"victory":false,"max_hp_per_floor":[40,40,40,40,40,40,40,40,40,40,40,40,40,40,40,40,40,40,40,40,40,40,40,40,40,40,40,40,43,43,46,46,46,46],"card_choices":[{"not_picked":["Magicka:SnowballCard","Magicka:RainCard"],"picked":"Magicka:FastShieldCard","floor":1},{"not_picked":["Magicka:SnowballCard","Magicka:SteamSaleCard"],"picked":"Magicka:EarthquakeCard","floor":2},{"not_picked":["Magicka:StormCrusherCard","Magicka:SlipperyDeathCard"],"picked":"Magicka:FireLongswordCard","floor":3},{"not_picked":["Magicka:BlizzardCard","Magicka:SlipperyLifeCard"],"picked":"Magicka:ExoticBladeCard","floor":5},{"not_picked":["Magicka:CreateIceCard","Magicka:ThunderstormCard"],"picked":"Magicka:FastLifeCard","floor":10},{"not_picked":["Magicka:SlipperyShieldCard","Magicka:SlipperyStoneCard","Magicka:SlipperyWaterCard"],"picked":"SKIP","floor":12},{"not_picked":["Magicka:SlipperyLifeCard","Magicka:ThunderstormCard"],"picked":"Magicka:SteamSaleCard","floor":13},{"not_picked":["Magicka:SlipperyStoneCard","Magicka:ExoticBladeCard"],"picked":"Magicka:CleaverCard","floor":14},{"not_picked":["Magicka:InvisibleCard","Magicka:TenFingersCard"],"picked":"Magicka:ThunderstrikeCard","floor":16},{"not_picked":["Magicka:SlipperyStoneCard"],"picked":"SKIP","floor":18},{"not_picked":[],"picked":"Magicka:FastColdCard","floor":19},{"not_picked":["Magicka:TeleportCard"],"picked":"SKIP","floor":28},{"not_picked":[],"picked":"Magicka:CreatePoisonCard","floor":29},{"not_picked":[],"picked":"Magicka:WalkBackwardsCard","floor":31}],"player_experience":83342,"relics_obtained":[{"floor":9,"key":"Potion Belt"},{"floor":10,"key":"Bag of Marbles"},{"floor":26,"key":"Toy Ornithopter"},{"floor":28,"key":"Replay:Ringing Soul"},{"floor":32,"key":"ReplayTheSpireMod:TigerMarble"}],"event_choices":[{"damage_healed":0,"gold_gain":0,"player_choice":"Leave","damage_taken":0,"max_hp_gain":0,"max_hp_loss":0,"event_name":"The Cleric","floor":4,"gold_loss":0},{"damage_healed":0,"gold_gain":0,"player_choice":"Take Damage","damage_taken":10,"relics_obtained":["Golden Idol"],"max_hp_gain":0,"max_hp_loss":0,"event_name":"Golden Idol","floor":11,"gold_loss":0},{"damage_healed":0,"gold_gain":0,"player_choice":"Obtained Relic","damage_taken":0,"relics_obtained":["WingedGreaves"],"max_hp_gain":0,"max_hp_loss":0,"event_name":"Addict","floor":20,"gold_loss":85},{"damage_healed":13,"gold_gain":0,"player_choice":"Heal","damage_taken":0,"max_hp_gain":0,"max_hp_loss":0,"event_name":"The Library","floor":22,"gold_loss":0}],"is_beta":false,"boss_relics":[{"not_picked":["Velvet Choker","Replay:Wanted Poster"],"picked":"Busted Crown"}],"items_purged_floors":[],"is_endless":false,"potions_floor_spawned":[1,10,13,14,29,31],"killed_by":"Champ","ascension_level":0}}