{"host":"h2977v3ax51ohsow","time":1612685838,"event":{"mods":["Act Like it!","BaseMod","Chen","Colored Powertips","Hallownest","KinomotoSakuraMod(Ä¾Ö®±¾Ó£)","Lobotomy","LobotomyExtend","Marisa£¨ìFÓê¡¡Ä§ÀíÉ³£©","Minty Spire (QoL Compilation)","Quick Restart","StSLib","noobMod"],"gold_per_floor":[110,128,128,159,159,159,200,121,148,177,193,0,3,50,50,163,163,194,157,157,157,157,157,189,224,224,224,152,164,198,240,240,342,342,357,517,531,566,386,386,386,431,431,465,494,526,466,466,466,466],"floor_reached":51,"language":"ZHS","playtime":4343,"items_purged":["Strike_MRS"],"score":961,"play_id":"8a5a884c-2c6b-4bf2-88ac-2917729dc495","local_time":"20210207161718","is_ascension_mode":true,"campfire_choices":[{"data":"OortCloud","floor":6.0,"key":"SMITH"},{"data":"MilkyWay","floor":15.0,"key":"SMITH"},{"data":"BlazingStar","floor":23,"key":"SMITH"},{"floor":32,"key":"RECALL"},{"floor":40,"key":"REST"},{"floor":49,"key":"REST"}],"circlet_count":0,"master_deck":["Strike_MRS","Strike_MRS","Strike_MRS","MasterSpark","UpSweep","NonDirectionalLaser","OortCloud+1","WitchOfGreed","Hallownest:skillLeafShield+1","Hallownest:skillLeafShield+1","Hallownest:skillLeafShield+1","Hallownest:skillLeafShield+1","PowerUp","IllusionStar+1","SuperPerseids","SuperPerseids","MilkyWay+1","PropBag","MilkyWay+1","BlazingStar+1","MysteriousBeam","ShootingEcho+1","Dazed","WitchLeyline","Dazed","Singularity","ShootingEcho","Acceleration","EscapeVelocity","MysteriousBeam+1","PowerUp+1","PowerUp+1","Singularity+1","Burn","Burn","MagicChant+1","AsteroidBelt+1","SprinkleStarSeal+1","BigCrunch","PropBag"],"relics":["MiniHakkero","ice","LetterFromLob","Hallownest:DreamNailRelic","War Paint","Omamori","Hallownest:BankAccountRelic","Potion Belt","SacredBark","TungstenRod","Dream Catcher","Runic Dome","Hallownest:GodTamersBeastRelic","Hallownest:StagBellRelic1","Strawberry","HandmadeGrimoire","PreservedInsect","Kunai","AmplifyWand","Gremlin Horn"],"acts_visited":["Hallownest:Greenpath","Hallownest:CityofTears","Hallownest:KingdomsEdge"],"potions_floor_usage":[24,24,29,30,33,33,36,36,36,36,37,44,46,50,51,51,51],"damage_taken":[{"damage":6.0,"enemies":"Hallownest:2_Tiktiks_and_1_Crawlid","floor":1.0,"turns":3.0},{"damage":0.0,"enemies":"Hallownest:2_Baldur","floor":2.0,"turns":4.0},{"damage":0.0,"enemies":"Hallownest:2_MossCreeps","floor":4.0,"turns":5.0},{"damage":7.0,"enemies":"Hallownest:eliteMossKnight","floor":7.0,"turns":8.0},{"damage":0.0,"enemies":"Hallownest:monsterAspidMother","floor":10.0,"turns":4.0},{"damage":0.0,"enemies":"Hallownest:Guard_and_Warrior","floor":11.0,"turns":3.0},{"damage":0.0,"enemies":"Hallownest:eliteCrystalGuardian","floor":14.0,"turns":5.0},{"damage":12.0,"enemies":"Hallownest:BossHornet","floor":16.0,"turns":9.0},{"damage":8,"enemies":"Hallownest:Flukemon_and_Top","floor":18,"turns":6},{"damage":18,"enemies":"Hallownest:eliteSoulWarrior","floor":24,"turns":4},{"damage":1,"enemies":"Hallownest:3_Youths","floor":25,"turns":6},{"damage":9,"enemies":"Hallownest:3_Mistakes","floor":29,"turns":5},{"damage":0,"enemies":"Hallownest:Warrior_and_Youth","floor":30,"turns":4},{"damage":3,"enemies":"Hallownest:Nosk","floor":31,"turns":7},{"damage":22,"enemies":"Hallownest:BossMantisLord","floor":33,"turns":5},{"damage":21,"enemies":"Hallownest:2_Littles","floor":35,"turns":5},{"damage":5,"enemies":"Hallownest:2_Littles","floor":36,"turns":4},{"damage":9,"enemies":"Hallownest:2_Littles","floor":36,"turns":4},{"damage":27,"enemies":"Hallownest:2_Littles","floor":36,"turns":5},{"damage":0,"enemies":"Hallownest:2_Littles","floor":36,"turns":2},{"damage":19,"enemies":"Hallownest:3_Siblings","floor":37,"turns":4},{"damage":9,"enemies":"Hallownest:2_Great","floor":38,"turns":5},{"damage":40,"enemies":"Hallownest:eliteHiveKnight","floor":42,"turns":7},{"damage":14,"enemies":"Hallownest:Xero_Hu_Marmu","floor":44,"turns":3},{"damage":0,"enemies":"Hallownest:2_Wandering_and_1_Horned","floor":45,"turns":6},{"damage":0,"enemies":"Hallownest:eliteCollector","floor":46,"turns":4},{"damage":2,"enemies":"Hallownest:BossGreyPrinceZote","floor":50,"turns":3},{"damage":40,"enemies":"Malkuth","floor":51,"turns":14},{"damage":91,"enemies":"Hod","floor":51,"turns":10},{"damage":182,"enemies":"Tiphereth","floor":51,"turns":11},{"damage":47,"enemies":"Hokma","floor":51,"turns":9},{"damage":153,"enemies":"Angela","floor":51,"turns":7}],"seed_played":"7365851095519240207","potions_obtained":[{"floor":1.0,"key":"LiquidMemories"},{"floor":4.0,"key":"FearPotion"},{"floor":7.0,"key":"Weak Potion"},{"floor":7.0,"key":"SkillPotion"},{"floor":14.0,"key":"BlessingOfTheForge"},{"floor":14.0,"key":"EntropicBrew"},{"floor":16.0,"key":"FearPotion"},{"floor":18,"key":"SteroidPotion"},{"floor":25,"key":"Explosive Potion"},{"floor":25,"key":"Fire Potion"},{"floor":30,"key":"Strength Potion"},{"floor":31,"key":"SpeedPotion"},{"floor":31,"key":"DistilledChaos"},{"floor":33,"key":"SmokeBomb"},{"floor":38,"key":"BottledSpark"},{"floor":38,"key":"CultistPotion"},{"floor":42,"key":"AttackPotion"},{"floor":42,"key":"BottledSpark"},{"floor":44,"key":"Dexterity Potion"},{"floor":46,"key":"Strength Potion"}],"is_trial":false,"path_per_floor":["M","M","?","M","?","R","E","$","T","M","M","?","$","E","R","B",null,"M","$","?","?","?","R","E","M","T","?","$","M","M","E","R","B",null,"M","?","M","M","?","R","?","E","T","M","M","E","?","T","R","B",null],"character_chosen":"MARISA","items_purchased":["SuperPerseids","PropBag","ShootingEcho","MysteriousBeam","Singularity"],"campfire_rested":2,"item_purchase_floors":[8,13,19,19,28],"current_hp_per_floor":[69,69,69,69,69,69,62,62,62,62,62,62,62,62,62,50,75,67,67,67,75,75,75,57,56,56,75,75,66,66,63,63,41,75,54,13,62,53,53,76,76,43,43,29,29,29,39,39,69,67],"gold":466,"neow_bonus":"THREE_CARDS","is_daily":false,"chose_seed":false,"campfire_upgraded":3,"win_rate":0.0,"timestamp":1612685838,"path_taken":["M","M","?","M","?","R","E","$","T","M","?","?","?","E","R","BOSS","M","$","?","?","?","R","E","M","T","?","$","?","M","E","R","BOSS","M","?","M","?","?","R","?","E","T","?","M","E","?","?","R","BOSS"],"items_purchased_type":["Card","Card","Card","Card","Card"],"build_version":"2020-12-22","purchased_purges":1,"victory":true,"max_hp_per_floor":[75,75,75,75,75,75,75,75,75,75,75,75,75,75,75,75,75,75,75,75,75,75,75,75,75,75,75,75,75,75,75,75,75,75,75,75,76,78,78,78,78,92,92,95,100,102,102,102,102,122],"card_choices":[{"not_picked":["GravityBeat","DoubleSpark"],"picked":"NonDirectionalLaser","floor":0.0},{"not_picked":["UnstableBomb","DoubleSpark"],"picked":"OortCloud","floor":1.0},{"not_picked":["DarkMatter","MeteoricShower"],"picked":"WitchOfGreed","floor":2.0},{"not_picked":["AsteroidBelt","WitchOfGreed"],"picked":"PowerUp","floor":4.0},{"not_picked":["NonDirectionalLaser","ChargingUp"],"picked":"IllusionStar","floor":7.0},{"not_picked":["GravityBeat","MachineGunSpark"],"picked":"SuperPerseids","floor":10.0},{"not_picked":["6A","PowerUp"],"picked":"MilkyWay","floor":11.0},{"not_picked":["MeteoricShower","IllusionStar"],"picked":"MilkyWay","floor":14.0},{"not_picked":["MillisecondPulsars","FinalSpark"],"picked":"BlazingStar","floor":16.0},{"not_picked":["RefractionSpark","LuminesStrike"],"picked":"MysteriousBeam","floor":18},{"not_picked":["MagicChant+1","AlicesGift+1"],"picked":"WitchLeyline","floor":24},{"not_picked":["StarlightTyphoon","WitchLeyline"],"picked":"GasGiant","floor":25},{"not_picked":["DarkSpark","Occultation","GalacticHalo"],"picked":"SKIP","floor":29},{"not_picked":["RefractionSpark","AsteroidBelt"],"picked":"ShootingEcho","floor":30},{"not_picked":["MagicAbsorber","WitchOfGreed"],"picked":"Acceleration","floor":31},{"not_picked":["MillisecondPulsars","StarDustReverie"],"picked":"EscapeVelocity","floor":33},{"not_picked":["EnergyRecoil","AsteroidBelt"],"picked":"MysteriousBeam+1","floor":35},{"not_picked":["GrandCross+1","MilkyWay"],"picked":"PowerUp+1","floor":37},{"not_picked":["StarlightTyphoon+1","EnergyFlow"],"picked":"PowerUp+1","floor":38},{"not_picked":["ShootingEcho","RefractionSpark+1"],"picked":"Singularity+1","floor":40},{"not_picked":["DragonMeteor+1","GrandCross"],"picked":"MagicChant+1","floor":42},{"not_picked":["Singularity","WitchOfGreed+1"],"picked":"AsteroidBelt+1","floor":44},{"not_picked":["GravityBeat+1","StarBarrage"],"picked":"SprinkleStarSeal+1","floor":45},{"not_picked":["GrandCross","AsteroidBelt+1"],"picked":"BigCrunch","floor":46},{"not_picked":["DoubleSpark","Acceleration"],"picked":"PropBag","floor":49}],"player_experience":123979,"relics_obtained":[{"floor":1.0,"key":"LetterFromLob"},{"floor":7.0,"key":"War Paint"},{"floor":9.0,"key":"Omamori"},{"floor":14.0,"key":"Potion Belt"},{"floor":24,"key":"TungstenRod"},{"floor":31,"key":"Dream Catcher"},{"floor":42,"key":"Strawberry"},{"floor":43,"key":"HandmadeGrimoire"},{"floor":46,"key":"PreservedInsect"},{"floor":48,"key":"Kunai"}],"event_choices":[],"is_beta":false,"boss_relics":[{"not_picked":["Runic Pyramid","Fusion Hammer"],"picked":"SacredBark"},{"not_picked":["Coffee Dripper","Velvet Choker"],"picked":"Runic Dome"}],"items_purged_floors":[28],"is_endless":false,"potions_floor_spawned":[1,7,14,25,31,33,36,36,38,42,44,46],"ascension_level":1}}