{"host":"08z5bj28eube4vug","time":1612677955,"event":{"mods":["100% Spire Juice","2.2 Compatiblity","Abigail Mod","Act Like it!","BaseMod","Beaked The Cultist","Bestiary","Friendly Minions","Gensokyo","GungeonMod","Hallownest","Kiyohime????","Koishi","Lobotomy","Marisa????????","Minty Spire (QoL Compilation)","Prisma Mod","Remilia??????","Replay The Spire","Spire Arcade","StSLib","Td1madao Mod","The Alterego","The Bug Knight","The Jungle","The Sage","The Senshi","The Servant 0.9.4","Waifu the Spire","WarShipGirlsR/????R mod","Yuri Mod"],"gold_per_floor":[119,14,76,76,76,76,107,107,107,153,177,189,219,243,255,366,478,501,393,405,417,429,474,486,518,530,422,434,466,478,505,517,625,517,548,570,582,594,606,644,656,545,545,545,563,443,488,508,508,508],"floor_reached":51,"language":"ENG","playtime":2902,"items_purged":["Wraith"],"score":781,"play_id":"7c5cff0b-0c25-435e-88c8-092877195a54","local_time":"20210207090555","is_ascension_mode":true,"campfire_choices":[{"data":"Moonworks:RagingMadness","floor":6,"key":"SMITH"},{"data":"Moonworks:ShieldCounter","floor":8,"key":"SMITH"},{"data":"Moonworks:RocketCannon","floor":15,"key":"SMITH"},{"data":"Moonworks:AnotherUltimateWeapon","floor":24,"key":"SMITH"},{"data":"Moonworks:UnpaidWork","floor":27,"key":"SMITH"},{"data":"Moonworks:DevilHand","floor":30,"key":"SMITH"},{"data":"Moonworks:Wanted","floor":32,"key":"SMITH"},{"data":"Moonworks:MetallicMonocoque","floor":41,"key":"SMITH"},{"data":"Moonworks:ShieldCounter","floor":46,"key":"SMITH"},{"data":"Moonworks:MeltingMemories","floor":49,"key":"SMITH"}],"circlet_count":0,"master_deck":["Moonworks:Defend","Moonworks:Defend","Moonworks:Defend","Moonworks:Defend","Moonworks:Ambush+1","Moonworks:LongDistanceShot","Moonworks:NicePresent","Moonworks:IndiscriminateFireSupport+1","Moonworks:RagingMadness+1","Moonworks:SakisCookie","Moonworks:ShieldCounter+1","Moonworks:ImOnFire","Moonworks:SakisCookie","Moonworks:RocketCannon+1","Moonworks:DevilHand+1","Moonworks:AnotherUltimateWeapon+1","Moonworks:IndiscriminateFireSupport+1","Bite","Bite","Bite","Bite","Bite","Wrath_TH","EndlessPower","Moonworks:UnpaidWork+1","Moonworks:Wanted+1","Moonworks:SakisCookie+1","Moonworks:LulusLuckyEgg","Moonworks:ShieldCounter+1","Moonworks:Dash+1","Moonworks:UnpaidWork","Moonworks:MetallicMonocoque+1","Moonworks:StiffCrystal","Moonworks:EvilSpyWorkPreparation+1","Parasite","Moonworks:MeltingMemories+1"],"relics":["Moonworks:BrokenBomb","Moonworks:Homemark","theSenshi:FeatherClipsRelic","MawBank","Bag of Preparation","Replay:Wanted Poster","Onion Ring","Darkstone Periapt","theSenshi:MoonKaleidoScopeRelic","Durian","Turnip","Blue Doll","FossilizedHelix"],"acts_visited":["Exordium","TheCity","TheBeyond"],"potions_floor_usage":[10,25,33,48,50,50],"damage_taken":[{"damage":0.0,"enemies":"2 Louse","floor":1.0,"turns":2.0},{"damage":14,"enemies":"3 Sentries","floor":7,"turns":3},{"damage":17,"enemies":"Lagavulin","floor":10,"turns":4},{"damage":5,"enemies":"Jaw Worm","floor":11,"turns":3},{"damage":5,"enemies":"Small Slimes","floor":13,"turns":2},{"damage":0,"enemies":"Blue Slaver","floor":14,"turns":2},{"damage":25,"enemies":"The Guardian","floor":16,"turns":8},{"damage":4,"enemies":"Chosen","floor":18,"turns":4},{"damage":16,"enemies":"HollowMod:Nosk","floor":23,"turns":3},{"damage":6,"enemies":"Shell Parasite","floor":25,"turns":3},{"damage":5,"enemies":"Snecko","floor":29,"turns":3},{"damage":16,"enemies":"Centurion and Healer","floor":31,"turns":4},{"damage":36,"enemies":"Collector","floor":33,"turns":5},{"damage":6,"enemies":"3 Darklings","floor":35,"turns":3},{"damage":8,"enemies":"3 Shapes","floor":36,"turns":3},{"damage":27,"enemies":"HollowMod:StalkingDevout","floor":40,"turns":5},{"damage":0,"enemies":"3 Darklings","floor":45,"turns":2},{"damage":21,"enemies":"2 Orb Walkers","floor":47,"turns":4},{"damage":12,"enemies":"Writhing Mass","floor":48,"turns":6},{"damage":30,"enemies":"Donu and Deca","floor":50,"turns":5}],"seed_played":"-4929594511628464912","potions_obtained":[{"floor":7,"key":"LiquidMemories"},{"floor":10,"key":"AttackPotion"},{"floor":16,"key":"AttackPotion"},{"floor":18,"key":"Swift Potion"},{"floor":45,"key":"sagemod:Wine"},{"floor":47,"key":"PowerPotion"}],"is_trial":false,"path_per_floor":["M","$","?","?","?","R","E","R","T","E","M","?","M","M","R","B",null,"M","?","?","?","$","E","R","M","T","R","$","M","R","M","R","B",null,"M","M","$","?","T","E","R","$","T","?","M","R","?","M","R","B",null],"character_chosen":"THE_STARBREAKER","items_purchased":["Moonworks:IndiscriminateFireSupport+1","Moonworks:RagingMadness","DemoMod:LeadSkinPotion"],"campfire_rested":0,"item_purchase_floors":[2,2,42],"current_hp_per_floor":[60,60,60,60,60,60,46,46,46,35,36,36,37,45,45,26,60,60,60,42,42,42,34,34,38,38,38,38,42,42,42,42,21,42,42,42,42,48,53,39,39,39,39,39,47,47,39,48,48,29],"gold":508,"neow_bonus":"UPGRADE_CARD","is_daily":false,"chose_seed":false,"campfire_upgraded":10,"win_rate":0.0,"timestamp":1612677955,"path_taken":["M","$","?","?","?","R","E","R","T","E","?","?","M","M","R","BOSS","M","?","?","?","?","E","R","M","T","R","$","M","R","M","R","BOSS","M","?","$","?","?","E","R","$","T","?","M","R","?","M","R","BOSS"],"items_purchased_type":["Card","Card","Undefined"],"build_version":"2020-12-22","purchased_purges":1,"victory":true,"max_hp_per_floor":[60,60,60,60,60,60,60,60,60,60,60,60,60,60,60,60,60,60,60,42,42,42,42,42,42,42,42,42,42,42,42,42,42,42,42,42,42,48,53,53,53,53,53,53,53,53,53,59,59,59],"card_choices":[{"not_picked":["Moonworks:BackdoorTrade","Moonworks:FinalSurgery"],"picked":"Moonworks:NicePresent","floor":1.0},{"not_picked":[],"picked":"Moonworks:SakisCookie","floor":4},{"not_picked":["Moonworks:DeployBits","Moonworks:IndiscriminateFireSupport"],"picked":"Moonworks:ShieldCounter","floor":7},{"not_picked":["Moonworks:JonathanRush","Moonworks:Assault"],"picked":"Moonworks:ImOnFire","floor":10},{"not_picked":["Moonworks:MiracleRedBeanIceCream","Moonworks:IndiscriminateFireSupport"],"picked":"Moonworks:SakisCookie","floor":11},{"not_picked":["Moonworks:Dash","Moonworks:CloudOfSeagulls"],"picked":"Moonworks:RocketCannon","floor":13},{"not_picked":["Moonworks:NicePresent","Moonworks:SelfDestruct"],"picked":"Moonworks:DevilHand","floor":14},{"not_picked":["Moonworks:CrystalBarrier","Moonworks:LeapThroughSpace"],"picked":"Moonworks:AnotherUltimateWeapon","floor":16},{"not_picked":["Moonworks:DeployBits+1","Moonworks:NicePresent"],"picked":"Moonworks:IndiscriminateFireSupport+1","floor":18},{"not_picked":["Moonworks:ReproductionOfRecords","Moonworks:Dash"],"picked":"Moonworks:UnpaidWork","floor":23},{"not_picked":["Moonworks:IndiscriminateFireSupport","Moonworks:SakisCookie"],"picked":"Moonworks:Wanted","floor":25},{"not_picked":["Moonworks:Poppoformation","Moonworks:LulusLuckyEgg"],"picked":"Moonworks:SakisCookie+1","floor":29},{"not_picked":["Moonworks:NicePresent","Moonworks:BigMagnum"],"picked":"Moonworks:LulusLuckyEgg","floor":31},{"not_picked":["Moonworks:SubspaceTunnel","Moonworks:SinkOrSwim"],"picked":"Moonworks:ShieldCounter","floor":33},{"not_picked":["Moonworks:UnluckyCharm+1","Moonworks:AngelHand+1"],"picked":"Moonworks:Dash+1","floor":35},{"not_picked":["Moonworks:Assault+1","Moonworks:Flamethrower+1"],"picked":"Moonworks:UnpaidWork","floor":36},{"not_picked":["Moonworks:NicePresent","Moonworks:DeployBits"],"picked":"Moonworks:MetallicMonocoque","floor":40},{"not_picked":["Moonworks:EvilSpyWorkPreparation","Moonworks:Assault+1"],"picked":"Moonworks:StiffCrystal","floor":45},{"not_picked":["Moonworks:Assault+1","Moonworks:BeyondHell"],"picked":"Moonworks:EvilSpyWorkPreparation+1","floor":47},{"not_picked":["Moonworks:UnpaidWork","Moonworks:SakisCookie"],"picked":"Moonworks:MeltingMemories","floor":48}],"player_experience":888539,"relics_obtained":[{"floor":7,"key":"theSenshi:FeatherClipsRelic"},{"floor":9,"key":"MawBank"},{"floor":10,"key":"Bag of Preparation"},{"floor":23,"key":"Onion Ring"},{"floor":26,"key":"Darkstone Periapt"},{"floor":39,"key":"Durian"},{"floor":40,"key":"Turnip"},{"floor":43,"key":"Blue Doll"},{"floor":47,"key":"FossilizedHelix"}],"event_choices":[{"damage_healed":0.0,"max_hp_gain":0.0,"max_hp_loss":0.0,"gold_gain":62.0,"event_name":"Golden Wing","player_choice":"Gained Gold","floor":3.0,"gold_loss":0.0,"damage_taken":0.0},{"damage_healed":0,"gold_gain":0,"player_choice":"Cursed","damage_taken":0,"max_hp_gain":0,"max_hp_loss":0,"event_name":"Wheel of Change","floor":5,"gold_loss":0,"cards_obtained":["Decay"]},{"cards_removed":["Decay"],"damage_healed":0,"gold_gain":0,"player_choice":"Purged","damage_taken":0,"max_hp_gain":0,"max_hp_loss":0,"event_name":"Purifier","floor":12,"gold_loss":0},{"damage_healed":0,"gold_gain":0,"player_choice":"Read","damage_taken":0,"max_hp_gain":0,"max_hp_loss":0,"event_name":"The Library","floor":19,"gold_loss":0,"cards_obtained":["Moonworks:NicePresent"]},{"damage_healed":0,"gold_gain":0,"player_choice":"Became a vampire","damage_taken":0,"max_hp_gain":0,"max_hp_loss":18,"event_name":"Vampires","floor":20,"gold_loss":0,"cards_obtained":["Bite","Bite","Bite","Bite","Bite"]},{"damage_healed":0,"gold_gain":0,"player_choice":"Ignored","damage_taken":0,"max_hp_gain":0,"max_hp_loss":0,"event_name":"OrinTheCat","floor":38,"gold_loss":0},{"cards_removed":["Moonworks:NicePresent"],"damage_healed":0,"gold_gain":0,"player_choice":"Removed Skill","damage_taken":0,"max_hp_gain":0,"max_hp_loss":0,"event_name":"Falling","floor":44,"gold_loss":0},{"damage_healed":0,"gold_gain":0,"player_choice":"Fight","damage_taken":0,"max_hp_gain":0,"max_hp_loss":0,"event_name":"Mysterious Sphere","floor":47,"gold_loss":0}],"is_beta":false,"boss_relics":[{"not_picked":["SlaversCollar","Abe\u0027s Treasure"],"picked":"Replay:Wanted Poster"},{"not_picked":["SacredBark","Replay:Fungal Core"],"picked":"theSenshi:MoonKaleidoScopeRelic"}],"items_purged_floors":[42],"is_endless":false,"potions_floor_spawned":[7,10,16,18,45,47],"ascension_level":1}}