{"host":"o4p7qgaf1xspajzr","time":1612659285,"event":{"mods":["BaseMod","Block Reminder","Colored Map","Infinite Spire","Minty Spire (QoL Compilation)","Replay The Spire","StSLib","The Jungle"],"gold_per_floor":[109,159,159,172,34,67,67,77,77,89,89,105,105,117,117,117,117],"floor_reached":16,"language":"ENG","playtime":380,"items_purged":[],"score":165,"play_id":"5b9286a0-0eb8-4344-9657-3fe50625c2b9","local_time":"20210207005445","is_ascension_mode":true,"campfire_choices":[{"data":"Dagger Spray","floor":11,"key":"SMITH"},{"floor":13,"key":"REST"},{"data":"Defend_G","floor":15,"key":"PURGE"}],"circlet_count":0,"master_deck":["Strike_G","Strike_G","Strike_G","Strike_G","Defend_G","Defend_G","Defend_G","Defend_G","Survivor","Neutralize","Dagger Spray+1","Acrobatics","Infinite Blades","Sucker Punch","Finisher","Footwork","Dagger Spray","Slice"],"relics":["Ring of the Snake","NeowsBlessing","infinitespire:PuzzleCube","infinitespire:Bottled Soul"],"acts_visited":["Exordium"],"potions_floor_usage":[5,14,16],"damage_taken":[{"damage":0,"enemies":"Small Slimes","floor":1,"turns":1},{"damage":0,"enemies":"2 Louse","floor":4,"turns":1},{"damage":0,"enemies":"Gremlin Nob","floor":6,"turns":1},{"damage":12,"enemies":"Jaw Worm","floor":8,"turns":3},{"damage":8,"enemies":"Blue Slaver","floor":10,"turns":3},{"damage":22,"enemies":"Exordium Thugs","floor":12,"turns":4},{"damage":17,"enemies":"Large Slime","floor":14,"turns":4},{"damage":1,"enemies":"Slime Boss","floor":16,"turns":7}],"seed_played":"-2096362176649478662","potions_obtained":[{"floor":2,"key":"FairyPotion"},{"floor":2,"key":"GhostInAJar"},{"floor":2,"key":"Milkshake"},{"floor":12,"key":"SkillPotion"}],"is_trial":false,"path_per_floor":["M","?","?","M","$","E","?","M","T","M","R","M","R","M","R_BF","B"],"character_chosen":"THE_SILENT","items_purchased":["Infinite Blades","Fruit Juice"],"campfire_rested":1,"item_purchase_floors":[5,5],"current_hp_per_floor":[63,46,46,46,51,51,51,39,39,31,31,9,31,14,14,13,13],"gold":117,"neow_bonus":"THREE_ENEMY_KILL","is_daily":false,"chose_seed":false,"campfire_upgraded":1,"win_rate":0.0,"timestamp":1612659285,"path_taken":["M","?","?","M","$","E","?","M","T","?","R","M","R","M","R_BF","BOSS"],"items_purchased_type":["Card","Potion"],"build_version":"2020-12-22","purchased_purges":0,"victory":false,"max_hp_per_floor":[70,70,70,70,75,75,75,75,75,75,75,75,75,75,75,75,75],"card_choices":[{"not_picked":["Deadly Poison","Outmaneuver"],"picked":"Dagger Spray","floor":1},{"not_picked":["Slice","Poisoned Stab"],"picked":"Acrobatics","floor":2},{"not_picked":["Predator","Distraction","All Out Attack"],"picked":"SKIP","floor":4},{"not_picked":["Skewer","Setup"],"picked":"Sucker Punch","floor":6},{"not_picked":["Escape Plan","Hidden Blade"],"picked":"Footwork","floor":8},{"not_picked":["Poisoned Stab","ReplayTheSpireMod:Exploit Weakness"],"picked":"Dagger Spray","floor":10},{"not_picked":["Wraith Form v2","Hidden Blade"],"picked":"Slice","floor":12},{"not_picked":["ReplayTheSpireMod:The Works","Outmaneuver","Deadly Poison"],"picked":"SKIP","floor":14}],"player_experience":220967,"relics_obtained":[{"floor":6,"key":"infinitespire:PuzzleCube"},{"floor":9,"key":"infinitespire:Bottled Soul"}],"event_choices":[{"damage_healed":0,"gold_gain":0,"cards_transformed":["Strike_G"],"player_choice":"Transformed","damage_taken":0,"max_hp_gain":0,"max_hp_loss":0,"event_name":"Transmorgrifier","floor":7,"gold_loss":0,"cards_obtained":["Finisher"]}],"is_beta":false,"boss_relics":[],"items_purged_floors":[],"is_endless":false,"potions_floor_spawned":[12],"killed_by":"Slime Boss","ascension_level":6}}