{"host":"suqmajakvhw61agv","time":1612706754,"event":{"mods":["AchievementEnabler","BaseMod","Hubris","Minty Spire (QoL Compilation)","Replay The Spire","StSLib","The Mystic"],"gold_per_floor":[114,114,114,114,128,157,157,157,157,187,206,217,217,234,234,331,431,442,622,632,263,263,295,308,308,308],"floor_reached":25,"language":"ENG","playtime":3191,"items_purged":["Strike_G"],"score":243,"play_id":"606e46df-8b27-4926-846c-88c051742e21","local_time":"20210207160554","is_ascension_mode":true,"campfire_choices":[{"data":"After Image","floor":7,"key":"SMITH"},{"floor":13,"key":"REST"}],"circlet_count":0,"master_deck":["Strike_G","Strike_G","Strike_G","Strike_G","Defend_G","Defend_G","Defend_G","Defend_G","Survivor","Neutralize","After Image+1","Cloak And Dagger","Escape Plan","Backflip","Poisoned Stab","Deadly Poison+1","Acrobatics","Finesse","ReplayTheSpireMod:The Works","Infinite Blades","Prepared","Expertise","Underhanded Strike+1"],"relics":["Ring of the Snake","ReplayFunnel","Regal Pillow","The Courier","Replay:Wanted Poster","Replay:Mystery Machine","ReplayTheSpireMod:TigerMarble","Bronze Scales"],"acts_visited":["Exordium","TheCity"],"potions_floor_usage":[10,16,20],"damage_taken":[{"damage":0,"enemies":"Cultist","floor":1,"turns":4},{"damage":0,"enemies":"2 Louse","floor":5,"turns":3},{"damage":13,"enemies":"3 Sentries","floor":6,"turns":12},{"damage":25,"enemies":"Gremlin Nob","floor":10,"turns":7},{"damage":3,"enemies":"Small Slimes","floor":11,"turns":4},{"damage":0,"enemies":"3 Louse","floor":12,"turns":5},{"damage":1,"enemies":"Large Slime","floor":14,"turns":11},{"damage":20,"enemies":"Fading Forest","floor":16,"turns":11},{"damage":0,"enemies":"Shell Parasite","floor":18,"turns":5},{"damage":1,"enemies":"2 Thieves","floor":20,"turns":5},{"damage":5,"enemies":"Replay:Snechameleon","floor":23,"turns":9},{"damage":19,"enemies":"3 Cultists","floor":24,"turns":8},{"damage":4,"enemies":"Gremlin Leader","floor":25,"turns":2}],"seed_played":"6788000906108896697","potions_obtained":[{"floor":1,"key":"Strength Potion"},{"floor":10,"key":"Flashbang"},{"floor":14,"key":"Elixir"},{"floor":18,"key":"BlessingOfTheForge"}],"is_trial":false,"path_per_floor":["M","?","?","?","M","E","R","?","T","E","M","M","R","M","R","B",null,"M","?","M","$","?","E","M","E"],"character_chosen":"THE_SILENT","items_purchased":["Replay:Mystery Machine","Infinite Blades","ReplayTheSpireMod:TigerMarble"],"campfire_rested":1,"item_purchase_floors":[21,21,21],"current_hp_per_floor":[49,37,30,53,53,40,40,40,40,15,12,12,48,47,70,62,70,70,45,44,44,44,39,20,16,16],"gold":308,"neow_bonus":"THREE_RARE_CARDS","is_daily":false,"chose_seed":false,"campfire_upgraded":1,"win_rate":0.0,"timestamp":1612706754,"path_taken":["M","?","?","?","M","E","R","?","T","E","M","M","R","M","R","BOSS","M","?","?","$","?","E","M","E"],"items_purchased_type":["Relic","Card","Relic"],"build_version":"2020-12-22","purchased_purges":1,"victory":false,"max_hp_per_floor":[70,70,70,70,70,70,70,70,70,70,70,70,70,70,70,70,70,70,70,70,70,70,70,70,70,70],"card_choices":[{"not_picked":["Night Terror","Storm of Steel"],"picked":"After Image","floor":0},{"not_picked":["Replay:Poison Smokescreen","Poisoned Stab"],"picked":"Cloak And Dagger","floor":1},{"not_picked":["Well Laid Plans","Terror","Dagger Spray"],"picked":"SKIP","floor":5},{"not_picked":["Flying Knee","Slice"],"picked":"Escape Plan","floor":6},{"not_picked":["Unload","Sucker Punch","A Thousand Cuts"],"picked":"SKIP","floor":10},{"not_picked":["ReplayTheSpireMod:The Works","Dagger Throw"],"picked":"Backflip","floor":11},{"not_picked":["Bane","PiercingWail"],"picked":"Poisoned Stab","floor":12},{"not_picked":["hubris:TrickCloak","hubris:SlightOfHand"],"picked":"Deadly Poison","floor":14},{"not_picked":["Outmaneuver","ReplayTheSpireMod:Speed Training+1"],"picked":"Acrobatics","floor":18},{"not_picked":["Outmaneuver+1","Toxin Wave"],"picked":"ReplayTheSpireMod:The Works","floor":20},{"not_picked":["ReplayTheSpireMod:Exploit Weakness+1","Venomology"],"picked":"Expertise","floor":23},{"not_picked":["PiercingWail","Riddle With Holes"],"picked":"Underhanded Strike+1","floor":24}],"player_experience":84250,"relics_obtained":[{"floor":6,"key":"Regal Pillow"},{"floor":10,"key":"The Courier"},{"floor":23,"key":"Bronze Scales"}],"event_choices":[{"damage_healed":0,"gold_gain":0,"player_choice":"Success","damage_taken":12,"relics_obtained":["ReplayFunnel"],"max_hp_gain":0,"max_hp_loss":0,"event_name":"Scrap Ooze","floor":2,"gold_loss":0},{"cards_removed":["Defend_G"],"damage_healed":0,"gold_gain":0,"player_choice":"Card Removal","damage_taken":7,"max_hp_gain":0,"max_hp_loss":0,"event_name":"Golden Wing","floor":3,"gold_loss":0},{"damage_healed":23,"gold_gain":0,"player_choice":"Banana","damage_taken":0,"max_hp_gain":0,"max_hp_loss":0,"event_name":"Big Fish","floor":4,"gold_loss":0},{"damage_healed":0,"gold_gain":0,"player_choice":"Ignored","damage_taken":0,"max_hp_gain":0,"max_hp_loss":0,"event_name":"Liars Game","floor":8,"gold_loss":0},{"damage_healed":0,"gold_gain":180,"player_choice":"GOLD CARD GOLD ","damage_taken":25,"max_hp_gain":0,"max_hp_loss":0,"event_name":"Knowing Skull","floor":19,"potions_obtained":[],"gold_loss":0,"cards_obtained":["Finesse"]},{"damage_healed":0,"gold_gain":0,"player_choice":"Read","damage_taken":0,"max_hp_gain":0,"max_hp_loss":0,"event_name":"The Library","floor":22,"gold_loss":0,"cards_obtained":["Prepared"]}],"is_beta":false,"boss_relics":[{"not_picked":["hubris:GrandSneckoEye","Replay:Ancient Bell"],"picked":"Replay:Wanted Poster"}],"items_purged_floors":[21],"is_endless":false,"potions_floor_spawned":[1,10,14,18],"killed_by":"Gremlin Leader","ascension_level":1}}