{"host":"8d3fefv2347kqkpz","time":1612738922,"event":{"mods":["AchievementEnabler","Act Like it!","Aspiration","BaseMod","Better Vampires","Colored Map","Colored Powertips","Conspire","Downfall","GifTheSpireLib","Highlight Path","Hubris","Mimic Mod","Minty Spire (QoL Compilation)","Quick Restart","Rare Cards Sparkle","Relic Stats","Replay The Spire","Spicy Shops","StSLib","The Jungle","Waifu the Spire"],"gold_per_floor":[99,109,127,141,39,39,39,52,79,179,191,207,207,221,235,337,337,337,52,52,62,62,62,88,88,88,107,107,107,107],"floor_reached":28,"language":"ZHS","playtime":1542,"items_purged":[],"score":210,"play_id":"46d4313f-d491-4e3e-9fcd-069f9205aabf","local_time":"20210208070202","is_ascension_mode":false,"campfire_choices":[{"data":"hexamod:Sear","floor":1.0,"key":"SMITH"},{"floor":13,"key":"REST"},{"data":"expansioncontent:AwakenDeath","floor":18,"key":"SMITH"},{"data":"expansioncontent:StudyTheSpire","floor":23,"key":"SMITH"}],"circlet_count":0,"master_deck":["hexamod:Strike","hexamod:Strike","hexamod:Strike","hexamod:Defend","hexamod:Defend","hexamod:Defend","hexamod:Defend","hexamod:Sear+1","hexamod:Float","hexamod:ThermalTransfer","hexamod:BurningTouch","hexamod:ChargedBarrage","hexamod:ExtraCrispy","expansioncontent:AwakenDeath+1","hexamod:PhantomCloak","hexamod:HeatCrush","hexamod:RainOfEmbers","hexamod:WildfireWeapon","hexamod:SkipABeat","hexamod:ExtraCrispy","expansioncontent:StudyTheSpire+1","hexamod:DynamicBlow+1","hexamod:SkipABeat","hexamod:ThirdSeal"],"relics":["hexamod:SpiritBrand","hubris:CrystalStatue","Velvet Choker","Art of War","MutagenicStrength"],"acts_visited":["Exordium","TheCity"],"potions_floor_usage":[14,16,16,27],"damage_taken":[{"damage":0.0,"enemies":"2 Louse","floor":2.0,"turns":4.0},{"damage":0.0,"enemies":"Small Slimes","floor":3.0,"turns":3.0},{"damage":1.0,"enemies":"Cultist","floor":4.0,"turns":3.0},{"damage":0.0,"enemies":"downfall:FleeingMerchant","floor":5.0,"turns":4.0},{"damage":9.0,"enemies":"3 Louse","floor":8.0,"turns":4.0},{"damage":47.0,"enemies":"3 Louse","floor":10.0,"turns":6.0},{"damage":5,"enemies":"Blue Slaver","floor":11,"turns":5},{"damage":6,"enemies":"Large Slime","floor":12,"turns":5},{"damage":4,"enemies":"2 Fungi Beasts","floor":14,"turns":5},{"damage":34,"enemies":"Exordium Wildlife","floor":15,"turns":7},{"damage":34,"enemies":"IC_STATUS_ARCHETYPE","floor":16,"turns":6},{"damage":10,"enemies":"downfall:FleeingMerchant","floor":19,"turns":4},{"damage":33,"enemies":"Spheric Guardian","floor":21,"turns":8},{"damage":0,"enemies":"Chosen","floor":25,"turns":1},{"damage":26,"enemies":"Snake Plant","floor":27,"turns":5},{"damage":59,"enemies":"Cultist and Chosen","floor":28,"turns":4}],"seed_played":"1950189848433890216","potions_obtained":[{"floor":4.0,"key":"bronze:BurnAndBuffPotion"},{"floor":8.0,"key":"Regen Potion"},{"floor":9.0,"key":"LiquidBronze"},{"floor":9.0,"key":"Block Potion"},{"floor":14,"key":"AttackPotion"},{"floor":16,"key":"Regen Potion"},{"floor":27,"key":"Fruit Juice"}],"is_trial":false,"path_per_floor":["R","M","M","M","$","?","T","M","?","?","M","M","R","M","M","B",null,"R","$","?","M","?","R","T","M","?","M","M"],"character_chosen":"THE_SPIRIT","items_purchased":["expansioncontent:AwakenDeath","hexamod:ExtraCrispy","expansioncontent:StudyTheSpire"],"campfire_rested":1,"item_purchase_floors":[5,19,19],"current_hp_per_floor":[77,77,77,76,76,76,76,67,48,1,20,14,37,33,20,21,77,77,67,67,34,34,34,34,34,34,13,0,0,0],"gold":107,"neow_bonus":"TEN_PERCENT_HP_BONUS","is_daily":false,"chose_seed":false,"campfire_upgraded":3,"win_rate":0.0,"timestamp":1612738922,"path_taken":["R","M","M","M","$","?","T","M","?","?","M","M","R","M","M","BOSS","R","$","?","M","?","R","T","M","?","M","M"],"items_purchased_type":["Card","Card","Card"],"build_version":"2020-12-22","purchased_purges":0,"victory":false,"max_hp_per_floor":[77,77,77,77,77,77,77,77,77,77,77,77,77,77,77,77,77,77,77,77,77,77,77,77,77,77,82,82,82,82],"relic_stats":{"counters":[16,74],"Art of War":[3],"obtain_stats":[{"downfall:BrokenWingStatue":6,"hubris:CrystalStatue":7,"MutagenicStrength":26,"Velvet Choker":17,"Art of War":24,"hexamod:SpiritBrand":0},{"downfall:BrokenWingStatue":4,"hubris:CrystalStatue":4,"MutagenicStrength":14,"Velvet Choker":11,"Art of War":13,"hexamod:SpiritBrand":0},{"downfall:BrokenWingStatue":14,"hubris:CrystalStatue":14,"MutagenicStrength":65,"Velvet Choker":52,"Art of War":64,"hexamod:SpiritBrand":0}]},"card_choices":[{"not_picked":["hexamod:InspiringFlames","hexamod:FourthSeal"],"picked":"hexamod:ThermalTransfer","floor":2.0},{"not_picked":["hexamod:GhostShield","hexamod:SpectralAdrenaline"],"picked":"hexamod:BurningTouch","floor":3.0},{"not_picked":["hexamod:GhostShield","hexamod:AdvancingGuard"],"picked":"hexamod:ChargedBarrage","floor":4.0},{"not_picked":["hexamod:Rewind","hexamod:CatchUp"],"picked":"hexamod:ExtraCrispy","floor":5.0},{"not_picked":["hexamod:Incineration","hexamod:GhostflameBarrier"],"picked":"hexamod:PhantomCloak","floor":8.0},{"not_picked":["hexamod:BacktrackSmack","hexamod:HeatMetal"],"picked":"hexamod:HeatCrush","floor":9.0},{"not_picked":["hexamod:Firestarter","hexamod:RetreatToShadows"],"picked":"hexamod:RainOfEmbers","floor":11},{"not_picked":["hexamod:GhostLash","hexamod:InspiringFlames","hexamod:SpectersWail"],"picked":"SKIP","floor":12},{"not_picked":["hexamod:HeatMetal","hexamod:HauntingEcho","hexamod:SwordOfDarkness"],"picked":"SKIP","floor":14},{"not_picked":["hexamod:BurningTouch","hexamod:NightmareStrike","hexamod:GhostShield"],"picked":"SKIP","floor":15},{"not_picked":["hexamod:GhostOfSpirePresent","hexamod:ParanormalForm"],"picked":"hexamod:WildfireWeapon","floor":16},{"not_picked":["hexamod:RetreatToShadows+1","hexamod:FastForward+1"],"picked":"hexamod:SkipABeat","floor":19},{"not_picked":["hexamod:HauntingEcho","hexamod:SwordOfDarkness"],"picked":"hexamod:DynamicBlow+1","floor":21},{"not_picked":["hexamod:HauntingEcho","hexamod:ChargedBarrage"],"picked":"hexamod:SkipABeat","floor":25},{"not_picked":["hexamod:SwordOfDarkness","hexamod:HauntingEcho"],"picked":"hexamod:ThirdSeal","floor":27}],"player_experience":297245,"relics_obtained":[{"floor":7.0,"key":"hubris:CrystalStatue"},{"floor":24,"key":"Art of War"}],"event_choices":[{"damage_healed":0,"gold_gain":0,"player_choice":"Inject Mutagens","damage_taken":0,"relics_obtained":["MutagenicStrength"],"max_hp_gain":0,"max_hp_loss":0,"event_name":"Drug Dealer","floor":26,"gold_loss":0}],"is_beta":false,"boss_relics":[{"not_picked":["Abe\u0027s Treasure","hubris:TerracottaHorce"],"picked":"Velvet Choker"}],"items_purged_floors":[],"is_endless":false,"potions_floor_spawned":[4,8,11,14,16,27],"killed_by":"Cultist and Chosen","ascension_level":0}}