{"host":"zxkjcgzis4pm3za5","time":1612711836,"event":{"mods":["AchievementEnabler","BaseMod","Colored Map","Colored Powertips","Minty Spire (QoL Compilation)","Quick Restart","RNG Fix","Random Character Button","Relic Sorter","Relic Stats","StSLib"],"gold_per_floor":[109,125,144,109,19,19,52,52,77,77,77,95,95,126,126,205,205,222,35,35,35,35,35,65,65,117,117,132,167,167,198,198,269,269,288,288,298,37,53,84,84,102,102,133,133,83,83,83,83,83,83,83,26,57,57,57],"floor_reached":55,"language":"ENG","playtime":2333,"items_purged":["Strike_G","Strike_G"],"score":1531,"play_id":"caf0f03d-bc8e-40d9-8ad4-8ce14baf3a09","local_time":"20210207210036","is_ascension_mode":true,"campfire_choices":[{"data":"Noxious Fumes","floor":6.0,"key":"SMITH"},{"data":"Sadistic Nature","floor":11.0,"key":"SMITH"},{"data":"Catalyst","floor":13.0,"key":"SMITH"},{"data":"Night Terror","floor":15.0,"key":"SMITH"},{"data":"Footwork","floor":23.0,"key":"SMITH"},{"floor":25.0,"key":"REST"},{"data":"Bullet Time","floor":27.0,"key":"SMITH"},{"floor":30.0,"key":"REST"},{"floor":32.0,"key":"REST"},{"data":"Burst","floor":41.0,"key":"SMITH"},{"floor":47,"key":"REST"},{"floor":49,"key":"RECALL"},{"data":"Panache","floor":52,"key":"SMITH"}],"circlet_count":0,"master_deck":["AscendersBane","Strike_G","Defend_G","Defend_G","Defend_G+1","Defend_G+1","Defend_G","Survivor","Neutralize","Sadistic Nature+1","Dodge and Roll","Deadly Poison","Leg Sweep","Noxious Fumes+1","Night Terror+1","Catalyst+1","PiercingWail","Bullet Time+1","Footwork+1","Deflect","Catalyst+1","Calculated Gamble","Sucker Punch+1","Crippling Poison","Burst+1","Panache+1","Deep Breath","Prepared+1","Acrobatics","Finesse","Blur","Prepared","Cloak And Dagger+1"],"relics":["Ring of the Snake","StoneCalendar","Toy Ornithopter","Matryoshka","Runic Pyramid","Dead Branch","Oddly Smooth Stone","Ornamental Fan","Nunchaku","HoveringKite","Pen Nib","Bronze Scales","Bottled Flame","Question Card","Darkstone Periapt","Paper Crane"],"acts_visited":["TheCity","TheBeyond","TheEnding"],"potions_floor_usage":[50,54,55],"damage_taken":[{"damage":0.0,"enemies":"2 Louse","floor":1.0,"turns":3.0},{"damage":0.0,"enemies":"Jaw Worm","floor":2.0,"turns":5.0},{"damage":7.0,"enemies":"Small Slimes","floor":3.0,"turns":4.0},{"damage":7.0,"enemies":"Lagavulin","floor":7.0,"turns":6.0},{"damage":0.0,"enemies":"2 Fungi Beasts","floor":12.0,"turns":4.0},{"damage":25.0,"enemies":"Gremlin Nob","floor":14.0,"turns":4.0},{"damage":18.0,"enemies":"The Guardian","floor":16.0,"turns":6.0},{"damage":11.0,"enemies":"Spheric Guardian","floor":18.0,"turns":5.0},{"damage":1.0,"enemies":"Masked Bandits","floor":20.0,"turns":3.0},{"damage":22.0,"enemies":"Slavers","floor":24.0,"turns":5.0},{"damage":0.0,"enemies":"Shell Parasite","floor":28.0,"turns":4.0},{"damage":15.0,"enemies":"Gremlin Leader","floor":29.0,"turns":6.0},{"damage":45.0,"enemies":"Slavers","floor":31.0,"turns":4.0},{"damage":26.0,"enemies":"Champ","floor":33.0,"turns":7.0},{"damage":0.0,"enemies":"Orb Walker","floor":35.0,"turns":3.0},{"damage":0.0,"enemies":"3 Shapes","floor":37.0,"turns":3.0},{"damage":18.0,"enemies":"Transient","floor":39.0,"turns":6.0},{"damage":0.0,"enemies":"Nemesis","floor":40.0,"turns":5.0},{"damage":3.0,"enemies":"Writhing Mass","floor":42.0,"turns":3.0},{"damage":17,"enemies":"Reptomancer","floor":44,"turns":4},{"damage":9,"enemies":"Donu and Deca","floor":50,"turns":8},{"damage":46,"enemies":"Shield and Spear","floor":54,"turns":7},{"damage":48,"enemies":"The Heart","floor":55,"turns":3}],"seed_played":"-7458591688074704952","potions_obtained":[{"floor":2.0,"key":"SteroidPotion"},{"floor":12.0,"key":"Weak Potion"},{"floor":16.0,"key":"SmokeBomb"},{"floor":29.0,"key":"Fire Potion"},{"floor":31.0,"key":"Weak Potion"},{"floor":33.0,"key":"CunningPotion"},{"floor":37.0,"key":"CultistPotion"},{"floor":39.0,"key":"Block Potion"},{"floor":44,"key":"FearPotion"},{"floor":54,"key":"SmokeBomb"}],"is_trial":false,"path_per_floor":["M","M","M","?","$","R","E","$","T","?","R","M","R","E","R","B",null,"M","$","?","?","?","R","E","R","T","R","M","E","R","E","R","B",null,"M","?","M","$","M","E","R","M","T","E","?","?","R","T","R","B",null,"R","$","E","B"],"character_chosen":"THE_SILENT","items_purchased":["Noxious Fumes","Footwork","Deflect","Acrobatics","Finesse","SkillPotion"],"campfire_rested":4,"item_purchase_floors":[5,19,19,38,38,53],"current_hp_per_floor":[44,44,37,53,53,53,46,46,46,46,46,46,46,21,21,8,52,41,41,45,45,45,45,23,42,42,42,42,27,46,6,25,4,51,51,46,51,51,33,38,38,35,35,18,18,18,37,37,37,33,58,58,58,17,0,0],"gold":57,"neow_bonus":"RANDOM_COLORLESS_2","is_daily":false,"chose_seed":false,"campfire_upgraded":8,"win_rate":0.0,"timestamp":1612711836,"path_taken":["M","M","M","?","?","R","E","$","T","?","R","M","R","E","R","BOSS","M","$","?","?","?","R","E","R","T","R","?","E","R","E","R","BOSS","M","?","M","$","M","E","R","M","T","E","?","?","R","?","R","BOSS","R","$","E","BOSS"],"items_purchased_type":["Card","Card","Card","Card","Card","Potion"],"build_version":"2020-12-22","purchased_purges":2,"victory":false,"max_hp_per_floor":[66,66,66,66,66,66,66,66,66,66,66,66,66,66,66,66,66,66,66,66,66,66,66,66,66,66,66,66,66,66,66,66,66,66,66,66,66,66,66,66,66,66,66,66,66,66,66,66,66,66,66,66,66,66,66,66],"relic_stats":{"Darkstone Periapt":0,"counters":[23,108],"Dead Branch":[90],"HoveringKite":[23],"StoneCalendar":[132],"Pen Nib":[2],"Question Card":1,"Nunchaku":[4],"Ornamental Fan":[24],"Bronze Scales":[108],"obtain_stats":[{"Darkstone Periapt":48,"Dead Branch":24,"Oddly Smooth Stone":26,"HoveringKite":34,"StoneCalendar":7,"Pen Nib":40,"Paper Crane":54,"Question Card":44,"Nunchaku":31,"Bottled Flame":43,"Matryoshka":14,"Ornamental Fan":29,"Bronze Scales":43,"Toy Ornithopter":9,"Ring of the Snake":0,"Runic Pyramid":17},{"Darkstone Periapt":20,"Dead Branch":10,"Oddly Smooth Stone":10,"HoveringKite":14,"StoneCalendar":4,"Pen Nib":18,"Paper Crane":22,"Question Card":20,"Nunchaku":13,"Bottled Flame":19,"Matryoshka":6,"Ornamental Fan":12,"Bronze Scales":19,"Toy Ornithopter":4,"Ring of the Snake":0,"Runic Pyramid":7},{"Darkstone Periapt":90,"Dead Branch":45,"Oddly Smooth Stone":45,"HoveringKite":66,"StoneCalendar":18,"Pen Nib":83,"Paper Crane":105,"Question Card":90,"Nunchaku":59,"Bottled Flame":86,"Matryoshka":26,"Ornamental Fan":55,"Bronze Scales":86,"Toy Ornithopter":18,"Ring of the Snake":0,"Runic Pyramid":32}],"Toy Ornithopter":45,"Ring of the Snake":[46]},"card_choices":[{"not_picked":["Chrysalis","Metamorphosis"],"picked":"Sadistic Nature","floor":0.0},{"not_picked":["Reflex","Backflip"],"picked":"Dodge and Roll","floor":1.0},{"not_picked":["Outmaneuver","Deflect"],"picked":"Deadly Poison","floor":2.0},{"not_picked":["Expertise","Backflip"],"picked":"Leg Sweep","floor":3.0},{"not_picked":["Infinite Blades","Cloak And Dagger"],"picked":"Night Terror","floor":7.0},{"not_picked":["Distraction","Dash"],"picked":"Catalyst","floor":12.0},{"not_picked":["All Out Attack","Dagger Throw"],"picked":"PiercingWail","floor":14.0},{"not_picked":["A Thousand Cuts","Grand Finale"],"picked":"Bullet Time","floor":16.0},{"not_picked":["Dagger Spray","Infinite Blades","Underhanded Strike+1"],"picked":"SKIP","floor":18.0},{"not_picked":["Infinite Blades","Dagger Spray"],"picked":"Calculated Gamble","floor":24.0},{"not_picked":["Heel Hook","Sucker Punch","Deadly Poison"],"picked":"SKIP","floor":28.0},{"not_picked":["Deadly Poison","Dagger Spray"],"picked":"Sucker Punch+1","floor":29.0},{"not_picked":["PiercingWail","Concentrate"],"picked":"Crippling Poison","floor":31.0},{"not_picked":["Adrenaline","A Thousand Cuts"],"picked":"Burst","floor":33.0},{"not_picked":["Choke","Infinite Blades+1","Bane"],"picked":"SKIP","floor":35.0},{"not_picked":["Secret Weapon","Impatience"],"picked":"Panache","floor":36.0},{"not_picked":["Trip","Jack Of All Trades"],"picked":"Deep Breath","floor":36.0},{"not_picked":["Deflect","Dodge and Roll"],"picked":"Prepared+1","floor":37.0},{"not_picked":["Backflip","Bane"],"picked":"Blur","floor":39.0},{"not_picked":["Blade Dance","Dodge and Roll"],"picked":"Prepared","floor":40.0},{"not_picked":["Backstab","Wraith Form v2","Finisher+1"],"picked":"SKIP","floor":42.0},{"not_picked":["Quick Slash","Backstab","Setup+1"],"picked":"SKIP","floor":44},{"not_picked":["Skewer","Slice","Expertise"],"picked":"Cloak And Dagger+1","floor":54}],"player_experience":332607,"relics_obtained":[{"floor":7.0,"key":"StoneCalendar"},{"floor":9.0,"key":"Toy Ornithopter"},{"floor":14.0,"key":"Matryoshka"},{"floor":24.0,"key":"Dead Branch"},{"floor":26.0,"key":"Oddly Smooth Stone"},{"floor":29.0,"key":"Ornamental Fan"},{"floor":31.0,"key":"Nunchaku"},{"floor":40.0,"key":"Pen Nib"},{"floor":43.0,"key":"Bronze Scales"},{"floor":43.0,"key":"Bottled Flame"},{"floor":44,"key":"Question Card"},{"floor":48,"key":"Darkstone Periapt"},{"floor":54,"key":"Paper Crane"}],"event_choices":[{"damage_healed":16.0,"max_hp_gain":0.0,"max_hp_loss":0.0,"gold_gain":0.0,"event_name":"The Cleric","player_choice":"Healed","floor":4.0,"gold_loss":35.0,"damage_taken":0.0},{"cards_removed":["Strike_G"],"damage_healed":0.0,"max_hp_gain":0.0,"max_hp_loss":0.0,"gold_gain":0.0,"event_name":"Wheel of Change","player_choice":"Card Removal","floor":10.0,"gold_loss":0.0,"damage_taken":0.0},{"damage_healed":0.0,"max_hp_gain":0.0,"max_hp_loss":0.0,"gold_gain":0.0,"event_name":"Masked Bandits","player_choice":"Fought Bandits","floor":20.0,"gold_loss":0.0,"damage_taken":0.0},{"damage_healed":0.0,"max_hp_gain":0.0,"max_hp_loss":0.0,"gold_gain":0.0,"event_name":"Duplicator","player_choice":"Copied","floor":21.0,"gold_loss":0.0,"damage_taken":0.0,"cards_obtained":["Catalyst"]},{"cards_removed":["Strike_G"],"damage_healed":0.0,"max_hp_gain":0.0,"max_hp_loss":0.0,"gold_gain":0.0,"event_name":"Bonfire Elementals","player_choice":"Offered Basic","floor":22.0,"gold_loss":0.0,"damage_taken":0.0},{"damage_healed":0.0,"max_hp_gain":0.0,"max_hp_loss":0.0,"gold_gain":0.0,"event_name":"SensoryStone","player_choice":"Memory 2","floor":36.0,"gold_loss":0.0,"damage_taken":5.0},{"damage_healed":0,"gold_gain":0,"player_choice":"Ignored","damage_taken":0,"max_hp_gain":0,"max_hp_loss":0,"event_name":"Tomb of Lord Red Mask","floor":45,"gold_loss":0},{"damage_healed":0,"gold_gain":0,"player_choice":"Upgraded Two","damage_taken":0,"max_hp_gain":0,"max_hp_loss":0,"event_name":"Designer","floor":46,"gold_loss":50,"cards_upgraded":["Defend_G","Defend_G"]}],"is_beta":false,"boss_relics":[{"not_picked":["Empty Cage","Calling Bell"],"picked":"Runic Pyramid"},{"not_picked":["Sozu","WristBlade"],"picked":"HoveringKite"}],"items_purged_floors":[19,38],"is_endless":false,"potions_floor_spawned":[2,12,16,29,31,33,37,39,44,54],"killed_by":"The Heart","ascension_level":19}}