{"host":"0k696jvpnlqjk4gh","time":1612714741,"event":{"mods":["AchievementEnabler","BaseMod","Colored Map","Colored Powertips","Minty Spire (QoL Compilation)","Quick Restart"],"gold_per_floor":[99,99,99,99,99,99,99,24,24,24,24,24,24,24,24,24,24],"floor_reached":16,"language":"ENG","playtime":478,"items_purged":["Regret"],"score":122,"play_id":"582330b4-ac16-4263-966b-0a18509efcdd","local_time":"20210207161901","is_ascension_mode":true,"campfire_choices":[{"floor":6,"key":"REST"},{"floor":10,"key":"REST"},{"floor":15,"key":"REST"}],"circlet_count":0,"master_deck":["Strike_B","Strike_B","Strike_B","Defend_B","Defend_B+1","Defend_B","Defend_B","Zap","Dualcast","Redo","Redo+1","Gash","Static Discharge+1","Chaos","Double Energy","Go for the Eyes"],"relics":["Ectoplasm","Peace Pipe","War Paint","Ornamental Fan"],"acts_visited":["Exordium"],"potions_floor_usage":[7,12,14],"damage_taken":[{"damage":0,"enemies":"Cultist","floor":1,"turns":3},{"damage":7,"enemies":"Small Slimes","floor":2,"turns":3},{"damage":3,"enemies":"2 Louse","floor":3,"turns":3},{"damage":21,"enemies":"Large Slime","floor":5,"turns":4},{"damage":50,"enemies":"Gremlin Nob","floor":7,"turns":5},{"damage":11,"enemies":"Red Slaver","floor":12,"turns":4},{"damage":21,"enemies":"Lots of Slimes","floor":14,"turns":6},{"damage":45,"enemies":"The Guardian","floor":16,"turns":8}],"seed_played":"-5919697746345264773","potions_obtained":[{"floor":1,"key":"SpeedPotion"},{"floor":7,"key":"Regen Potion"},{"floor":12,"key":"EssenceOfSteel"}],"is_trial":false,"path_per_floor":["M","M","M","?","M","R","E","$","T","R","?","M","?","M","R","B"],"character_chosen":"DEFECT","items_purchased":[],"campfire_rested":3,"item_purchase_floors":[],"current_hp_per_floor":[75,68,65,65,44,66,16,16,16,38,38,39,39,18,40,0,0],"gold":24,"neow_bonus":"BOSS_RELIC","is_daily":false,"chose_seed":false,"campfire_upgraded":0,"win_rate":0.0,"timestamp":1612714741,"path_taken":["M","?","M","?","M","R","E","$","T","R","?","M","?","M","R","BOSS"],"items_purchased_type":[],"build_version":"2020-12-22","purchased_purges":1,"victory":false,"max_hp_per_floor":[75,75,75,75,75,75,75,75,75,75,75,75,75,75,75,75,75],"card_choices":[{"not_picked":["Blizzard","Tempest"],"picked":"Redo","floor":1},{"not_picked":["Barrage","Go for the Eyes"],"picked":"Redo","floor":2},{"not_picked":["Recycle","Rip and Tear"],"picked":"Gash","floor":3},{"not_picked":["Aggregate","Self Repair"],"picked":"Static Discharge","floor":5},{"not_picked":["Sweeping Beam","Reinforced Body"],"picked":"Chaos","floor":7},{"not_picked":["Reprogram","Hello World","Turbo"],"picked":"SKIP","floor":12},{"not_picked":["Reinforced Body","Chaos"],"picked":"Go for the Eyes","floor":14}],"player_experience":224537,"relics_obtained":[{"floor":7,"key":"War Paint"},{"floor":9,"key":"Ornamental Fan"}],"event_choices":[{"damage_healed":0,"gold_gain":0,"player_choice":"Box","damage_taken":0,"relics_obtained":["Peace Pipe"],"max_hp_gain":0,"max_hp_loss":0,"event_name":"Big Fish","floor":4,"gold_loss":0,"cards_obtained":["Regret"]},{"damage_healed":0,"gold_gain":0,"player_choice":"Grow","damage_taken":0,"max_hp_gain":0,"max_hp_loss":0,"event_name":"Living Wall","floor":11,"gold_loss":0,"cards_upgraded":["Static Discharge"]},{"damage_healed":0,"gold_gain":0,"cards_transformed":["Strike_B"],"player_choice":"Transformed","damage_taken":0,"max_hp_gain":0,"max_hp_loss":0,"event_name":"Transmorgrifier","floor":13,"gold_loss":0,"cards_obtained":["Double Energy"]}],"is_beta":false,"boss_relics":[],"items_purged_floors":[8],"is_endless":false,"potions_floor_spawned":[1,7,12],"killed_by":"The Guardian","ascension_level":4}}