{"host":"0068lo8nqxkxlxxx","time":1612667765,"event":{"mods":["2.2 Compatiblity","AchievementEnabler","Act Like it!","Aspiration","BaseMod","Bestiary","Better Altar","Better Match","Better Note","Better Sensory Stone","Better Skull","Better Third Choice","BetterRewards","Colored Map","Elementarium","Energized Spire","Fox Events","Friendly Minions","GifTheSpireLib","Halation","Hubris","Infinite Spire","Jedi Mod","Minty Spire (QoL Compilation)","Pale of the Ancients","Potionbrewer","Rare Cards Sparkle","Reliquary","Replay The Spire","Shop Mod","Somnambulant","Spicy Shops","Spikes Relics","Spire Arcade","StSLib","Stuff the Spire","The Disciple","The Gatherer","The Jungle","The Marked","The Sage","Trackpad"],"gold_per_floor":[115,53,53,3,23,23,48,60,60,79,79,111,26,37,37,134,134,154,154,154,25,39,59,59,59,59,59],"floor_reached":25,"language":"ENG","playtime":1073,"items_purged":["Scorching Beam"],"score":236,"play_id":"1db5a53c-d2db-47d2-b725-341be0552530","local_time":"20210206221605","is_ascension_mode":false,"metric_token":2705,"campfire_choices":[{"data":"Gatherer:Centralize","floor":6,"key":"SMITH"},{"data":"Gatherer:FlamingBottle","floor":11,"key":"SMITH"},{"floor":15,"key":"REST"}],"circlet_count":0,"master_deck":["Gatherer:Strike_Gatherer","Gatherer:Strike_Gatherer","Gatherer:Strike_Gatherer","Gatherer:Strike_Gatherer","Gatherer:Strike_Gatherer","Gatherer:Defend_Gatherer","Gatherer:Defend_Gatherer","Gatherer:Centralize+1","Gatherer:FlowerWhip","Gatherer:BambuSword","Gatherer:FlamingBottle+1","Gatherer:TreeGrowth","Gatherer:QuickSynthesis","Gatherer:DrugPower","Gatherer:Duality","somnambulantmod: Narcolepsy","Gatherer:ScherryThrow","infinitespire:Punishment+1","hubris:Fate","jedi:brewingpoison","Distraction","Venomology","Gatherer:QuickSynthesis+1","Gatherer:Herbalism"],"relics":["NeowsBlessing","halation:Thesaurus","Iron Core","hubris:PeanutButter","halation:TwoAmDonut","StuffTheSpire:Experiment12","Replay:Lucky Slots","Cursed Key","jedi:shrinkray","StuffTheSpire:OldFever"],"acts_visited":["Exordium","TheCity"],"potions_floor_usage":[12,23],"damage_taken":[{"damage":0,"enemies":"Jaw Worm","floor":1,"turns":1},{"damage":0,"enemies":"Small Slimes","floor":5,"turns":1},{"damage":0,"enemies":"Lagavulin","floor":7,"turns":1},{"damage":0,"enemies":"2 Louse","floor":8,"turns":1},{"damage":2,"enemies":"Large Slime","floor":10,"turns":5},{"damage":14,"enemies":"Gremlin Nob","floor":12,"turns":4},{"damage":0,"enemies":"Exordium Thugs","floor":14,"turns":4},{"damage":50,"enemies":"Hexaghost","floor":16,"turns":10},{"damage":28,"enemies":"3 Byrds","floor":18,"turns":7},{"damage":0,"enemies":"Spheric Guardian","floor":22,"turns":2},{"damage":7,"enemies":"Centurion and Healer","floor":23,"turns":4},{"damage":37,"enemies":"Gremlin Leader","floor":25,"turns":3}],"seed_played":"8000339451429250653","potions_obtained":[{"floor":5,"key":"jedi:tentaclejuice"},{"floor":12,"key":"sagemod:Wine"},{"floor":16,"key":"SmokeBomb"},{"floor":18,"key":"FearPotion"}],"is_trial":false,"path_per_floor":["M","$","?","?","M","R","E","M","T","M","R","E","$","M","R","B",null,"M","AVR","?","?","M","M","?","E"],"character_chosen":"THE_GATHERER","items_purchased":["halation:Thesaurus","Replay:Lucky Slots"],"campfire_rested":1,"item_purchase_floors":[2,13],"current_hp_per_floor":[72,72,72,72,72,72,72,72,72,70,70,56,56,56,72,22,72,44,44,44,44,44,37,37,0,0,0],"gold":59,"neow_bonus":"THREE_ENEMY_KILL","is_daily":false,"chose_seed":false,"campfire_upgraded":2,"win_rate":0.0,"timestamp":1612667765,"path_taken":["M","$","?","?","M","R","E","M","T","M","R","E","$","M","R","BOSS","M","AVR","?","?","M","?","?","E"],"items_purchased_type":["Relic","Relic"],"build_version":"2020-12-22","purchased_purges":1,"victory":false,"max_hp_per_floor":[72,72,72,72,72,72,72,72,72,72,72,72,72,72,72,72,72,72,72,72,72,72,72,72,72,72,72],"card_choices":[{"not_picked":["Gatherer:Snatch","Gatherer:TreeGrowth"],"picked":"Gatherer:BambuSword","floor":1},{"not_picked":["Defragment","Gatherer:FlowerFalling"],"picked":"Scorching Beam","floor":5},{"not_picked":["Rebound","WeaponsOverheat"],"picked":"Gatherer:FlamingBottle","floor":7},{"not_picked":["Flex","Clash"],"picked":"Gatherer:TreeGrowth","floor":8},{"not_picked":["Hologram","Gatherer:BambuSword"],"picked":"Gatherer:QuickSynthesis","floor":10},{"not_picked":["Gatherer:GrowBook","Gatherer:BigPouch"],"picked":"Gatherer:DrugPower","floor":12},{"not_picked":["Gatherer:AromaProtection","Gatherer:Frenzy"],"picked":"Gatherer:Duality","floor":14},{"not_picked":["Gatherer:PoisonMastery","Mirror Shield"],"picked":"Gatherer:GrowBook","floor":16},{"not_picked":["Gatherer:EnergyBasket","Gatherer:Snatch+1"],"picked":"Gatherer:ScherryThrow","floor":18},{"not_picked":["Gatherer:WitheringStrike","Gatherer:ScentOfRosmari"],"picked":"Gatherer:QuickSynthesis+1","floor":22},{"not_picked":["Gatherer:Snatch","Gatherer:FlowerPower"],"picked":"Gatherer:Herbalism","floor":23}],"player_experience":102108,"relics_obtained":[{"floor":7,"key":"hubris:PeanutButter"},{"floor":9,"key":"halation:TwoAmDonut"},{"floor":12,"key":"StuffTheSpire:Experiment12"}],"event_choices":[{"cards_removed":["Pride"],"damage_healed":0,"gold_gain":0,"player_choice":"Card Removal","damage_taken":0,"max_hp_gain":0,"max_hp_loss":0,"event_name":"The Cleric","floor":4,"gold_loss":50},{"damage_healed":0,"gold_gain":0,"player_choice":"Paid Gold","damage_taken":0,"relics_obtained":["StuffTheSpire:OldFever"],"max_hp_gain":0,"max_hp_loss":0,"event_name":"WeMeetAgain","floor":21,"gold_loss":129},{"damage_healed":0,"gold_gain":0,"player_choice":"Upgraded","damage_taken":0,"max_hp_gain":0,"max_hp_loss":0,"event_name":"Upgrade Shrine","floor":24,"gold_loss":0,"cards_upgraded":["infinitespire:Punishment"]}],"is_beta":false,"boss_relics":[{"not_picked":["ReplayTheSpireMod:SealedPack","energizedSpire:RedRose"],"picked":"Cursed Key"}],"items_purged_floors":[19],"is_endless":false,"potions_floor_spawned":[5,12,16,18],"killed_by":"Gremlin Leader","ascension_level":0}}