{"host":"cijhj3091wf4aho3","time":1612673883,"event":{"mods":["BaseMod","Colored Map","Colored Powertips","Downfall","Friendly Minions","GifTheSpireLib","Highlight Path","Minty Spire (QoL Compilation)","Permanent Neow","Random Character Button","Relic Sorter","Relic Stats","StSLib","everything is the same but u backflip on backflip","slay the spire mod where everything is the same but ironclad has a cowboy hat"],"gold_per_floor":[0,14,26,41,41,60,140,140,172,172,172,13,13,43,60,161,161,61,72,91,5,25,25,25,60,74,86,114,114,114,171,223,326,326,226,282,282,282,338,338,362,420,488,626,644,244,261,294,313,313],"floor_reached":51,"language":"ENG","playtime":3395,"items_purged":["Guardian:Defend_Guardian","Guardian:Defend_Guardian"],"score":811,"play_id":"cfa09767-c3aa-4739-865a-7a4e7440d306","local_time":"20210206205803","is_ascension_mode":false,"campfire_choices":[{"data":"Guardian:TwinSlam","floor":1,"key":"SMITH"},{"data":"Guardian:MultiBeam","floor":8,"key":"SMITH"},{"data":"Guardian:CurlUp","floor":10,"key":"SMITH"},{"data":"Guardian:FloatingOrbs","floor":18,"key":"SMITH"},{"data":"Guardian:TemporalShield","floor":35,"key":"SMITH"},{"data":"Guardian:StasisField","floor":40,"key":"SMITH"}],"circlet_count":0,"master_deck":["Guardian:Defend_Guardian","Guardian:Defend_Guardian","Guardian:CurlUp+1","Guardian:TwinSlam+1","Guardian:Reroute","Guardian:Reroute","Guardian:MultiBeam+1","Guardian:FloatingOrbs+1","Guardian:VentSteam+1","Guardian:Suspension+1","Guardian:StasisField+1","Guardian:ChargeUp","Guardian:TemporalShield+1","Guardian:ExploitGems"],"relics":["Guardian:ModeShifter","Bottled Flame","Lantern","Guardian:PickAxe","Guardian:StasisUpgradeRelic","Ginger","Philosopher\u0027s Stone","downfall:HeartBlessingGreen","Bronze Scales","Juzu Bracelet","downfall:KnowingSkull","Busted Crown","downfall:HeartBlessingBlue","MealTicket","Bottled Tornado","Guardian:BottledStasis","Vajra","Happy Flower","Regal Pillow"],"acts_visited":["Exordium","TheCity","TheBeyond"],"potions_floor_usage":[12,16,23,28,33,50],"damage_taken":[{"damage":0,"enemies":"2 Louse","floor":2,"turns":4},{"damage":6,"enemies":"Jaw Worm","floor":3,"turns":4},{"damage":1,"enemies":"Cultist","floor":4,"turns":3},{"damage":6,"enemies":"3 Louse","floor":6,"turns":3},{"damage":18,"enemies":"3 Sentries","floor":9,"turns":4},{"damage":0,"enemies":"3 Sentries","floor":11,"turns":1},{"damage":0,"enemies":"downfall:FleeingMerchant","floor":12,"turns":4},{"damage":16,"enemies":"Gremlin Nob","floor":14,"turns":4},{"damage":0,"enemies":"Lots of Slimes","floor":15,"turns":1},{"damage":33,"enemies":"DF_ARCHETYPE_STREAMLINE","floor":16,"turns":7},{"damage":6,"enemies":"Chosen","floor":19,"turns":4},{"damage":5,"enemies":"Centurion and Healer","floor":20,"turns":4},{"damage":0,"enemies":"downfall:FleeingMerchant","floor":21,"turns":4},{"damage":2,"enemies":"Chosen and Byrds","floor":22,"turns":3},{"damage":7,"enemies":"Chosen and Byrds","floor":23,"turns":2},{"damage":0,"enemies":"Gremlin Leader","floor":25,"turns":4},{"damage":0,"enemies":"Snake Plant","floor":26,"turns":3},{"damage":0,"enemies":"3 Cultists","floor":27,"turns":2},{"damage":5,"enemies":"Book of Stabbing","floor":28,"turns":5},{"damage":5,"enemies":"Centurion and Healer","floor":31,"turns":3},{"damage":3,"enemies":"Snecko","floor":32,"turns":3},{"damage":6,"enemies":"SI_MIRROR_ARCHETYPE","floor":33,"turns":8},{"damage":3,"enemies":"Orb Walker","floor":36,"turns":3},{"damage":6,"enemies":"3 Shapes","floor":39,"turns":3},{"damage":20,"enemies":"3 Darklings","floor":42,"turns":2},{"damage":27,"enemies":"Nemesis","floor":43,"turns":9},{"damage":3,"enemies":"downfall:FleeingMerchant","floor":44,"turns":4},{"damage":4,"enemies":"Sphere and 2 Shapes","floor":45,"turns":4},{"damage":0,"enemies":"Jaw Worm Horde","floor":47,"turns":1},{"damage":11,"enemies":"Reptomancer","floor":48,"turns":3},{"damage":0,"enemies":"Transient","floor":49,"turns":5},{"damage":2,"enemies":"IC_BLOCK_ARCHETYPE","floor":50,"turns":5}],"seed_played":"8307891470286337769","potions_obtained":[{"floor":2,"key":"Guardian:BlockOnCardUsePotion"},{"floor":6,"key":"hexamod:SoulburnPotion"},{"floor":9,"key":"SpeedPotion"},{"floor":14,"key":"PowerPotion"},{"floor":16,"key":"Guardian:StasisDiscoveryPotion"},{"floor":22,"key":"Guardian:AcceleratePotion"},{"floor":27,"key":"Block Potion"},{"floor":28,"key":"EssenceOfSteel"},{"floor":42,"key":"LiquidBronze"},{"floor":45,"key":"Energy Potion"}],"is_trial":false,"path_per_floor":["R","M","M","M","?","M","T","R","E","R","?","$","?","E","M","B",null,"R","M","M","$","M","?","T","E","M","M","E","?","?","M","M","B",null,"R","M","?","?","M","R","T","M","E","?","M","$","M","E","M","B",null],"character_chosen":"GUARDIAN","items_purchased":["Guardian:StasisUpgradeRelic","Guardian:Gem_Orange","Guardian:BottledStasis","Vajra","Happy Flower"],"campfire_rested":0,"item_purchase_floors":[12,21,44,46,46],"current_hp_per_floor":[96,96,90,89,89,83,83,83,65,65,65,65,65,49,49,16,96,96,90,85,85,83,76,76,76,76,76,71,71,63,58,55,49,96,106,103,103,103,97,97,97,77,50,47,43,58,58,47,47,45],"gold":313,"neow_bonus":"TWENTY_PERCENT_HP_BONUS","is_daily":false,"chose_seed":false,"campfire_upgraded":6,"win_rate":0.0,"timestamp":1612673883,"path_taken":["R","M","M","M","?","M","T","R","E","R","?","$","?","E","M","BOSS","R","M","M","?","M","?","T","E","M","M","E","?","?","M","M","BOSS","R","M","?","?","M","R","T","M","E","?","M","$","M","E","M","BOSS"],"items_purchased_type":["Relic","Card","Relic","Relic","Relic"],"build_version":"2020-12-22","purchased_purges":2,"victory":true,"max_hp_per_floor":[96,96,96,96,96,96,96,96,96,96,96,96,96,96,96,96,96,96,96,96,96,96,96,96,96,96,96,96,96,96,96,96,96,96,106,106,106,106,106,106,106,106,106,106,106,106,106,106,106,106],"relic_stats":{"Regal Pillow":0,"Busted Crown":18,"Happy Flower":[4],"counters":[32,119],"Bronze Scales":[125],"MealTicket":15,"Juzu Bracelet":2,"Ginger":[12],"obtain_stats":[{"Guardian:BottledStasis":44,"Lantern":9,"Regal Pillow":48,"Happy Flower":46,"Guardian:ModeShifter":0,"Vajra":46,"downfall:HeartBlessingGreen":18,"Juzu Bracelet":28,"Ginger":14,"Bottled Tornado":43,"Guardian:PickAxe":11,"Guardian:StasisUpgradeRelic":12,"Bottled Flame":7,"Busted Crown":34,"downfall:HeartBlessingBlue":35,"Bronze Scales":25,"Philosopher\u0027s Stone":17,"downfall:KnowingSkull":30,"MealTicket":41},{"Guardian:BottledStasis":27,"Lantern":5,"Regal Pillow":30,"Happy Flower":28,"Guardian:ModeShifter":0,"Vajra":28,"downfall:HeartBlessingGreen":10,"Juzu Bracelet":19,"Ginger":8,"Bottled Tornado":26,"Guardian:PickAxe":6,"Guardian:StasisUpgradeRelic":7,"Bottled Flame":4,"Busted Crown":22,"downfall:HeartBlessingBlue":22,"Bronze Scales":16,"Philosopher\u0027s Stone":10,"downfall:KnowingSkull":19,"MealTicket":24},{"Guardian:BottledStasis":101,"Lantern":18,"Regal Pillow":109,"Happy Flower":105,"Guardian:ModeShifter":0,"Vajra":105,"downfall:HeartBlessingGreen":35,"Juzu Bracelet":66,"Ginger":27,"Bottled Tornado":97,"Guardian:PickAxe":19,"Guardian:StasisUpgradeRelic":23,"Bottled Flame":14,"Busted Crown":80,"downfall:HeartBlessingBlue":80,"Bronze Scales":56,"Philosopher\u0027s Stone":35,"downfall:KnowingSkull":66,"MealTicket":86}]},"card_choices":[{"not_picked":["Guardian:PiercingHide","Guardian:ShieldCharger"],"picked":"Guardian:Reroute","floor":2},{"not_picked":["Guardian:PrimingBeam","Guardian:RollAttack"],"picked":"Guardian:Reroute","floor":3},{"not_picked":["Guardian:CrystalBeam","Guardian:Preprogram"],"picked":"Guardian:Gem_Cyan","floor":4},{"not_picked":["Guardian:Clone","Guardian:Gem_Red"],"picked":"Guardian:MultiBeam","floor":6},{"not_picked":["Guardian:Suspension","Guardian:Gem_Green"],"picked":"Guardian:Gem_White","floor":9},{"not_picked":["Guardian:Suspension","Guardian:TemporalShield"],"picked":"Guardian:FloatingOrbs","floor":12},{"not_picked":["Guardian:Planning","Guardian:RevengeProtocol","Guardian:TemporalStrike"],"picked":"SKIP","floor":14},{"not_picked":["Guardian:Emergency","Guardian:Gem_Blue","Guardian:EvasiveProtocol"],"picked":"SKIP","floor":15},{"not_picked":["Guardian:PrimingBeam+1","Guardian:RollAttack+1"],"picked":"Guardian:VentSteam+1","floor":19},{"not_picked":["Guardian:PiercingHide","Guardian:ArmoredProtocol"],"picked":"Guardian:Suspension+1","floor":20},{"not_picked":["Guardian:DonusPower","Guardian:FloatingOrbs"],"picked":"Guardian:Gem_Red","floor":21},{"not_picked":["Guardian:RollAttack+1","Guardian:Incinerate","Guardian:Gem_Fragmented"],"picked":"SKIP","floor":22},{"not_picked":["Guardian:Repulse","Guardian:Clone+1"],"picked":"Guardian:StasisField","floor":25},{"not_picked":["Guardian:Gem_Cyan","Guardian:Incinerate","Guardian:CrystalBeam"],"picked":"SKIP","floor":26},{"not_picked":["Guardian:Gem_Lightblue","Guardian:Recover"],"picked":"Guardian:ChargeUp","floor":27},{"not_picked":["Guardian:StasisEngine","Guardian:ShieldSpikes","Guardian:Clone"],"picked":"SKIP","floor":28},{"not_picked":["Guardian:CrystalBeam+1","Guardian:Incinerate","Guardian:Reroute"],"picked":"SKIP","floor":31},{"not_picked":["Guardian:Recover","Guardian:Gem_Lightblue","Guardian:HyperBeam_Guardian"],"picked":"SKIP","floor":32},{"not_picked":["Guardian:Gem_Synthetic","Guardian:AncientConstruct"],"picked":"Guardian:ExploitGems","floor":33},{"not_picked":["Guardian:Gem_Green"],"picked":"SKIP","floor":36},{"not_picked":["Guardian:Gem_Lightblue"],"picked":"SKIP","floor":39},{"not_picked":["Guardian:Recover+1"],"picked":"SKIP","floor":42},{"not_picked":["Guardian:PiercingHide"],"picked":"SKIP","floor":43},{"not_picked":["Guardian:Emergency+1"],"picked":"SKIP","floor":44},{"not_picked":["Guardian:WalkerClaw+1"],"picked":"SKIP","floor":45},{"not_picked":["Guardian:Suspension+1"],"picked":"SKIP","floor":47},{"not_picked":["Guardian:SpikerProtocol+1"],"picked":"SKIP","floor":48},{"not_picked":["Guardian:WalkerClaw"],"picked":"SKIP","floor":49}],"player_experience":571114,"relics_obtained":[{"floor":7,"key":"Bottled Flame"},{"floor":9,"key":"Lantern"},{"floor":14,"key":"Ginger"},{"floor":25,"key":"Bronze Scales"},{"floor":28,"key":"Juzu Bracelet"},{"floor":41,"key":"MealTicket"},{"floor":43,"key":"Bottled Tornado"},{"floor":48,"key":"Regal Pillow"}],"event_choices":[{"cards_removed":["Guardian:Strike_Guardian"],"damage_healed":0,"gold_gain":0,"player_choice":"Card Removal","damage_taken":0,"max_hp_gain":0,"max_hp_loss":0,"event_name":"The Cleric","floor":5,"gold_loss":0},{"damage_healed":0,"gold_gain":0,"player_choice":"Read","damage_taken":0,"max_hp_gain":0,"max_hp_loss":0,"event_name":"The Library","floor":29,"gold_loss":0,"cards_obtained":["Guardian:TemporalShield"]},{"cards_removed":["Guardian:Strike_Guardian"],"damage_healed":0,"gold_gain":0,"player_choice":"Offered Basic","damage_taken":0,"max_hp_gain":0,"max_hp_loss":0,"event_name":"Bonfire Elementals","floor":38,"gold_loss":0}],"is_beta":false,"boss_relics":[{"not_picked":["Astrolabe","Runic Dome"],"picked":"Philosopher\u0027s Stone"},{"not_picked":["bronze:MakeshiftBattery","Guardian:StasisSlotReductionRelic"],"picked":"Busted Crown"}],"items_purged_floors":[44,46],"is_endless":false,"potions_floor_spawned":[2,6,9,14,16,20,22,23,27,28,42,45,47,48,49],"ascension_level":0}}