{"host":"mhzgc0zma59jtmoj","time":1612656770,"event":{"mods":["BaseMod","BetterRewards","Custom Start","Glutton Mod","Ironclad Rager","Minty Spire (QoL Compilation)","Replay The Spire","Somnambulant","StSLib","The Cursed","The Hierophant","The Jungle","The Marked","The Necromancer"],"gold_per_floor":[110,127,227,237,250,265,278,278,278,300,319,333,347,378,378,482,482,500,268,268,286,296,321,321,336,336,346,360,389,389,403,403,506,506,518,418,430,430,430],"floor_reached":38,"language":"ENG","playtime":3390,"items_purged":["Coolheaded","Normality"],"score":606,"play_id":"a2062284-9cf6-4a53-b3d5-5077a6cc3998","local_time":"20210206191250","daily_mods":["SealedDeck"],"is_ascension_mode":false,"campfire_choices":[{"data":"ICR:FrostFall","floor":8,"key":"SMITH"},{"data":"Blizzard","floor":15,"key":"SMITH"},{"data":"ICR:FrostFall","floor":24,"key":"SMITH"},{"floor":30,"key":"REST"},{"data":"Coolheaded","floor":32,"key":"PURGE"}],"circlet_count":0,"master_deck":["Conserve Battery","Blizzard+1","ICR:FrostFall+1","Glacier","Glacier","Creative AI","CommonCold","Injury","ICR:FrostFall+1","Shame","ICR:FrostFall+1","ICR:Cyclone","Clumsy","Languid"],"relics":["Cracked Core","Singing Bowl","Odd Mushroom","Meat on the Bone","Replay:Ancient Bell","Bag of Preparation","Blue Candle","Ice Cream","Replay:Wax Seal","White Beast Statue","Gremlin Food","Replay:Bottled Flurry","Red Mask","Kintsugi"],"acts_visited":["Exordium","TheCity","TheBeyond"],"potions_floor_usage":[23,25,25,28,29,33],"damage_taken":[{"damage":7,"enemies":"2 Louse","floor":1,"turns":5},{"damage":0,"enemies":"Cultist","floor":2,"turns":6},{"damage":2,"enemies":"Jaw Worm","floor":4,"turns":7},{"damage":0,"enemies":"2 Fungi Beasts","floor":5,"turns":6},{"damage":0,"enemies":"Looter","floor":6,"turns":4},{"damage":8,"enemies":"Lots of Slimes","floor":7,"turns":4},{"damage":0,"enemies":"The Mushroom Lair","floor":10,"turns":4},{"damage":11,"enemies":"Large Slime","floor":11,"turns":6},{"damage":8,"enemies":"Blue Slaver","floor":12,"turns":5},{"damage":14,"enemies":"Lots of Slimes","floor":13,"turns":6},{"damage":0,"enemies":"Lagavulin","floor":14,"turns":11},{"damage":14,"enemies":"Hexaghost","floor":16,"turns":12},{"damage":26,"enemies":"3 Byrds","floor":18,"turns":8},{"damage":16,"enemies":"Shell Parasite","floor":21,"turns":9},{"damage":25,"enemies":"Snake Plant","floor":22,"turns":10},{"damage":16,"enemies":"Book of Stabbing","floor":23,"turns":9},{"damage":34,"enemies":"Chosen and Byrds","floor":25,"turns":10},{"damage":9,"enemies":"Cultist and Chosen","floor":27,"turns":7},{"damage":10,"enemies":"3 Cultists","floor":28,"turns":5},{"damage":14,"enemies":"Masked Bandits","floor":29,"turns":7},{"damage":3,"enemies":"Snecko","floor":31,"turns":7},{"damage":17,"enemies":"Collector","floor":33,"turns":11},{"damage":22,"enemies":"Orb Walker","floor":35,"turns":6},{"damage":67,"enemies":"3 Shapes","floor":37,"turns":4},{"damage":40,"enemies":"3 Darklings","floor":38,"turns":2}],"seed_played":"-4103677944989849926","potions_obtained":[{"floor":4,"key":"Dexterity Potion"},{"floor":12,"key":"SteroidPotion"},{"floor":13,"key":"PowerPotion"},{"floor":14,"key":"Energy Potion"},{"floor":23,"key":"Elixir"},{"floor":25,"key":"Weak Potion"},{"floor":27,"key":"Block Potion"},{"floor":28,"key":"Doom Potion"},{"floor":29,"key":"DistilledChaos"},{"floor":33,"key":"ColorlessPotion"},{"floor":35,"key":"FocusPotion"},{"floor":37,"key":"Energy Potion"}],"is_trial":true,"path_per_floor":["M","M","?","M","M","M","M","R","T","?","M","M","M","E","R","B",null,"M","$","?","M","M","E","R","M","T","M","M","?","R","M","R","B",null,"M","$","M","M"],"character_chosen":"DEFECT","items_purchased":["ICR:FrostFall","Replay:Wax Seal"],"campfire_rested":1,"item_purchase_floors":[19,19],"current_hp_per_floor":[68,68,68,66,66,66,58,58,58,60,51,43,31,33,33,33,91,67,67,67,53,42,40,40,18,18,23,27,27,58,57,57,52,107,87,87,34,0,0],"gold":430,"neow_bonus":"","is_daily":false,"chose_seed":false,"campfire_upgraded":3,"win_rate":0.0,"timestamp":1612656770,"path_taken":["M","M","?","?","?","M","?","R","T","?","M","M","M","E","R","BOSS","M","$","?","?","M","E","R","M","T","M","M","?","R","M","R","BOSS","M","$","M","M"],"items_purchased_type":["Card","Relic"],"build_version":"2020-12-22","purchased_purges":2,"victory":false,"max_hp_per_floor":[75,75,75,75,75,75,75,75,75,77,79,79,81,83,83,85,91,93,93,93,95,97,99,99,99,99,101,103,105,105,107,107,107,107,109,109,111,111,111],"card_choices":[{"not_picked":["Barrage","Panic Button"],"picked":"Glacier","floor":1},{"not_picked":["ReplayTheSpireMod:Calculation Training","Rebound","Self Repair"],"picked":"SKIP","floor":2},{"not_picked":["Cold Snap","Sweeping Beam"],"picked":"Glacier","floor":4},{"not_picked":["Stack","Coolheaded","ReplayGash"],"picked":"SKIP","floor":5},{"not_picked":["Redo","Cold Snap","Force Field"],"picked":"SKIP","floor":6},{"not_picked":["Redo","Gash","Sweeping Beam"],"picked":"SKIP","floor":7},{"not_picked":["BasicCrystalCard","Recycle","Skim"],"picked":"Singing Bowl","floor":10},{"not_picked":["Ball Lightning","Panic Button","Leap"],"picked":"Singing Bowl","floor":11},{"not_picked":["Hologram","Chill"],"picked":"Creative AI","floor":12},{"not_picked":["Sweeping Beam","Go for the Eyes","Lockon"],"picked":"Singing Bowl","floor":13},{"not_picked":["Go for the Eyes","BootSequence","FTL"],"picked":"Singing Bowl","floor":14},{"not_picked":["Amplify","Meteor Strike","Core Surge"],"picked":"Singing Bowl","floor":16},{"not_picked":["Writhe","Overencumbered","Normality"],"picked":"Singing Bowl","floor":17},{"not_picked":["Hallucinations","Injury","CommonCold"],"picked":"Singing Bowl","floor":17},{"not_picked":["Injury","Doubt","CurseOfTheBell"],"picked":"Singing Bowl","floor":17},{"not_picked":["BasicCrystalCard","Time Bomb","Chill+1"],"picked":"Singing Bowl","floor":18},{"not_picked":["Turbo","Amplify","Ball Lightning"],"picked":"Singing Bowl","floor":21},{"not_picked":["Panic Button","Turbo","Undo+1"],"picked":"Singing Bowl","floor":22},{"not_picked":["Barrage","Genetic Algorithm","Multi-Cast"],"picked":"Singing Bowl","floor":23},{"not_picked":["Cold Snap","Rebound"],"picked":"ICR:FrostFall+1","floor":25},{"not_picked":["ICR:ChainLightning+1","ReplayGash+1","Darkness"],"picked":"Singing Bowl","floor":27},{"not_picked":["Go for the Eyes","Leap","Rebound"],"picked":"Singing Bowl","floor":28},{"not_picked":["Stack","Genetic Algorithm","Conserve Battery"],"picked":"Singing Bowl","floor":29},{"not_picked":["Recycle","Aggregate","Barrage"],"picked":"Singing Bowl","floor":31},{"not_picked":["ReplayTheSpireMod:Fabricate Wheel","Thunder Strike"],"picked":"ICR:Cyclone","floor":33},{"not_picked":["Skim+1","Streamline+1","Coolheaded"],"picked":"Singing Bowl","floor":35},{"not_picked":["Aggregate+1","Beam Cell+1","Redo+1"],"picked":"Singing Bowl","floor":37}],"player_experience":255083,"relics_obtained":[{"floor":9,"key":"Singing Bowl"},{"floor":10,"key":"Odd Mushroom"},{"floor":14,"key":"Meat on the Bone"},{"floor":23,"key":"Gremlin Food"},{"floor":26,"key":"Replay:Bottled Flurry"},{"floor":29,"key":"Red Mask"}],"event_choices":[{"damage_healed":0,"gold_gain":100,"player_choice":"Gold","damage_taken":0,"max_hp_gain":0,"max_hp_loss":0,"event_name":"Wheel of Change","floor":3,"gold_loss":0},{"damage_healed":0,"gold_gain":0,"player_choice":"Fought Mushrooms","damage_taken":0,"max_hp_gain":0,"max_hp_loss":0,"event_name":"Mushrooms","floor":10,"gold_loss":0},{"damage_healed":0,"gold_gain":0,"player_choice":"Fought Bandits","damage_taken":0,"max_hp_gain":0,"max_hp_loss":0,"event_name":"Masked Bandits","floor":29,"gold_loss":0}],"is_beta":false,"boss_relics":[{"not_picked":["SacredBark","Philosopher\u0027s Stone"],"picked":"Replay:Ancient Bell"},{"not_picked":["Regal Pillow","ReplayFunnel"],"picked":"Bag of Preparation"},{"not_picked":["Shuriken","Iron Hammer"],"picked":"Blue Candle"},{"not_picked":["Pondfish Scales","Replay:Kaleidoscope"],"picked":"Ice Cream"},{"not_picked":["Velvet Choker","Nuclear Battery"],"picked":"Kintsugi"}],"items_purged_floors":[19,36],"is_endless":false,"potions_floor_spawned":[2,4,12,13,14,21,22,23,25,27,28,29,31,33,35,37],"killed_by":"3 Darklings","ascension_level":0}}