{"host":"1vqon1dbpr5c1qll","time":1612694945,"event":{"mods":["2.2 Compatiblity","AchievementEnabler","BaseMod","BetterRewards","Colored Map","DeckTracker","Hermit","Highlight Path","Lobotomy","Minty Spire (QoL Compilation)","Permanent Neow","Quick Restart","Random Character Button","Replay The Spire","StSLib","SuperFastMode","The Cursed","The Servant 0.9.4","everything is the same but u backflip on backflip"],"gold_per_floor":[114,114,129,144,202,217,217,247,322,322,362,383,408,408,408,524,524,555,584,207,207,236,278,278,278],"floor_reached":24,"language":"KOR","playtime":904,"items_purged":["Injury"],"score":280,"play_id":"a672ab95-f1ee-45db-9706-557c1c5e6178","local_time":"20210207194905","daily_mods":["Heirloom","ControlledChaos","Lethality"],"is_ascension_mode":false,"campfire_choices":[{"floor":10.0,"key":"REST"},{"floor":15.0,"key":"DIG"}],"circlet_count":0,"master_deck":["Strike_B","Strike_B","Strike_B","Defend_B","Defend_B","Defend_B","Defend_B","Zap","Dualcast","Ball Lightning","Sunder","Ball Lightning","Stack","Go for the Eyes","Beam Cell","Turbo","Core Surge","ReplayTheSpireMod:Splinters","Clumsy","Stack","ReplayGash","Conserve Battery","Leap","Biased Cognition","Cold Snap+1","Self Repair+1","Panic Button+1"],"relics":["Cracked Core","Frozen Eye","StoneCalendar","Calipers","Replay:Bandana","Pantograph","Bag of Preparation","HornCleat","Replay:Ancient Bell","Lantern","Kunai","FossilizedHelix","Prayer Wheel","Membership Card","MealTicket","Ancient Tea Set","Dream Catcher","Tiny Chest"],"acts_visited":["Exordium","TheCity"],"potions_floor_usage":[],"damage_taken":[{"damage":0.0,"enemies":"2 Louse","floor":1.0,"turns":2.0},{"damage":9.0,"enemies":"Jaw Worm","floor":3.0,"turns":2.0},{"damage":0.0,"enemies":"Cultist","floor":4.0,"turns":2.0},{"damage":8.0,"enemies":"Looter","floor":6.0,"turns":2.0},{"damage":0.0,"enemies":"Gremlin Gang","floor":7.0,"turns":1.0},{"damage":19.0,"enemies":"Gremlin Nob","floor":8.0,"turns":3.0},{"damage":16.0,"enemies":"Replay:BlueRogue","floor":11.0,"turns":5.0},{"damage":6.0,"enemies":"Red Slaver","floor":12.0,"turns":2.0},{"damage":1.0,"enemies":"Blue Slaver","floor":13.0,"turns":2.0},{"damage":0.0,"enemies":"Slime Boss","floor":16.0,"turns":4.0},{"damage":12,"enemies":"3 Byrds","floor":18,"turns":4},{"damage":0,"enemies":"Chosen","floor":19,"turns":3},{"damage":28,"enemies":"Centurion and Healer","floor":22,"turns":6},{"damage":24,"enemies":"Slavers","floor":23,"turns":5},{"damage":0,"enemies":"Shelled Parasite and Fungi","floor":24,"turns":1}],"seed_played":"8884597751285247366","potions_obtained":[{"floor":3.0,"key":"SmokeBomb"},{"floor":6.0,"key":"Dexterity Potion"},{"floor":12.0,"key":"Strength Potion"},{"floor":23,"key":"FocusPotion"}],"is_trial":false,"path_per_floor":["M","?","M","M","?","M","M","E","T","R","E","M","M","?","R_BF","B",null,"M","M","$","?","M","E","M"],"character_chosen":"DEFECT","items_purchased":["Membership Card","Biased Cognition","MealTicket","Ancient Tea Set"],"campfire_rested":1,"item_purchase_floors":[20,20,20,20],"current_hp_per_floor":[75,63,54,54,54,46,46,27,27,49,33,27,26,26,26,51,75,63,63,63,63,35,21,21,21],"gold":278,"neow_bonus":"","is_daily":true,"chose_seed":false,"campfire_upgraded":0,"win_rate":0.0,"timestamp":1612694945,"path_taken":["M","?","M","M","?","M","M","E","T","R","E","?","M","?","R_BF","BOSS","M","M","$","?","M","E","M"],"items_purchased_type":["Relic","Card","Relic","Relic"],"build_version":"2020-12-22","purchased_purges":1,"victory":false,"max_hp_per_floor":[75,75,75,75,75,75,75,75,75,75,75,75,75,75,75,75,75,75,75,75,75,75,75,75,75],"card_choices":[{"not_picked":["Steam","Compile Driver"],"picked":"Ball Lightning","floor":1.0},{"not_picked":["Streamline","Gash"],"picked":"Sunder","floor":3.0},{"not_picked":["Panic Button","Leap"],"picked":"Ball Lightning","floor":4.0},{"not_picked":["Seek","Compile Driver"],"picked":"Stack","floor":6.0},{"not_picked":["Reprogram","Barrage"],"picked":"Go for the Eyes","floor":8.0},{"not_picked":["Conserve Battery","Coolheaded"],"picked":"Beam Cell","floor":11.0},{"not_picked":["Panic Button","Compile Driver"],"picked":"ReplayTheSpireMod:Fabricate Wheel","floor":12.0},{"not_picked":["BootSequence","Streamline"],"picked":"Turbo","floor":13.0},{"not_picked":["Rainbow","Seek"],"picked":"Core Surge","floor":16.0},{"not_picked":["Looming Evil","Voices"],"picked":"ReplayTheSpireMod:Splinters","floor":17},{"not_picked":["Languid","CurseOfTheBell"],"picked":"Injury","floor":17},{"not_picked":["TheCursedMod:Dregs","Overencumbered"],"picked":"Clumsy","floor":17},{"not_picked":["Chaos","FIFO Queue"],"picked":"Stack","floor":18},{"not_picked":["Compile Driver","Stack"],"picked":"ReplayGash","floor":18},{"not_picked":["BootSequence","Rebound"],"picked":"Conserve Battery","floor":19},{"not_picked":["Rip and Tear","Rainbow"],"picked":"Leap","floor":19},{"not_picked":["Sweeping Beam","Stack"],"picked":"Cold Snap+1","floor":22},{"not_picked":["Hello World","Gash"],"picked":"Self Repair+1","floor":22},{"not_picked":["Buffer","Conserve Battery"],"picked":"Panic Button+1","floor":23}],"player_experience":973839,"relics_obtained":[{"floor":8.0,"key":"Replay:Bandana"},{"floor":9.0,"key":"Pantograph"},{"floor":11.0,"key":"Bag of Preparation"},{"floor":15.0,"key":"HornCleat"},{"floor":23,"key":"Tiny Chest"}],"event_choices":[{"damage_healed":0.0,"max_hp_gain":0.0,"max_hp_loss":0.0,"gold_gain":0.0,"event_name":"Scrap Ooze","player_choice":"Success","floor":2.0,"gold_loss":0.0,"damage_taken":12.0,"relics_obtained":["Calipers"]},{"damage_healed":0.0,"max_hp_gain":0.0,"max_hp_loss":0.0,"gold_gain":58.0,"event_name":"Golden Wing","player_choice":"Gained Gold","floor":5.0,"gold_loss":0.0,"damage_taken":0.0},{"damage_healed":0,"gold_gain":0,"player_choice":"Gave Potion","damage_taken":0,"relics_obtained":["Dream Catcher"],"max_hp_gain":0,"max_hp_loss":0,"event_name":"WeMeetAgain","floor":21,"gold_loss":0}],"is_beta":false,"boss_relics":[{"not_picked":["Velvet Choker","Painkiller Herb"],"picked":"Replay:Ancient Bell"},{"not_picked":["Omamori","Akabeko"],"picked":"Lantern"},{"not_picked":["Replay:Bottled Eggs","Carrot"],"picked":"Kunai"},{"not_picked":["Torii","Emotion Chip"],"picked":"FossilizedHelix"}],"items_purged_floors":[20],"is_endless":false,"potions_floor_spawned":[3,6,7,12,23],"killed_by":"Shelled Parasite and Fungi","ascension_level":0}}