{"host":"j37i0m9ltjmpbz2t","time":1612715707,"event":{"mods":["BaseMod","Minty Spire (QoL Compilation)","StSLib","UnlockEverythingMod","WarShipGirlsR/’ΩΩ¢…Ÿ≈ÆR mod"],"gold_per_floor":[119,119,119,119,119,154,154,188,214,252,271,271,196,277,277,396,396,420,131,144,243,263,263,306,322,322,358,377,292,252,252,252,383,383,401,414,208,308,308,341,341,341,341,377,377,377,377,395,395,395,395,395,148,229,229],"floor_reached":56,"language":"ZHS","playtime":3840,"items_purged":["rmod:strick","rmod:strick","rmod:defend"],"score":1304,"play_id":"ab031163-a9be-4e61-8d2a-e7199384defa","local_time":"20210208003507","is_ascension_mode":true,"campfire_choices":[{"data":"rmod:highspeedmaneuver","floor":12.0,"key":"SMITH"},{"floor":15.0,"key":"REST"},{"data":"rmod:expeditionaryescort","floor":23.0,"key":"SMITH"},{"floor":32.0,"key":"REST"},{"data":"rmod:seals","floor":41.0,"key":"SMITH"},{"data":"Deep Breath","floor":42.0,"key":"SMITH"},{"floor":45.0,"key":"REST"},{"floor":49.0,"key":"RECALL"},{"data":"rmod:basicallowance","floor":52.0,"key":"SMITH"}],"circlet_count":0,"master_deck":["rmod:strick","rmod:defend","rmod:defend","rmod:defend","rmod:basicallowance+1","rmod:maingunfire","rmod:seals+1","rmod:fletcherpendant","rmod:fletcherpendant","rmod:ammunitionsupply","rmod:highspeedmaneuver+1","rmod:abidefaith+1","rmod:fletcherpendant","rmod:expeditionaryescort+1","rmod:acesubmarine","rmod:aviationdawn+1","rmod:wife","rmod:secretscript","Deep Breath+1","rmod:supportaircraftcarrier+1","rmod:combined+1","rmod:circuitoustactics+1","rmod:lonelyqueen"],"relics":["rmod:firstchargereward","Golden Idol","Vajra","Bag of Preparation","Juzu Bracelet","Anchor","Bag of Marbles","SlaversCollar","Darkstone Periapt","Bottled Lightning","Ancient Tea Set","WingedGreaves","Cursed Key","Frozen Egg 2","Boot","Bottled Tornado","Pen Nib"],"acts_visited":["Exordium","TheCity","TheBeyond","TheEnding"],"potions_floor_usage":[55,55],"damage_taken":[{"damage":4.0,"enemies":"Jaw Worm","floor":1.0,"turns":4.0},{"damage":8.0,"enemies":"Lagavulin","floor":6.0,"turns":6.0},{"damage":16.0,"enemies":"Gremlin Nob","floor":8.0,"turns":5.0},{"damage":15.0,"enemies":"Lagavulin","floor":10.0,"turns":6.0},{"damage":0.0,"enemies":"Small Slimes","floor":11.0,"turns":2.0},{"damage":12.0,"enemies":"Gremlin Nob","floor":14.0,"turns":4.0},{"damage":44.0,"enemies":"Hexaghost","floor":16.0,"turns":10.0},{"damage":8.0,"enemies":"Spheric Guardian","floor":18.0,"turns":5.0},{"damage":13.0,"enemies":"Shell Parasite","floor":20.0,"turns":6.0},{"damage":3.0,"enemies":"Centurion and Healer","floor":22.0,"turns":8.0},{"damage":0.0,"enemies":"Gremlin Leader","floor":24.0,"turns":6.0},{"damage":10.0,"enemies":"Chosen and Byrds","floor":25.0,"turns":4.0},{"damage":18.0,"enemies":"Book of Stabbing","floor":27.0,"turns":5.0},{"damage":1.0,"enemies":"Sentry and Sphere","floor":28.0,"turns":4.0},{"damage":12.0,"enemies":"Collector","floor":33.0,"turns":8.0},{"damage":5.0,"enemies":"3 Darklings","floor":35.0,"turns":4.0},{"damage":0.0,"enemies":"Orb Walker","floor":36.0,"turns":3.0},{"damage":29.0,"enemies":"Nemesis","floor":40.0,"turns":5.0},{"damage":33.0,"enemies":"Reptomancer","floor":44.0,"turns":8.0},{"damage":0.0,"enemies":"4 Shapes","floor":48.0,"turns":2.0},{"damage":19.0,"enemies":"Awakened One","floor":50.0,"turns":7.0},{"damage":4.0,"enemies":"Shield and Spear","floor":54.0,"turns":4.0},{"damage":68,"enemies":"The Heart","floor":55,"turns":8}],"seed_played":"4296727336134916714","potions_obtained":[{"floor":1.0,"key":"Explosive Potion"},{"floor":6.0,"key":"PowerPotion"},{"floor":14.0,"key":"Regen Potion"},{"floor":20.0,"key":"SneckoOil"},{"floor":27.0,"key":"GamblersBrew"},{"floor":28.0,"key":"BlessingOfTheForge"},{"floor":40.0,"key":"Fire Potion"},{"floor":48.0,"key":"BlessingOfTheForge"},{"floor":54.0,"key":"Regen Potion"}],"is_trial":false,"path_per_floor":["M","?","?","?","?","E","?","E","T","E","M","R","$","?","R","B",null,"M","$","M","?","M","R","E","M","T","E","M","?","?","?","R","B",null,"M","M","$","?","?","E","R","R","T","E","R","?","?","M","R","B",null,"R","$","E","B",null],"character_chosen":"PRAEFECT","items_purchased":["rmod:fletcherpendant","rmod:expeditionaryescort","Deep Breath","Bottled Tornado"],"campfire_rested":3,"item_purchase_floors":[19,19,37,53],"current_hp_per_floor":[71,71,76,74,67,59,59,43,43,28,28,28,28,16,38,9,74,66,66,53,53,50,50,50,40,40,22,21,21,21,21,43,31,74,69,69,69,69,69,40,40,40,40,7,29,29,29,29,29,10,70,70,70,66,13],"gold":229,"neow_bonus":"ONE_RANDOM_RARE_CARD","is_daily":false,"chose_seed":false,"campfire_upgraded":5,"win_rate":0.0,"timestamp":1612715707,"path_taken":["M","?","?","?","?","E","?","E","T","E","M","R","$","?","R","BOSS","M","$","M","?","M","R","E","M","T","E","M","?","?","?","R","BOSS","M","M","$","?","?","E","R","R","T","E","R","?","?","M","R","BOSS","R","$","E","BOSS"],"items_purchased_type":["Card","Card","Card","Relic"],"build_version":"2020-12-22","purchased_purges":3,"victory":true,"max_hp_per_floor":[75,75,80,74,74,74,74,74,74,74,74,74,74,74,74,74,74,74,74,74,74,74,74,74,74,74,74,74,74,74,74,74,74,74,74,74,74,74,74,74,74,74,74,74,74,74,70,70,70,70,70,70,70,70,70],"card_choices":[{"not_picked":["rmod:capitalist","rmod:shuttlebombing"],"picked":"rmod:fletcherpendant","floor":1.0},{"not_picked":["rmod:capitalist","rmod:tearstotiara"],"picked":"rmod:fletcherpendant","floor":6.0},{"not_picked":["rmod:intelligenceanalysis","rmod:desperatesituation"],"picked":"rmod:ammunitionsupply","floor":8.0},{"not_picked":["rmod:gendarmerie","rmod:aviationdawn","rmod:steelsupply"],"picked":"SKIP","floor":10.0},{"not_picked":["rmod:fuelsupply","rmod:diamondstrike"],"picked":"rmod:highspeedmaneuver","floor":11.0},{"not_picked":["rmod:u235","rmod:auspiciousomen"],"picked":"rmod:abidefaith","floor":16.0},{"not_picked":["rmod:ammunitionsupply","rmod:combined","rmod:aluminumsupply+1"],"picked":"SKIP","floor":18.0},{"not_picked":["rmod:combined","rmod:fuelsupply","rmod:openingtorpedo+1"],"picked":"SKIP","floor":20.0},{"not_picked":["rmod:diamondstrike","rmod:steelsupply","rmod:ammunitionsupply"],"picked":"SKIP","floor":22.0},{"not_picked":["rmod:slowdown","rmod:aviationdawn"],"picked":"rmod:acesubmarine","floor":24.0},{"not_picked":["rmod:fletcherpendant","rmod:combined","rmod:supportescort"],"picked":"SKIP","floor":25.0},{"not_picked":["rmod:acesubmarine","rmod:bulid+1"],"picked":"rmod:aviationdawn+1","floor":27.0},{"not_picked":["rmod:combined","rmod:salvage"],"picked":"rmod:wife","floor":28.0},{"not_picked":["rmod:seals","rmod:ridicule"],"picked":"rmod:secretscript","floor":33.0},{"not_picked":["rmod:tearstotiara+1","rmod:wolves","rmod:goodfighter"],"picked":"SKIP","floor":35.0},{"not_picked":["rmod:steelsupply","rmod:firesupport+1","rmod:diamondstrike+1"],"picked":"SKIP","floor":36.0},{"not_picked":["rmod:generalist","rmod:salvage"],"picked":"rmod:supportaircraftcarrier+1","floor":40.0},{"not_picked":["rmod:salvage+1","rmod:spoils+1"],"picked":"rmod:combined+1","floor":44.0},{"not_picked":["rmod:diamondstrike+1","rmod:selfconfidence"],"picked":"rmod:circuitoustactics+1","floor":48.0},{"not_picked":["rmod:selfconfidence+1","rmod:supportescort+1"],"picked":"rmod:lonelyqueen","floor":54.0}],"player_experience":190347,"relics_obtained":[{"floor":6.0,"key":"Vajra"},{"floor":8.0,"key":"Bag of Preparation"},{"floor":9.0,"key":"Juzu Bracelet"},{"floor":10.0,"key":"Anchor"},{"floor":14.0,"key":"Bag of Marbles"},{"floor":24.0,"key":"Darkstone Periapt"},{"floor":27.0,"key":"Bottled Lightning"},{"floor":40.0,"key":"Frozen Egg 2"},{"floor":44.0,"key":"Boot"},{"floor":54.0,"key":"Pen Nib"}],"event_choices":[{"damage_healed":0.0,"max_hp_gain":5.0,"max_hp_loss":0.0,"gold_gain":0.0,"event_name":"Big Fish","player_choice":"Donut","floor":3.0,"gold_loss":0.0,"damage_taken":0.0},{"damage_healed":0.0,"max_hp_gain":0.0,"max_hp_loss":6.0,"gold_gain":0.0,"event_name":"Golden Idol","player_choice":"Lose Max HP","floor":4.0,"gold_loss":0.0,"damage_taken":0.0,"relics_obtained":["Golden Idol"]},{"cards_removed":["rmod:strick"],"damage_healed":0.0,"max_hp_gain":0.0,"max_hp_loss":0.0,"gold_gain":0.0,"event_name":"Golden Wing","player_choice":"Card Removal","floor":5.0,"gold_loss":0.0,"damage_taken":7.0},{"damage_healed":0.0,"max_hp_gain":0.0,"max_hp_loss":0.0,"gold_gain":0.0,"event_name":"Liars Game","player_choice":"Ignored","floor":7.0,"gold_loss":0.0,"damage_taken":0.0},{"damage_healed":0.0,"max_hp_gain":0.0,"max_hp_loss":0.0,"gold_gain":0.0,"event_name":"Dead Adventurer","player_choice":"Searched \u00271\u0027 times","floor":14.0,"gold_loss":0.0,"damage_taken":0.0},{"damage_healed":0.0,"max_hp_gain":0.0,"max_hp_loss":0.0,"gold_gain":99.0,"event_name":"Nest","player_choice":"Stole From Cult","floor":21.0,"gold_loss":0.0,"damage_taken":0.0},{"damage_healed":0.0,"max_hp_gain":0.0,"max_hp_loss":0.0,"gold_gain":0.0,"event_name":"Addict","player_choice":"Obtained Relic","floor":29.0,"gold_loss":85.0,"damage_taken":0.0,"relics_obtained":["Ancient Tea Set"]},{"damage_healed":0.0,"max_hp_gain":0.0,"max_hp_loss":0.0,"gold_gain":0.0,"event_name":"Designer","player_choice":"Upgrade","floor":30.0,"gold_loss":40.0,"damage_taken":0.0,"cards_upgraded":["rmod:abidefaith"]},{"damage_healed":0.0,"max_hp_gain":0.0,"max_hp_loss":0.0,"gold_gain":0.0,"event_name":"The Mausoleum","player_choice":"Opened","floor":31.0,"gold_loss":0.0,"damage_taken":0.0,"relics_obtained":["WingedGreaves"]},{"damage_healed":0.0,"max_hp_gain":0.0,"max_hp_loss":0.0,"gold_gain":100.0,"event_name":"Golden Shrine","player_choice":"Pray","floor":38.0,"gold_loss":0.0,"damage_taken":0.0},{"damage_healed":0.0,"max_hp_gain":0.0,"max_hp_loss":0.0,"gold_gain":0.0,"event_name":"SecretPortal","player_choice":"Ignored","floor":39.0,"gold_loss":0.0,"damage_taken":0.0},{"damage_healed":0.0,"max_hp_gain":0.0,"max_hp_loss":0.0,"gold_gain":0.0,"event_name":"Tomb of Lord Red Mask","player_choice":"Ignored","floor":46.0,"gold_loss":0.0,"damage_taken":0.0},{"damage_healed":0.0,"max_hp_gain":0.0,"max_hp_loss":4.0,"gold_gain":0.0,"event_name":"Winding Halls","player_choice":"Max HP","floor":47.0,"gold_loss":0.0,"damage_taken":0.0}],"is_beta":false,"boss_relics":[{"not_picked":["Snecko Eye","Fusion Hammer"],"picked":"SlaversCollar"},{"not_picked":["Busted Crown","Astrolabe"],"picked":"Cursed Key"}],"items_purged_floors":[13,19,37],"is_endless":false,"potions_floor_spawned":[1,6,14,20,27,28,40,48,54],"ascension_level":1}}