{"host":"ufl0k2so27eic2iy","time":1612696567,"event":{"mods":["BaseMod","Downfall","Minty Spire (QoL Compilation)","StSLib","The Animator"],"gold_per_floor":[99,99,114,24,37,71,71,88,113,13,27,61,61,87,116,226,238,250,280,307,269,299,157,157,188,207,107,107,121,38,58,68,167,167,67,78,78,63,63,63,89,106,156,190,206,111,141,159,172,172,172,172,172,172],"floor_reached":52,"language":"ENG","playtime":3497,"items_purged":["Slimebound:Strike_Slimebound","Slimebound:Strike_Slimebound","Slimebound:Strike_Slimebound"],"score":1182,"play_id":"545c1971-15fd-4227-a278-3e60c7e6a3a6","local_time":"20210207111607","is_ascension_mode":true,"campfire_choices":[{"data":"Slimebound:Split","floor":1,"key":"SMITH"},{"floor":10,"key":"REST"},{"floor":13,"key":"REST"},{"data":"Slimebound:LevelUp","floor":18,"key":"SMITH"},{"floor":27,"key":"RECALL"},{"data":"Slimebound:LeadByExample","floor":35,"key":"SMITH"},{"data":"Slimebound:WasteNot","floor":40,"key":"SMITH"}],"circlet_count":0,"master_deck":["AscendersBane","Slimebound:Tackle","Slimebound:Defend_Slimebound","Slimebound:Defend_Slimebound+1","Slimebound:Defend_Slimebound","Slimebound:Defend_Slimebound","Slimebound:Split+1","Slimebound:CorrosiveSpit","Slimebound:SplitMire","Slimebound:Gluttony","Slimebound:PressTheAttack","Slimebound:SamplingLick","Slimebound:SlimeBarrage","Slimebound:Recollect+1","Slimebound:LevelUp+1","Slimebound:Prepare","Slimebound:RallyTheTroops","Slimebound:GoopSpray+1","Slimebound:TongueLash","Slimebound:OozeBath","Slimebound:SamplingLick","Slimebound:SlimeSpikes+1","Slimebound:Dissolve+1","Slimebound:Equalize","Slimebound:LeechEnergy","Slimebound:LeadByExample+1","Slimebound:Repurpose","Slimebound:WasteNot+1","CurseOfTheBell","Slimebound:Schlurp","Slimebound:DisruptingSlam+1","Slimebound:Schlurp","Slimebound:FirmFortitude","Slimebound:SpikyOuterGoop","Slimebound:GoopSpray"],"relics":["Slimebound:AbsorbEndCombat","Bird Faced Urn","Ancient Tea Set","Mummified Hand","downfall:HeartBlessingGreen","Pear","MawBank","Coffee Dripper","sneckomod:BlankCard","downfall:HeartBlessingBlue","GremlinMask","Calling Bell","Potion Belt","Shuriken","StoneCalendar","downfall:HeartBlessingRed","Dream Catcher","Gambling Chip","War Paint","Slimebound:MaxSlimesRelic","Slimebound:PreparedRelic"],"acts_visited":["Exordium","TheCity","TheBeyond","TheEnding"],"potions_floor_usage":[44,44],"damage_taken":[{"damage":0,"enemies":"Cultist","floor":3,"turns":3},{"damage":8,"enemies":"downfall:FleeingMerchant","floor":4,"turns":4},{"damage":5,"enemies":"2 Louse","floor":5,"turns":3},{"damage":40,"enemies":"3 Sentries","floor":6,"turns":10},{"damage":3,"enemies":"Small Slimes","floor":8,"turns":3},{"damage":34,"enemies":"Gremlin Nob","floor":9,"turns":4},{"damage":13,"enemies":"Exordium Thugs","floor":11,"turns":4},{"damage":18,"enemies":"3 Sentries","floor":12,"turns":5},{"damage":26,"enemies":"Gremlin Nob","floor":14,"turns":4},{"damage":0,"enemies":"Blue Slaver","floor":15,"turns":3},{"damage":15,"enemies":"IC_STATUS_ARCHETYPE","floor":16,"turns":8},{"damage":15,"enemies":"Shell Parasite","floor":19,"turns":5},{"damage":50,"enemies":"3 Byrds","floor":20,"turns":5},{"damage":2,"enemies":"Snake Plant","floor":22,"turns":4},{"damage":0,"enemies":"downfall:FleeingMerchant","floor":23,"turns":4},{"damage":29,"enemies":"Book of Stabbing","floor":25,"turns":5},{"damage":7,"enemies":"Shelled Parasite and Fungi","floor":26,"turns":5},{"damage":7,"enemies":"Centurion and Healer","floor":29,"turns":5},{"damage":5,"enemies":"downfall:FleeingMerchant","floor":30,"turns":4},{"damage":52,"enemies":"3 Cultists","floor":31,"turns":5},{"damage":8,"enemies":"Cultist and Chosen","floor":32,"turns":5},{"damage":23,"enemies":"DF_ARCHETYPE_CLAW","floor":33,"turns":8},{"damage":5,"enemies":"Orb Walker","floor":36,"turns":3},{"damage":29,"enemies":"Orb Walker","floor":37,"turns":6},{"damage":6,"enemies":"downfall:FleeingMerchant","floor":38,"turns":4},{"damage":24,"enemies":"3 Darklings","floor":42,"turns":7},{"damage":3,"enemies":"3 Darklings","floor":43,"turns":6},{"damage":21,"enemies":"Reptomancer","floor":44,"turns":7},{"damage":21,"enemies":"4 Shapes","floor":45,"turns":7},{"damage":11,"enemies":"downfall:FleeingMerchant","floor":46,"turns":4},{"damage":19,"enemies":"Nemesis","floor":47,"turns":7},{"damage":16,"enemies":"Writhing Mass","floor":48,"turns":5},{"damage":52,"enemies":"Transient","floor":49,"turns":5},{"damage":43,"enemies":"WA_ARCHETYPE_DIVINITY","floor":50,"turns":11},{"damage":101,"enemies":"downfall:CharBossMerchant","floor":52,"turns":6}],"seed_played":"-5287099975806371176","potions_obtained":[{"floor":6,"key":"sneckomod:MuddlingPotion"},{"floor":9,"key":"SneckoOil"},{"floor":14,"key":"bronze:BurnAndBuffPotion"},{"floor":15,"key":"Dexterity Potion"},{"floor":22,"key":"BlessingOfTheForge"},{"floor":25,"key":"PowerPotion"},{"floor":32,"key":"Guardian:BlockOnCardUsePotion"},{"floor":36,"key":"AttackPotion"},{"floor":43,"key":"Slimebound:SlimedPotion"},{"floor":44,"key":"SmokeBomb"},{"floor":45,"key":"DuplicationPotion"},{"floor":47,"key":"Slimebound:ThreeZeroPotion"},{"floor":48,"key":"Weak Potion"}],"is_trial":false,"path_per_floor":["R","?","M","$","M","E","T","M","E","R","M","E","R","E","M","B",null,"R","M","M","?","M","$","T","E","M","R","?","M","$","M","M","B",null,"R","M","?","$","?","R","T","M","?","E","M","$","E","M","M","B",null,"E"],"character_chosen":"SLIMEBOUND","items_purchased":["Slimebound:Equalize","Slimebound:LeadByExample","Slimebound:SpikyOuterGoop","Slimebound:MaxSlimesRelic"],"campfire_rested":2,"item_purchase_floors":[23,30,46,46],"current_hp_per_floor":[59,64,68,66,65,33,33,34,10,31,28,32,56,40,48,45,71,71,68,30,60,66,76,76,67,80,90,90,89,89,56,66,65,84,84,87,76,88,88,88,88,86,87,69,70,77,75,81,42,23,73,0,0,0],"gold":172,"neow_bonus":"THREE_CARDS","is_daily":false,"chose_seed":false,"campfire_upgraded":4,"win_rate":0.0,"timestamp":1612696567,"path_taken":["R","?","M","$","M","E","T","M","E","R","M","E","R","E","M","BOSS","R","M","M","?","M","$","T","E","M","R","?","M","$","M","M","BOSS","R","M","?","$","?","R","T","?","?","E","M","$","E","M","M","BOSS","E"],"items_purchased_type":["Card","Card","Card","Relic"],"build_version":"2020-12-22","purchased_purges":3,"victory":false,"max_hp_per_floor":[65,70,70,70,70,70,70,70,70,70,70,80,80,80,80,80,80,80,80,80,80,80,80,80,80,80,90,90,90,90,90,90,90,90,90,90,90,90,90,90,90,90,90,90,90,90,90,90,90,90,90,90,90,90],"card_choices":[{"not_picked":["Slimebound:RainOfGoop","Slimebound:Grow"],"picked":"Slimebound:SplitMire","floor":0},{"not_picked":["Slimebound:SplitMire","Slimebound:SlimeSpikes"],"picked":"Slimebound:Gluttony","floor":3},{"not_picked":["Slimebound:SlimeBrawl","Slimebound:SplitBruiser"],"picked":"Slimebound:PressTheAttack","floor":4},{"not_picked":["Slimebound:LeechingTouch","Slimebound:SlimeSpikes"],"picked":"Slimebound:SamplingLick","floor":5},{"not_picked":["Slimebound:HungryTackle","Slimebound:MegaLick"],"picked":"Slimebound:SlimeBarrage","floor":6},{"not_picked":["Slimebound:SplitLeeching","Slimebound:GoopTackle"],"picked":"Slimebound:Recollect","floor":8},{"not_picked":["Slimebound:SplitBruiser","Slimebound:PressTheAttack"],"picked":"Slimebound:LevelUp","floor":9},{"not_picked":["Slimebound:SplitMire","Slimebound:GoopTackle"],"picked":"Slimebound:Prepare","floor":11},{"not_picked":["Slimebound:GoopSpray","Slimebound:SlimeSpikes"],"picked":"Slimebound:RallyTheTroops","floor":12},{"not_picked":["Slimebound:SplitBruiser","Slimebound:SplitAcid"],"picked":"Slimebound:GoopSpray","floor":14},{"not_picked":["Slimebound:Grow","Slimebound:SlimeBrawl"],"picked":"Slimebound:TongueLash","floor":15},{"not_picked":["Slimebound:Darklings","Slimebound:PrepareCrush"],"picked":"Slimebound:OozeBath","floor":16},{"not_picked":["Slimebound:ViciousTackle","Slimebound:ItLooksTasty","Slimebound:FinishingTackle+1"],"picked":"SKIP","floor":19},{"not_picked":["Slimebound:LeechingTouch","Slimebound:ItLooksTasty"],"picked":"Slimebound:SamplingLick","floor":20},{"not_picked":["Slimebound:Overexert","Slimebound:ComboTackle+1"],"picked":"Slimebound:SlimeSpikes+1","floor":22},{"not_picked":["Slimebound:FinishingTackle","Slimebound:RollThrough"],"picked":"Slimebound:Dissolve+1","floor":23},{"not_picked":["Slimebound:ForwardTackle","Slimebound:SlimeBarrage","Slimebound:FinishingTackle+1"],"picked":"SKIP","floor":25},{"not_picked":["Slimebound:RollThrough","Slimebound:SamplingLick","Slimebound:SlimeSlap"],"picked":"SKIP","floor":26},{"not_picked":["Slimebound:Dissolve+1","Slimebound:TongueLash+1"],"picked":"Slimebound:LeechEnergy","floor":29},{"not_picked":["Slimebound:ServeAndProtect","Slimebound:SamplingLick","Slimebound:SplitMire"],"picked":"SKIP","floor":30},{"not_picked":["Slimebound:LeechEnergy","Slimebound:GoopTackle+1"],"picked":"Slimebound:Repurpose","floor":31},{"not_picked":["Slimebound:Equalize","Slimebound:ViciousTackle","Slimebound:SplitLeeching"],"picked":"SKIP","floor":32},{"not_picked":["Slimebound:OneTwoCombo","Slimebound:DuplicatedForm"],"picked":"Slimebound:WasteNot","floor":33},{"not_picked":["Slimebound:ItLooksTasty+1","Slimebound:DouseInSlime"],"picked":"Slimebound:Schlurp","floor":36},{"not_picked":["Slimebound:GrowthPunch","Slimebound:SplitAcid+1"],"picked":"Slimebound:DisruptingSlam+1","floor":37},{"not_picked":["Slimebound:ComboTackle","Slimebound:LeechingTouch","Slimebound:SplitAcid"],"picked":"SKIP","floor":38},{"not_picked":["Slimebound:FlameTackle+1","Slimebound:ViciousTackle+1"],"picked":"Slimebound:Schlurp","floor":42},{"not_picked":["Slimebound:ViciousTackle+1","Slimebound:LivingWall","Slimebound:RollThrough"],"picked":"SKIP","floor":44},{"not_picked":["Slimebound:ItLooksTasty","Slimebound:LeechEnergy+1"],"picked":"Slimebound:FirmFortitude","floor":45},{"not_picked":["Slimebound:LeechEnergy","Slimebound:FormOfPuddle","Slimebound:Schlurp"],"picked":"SKIP","floor":46},{"not_picked":["Slimebound:ForwardTackle","Slimebound:FirmFortitude","Slimebound:ItLooksTasty"],"picked":"SKIP","floor":47},{"not_picked":["Slimebound:ProtectTheBoss+1","Slimebound:FinishingTackle+1","Slimebound:ComboTackle+1"],"picked":"SKIP","floor":48},{"not_picked":["Slimebound:FlameTackle","Slimebound:SplitMire+1"],"picked":"Slimebound:GoopSpray","floor":49}],"player_experience":2805585,"relics_obtained":[{"floor":6,"key":"Bird Faced Urn"},{"floor":7,"key":"Ancient Tea Set"},{"floor":9,"key":"Mummified Hand"},{"floor":12,"key":"Pear"},{"floor":14,"key":"MawBank"},{"floor":25,"key":"sneckomod:BlankCard"},{"floor":34,"key":"Potion Belt"},{"floor":34,"key":"Shuriken"},{"floor":34,"key":"StoneCalendar"},{"floor":41,"key":"Dream Catcher"},{"floor":43,"key":"Gambling Chip"},{"floor":44,"key":"War Paint"},{"floor":47,"key":"Slimebound:PreparedRelic"}],"event_choices":[{"damage_healed":0,"gold_gain":0,"player_choice":"Donut","damage_taken":0,"max_hp_gain":5,"max_hp_loss":0,"event_name":"Big Fish","floor":2,"gold_loss":0},{"damage_healed":0,"gold_gain":0,"player_choice":"Trade","damage_taken":0,"relics_obtained":["GremlinMask"],"max_hp_gain":0,"max_hp_loss":0,"event_name":"FaceTrader","floor":28,"gold_loss":0},{"damage_healed":0,"gold_gain":0,"player_choice":"Forge","damage_taken":0,"max_hp_gain":0,"max_hp_loss":0,"event_name":"Accursed Blacksmith","floor":39,"gold_loss":0,"cards_upgraded":["Slimebound:GoopSpray"]}],"is_beta":false,"boss_relics":[{"not_picked":["Philosopher\u0027s Stone","Fusion Hammer"],"picked":"Coffee Dripper"},{"not_picked":["Snecko Eye","Velvet Choker"],"picked":"Calling Bell"}],"items_purged_floors":[4,23,46],"is_endless":false,"potions_floor_spawned":[6,9,12,14,15,22,25,29,32,36,43,44,45,47,48,49],"killed_by":"downfall:CharBossMerchant","ascension_level":11}}