{"host":"sum4dy402bbv9y4o","time":1612703074,"event":{"mods":["Aspiration","BaseMod","Conspire","Highlight Path","Minty Spire (QoL Compilation)","StSLib"],"gold_per_floor":[110,35,54,204,215,243,243,269,269,269,269,285,319,332,332,332,332],"floor_reached":16,"language":"ENG","playtime":592,"items_purged":["Defend_R"],"score":240,"play_id":"6d84fa28-c50c-4fd6-8397-447ea92aef64","local_time":"20210207160434","is_ascension_mode":true,"campfire_choices":[{"floor":7,"key":"REST"},{"floor":11,"key":"REST"},{"data":"Inflame","floor":15,"key":"SMITH"}],"circlet_count":0,"master_deck":["AscendersBane","Strike_R","Strike_R","Strike_R","Strike_R","Strike_R","Defend_R","Defend_R","Defend_R","Bash","Dropkick","conspire:ExplosiveBarrier","Headbutt","Doubt","Clothesline","Cleave","Dropkick","Anger","Cleave","Inflame+1"],"relics":["Burning Blood","Ornamental Fan","Lantern","aspiration:Nostalgia","Cracked Core","Anchor"],"acts_visited":["Exordium"],"potions_floor_usage":[6,8,8],"damage_taken":[{"damage":5,"enemies":"2 Louse","floor":1,"turns":4},{"damage":13,"enemies":"Small Slimes","floor":3,"turns":3},{"damage":1,"enemies":"Cultist","floor":5,"turns":3},{"damage":50,"enemies":"Lagavulin","floor":6,"turns":8},{"damage":31,"enemies":"3 Sentries","floor":8,"turns":10},{"damage":1,"enemies":"Looter","floor":12,"turns":2},{"damage":27,"enemies":"Lagavulin","floor":13,"turns":7},{"damage":0,"enemies":"Gremlin Gang","floor":14,"turns":2},{"damage":44,"enemies":"Slime Boss","floor":16,"turns":7}],"seed_played":"-409989249280483022","potions_obtained":[{"floor":1,"key":"LiquidMemories"},{"floor":5,"key":"Swift Potion"},{"floor":6,"key":"SkillPotion"}],"is_trial":false,"path_per_floor":["M","$","M","?","M","E","R","E","T","?","R","M","E","M","R","B"],"character_chosen":"IRONCLAD","items_purchased":[],"campfire_rested":2,"item_purchase_floors":[],"current_hp_per_floor":[69,69,62,62,67,23,45,20,20,20,42,47,26,32,32,0,0],"gold":332,"neow_bonus":"THREE_CARDS","is_daily":false,"chose_seed":false,"campfire_upgraded":1,"win_rate":0.0,"timestamp":1612703074,"path_taken":["M","$","M","?","M","E","R","E","T","?","R","M","E","M","R","BOSS"],"items_purchased_type":[],"build_version":"2020-12-22","purchased_purges":1,"victory":false,"max_hp_per_floor":[75,75,75,75,75,75,75,75,75,75,75,75,75,75,75,75,75],"card_choices":[{"not_picked":["Battle Trance","Sword Boomerang"],"picked":"Dropkick","floor":0},{"not_picked":["Entrench","Iron Wave"],"picked":"conspire:ExplosiveBarrier","floor":1},{"not_picked":["Sentinel","Clash"],"picked":"Headbutt","floor":3},{"not_picked":["conspire:ExplosiveBarrier","Whirlwind"],"picked":"Clothesline","floor":5},{"not_picked":["Flex","Heavy Blade"],"picked":"Cleave","floor":6},{"not_picked":["Impervious","Anger"],"picked":"Dropkick","floor":8},{"not_picked":["Fire Breathing","Cleave"],"picked":"Anger","floor":12},{"not_picked":["True Grit","Offering"],"picked":"Cleave","floor":13},{"not_picked":["Carnage","Wild Strike"],"picked":"Inflame","floor":14}],"player_experience":3053076,"relics_obtained":[{"floor":6,"key":"Ornamental Fan"},{"floor":8,"key":"Lantern"},{"floor":9,"key":"aspiration:Nostalgia"},{"floor":13,"key":"Anchor"}],"event_choices":[{"damage_healed":0,"gold_gain":150,"player_choice":"AGREE","damage_taken":0,"max_hp_gain":0,"max_hp_loss":0,"event_name":"Liars Game","floor":4,"gold_loss":0,"cards_obtained":["Doubt"]},{"damage_healed":0,"gold_gain":0,"player_choice":"Leave","damage_taken":0,"max_hp_gain":0,"max_hp_loss":0,"event_name":"FaceTrader","floor":10,"gold_loss":0}],"is_beta":false,"boss_relics":[],"items_purged_floors":[2],"is_endless":false,"potions_floor_spawned":[1,5,6],"killed_by":"Slime Boss","ascension_level":20}}