{"host":"m4gb89kpcfic7v2a","time":1612678701,"event":{"mods":["BaseMod","BetterRewards","Downfall","Minty Spire (QoL Compilation)","Reliquary","StSLib"],"gold_per_floor":[99,113,131,141,154,177,177,206,224,244,244,264,283,315,328,427,427,427,427,447,464,478,489,515,515,532,544,382,382,43,55,75,176,176,176,189,189,214,230,241,241,256,20,39,89,89,89,89,100,100,100,100],"floor_reached":50,"language":"ENG","playtime":7577,"items_purged":[],"score":566,"play_id":"b58ffc57-5034-4ee1-808c-48abf55362d1","local_time":"20210206231821","is_ascension_mode":false,"campfire_choices":[{"data":"champ:Taunt","floor":1,"key":"SMITH"},{"data":"champ:Devastate","floor":18,"key":"SMITH"},{"data":"champ:ShieldThrow","floor":35,"key":"SMITH"},{"floor":46,"key":"REST"},{"data":"champ:Improvising","floor":48,"key":"SMITH"}],"circlet_count":0,"master_deck":["champ:Strike","champ:Strike","champ:Strike","champ:Strike","champ:Defend","champ:Defend","champ:Defend","champ:Defend","champ:Execute","champ:Taunt+1","champ:FocusedDefense+1","champ:SkillfulDodge","champ:Backstep","champ:BringItOn+1","champ:HoldFirm","champ:Lariat","champ:AdrenalArmor","champ:ShieldWall","champ:PreciseThrust","champ:StanceDance","champ:Haymaker","champ:Devastate+1","champ:BringItOn","champ:StanceDance","champ:FlashCut+1","champ:DeathBlow","champ:PreciseThrust","champ:Backstep","champ:ShieldWall","champ:ShieldWall+1","champ:ShieldThrow+1","champ:FlashCut+1","champ:ShieldSlam","champ:ShieldWall","champ:UltimateStance+1","champ:IronFortress","champ:Backstep+1","champ:Improvising+1"],"relics":["champ:ChampionCrown","Nunchaku","reliquary:Aerogel","Happy Flower","champ:LiftRelic","Happy Flower","reliquary:RedCape","reliquary:Stiletto","Bag of Marbles","Pear","reliquary:KinkedSpring","Omamori","Pen Nib","Toxic Egg 2","Dead Branch"],"acts_visited":["Exordium","TheCity","TheBeyond"],"potions_floor_usage":[16,16,40],"damage_taken":[{"damage":19,"enemies":"Cultist","floor":2,"turns":5},{"damage":10,"enemies":"Jaw Worm","floor":3,"turns":4},{"damage":10,"enemies":"Small Slimes","floor":4,"turns":3},{"damage":18,"enemies":"Red Slaver","floor":5,"turns":5},{"damage":37,"enemies":"Gremlin Nob","floor":8,"turns":6},{"damage":10,"enemies":"3 Louse","floor":9,"turns":5},{"damage":0,"enemies":"Large Slime","floor":10,"turns":8},{"damage":40,"enemies":"Red Slaver","floor":12,"turns":5},{"damage":27,"enemies":"Exordium Thugs","floor":13,"turns":6},{"damage":20,"enemies":"3 Sentries","floor":14,"turns":6},{"damage":0,"enemies":"Exordium Wildlife","floor":15,"turns":3},{"damage":13,"enemies":"WA_ARCHETYPE_RETAIN","floor":16,"turns":7},{"damage":10,"enemies":"Chosen","floor":20,"turns":4},{"damage":20,"enemies":"Shell Parasite","floor":21,"turns":5},{"damage":25,"enemies":"Centurion and Healer","floor":22,"turns":7},{"damage":7,"enemies":"Chosen and Byrds","floor":23,"turns":8},{"damage":28,"enemies":"Shelled Parasite and Fungi","floor":26,"turns":6},{"damage":34,"enemies":"Centurion and Healer","floor":27,"turns":7},{"damage":10,"enemies":"downfall:FleeingMerchant","floor":28,"turns":4},{"damage":20,"enemies":"downfall:FleeingMerchant","floor":30,"turns":4},{"damage":20,"enemies":"Chosen and Byrds","floor":31,"turns":6},{"damage":8,"enemies":"Snake Plant","floor":32,"turns":3},{"damage":29,"enemies":"DF_ARCHETYPE_CLAW","floor":33,"turns":8},{"damage":3,"enemies":"3 Darklings","floor":36,"turns":6},{"damage":10,"enemies":"3 Shapes","floor":39,"turns":5},{"damage":17,"enemies":"Sphere and 2 Shapes","floor":40,"turns":4},{"damage":32,"enemies":"Spire Growth","floor":42,"turns":4},{"damage":10,"enemies":"downfall:FleeingMerchant","floor":43,"turns":4},{"damage":66,"enemies":"Jaw Worm Horde","floor":44,"turns":6},{"damage":10,"enemies":"Jaw Worm Horde","floor":45,"turns":5},{"damage":41,"enemies":"Maw","floor":49,"turns":6},{"damage":110,"enemies":"SI_POISON_ARCHETYPE","floor":50,"turns":6}],"seed_played":"-6441192707441922941","potions_obtained":[{"floor":2,"key":"Energy Potion"},{"floor":3,"key":"DistilledChaos"},{"floor":5,"key":"PowerPotion"},{"floor":20,"key":"Block Potion"},{"floor":27,"key":"Guardian:BlockOnCardUsePotion"},{"floor":42,"key":"Weak Potion"}],"is_trial":false,"path_per_floor":["R","M","M","M","M","T","T","E","M","M","?","M","M","E","M","B",null,"R","?","M","M","M","M","T","?","M","M","$","?","$","M","M","B",null,"R","M","T","T","M","M","T","M","$","M","?","R","?","R","M","B"],"character_chosen":"THE_CHAMP","items_purchased":["Bag of Marbles","Pear","champ:ShieldWall","champ:UltimateStance+1","champ:IronFortress"],"campfire_rested":1,"item_purchase_floors":[28,30,30,43,43],"current_hp_per_floor":[99,90,90,90,82,82,82,65,65,65,65,65,58,58,58,55,99,99,91,91,91,91,84,84,84,76,62,62,47,57,57,49,40,109,109,106,106,106,106,99,99,67,67,11,11,43,95,95,89,0,0,0],"gold":100,"neow_bonus":"TEN_PERCENT_HP_BONUS","is_daily":false,"chose_seed":false,"campfire_upgraded":4,"win_rate":0.0,"timestamp":1612678701,"path_taken":["R","M","M","M","M","?","T","E","M","M","?","M","M","E","M","BOSS","R","?","M","M","M","?","T","?","M","M","$","?","$","M","M","BOSS","R","M","?","?","M","M","T","M","?","?","?","R","?","R","M","BOSS"],"items_purchased_type":["Relic","Relic","Card","Card","Card"],"build_version":"2020-12-22","purchased_purges":0,"victory":false,"max_hp_per_floor":[99,99,99,99,99,99,99,99,99,99,99,99,99,99,99,99,99,99,99,99,99,99,99,99,99,99,99,99,99,109,109,109,109,109,109,109,109,109,109,109,109,109,109,109,109,109,95,95,95,95,95,95],"card_choices":[{"not_picked":["champ:Encircle","champ:Shatter"],"picked":"champ:FocusedDefense","floor":2},{"not_picked":["champ:Shatter","champ:FlashCut"],"picked":"champ:SkillfulDodge","floor":3},{"not_picked":["champ:FocusedBerserking","champ:EndlessRage"],"picked":"champ:Backstep","floor":4},{"not_picked":["champ:PreciseThrust","champ:Parry"],"picked":"champ:BringItOn","floor":5},{"not_picked":["champ:FalseCounter","champ:BringItOn"],"picked":"champ:HoldFirm","floor":8},{"not_picked":["champ:DefensiveShout","champ:EnGarde"],"picked":"champ:Lariat","floor":9},{"not_picked":["champ:FanOfKnives","champ:TornadoPunch"],"picked":"champ:AdrenalArmor","floor":10},{"not_picked":["champ:SetATrap","champ:BringItOn"],"picked":"champ:ShieldWall","floor":12},{"not_picked":["champ:BerserkersShout","champ:FlashCut"],"picked":"champ:PreciseThrust","floor":13},{"not_picked":["champ:CrownThrow","champ:FancyFootwork"],"picked":"champ:StanceDance","floor":14},{"not_picked":["champ:PreemptiveStrike","champ:GutPunch"],"picked":"champ:Haymaker","floor":15},{"not_picked":["champ:LastStand","champ:MurderStrike"],"picked":"champ:Devastate","floor":16},{"not_picked":["champ:HeartStrike","champ:FanOfKnives+1"],"picked":"champ:BringItOn","floor":20},{"not_picked":["champ:Lariat","champ:Backstep"],"picked":"champ:StanceDance","floor":21},{"not_picked":["champ:EnGarde+1","champ:PreemptiveStrike"],"picked":"champ:FlashCut+1","floor":22},{"not_picked":["champ:GladiatorForm","champ:StanceDance+1"],"picked":"champ:DeathBlow","floor":23},{"not_picked":["champ:Endure","champ:GladiatorStyle","champ:EnGarde"],"picked":"SKIP","floor":26},{"not_picked":["champ:RecklessLeap+1","champ:GladiatorStyle+1"],"picked":"champ:PreciseThrust","floor":27},{"not_picked":["champ:GladiatorStyle","champ:EnGarde","champ:CrownThrow"],"picked":"SKIP","floor":28},{"not_picked":["champ:DeathBlow","champ:TornadoPunch"],"picked":"champ:Backstep","floor":30},{"not_picked":["champ:IgnorePain","champ:Haymaker"],"picked":"champ:ShieldWall+1","floor":31},{"not_picked":["champ:ArenaPreparation+1","champ:AdrenalArmor","champ:DeathBlow"],"picked":"SKIP","floor":32},{"not_picked":["champ:SteelEdge","champ:SwordThrow"],"picked":"champ:ShieldThrow","floor":33},{"not_picked":["champ:BerserkersShout+1","champ:PreciseThrust+1","champ:Backstep"],"picked":"SKIP","floor":36},{"not_picked":["champ:Circumvent","champ:AdrenalArmor"],"picked":"champ:FlashCut+1","floor":39},{"not_picked":["champ:PerfectedStrike","champ:StanceDance+1"],"picked":"champ:ShieldSlam","floor":40},{"not_picked":["champ:CrookedStrike","champ:CrownThrow+1","champ:PreemptiveStrike"],"picked":"SKIP","floor":42},{"not_picked":["champ:Encircle+1","champ:TornadoPunch+1"],"picked":"champ:ShieldWall","floor":43},{"not_picked":["champ:FlashCut","champ:FancyFootwork+1"],"picked":"champ:Backstep+1","floor":44},{"not_picked":["champ:FocusedDefense+1","champ:Shatter"],"picked":"champ:Improvising","floor":45},{"not_picked":["champ:Circumvent+1","champ:PerfectedStrike","champ:EnGarde+1"],"picked":"SKIP","floor":49}],"player_experience":191157,"relics_obtained":[{"floor":6,"key":"Nunchaku"},{"floor":7,"key":"reliquary:Aerogel"},{"floor":8,"key":"Happy Flower"},{"floor":14,"key":"reliquary:SculptingSteel"},{"floor":24,"key":"reliquary:Stiletto"},{"floor":37,"key":"Omamori"},{"floor":38,"key":"Pen Nib"},{"floor":41,"key":"Toxic Egg 2"},{"floor":45,"key":"Dead Branch"}],"event_choices":[],"is_beta":false,"boss_relics":[{"not_picked":["Empty Cage","bronze:MakeshiftBattery"],"picked":"reliquary:RedCape"},{"not_picked":["Velvet Choker","reliquary:Ember"],"picked":"reliquary:KinkedSpring"}],"items_purged_floors":[],"is_endless":false,"potions_floor_spawned":[2,3,5,9,13,14,20,27,31,33,42,44,45],"killed_by":"SI_POISON_ARCHETYPE","ascension_level":0}}