{"host":"zxkjcgzis4pm3za5","time":1612676856,"event":{"mods":["AchievementEnabler","BaseMod","Colored Map","Colored Powertips","Minty Spire (QoL Compilation)","Quick Restart","RNG Fix","Random Character Button","Relic Sorter","Relic Stats","StSLib"],"gold_per_floor":[113,133,153,153,48,48,77,77,77,108,128,143,171,171,171,243,243,256,256,266,283,303,303,66,92,92,117,131,159,84,0,0,77,77,93,104,104,119,119,152,152,184,184,209,209,221,221,221,221,221,221,221,2,34,34],"floor_reached":56,"language":"ENG","playtime":4540,"items_purged":["Strike_R"],"score":2252,"play_id":"50444d61-4a53-4f5d-8503-74a0fc0c031d","local_time":"20210207111736","is_ascension_mode":true,"campfire_choices":[{"data":"Rupture","floor":6,"key":"SMITH"},{"floor":8,"key":"REST"},{"data":"Berserk","floor":15,"key":"SMITH"},{"floor":23,"key":"REST"},{"data":"Armaments","floor":32,"key":"SMITH"},{"floor":41,"key":"RECALL"},{"floor":49,"key":"REST"},{"floor":52,"key":"REST"}],"circlet_count":0,"master_deck":["AscendersBane","Defend_R","Defend_R","Bash","Blood for Blood+1","Feed","Armaments","Clothesline","Bloodletting","Rupture+1","Armaments+1","Reaper","Rampage","Disarm","Cleave","Berserk+1","Brutality","True Grit","Shockwave","Headbutt+1","Pommel Strike+1","Sword Boomerang","Shrug It Off","Heavy Blade","Metallicize","Fiend Fire","Rage+1","Pommel Strike+1","Burning Pact+1","Shrug It Off+1","Master of Strategy","Secret Technique","Good Instincts","Thunderclap+1","Madness","Madness"],"relics":["Burning Blood","White Beast Statue","Pear","Blue Candle","MealTicket","Runic Pyramid","Toy Ornithopter","Tiny Chest","Self Forming Clay","Bottled Lightning","Fusion Hammer","Vajra","StrikeDummy","Question Card","Bronze Scales","Kunai","HornCleat","ClockworkSouvenir","Pen Nib"],"acts_visited":["Exordium","TheCity","TheBeyond","TheEnding"],"potions_floor_usage":[7,12,16,20,22,25,27,29,35,36,46,50,54,55,55],"damage_taken":[{"damage":10,"enemies":"2 Louse","floor":1,"turns":4},{"damage":12,"enemies":"Cultist","floor":2,"turns":4},{"damage":11,"enemies":"Jaw Worm","floor":3,"turns":7},{"damage":25,"enemies":"Lagavulin","floor":7,"turns":6},{"damage":58,"enemies":"Gremlin Nob","floor":10,"turns":6},{"damage":14,"enemies":"Gremlin Gang","floor":11,"turns":4},{"damage":2,"enemies":"2 Fungi Beasts","floor":12,"turns":3},{"damage":21,"enemies":"Lagavulin","floor":13,"turns":6},{"damage":30,"enemies":"Hexaghost","floor":16,"turns":11},{"damage":15,"enemies":"Spheric Guardian","floor":18,"turns":4},{"damage":8,"enemies":"Chosen","floor":20,"turns":4},{"damage":55,"enemies":"Shelled Parasite and Fungi","floor":21,"turns":7},{"damage":32,"enemies":"Cultist and Chosen","floor":22,"turns":6},{"damage":42,"enemies":"Slavers","floor":25,"turns":5},{"damage":31,"enemies":"Gremlin Leader","floor":27,"turns":5},{"damage":12,"enemies":"Centurion and Healer","floor":28,"turns":7},{"damage":32,"enemies":"Slavers","floor":29,"turns":5},{"damage":35,"enemies":"Champ","floor":33,"turns":10},{"damage":21,"enemies":"3 Shapes","floor":35,"turns":6},{"damage":12,"enemies":"Orb Walker","floor":36,"turns":3},{"damage":26,"enemies":"Sphere and 2 Shapes","floor":38,"turns":5},{"damage":48,"enemies":"Reptomancer","floor":40,"turns":6},{"damage":18,"enemies":"Giant Head","floor":42,"turns":6},{"damage":24,"enemies":"Nemesis","floor":44,"turns":7},{"damage":6,"enemies":"Spire Growth","floor":46,"turns":3},{"damage":59,"enemies":"Awakened One","floor":50,"turns":10},{"damage":63,"enemies":"Shield and Spear","floor":54,"turns":7},{"damage":127,"enemies":"The Heart","floor":55,"turns":8}],"seed_played":"3833128333176652444","potions_obtained":[{"floor":2,"key":"AttackPotion"},{"floor":10,"key":"LiquidMemories"},{"floor":11,"key":"FearPotion"},{"floor":12,"key":"Swift Potion"},{"floor":13,"key":"Energy Potion"},{"floor":16,"key":"CultistPotion"},{"floor":18,"key":"Dexterity Potion"},{"floor":20,"key":"FairyPotion"},{"floor":21,"key":"DuplicationPotion"},{"floor":22,"key":"SkillPotion"},{"floor":25,"key":"Energy Potion"},{"floor":27,"key":"Weak Potion"},{"floor":29,"key":"GamblersBrew"},{"floor":33,"key":"DistilledChaos"},{"floor":35,"key":"EntropicBrew"},{"floor":36,"key":"DuplicationPotion"},{"floor":46,"key":"Weak Potion"},{"floor":54,"key":"GamblersBrew"}],"is_trial":false,"path_per_floor":["M","M","M","?","$","R","E","R","T","E","M","M","E","?","R","B",null,"M","?","M","M","M","R","$","E","T","E","M","E","?","$","R","B",null,"M","M","?","M","T","E","R","E","T","E","?","M","?","?","R","B",null,"R","$","E","B",null],"character_chosen":"IRONCLAD","items_purchased":["Rupture","Armaments","Toy Ornithopter","Metallicize","ClockworkSouvenir","BloodPotion"],"campfire_rested":4,"item_purchase_floors":[5,5,24,31,53,53],"current_hp_per_floor":[49,47,46,46,46,46,30,56,66,20,35,43,31,24,24,13,85,80,80,87,57,56,92,107,101,101,84,114,132,132,136,136,134,139,144,143,143,127,127,120,120,134,134,135,125,156,128,128,156,126,149,156,156,135,33],"gold":34,"neow_bonus":"TRANSFORM_TWO_CARDS","is_daily":false,"chose_seed":false,"campfire_upgraded":3,"win_rate":0.0,"timestamp":1612676856,"path_taken":["M","M","M","?","$","R","E","R","T","E","M","M","E","?","R","BOSS","M","?","M","M","M","R","$","E","T","E","M","E","?","?","R","BOSS","M","M","?","M","?","E","R","E","T","E","?","M","?","?","R","BOSS","R","$","E","BOSS"],"items_purchased_type":["Card","Card","Relic","Card","Relic","Potion"],"build_version":"2020-12-22","purchased_purges":1,"victory":true,"max_hp_per_floor":[78,82,86,86,86,86,89,89,99,99,102,106,109,109,109,109,109,113,113,117,120,123,123,123,126,126,129,133,136,136,136,136,140,140,144,144,144,148,148,152,152,152,152,156,156,156,156,156,156,156,156,156,156,156,156],"relic_stats":{"counters":[28,165],"Self Forming Clay":[336],"Blue Candle":[0],"Bronze Scales":[231],"MealTicket":19,"Tiny Chest":1,"Pen Nib":[1],"Kunai":[12],"Question Card":7,"obtain_stats":[{"Pear":9,"Self Forming Clay":27,"Blue Candle":10,"Vajra":37,"Pen Nib":54,"Question Card":40,"Burning Blood":0,"White Beast Statue":7,"ClockworkSouvenir":53,"HornCleat":44,"Bronze Scales":42,"MealTicket":13,"Tiny Chest":25,"Fusion Hammer":34,"Bottled Lightning":29,"Kunai":43,"StrikeDummy":39,"Toy Ornithopter":24,"Runic Pyramid":17},{"Pear":4,"Self Forming Clay":15,"Blue Candle":5,"Vajra":20,"Pen Nib":27,"Question Card":22,"Burning Blood":0,"White Beast Statue":4,"ClockworkSouvenir":26,"HornCleat":24,"Bronze Scales":23,"MealTicket":8,"Tiny Chest":14,"Fusion Hammer":18,"Bottled Lightning":17,"Kunai":23,"StrikeDummy":21,"Toy Ornithopter":13,"Runic Pyramid":9},{"Pear":21,"Self Forming Clay":82,"Blue Candle":27,"Vajra":113,"Pen Nib":157,"Question Card":124,"Burning Blood":0,"White Beast Statue":21,"ClockworkSouvenir":150,"HornCleat":137,"Bronze Scales":130,"MealTicket":40,"Tiny Chest":77,"Fusion Hammer":104,"Bottled Lightning":94,"Kunai":130,"StrikeDummy":118,"Toy Ornithopter":72,"Runic Pyramid":51}],"Burning Blood":163,"Toy Ornithopter":50},"card_choices":[{"not_picked":["Body Slam","Clash"],"picked":"Armaments","floor":1},{"not_picked":["Body Slam","Perfected Strike"],"picked":"Clothesline","floor":2},{"not_picked":["Cleave","Searing Blow"],"picked":"Bloodletting","floor":3},{"not_picked":["Cleave","Disarm"],"picked":"Reaper","floor":7},{"not_picked":["Armaments","Twin Strike"],"picked":"Rampage","floor":10},{"not_picked":["Body Slam","Warcry"],"picked":"Disarm","floor":11},{"not_picked":["Pommel Strike","Clash"],"picked":"Cleave","floor":12},{"not_picked":["Havoc","Perfected Strike"],"picked":"Berserk","floor":13},{"not_picked":["Immolate","Demon Form"],"picked":"Brutality","floor":16},{"not_picked":["Anger","Iron Wave","Infernal Blade+1"],"picked":"SKIP","floor":18},{"not_picked":["Twin Strike+1","Wild Strike"],"picked":"True Grit","floor":20},{"not_picked":["Heavy Blade","Wild Strike"],"picked":"Shockwave","floor":21},{"not_picked":["Fire Breathing","Cleave"],"picked":"Headbutt+1","floor":22},{"not_picked":["Blood for Blood","Bloodletting"],"picked":"Pommel Strike+1","floor":25},{"not_picked":["Dark Embrace","Perfected Strike"],"picked":"Sword Boomerang","floor":27},{"not_picked":["Iron Wave","Cleave"],"picked":"Shrug It Off","floor":28},{"not_picked":["Rage+1","Anger"],"picked":"Heavy Blade","floor":29},{"not_picked":["Barricade","Bludgeon"],"picked":"Fiend Fire","floor":33},{"not_picked":["Iron Wave+1","Wild Strike"],"picked":"Rage+1","floor":35},{"not_picked":["Headbutt","Clash","Sword Boomerang+1"],"picked":"SKIP","floor":36},{"not_picked":["Clash","Perfected Strike"],"picked":"Pommel Strike+1","floor":38},{"not_picked":["Twin Strike+1","Clash"],"picked":"Burning Pact+1","floor":40},{"not_picked":["Wild Strike","Uppercut","Seeing Red"],"picked":"Shrug It Off+1","floor":42},{"not_picked":["Corruption","Havoc+1","Fire Breathing","Warcry"],"picked":"SKIP","floor":44},{"not_picked":["Mayhem","Deep Breath","Dramatic Entrance"],"picked":"Master of Strategy","floor":45},{"not_picked":["The Bomb","Panacea","Secret Weapon"],"picked":"Secret Technique","floor":45},{"not_picked":["Transmutation","Discovery","Bandage Up"],"picked":"Good Instincts","floor":45},{"not_picked":["Armaments","Cleave+1","Body Slam"],"picked":"Thunderclap+1","floor":46},{"not_picked":["Cleave","Fiend Fire","Body Slam","Havoc"],"picked":"SKIP","floor":54}],"player_experience":327041,"relics_obtained":[{"floor":7,"key":"White Beast Statue"},{"floor":9,"key":"Pear"},{"floor":10,"key":"Blue Candle"},{"floor":13,"key":"MealTicket"},{"floor":25,"key":"Tiny Chest"},{"floor":27,"key":"Self Forming Clay"},{"floor":29,"key":"Bottled Lightning"},{"floor":37,"key":"Vajra"},{"floor":39,"key":"StrikeDummy"},{"floor":40,"key":"Question Card"},{"floor":42,"key":"Bronze Scales"},{"floor":43,"key":"Kunai"},{"floor":44,"key":"HornCleat"},{"floor":54,"key":"Pen Nib"}],"event_choices":[{"damage_healed":0,"gold_gain":0,"player_choice":"Grow","damage_taken":0,"max_hp_gain":0,"max_hp_loss":0,"event_name":"Living Wall","floor":4,"gold_loss":0,"cards_upgraded":["Blood for Blood"]},{"cards_removed":["Strike_R"],"damage_healed":0,"gold_gain":0,"player_choice":"Card Removal","damage_taken":7,"max_hp_gain":0,"max_hp_loss":0,"event_name":"Golden Wing","floor":14,"gold_loss":0},{"cards_removed":["Strike_R"],"damage_healed":0,"gold_gain":0,"player_choice":"Offered Basic","damage_taken":0,"max_hp_gain":0,"max_hp_loss":0,"event_name":"Bonfire Elementals","floor":19,"gold_loss":0},{"cards_removed":["Defend_R"],"damage_healed":0,"gold_gain":0,"player_choice":"Gave Gold","damage_taken":0,"max_hp_gain":0,"max_hp_loss":0,"event_name":"Beggar","floor":30,"gold_loss":75},{"damage_healed":0,"gold_gain":0,"player_choice":"Relic","damage_taken":0,"max_hp_gain":0,"max_hp_loss":0,"event_name":"Wheel of Change","floor":37,"gold_loss":0},{"damage_healed":0,"gold_gain":0,"player_choice":"Memory 3","damage_taken":10,"max_hp_gain":0,"max_hp_loss":0,"event_name":"SensoryStone","floor":45,"gold_loss":0},{"damage_healed":0,"gold_gain":0,"player_choice":"Embrace Madness","damage_taken":28,"max_hp_gain":0,"max_hp_loss":0,"event_name":"Winding Halls","floor":47,"gold_loss":0,"cards_obtained":["Madness","Madness"]},{"cards_removed":["Defend_R"],"damage_healed":0,"gold_gain":0,"player_choice":"Removed Skill","damage_taken":0,"max_hp_gain":0,"max_hp_loss":0,"event_name":"Falling","floor":48,"gold_loss":0}],"is_beta":false,"boss_relics":[{"not_picked":["Runic Dome","Sozu"],"picked":"Runic Pyramid"},{"not_picked":["Snecko Eye","Mark of Pain"],"picked":"Fusion Hammer"}],"items_purged_floors":[24],"is_endless":false,"potions_floor_spawned":[2,10,11,12,13,16,18,20,21,22,25,27,28,29,33,35,36,38,40,42,44,46,54],"ascension_level":19}}