{"host":"c0rqchpxu0yjpthq","time":1612698852,"event":{"mods":["Arknights","BaseMod","Challenge The Spire","HololiveMod","Minty Spire (QoL Compilation)","Relic Stats","Spicy Shops","StSLib"],"gold_per_floor":[116,116,116,57,73,73,73,103,156,156,176,240,11,27,27,130,130,141,141,161,161,161,188,188,217,217,127,127,150,71,86,86,185,185,198,214,233,245,259,259,259],"floor_reached":40,"language":"ZHS","playtime":2346,"items_purged":[],"score":474,"play_id":"dcd64331-fc08-4292-be71-041e593088e5","local_time":"20210207195412","is_ascension_mode":false,"campfire_choices":[{"data":"Zap","floor":6.0,"key":"SMITH"},{"floor":10.0,"key":"REST"},{"floor":15.0,"key":"REST"},{"data":"Reboot","floor":24,"key":"SMITH"},{"data":"Genetic Algorithm","floor":32,"key":"SMITH"}],"circlet_count":0,"master_deck":["Defend_B","Defend_B+1","Defend_B+1","Defend_B","Zap+1","Dualcast+1","Double Energy","Writhe","Melter+1","Ball Lightning+1","Rip and Tear+1","Fission","Skim","BootSequence+1","Bite+1","Bite+1","Bite+1","Bite+1","Bite+1","Reboot+1","Fission","Sweeping Beam+1","Genetic Algorithm+1","Creative AI","White Noise","Self Repair+1"],"relics":["Black Star","Eternal Feather","Molten Egg 2","White Beast Statue","Regal Pillow","Toy Ornithopter","Juzu Bracelet","Orichalcum","Philosopher\u0027s Stone","Ancient Tea Set","Boot","Pen Nib","Bottled Flame","War Paint","Oddly Smooth Stone","Inserter"],"acts_visited":["Exordium","TheCity","TheBeyond"],"potions_floor_usage":[23,25,25,33,33,33,36,36,39,40,40,40],"damage_taken":[{"damage":0.0,"enemies":"Small Slimes","floor":1.0,"turns":4.0},{"damage":17.0,"enemies":"Jaw Worm","floor":5.0,"turns":5.0},{"damage":58.0,"enemies":"Gremlin Nob","floor":8.0,"turns":6.0},{"damage":3.0,"enemies":"Cultist","floor":11.0,"turns":3.0},{"damage":41.0,"enemies":"Lagavulin Event","floor":12.0,"turns":6.0},{"damage":5.0,"enemies":"Large Slime","floor":14.0,"turns":5.0},{"damage":44.0,"enemies":"The Guardian","floor":16.0,"turns":9.0},{"damage":0.0,"enemies":"Spheric Guardian","floor":18.0,"turns":2.0},{"damage":46,"enemies":"Shell Parasite","floor":20,"turns":7},{"damage":82,"enemies":"Book of Stabbing","floor":23,"turns":7},{"damage":73,"enemies":"Gremlin Leader","floor":25,"turns":9},{"damage":0,"enemies":"Cultist and Chosen","floor":31,"turns":3},{"damage":82,"enemies":"Automaton","floor":33,"turns":11},{"damage":26,"enemies":"Orb Walker","floor":35,"turns":5},{"damage":58,"enemies":"3 Darklings","floor":36,"turns":6},{"damage":14,"enemies":"Sphere and 2 Shapes","floor":37,"turns":4},{"damage":30,"enemies":"Transient","floor":38,"turns":5},{"damage":58,"enemies":"Writhing Mass","floor":39,"turns":5},{"damage":47,"enemies":"Nemesis","floor":40,"turns":3}],"seed_played":"-8863435789295303855","potions_obtained":[{"floor":1.0,"key":"PowerPotion"},{"floor":3.0,"key":"BlessingOfTheForge"},{"floor":3.0,"key":"SpeedPotion"},{"floor":11.0,"key":"Swift Potion"},{"floor":12.0,"key":"LiquidMemories"},{"floor":14.0,"key":"Fruit Juice"},{"floor":16.0,"key":"Block Potion"},{"floor":18.0,"key":"ColorlessPotion"},{"floor":20,"key":"LiquidBronze"},{"floor":23,"key":"Regen Potion"},{"floor":25,"key":"Dexterity Potion"},{"floor":31,"key":"BlessingOfTheForge"},{"floor":33,"key":"PowerPotion"},{"floor":35,"key":"Weak Potion"},{"floor":36,"key":"BlessingOfTheForge"},{"floor":37,"key":"PotionOfCapacity"},{"floor":38,"key":"FearPotion"},{"floor":39,"key":"DuplicationPotion"}],"is_trial":false,"path_per_floor":["M","?","?","$","M","R","?","E","T","R","M","?","$","M","R","B",null,"M","?","M","?","?","E","R","E","T","?","$","T","$","M","R","B",null,"M","M","M","M","M","E"],"character_chosen":"DEFECT","items_purchased":["Blood Vial","Orichalcum","Rip and Tear+1","Sweeping Beam+1"],"campfire_rested":2,"item_purchase_floors":[4,13,13,30],"current_hp_per_floor":[75,75,75,75,58,64,64,8,8,51,50,16,16,13,59,32,80,80,80,34,34,90,31,43,40,40,40,40,40,40,58,70,49,90,67,46,38,39,17,0,0],"gold":259,"neow_bonus":"BOSS_RELIC","is_daily":false,"chose_seed":false,"campfire_upgraded":3,"win_rate":0.0,"timestamp":1612698852,"path_taken":["M","?","?","$","?","R","?","E","T","R","?","?","?","M","R","BOSS","M","?","M","?","?","E","R","E","T","?","$","?","?","M","R","BOSS","M","M","M","M","M","E"],"items_purchased_type":["Relic","Relic","Card","Card"],"build_version":"2020-12-22","purchased_purges":0,"victory":false,"max_hp_per_floor":[75,75,75,75,75,75,75,75,75,75,75,75,75,75,75,80,80,80,80,80,80,90,90,90,90,90,90,90,90,90,90,90,90,90,90,90,90,90,90,90,90],"relic_stats":{"Regal Pillow":30,"Inserter":[14],"counters":[19,105],"Eternal Feather":45,"Pen Nib":[9],"Black Star":3,"Juzu Bracelet":2,"Orichalcum":[210],"War Paint":["Defend_B","Dualcast"],"Boot":[12],"obtain_stats":[{"Regal Pillow":8,"Inserter":34,"Oddly Smooth Stone":29,"Eternal Feather":2,"Pen Nib":25,"Juzu Bracelet":12,"Orichalcum":13,"War Paint":26,"Ancient Tea Set":23,"Boot":23,"White Beast Statue":8,"Blood Vial":4,"Bottled Flame":25,"Molten Egg 2":7,"Philosopher\u0027s Stone":17,"Black Star":0,"Cracked Core":0,"Toy Ornithopter":9},{"Regal Pillow":3,"Inserter":13,"Oddly Smooth Stone":11,"Eternal Feather":1,"Pen Nib":11,"Juzu Bracelet":5,"Orichalcum":5,"War Paint":11,"Ancient Tea Set":10,"Boot":10,"White Beast Statue":3,"Blood Vial":1,"Bottled Flame":11,"Molten Egg 2":2,"Philosopher\u0027s Stone":7,"Black Star":0,"Cracked Core":0,"Toy Ornithopter":3},{"Regal Pillow":15,"Inserter":77,"Oddly Smooth Stone":63,"Eternal Feather":4,"Pen Nib":63,"Juzu Bracelet":24,"Orichalcum":24,"War Paint":63,"Ancient Tea Set":54,"Boot":54,"White Beast Statue":15,"Blood Vial":4,"Bottled Flame":63,"Molten Egg 2":9,"Philosopher\u0027s Stone":38,"Black Star":0,"Cracked Core":0,"Toy Ornithopter":15}],"Toy Ornithopter":75},"card_choices":[{"not_picked":["Blizzard","Capacitor"],"picked":"Double Energy","floor":1.0},{"not_picked":["Steam","Stack","Coolheaded"],"picked":"SKIP","floor":5.0},{"not_picked":["Leap","Tempest"],"picked":"Melter+1","floor":8.0},{"not_picked":["Blizzard+1","Hologram","Tempest"],"picked":"SKIP","floor":11.0},{"not_picked":["Stack","Hologram"],"picked":"Ball Lightning+1","floor":12.0},{"not_picked":["Stack","Fusion","Blizzard+1"],"picked":"SKIP","floor":14.0},{"not_picked":["Biased Cognition","Thunder Strike+1"],"picked":"Reboot","floor":16.0},{"not_picked":["Cold Snap+1","Gash+1","Conserve Battery+1"],"picked":"SKIP","floor":18.0},{"not_picked":["Capacitor","Conserve Battery+1"],"picked":"BootSequence+1","floor":20},{"not_picked":["Sweeping Beam+1","Consume"],"picked":"Reboot","floor":23},{"not_picked":["Stack+1","Darkness+1"],"picked":"Fission","floor":25},{"not_picked":["Capacitor","Coolheaded"],"picked":"Genetic Algorithm","floor":31},{"not_picked":["Reboot","Seek"],"picked":"Creative AI","floor":33},{"not_picked":["Go for the Eyes+1","BootSequence+1"],"picked":"White Noise","floor":35},{"not_picked":["Steam Power+1","Auto Shields+1","Barrage+1"],"picked":"SKIP","floor":36},{"not_picked":["Capacitor","Defragment+1"],"picked":"Self Repair+1","floor":37},{"not_picked":["Barrage+1","Leap+1","Gash+1"],"picked":"SKIP","floor":38},{"not_picked":["Hologram+1","Conserve Battery","Sweeping Beam+1"],"picked":"SKIP","floor":39}],"player_experience":35482,"relics_obtained":[{"floor":8.0,"key":"White Beast Statue"},{"floor":8.0,"key":"Regal Pillow"},{"floor":9.0,"key":"Toy Ornithopter"},{"floor":12.0,"key":"Juzu Bracelet"},{"floor":23,"key":"Ancient Tea Set"},{"floor":23,"key":"Boot"},{"floor":25,"key":"Pen Nib"},{"floor":25,"key":"Bottled Flame"},{"floor":26,"key":"War Paint"},{"floor":29,"key":"Oddly Smooth Stone"}],"event_choices":[{"damage_healed":0.0,"max_hp_gain":0.0,"max_hp_loss":0.0,"gold_gain":0.0,"event_name":"Big Fish","player_choice":"Box","floor":2.0,"gold_loss":0.0,"damage_taken":0.0,"relics_obtained":["Eternal Feather"],"cards_obtained":["Regret"]},{"damage_healed":0.0,"max_hp_gain":0.0,"max_hp_loss":0.0,"gold_gain":0.0,"event_name":"Lab","player_choice":"Got Potions","floor":3.0,"gold_loss":0.0,"damage_taken":0.0},{"damage_healed":0.0,"max_hp_gain":0.0,"max_hp_loss":0.0,"gold_gain":0.0,"event_name":"WeMeetAgain","player_choice":"Gave Potion","floor":7.0,"gold_loss":0.0,"damage_taken":0.0,"relics_obtained":["Molten Egg 2"]},{"damage_healed":0.0,"max_hp_gain":0.0,"max_hp_loss":0.0,"gold_gain":30.0,"event_name":"Dead Adventurer","player_choice":"Searched \u00272\u0027 times","floor":12.0,"gold_loss":0.0,"damage_taken":0.0},{"damage_healed":0,"gold_gain":0,"player_choice":"2 cards matched","damage_taken":0,"max_hp_gain":0,"max_hp_loss":0,"event_name":"Match and Keep!","floor":19,"gold_loss":0,"cards_obtained":["Fission","Skim"]},{"damage_healed":0,"gold_gain":0,"player_choice":"Became a vampire (Vial)","damage_taken":0,"max_hp_gain":0,"max_hp_loss":0,"event_name":"Vampires","floor":21,"relics_lost":["Blood Vial"],"gold_loss":0,"cards_obtained":["Bite","Bite","Bite","Bite","Bite"]},{"cards_removed":["Reboot"],"damage_healed":46,"gold_gain":0,"player_choice":"Offered Rare","damage_taken":0,"max_hp_gain":10,"max_hp_loss":0,"event_name":"Bonfire Elementals","floor":22,"gold_loss":0},{"cards_removed":["Regret"],"damage_healed":0,"gold_gain":0,"player_choice":"Upgrade and Remove","damage_taken":0,"max_hp_gain":0,"max_hp_loss":0,"event_name":"Designer","floor":27,"gold_loss":90,"cards_upgraded":["Defend_B"]}],"is_beta":false,"boss_relics":[{"not_picked":["Sozu","Calling Bell"],"picked":"Philosopher\u0027s Stone"},{"not_picked":["SacredBark","Hololive_Finger"],"picked":"Inserter"}],"items_purged_floors":[],"is_endless":false,"potions_floor_spawned":[1,11,12,14,16,18,20,23,25,31,33,35,36,37,38,39],"killed_by":"Nemesis","ascension_level":0}}