{"host":"aapp7ew3jk5k1bvd","time":1612684452,"event":{"mods":["AchievementEnabler","BaseMod","Colored Map","Minty Spire (QoL Compilation)","Permanent Neow","StSLib","SuperFastMode"],"gold_per_floor":[109,124,139,64,77,77,97,123,123,150,150,73,101,120,120,215,265,275,149,160,171,46,46,66,79,79,79,79],"floor_reached":27,"language":"KOR","playtime":767,"items_purged":["Bash","Strike_R","Strike_R"],"score":262,"play_id":"0c6413ba-3ce7-4d5b-8f80-9d054279f2b4","local_time":"20210207165412","is_ascension_mode":false,"campfire_choices":[{"data":"Body Slam","floor":6,"key":"SMITH"},{"data":"Armaments","floor":11,"key":"SMITH"},{"data":"Entrench","floor":15,"key":"SMITH"},{"data":"Berserk","floor":23,"key":"SMITH"}],"circlet_count":0,"master_deck":["Strike_R+1","Strike_R","Strike_R","Defend_R","Defend_R","Defend_R","Defend_R","Body Slam+1","Armaments+1","Flex","Perfected Strike","Sword Boomerang","Flex","Entrench+1","Battle Trance","Shrug It Off","Berserk+1","Twin Strike","Shrug It Off","Sword Boomerang","Entrench+1"],"relics":["Burning Blood","Potion Belt","StoneCalendar","InkBottle","Lizard Tail","Tiny House","Sundial"],"acts_visited":["Exordium","TheCity"],"potions_floor_usage":[8,13,20,20,21,24,24,24,25,25,25],"damage_taken":[{"damage":5.0,"enemies":"Cultist","floor":1.0,"turns":4.0},{"damage":1.0,"enemies":"2 Louse","floor":2.0,"turns":4.0},{"damage":2.0,"enemies":"Small Slimes","floor":3.0,"turns":5.0},{"damage":10,"enemies":"Looter","floor":5,"turns":4},{"damage":0,"enemies":"2 Fungi Beasts","floor":7,"turns":3},{"damage":0,"enemies":"3 Sentries","floor":8,"turns":3},{"damage":32,"enemies":"Lagavulin","floor":10,"turns":7},{"damage":9,"enemies":"3 Sentries","floor":13,"turns":7},{"damage":4,"enemies":"Blue Slaver","floor":14,"turns":3},{"damage":36,"enemies":"Hexaghost","floor":16,"turns":11},{"damage":24,"enemies":"Spheric Guardian","floor":18,"turns":6},{"damage":48,"enemies":"3 Byrds","floor":20,"turns":7},{"damage":23,"enemies":"Shelled Parasite and Fungi","floor":21,"turns":7},{"damage":20,"enemies":"Sentry and Sphere","floor":24,"turns":6},{"damage":3,"enemies":"Snake Plant","floor":25,"turns":4},{"damage":28,"enemies":"Snecko","floor":27,"turns":7}],"seed_played":"-2987244246363702762","potions_obtained":[{"floor":1.0,"key":"LiquidBronze"},{"floor":2.0,"key":"Regen Potion"},{"floor":3.0,"key":"AttackPotion"},{"floor":8,"key":"DistilledChaos"},{"floor":14,"key":"BloodPotion"},{"floor":17,"key":"Strength Potion"},{"floor":18,"key":"EntropicBrew"},{"floor":20,"key":"EntropicBrew"},{"floor":24,"key":"DistilledChaos"}],"is_trial":false,"path_per_floor":["M","M","M","$","M","R","M","E","T","E","R","$","E","M","R","B",null,"M","$","M","M","$","R","M","M","T","M"],"character_chosen":"IRONCLAD","items_purchased":["Entrench","Shrug It Off"],"campfire_rested":0,"item_purchase_floors":[12,19],"current_hp_per_floor":[80,80,80,80,76,76,80,80,80,54,54,54,51,53,53,23,85,67,67,42,40,40,40,26,41,41,13,13],"gold":79,"neow_bonus":"THREE_CARDS","is_daily":false,"chose_seed":false,"campfire_upgraded":4,"win_rate":0.0,"timestamp":1612684452,"path_taken":["M","M","M","$","M","R","M","E","T","E","R","$","E","M","R","BOSS","M","$","M","M","$","R","?","?","T","M"],"items_purchased_type":["Card","Card"],"build_version":"2020-12-22","purchased_purges":3,"victory":false,"max_hp_per_floor":[80,80,80,80,80,80,80,80,80,80,80,80,80,80,80,80,85,85,85,85,85,85,85,85,85,85,85,85],"card_choices":[{"not_picked":["Heavy Blade","Bloodletting"],"picked":"Body Slam","floor":0.0},{"not_picked":["Seeing Red","Thunderclap"],"picked":"Armaments","floor":1.0},{"not_picked":["Thunderclap","Havoc"],"picked":"Flex","floor":2.0},{"not_picked":["Pommel Strike","Rupture"],"picked":"Perfected Strike","floor":3.0},{"not_picked":["Exhume","Anger"],"picked":"Sword Boomerang","floor":5},{"not_picked":["Combust","Thunderclap","Sever Soul"],"picked":"SKIP","floor":7},{"not_picked":["Havoc","Ghostly Armor"],"picked":"Flex","floor":8},{"not_picked":["Warcry","Feed","Iron Wave"],"picked":"SKIP","floor":10},{"not_picked":["True Grit","Iron Wave"],"picked":"Battle Trance","floor":13},{"not_picked":["Twin Strike","Headbutt"],"picked":"Shrug It Off","floor":14},{"not_picked":["Corruption","Brutality"],"picked":"Berserk","floor":16},{"not_picked":["True Grit","Carnage"],"picked":"Twin Strike","floor":17},{"not_picked":["Armaments","Warcry","Sever Soul+1"],"picked":"SKIP","floor":18},{"not_picked":["True Grit","Fiend Fire"],"picked":"Sword Boomerang","floor":20},{"not_picked":["True Grit","Clash"],"picked":"Entrench+1","floor":21},{"not_picked":["Havoc","Sword Boomerang","Sever Soul"],"picked":"SKIP","floor":24},{"not_picked":["Evolve+1","Armaments","Rampage"],"picked":"SKIP","floor":25}],"player_experience":1328309,"relics_obtained":[{"floor":8,"key":"Potion Belt"},{"floor":9,"key":"StoneCalendar"},{"floor":10,"key":"InkBottle"},{"floor":13,"key":"Lizard Tail"},{"floor":26,"key":"Sundial"}],"event_choices":[],"is_beta":false,"boss_relics":[{"not_picked":["Empty Cage","Philosopher\u0027s Stone"],"picked":"Tiny House"}],"items_purged_floors":[4,19,22],"is_endless":false,"potions_floor_spawned":[1,2,3,8,14,18,20,24],"killed_by":"Snecko","ascension_level":0}}