{"host":"36t3qd3wjvajtu1z","time":1612740885,"event":{"mods":["2.2 Compatiblity","AchievementEnabler","BaseMod","Block Reminder","Colored Powertips","Minty Spire (QoL Compilation)","Permanent Neow","Quick Restart","Random Character Button","Rare Cards Sparkle","Relic Stats","Slay-I","StSLib"],"gold_per_floor":[115,117,117,136,150,51,51,81,142,194,194,194,223,223,243,243,243,243],"floor_reached":16,"language":"ENG","playtime":827,"items_purged":["Strike_G"],"score":189,"play_id":"2ad5211f-d964-4ef0-ada2-930443dc5a47","local_time":"20210207153445","is_ascension_mode":true,"campfire_choices":[{"data":"All Out Attack","floor":6.0,"key":"SMITH"},{"floor":11.0,"key":"REST"},{"floor":13.0,"key":"REST"},{"data":"Deadly Poison","floor":15.0,"key":"SMITH"}],"circlet_count":0,"master_deck":["AscendersBane","Strike_G","Strike_G","Defend_G","Defend_G","Defend_G","Defend_G","Survivor","Neutralize","Deadly Poison+1","Catalyst","All Out Attack+1","Dagger Spray","Well Laid Plans","Footwork"],"relics":["Ring of the Snake","Orichalcum","Singing Bowl","Centennial Puzzle","Peace Pipe"],"acts_visited":["Exordium"],"potions_floor_usage":[],"damage_taken":[{"damage":0.0,"enemies":"2 Louse","floor":1.0,"turns":6.0},{"damage":0.0,"enemies":"Jaw Worm","floor":3.0,"turns":4.0},{"damage":0.0,"enemies":"Small Slimes","floor":4.0,"turns":4.0},{"damage":14.0,"enemies":"3 Sentries","floor":7.0,"turns":6.0},{"damage":22.0,"enemies":"Gremlin Nob","floor":8.0,"turns":4.0},{"damage":11.0,"enemies":"Lagavulin","floor":12.0,"turns":7.0},{"damage":6.0,"enemies":"Looter","floor":14.0,"turns":3.0},{"damage":27,"enemies":"Slime Boss","floor":16,"turns":7}],"seed_played":"-665610889551059811","potions_obtained":[{"floor":4.0,"key":"Energy Potion"},{"floor":8.0,"key":"SmokeBomb"},{"floor":14.0,"key":"FearPotion"}],"is_trial":false,"path_per_floor":["M","?","M","M","$","R","E","?","T","?","R","E","R","M","R","B"],"character_chosen":"THE_SILENT","items_purchased":["Dagger Spray"],"campfire_rested":2,"item_purchase_floors":[5],"current_hp_per_floor":[15,44,37,37,37,37,37,23,1,1,1,20,11,31,27,27,0,0],"gold":243,"neow_bonus":"REMOVE_TWO","is_daily":false,"chose_seed":false,"campfire_upgraded":2,"win_rate":0.0,"timestamp":1612740885,"path_taken":["M","?","M","M","$","R","E","?","T","?","R","E","R","M","R","BOSS"],"items_purchased_type":["Card"],"build_version":"2020-12-22","purchased_purges":1,"victory":false,"max_hp_per_floor":[66,66,66,66,66,66,66,66,66,66,66,66,68,68,70,70,70,70],"relic_stats":{"Peace Pipe":0,"Centennial Puzzle":[9],"Singing Bowl":4,"counters":[8,41],"Orichalcum":[84],"obtain_stats":[{"Peace Pipe":12,"Centennial Puzzle":9,"Singing Bowl":8,"Orichalcum":7,"Ring of the Snake":0},{"Peace Pipe":6,"Centennial Puzzle":5,"Singing Bowl":5,"Orichalcum":4,"Ring of the Snake":0},{"Peace Pipe":31,"Centennial Puzzle":24,"Singing Bowl":24,"Orichalcum":20,"Ring of the Snake":0}],"Ring of the Snake":[16]},"card_choices":[{"not_picked":["Bane","Outmaneuver"],"picked":"Deadly Poison","floor":1.0},{"not_picked":["Bouncing Flask","Leg Sweep"],"picked":"Catalyst","floor":3.0},{"not_picked":["Underhanded Strike","Backstab"],"picked":"All Out Attack","floor":4.0},{"not_picked":["Bouncing Flask","Dash"],"picked":"Well Laid Plans","floor":7.0},{"not_picked":["Acrobatics","Quick Slash"],"picked":"Footwork","floor":8.0},{"not_picked":["Reflex","Skewer","Prepared"],"picked":"Singing Bowl","floor":12.0},{"not_picked":["Concentrate","Distraction","Masterful Stab"],"picked":"Singing Bowl","floor":14.0}],"player_experience":410395,"relics_obtained":[{"floor":7.0,"key":"Orichalcum"},{"floor":8.0,"key":"Singing Bowl"},{"floor":9.0,"key":"Centennial Puzzle"},{"floor":12.0,"key":"Peace Pipe"}],"event_choices":[{"cards_removed":["Strike_G"],"damage_healed":0.0,"max_hp_gain":0.0,"max_hp_loss":0.0,"gold_gain":0.0,"event_name":"Golden Wing","player_choice":"Card Removal","floor":2.0,"gold_loss":0.0,"damage_taken":7.0},{"damage_healed":0.0,"max_hp_gain":0.0,"max_hp_loss":0.0,"gold_gain":0.0,"event_name":"Dead Adventurer","player_choice":"Searched \u00271\u0027 times","floor":8.0,"gold_loss":0.0,"damage_taken":0.0},{"damage_healed":0.0,"max_hp_gain":0.0,"max_hp_loss":0.0,"gold_gain":0.0,"event_name":"Shining Light","player_choice":"Ignored","floor":10.0,"gold_loss":0.0,"damage_taken":0.0}],"is_beta":false,"boss_relics":[],"items_purged_floors":[5],"is_endless":false,"potions_floor_spawned":[4,8,14],"killed_by":"Slime Boss","ascension_level":15}}