{"host":"fl6c84p0pqwjbhud","time":1612692176,"event":{"mods":["AchievementEnabler","BaseMod","Better Altar","Better Match","Better Note","Better Sensory Stone","Better Skull","Better Third Choice","Better Vampires","Better-Laid Plans","Colored Map","Defuse TimeMaze Blight","Displayed Cursed Tome","Energized Spire","Highlight Path","Minty Spire (QoL Compilation)","Permanent Neow","Quick Restart","Relic Sorter","StSLib","Synergy Search","Transform Curses"],"gold_per_floor":[116,134,134,134,134,134,209,209,235,235,264,264,282,300,300,395,395,414,414,430,450,450,450,8,8,8,25,25,25,58,58,58,162,162,177,177,177,0,14,14,14,53,78,78,128,13,24,24,24,24],"floor_reached":51,"language":"ENG","playtime":1545,"items_purged":["Regret"],"score":734,"play_id":"f5fa61b3-2780-41a0-83bf-a51eb801da8a","local_time":"20210207110256","daily_mods":["SealedDeck","Vintage","Allstar","Heirloom","Time Dilation","Flight"],"is_ascension_mode":false,"campfire_choices":[{"floor":6,"key":"REST"},{"data":"Accuracy","floor":8,"key":"SMITH"},{"floor":12,"key":"REST"},{"floor":15,"key":"REST"},{"data":"Venomology","floor":23,"key":"SMITH"},{"floor":32,"key":"REST"},{"floor":40,"key":"REST"},{"data":"Poisoned Stab","floor":41,"key":"SMITH"},{"data":"Cloak And Dagger","floor":49,"key":"SMITH"}],"circlet_count":0,"master_deck":["Prepared+1","Poisoned Stab+1","Cloak And Dagger","Infinite Blades+1","Accuracy+1","Slice+1","Cloak And Dagger+1","Venomology+1","Endless Agony+1","A Thousand Cuts+1","Magnetism+1","Sadistic Nature+1","Outmaneuver+1","Caltrops+1"],"relics":["Unceasing Top","Turnip","Akabeko","Eternal Feather","Smiling Mask","Frozen Egg 2","War Paint","Paper Crane","Nunchaku","Art of War","Toy Ornithopter","Empty Cage","Blood Vial","Boot","Question Card","Oddly Smooth Stone","Mercury Hourglass","Happy Flower","Shuriken","Bottled Flame","Regal Pillow","Bottled Tornado","SacredBark","Bottled Lightning","Red Mask","StoneCalendar","Centennial Puzzle","Vajra","Mango","Darkstone Periapt","Whetstone"],"acts_visited":["Exordium","TheCity","TheBeyond"],"potions_floor_usage":[1,11,11,16,16,21,21,27,33,39,39,45,45,47,47,50,50,50],"damage_taken":[{"damage":0,"enemies":"Cultist","floor":1,"turns":2},{"damage":0,"enemies":"2 Louse","floor":2,"turns":1},{"damage":16,"enemies":"Lagavulin","floor":11,"turns":3},{"damage":5,"enemies":"Jaw Worm","floor":13,"turns":2},{"damage":9,"enemies":"3 Louse","floor":14,"turns":3},{"damage":26,"enemies":"Hexaghost","floor":16,"turns":3},{"damage":7,"enemies":"Shell Parasite","floor":18,"turns":2},{"damage":15,"enemies":"2 Thieves","floor":20,"turns":3},{"damage":1,"enemies":"3 Cultists","floor":21,"turns":3},{"damage":0,"enemies":"Snake Plant","floor":27,"turns":1},{"damage":21,"enemies":"Book of Stabbing","floor":30,"turns":2},{"damage":8,"enemies":"Automaton","floor":33,"turns":3},{"damage":28,"enemies":"3 Shapes","floor":35,"turns":2},{"damage":2,"enemies":"Orb Walker","floor":39,"turns":2},{"damage":27,"enemies":"Jaw Worm Horde","floor":42,"turns":3},{"damage":22,"enemies":"Mind Bloom Boss Battle","floor":45,"turns":3},{"damage":0,"enemies":"3 Darklings","floor":47,"turns":1},{"damage":46,"enemies":"Donu and Deca","floor":50,"turns":4}],"seed_played":"4908716909196519070","potions_obtained":[{"floor":1,"key":"EntropicBrew"},{"floor":11,"key":"EssenceOfSteel"},{"floor":13,"key":"Block Potion"},{"floor":20,"key":"Explosive Potion"},{"floor":27,"key":"ColorlessPotion"},{"floor":33,"key":"Strength Potion"},{"floor":35,"key":"Weak Potion"},{"floor":45,"key":"Weak Potion"},{"floor":47,"key":"Strength Potion"}],"is_trial":true,"path_per_floor":["M","M","?","?","?","R","?","R","T","T","E","R","M","M","R","B",null,"M","?","M","M","T","R","$","?","T","M","?","$","E","?","R","B",null,"M","?","?","?","M","R","R","M","T","?","?","$","M","T","R","B",null],"character_chosen":"THE_SILENT","items_purchased":["Mercury Hourglass","Happy Flower","Caltrops+1","CunningPotion"],"campfire_rested":5,"item_purchase_floors":[24,24,46,46],"current_hp_per_floor":[70,70,45,45,31,58,47,53,53,53,37,64,59,50,70,44,70,63,63,50,61,61,67,67,67,67,70,70,70,49,49,70,62,70,42,42,42,42,52,70,70,43,43,43,58,58,70,70,76,39],"gold":24,"neow_bonus":"","is_daily":false,"chose_seed":false,"campfire_upgraded":4,"win_rate":0.0,"timestamp":1612692176,"path_taken":["M","?","?","?","?","R","?","R","T","?","E","R","?","?","R","BOSS","M","?","?","?","?","R","$","?","T","?","?","?","E","?","R","BOSS","M","?","?","?","M","R","R","?","T","?","?","?","?","?","R","BOSS"],"items_purchased_type":["Relic","Relic","Card","Potion"],"build_version":"2020-12-22","purchased_purges":1,"victory":true,"max_hp_per_floor":[70,70,70,70,70,70,70,70,70,70,70,70,70,70,70,70,70,70,70,70,70,70,70,70,70,70,70,70,70,70,70,70,70,70,70,70,70,70,70,70,70,70,70,66,80,80,80,80,80,80],"card_choices":[{"not_picked":["Dash","Choke"],"picked":"Cloak And Dagger","floor":11},{"not_picked":["Adrenaline","Storm of Steel"],"picked":"Venomology","floor":16},{"not_picked":["Finisher","Outmaneuver","Expertise"],"picked":"Endless Agony","floor":30},{"not_picked":["Adrenaline","Venomology","Glass Knife"],"picked":"A Thousand Cuts+1","floor":33},{"not_picked":["Forethought","PanicButton","Sadistic Nature+1"],"picked":"Magnetism+1","floor":37},{"not_picked":["Dramatic Entrance","Jack Of All Trades","Master of Strategy"],"picked":"Sadistic Nature+1","floor":37},{"not_picked":["Acrobatics","Dagger Spray","Blade Dance+1"],"picked":"Outmaneuver+1","floor":45}],"player_experience":487019,"relics_obtained":[{"floor":1,"key":"Akabeko"},{"floor":2,"key":"Eternal Feather"},{"floor":9,"key":"War Paint"},{"floor":10,"key":"Paper Crane"},{"floor":11,"key":"Nunchaku"},{"floor":13,"key":"Art of War"},{"floor":14,"key":"Toy Ornithopter"},{"floor":18,"key":"Blood Vial"},{"floor":20,"key":"Boot"},{"floor":21,"key":"Question Card"},{"floor":22,"key":"Oddly Smooth Stone"},{"floor":26,"key":"Shuriken"},{"floor":27,"key":"Bottled Flame"},{"floor":28,"key":"Regal Pillow"},{"floor":30,"key":"Bottled Tornado"},{"floor":35,"key":"Bottled Lightning"},{"floor":39,"key":"StoneCalendar"},{"floor":42,"key":"Centennial Puzzle"},{"floor":43,"key":"Vajra"},{"floor":45,"key":"Mango"},{"floor":47,"key":"Darkstone Periapt"},{"floor":48,"key":"Whetstone"}],"event_choices":[{"damage_healed":0,"gold_gain":0,"player_choice":"Relic ","damage_taken":25,"max_hp_gain":0,"max_hp_loss":0,"event_name":"betterThird:BetterScrap","floor":3,"gold_loss":0,"cards_obtained":["Glacier"]},{"damage_healed":0,"gold_gain":0,"player_choice":"Box","damage_taken":0,"relics_obtained":["Frozen Egg 2"],"max_hp_gain":0,"max_hp_loss":0,"event_name":"Big Fish","floor":4,"gold_loss":0,"cards_obtained":["Regret"]},{"damage_healed":45,"gold_gain":0,"player_choice":"Upgrade","damage_taken":14,"max_hp_gain":0,"max_hp_loss":70,"event_name":"betterThird:BetterShining","floor":5,"gold_loss":0,"cards_upgraded":["Infinite Blades","Prepared"]},{"damage_healed":0,"gold_gain":75,"player_choice":"Gold","damage_taken":11,"max_hp_gain":0,"max_hp_loss":0,"event_name":"betterThird:BetterGoop","floor":7,"gold_loss":0},{"damage_healed":0,"gold_gain":0,"player_choice":"Ignored","damage_taken":0,"max_hp_gain":0,"max_hp_loss":0,"event_name":"N\u0027loth","floor":19,"gold_loss":0},{"cards_removed":["Prepared"],"damage_healed":0,"gold_gain":0,"player_choice":"Purged","damage_taken":0,"max_hp_gain":0,"max_hp_loss":0,"event_name":"Purifier","floor":25,"gold_loss":0},{"damage_healed":0,"gold_gain":0,"player_choice":"Relic","damage_taken":0,"max_hp_gain":0,"max_hp_loss":0,"event_name":"Wheel of Change","floor":28,"gold_loss":0},{"damage_healed":0,"gold_gain":0,"player_choice":"Ignored","damage_taken":0,"max_hp_gain":0,"max_hp_loss":0,"event_name":"Ghosts","floor":31,"gold_loss":0},{"cards_removed":["Blade Dance"],"damage_healed":0,"gold_gain":0,"player_choice":"Removed Skill","damage_taken":0,"max_hp_gain":0,"max_hp_loss":0,"event_name":"Falling","floor":36,"gold_loss":0},{"damage_healed":0,"gold_gain":3,"player_choice":"1","damage_taken":0,"max_hp_gain":0,"max_hp_loss":0,"event_name":"betterStone:BetterStone","floor":37,"gold_loss":0},{"damage_healed":0,"gold_gain":0,"player_choice":"Paid","damage_taken":0,"relics_obtained":["Red Mask"],"max_hp_gain":0,"max_hp_loss":0,"event_name":"Tomb of Lord Red Mask","floor":38,"gold_loss":177},{"damage_healed":0,"gold_gain":0,"player_choice":"Max HP","damage_taken":0,"max_hp_gain":0,"max_hp_loss":4,"event_name":"Winding Halls","floor":44,"gold_loss":0},{"damage_healed":0,"gold_gain":0,"player_choice":"Fight","damage_taken":0,"max_hp_gain":0,"max_hp_loss":0,"event_name":"MindBloom","floor":45,"gold_loss":0}],"is_beta":false,"boss_relics":[{"not_picked":["energizedSpire:SpiderWeb","Cursed Key"],"picked":"Empty Cage"},{"not_picked":["Runic Pyramid","energizedSpire:HighHeels"],"picked":"SacredBark"}],"items_purged_floors":[24],"is_endless":false,"potions_floor_spawned":[1,11,13,20,27,33,35,45,47],"ascension_level":0}}