{"host":"4kmvpqjeiacgn1pr","time":1612658467,"event":{"mods":["A Penny For Your Troubles","AchievementEnabler","AlwaysNeverKeys","Aspiration","BaseMod","Bestiary","Better Altar","Better Match","Better Note","Better Sensory Stone","Better Skull","Better Third Choice","Better Vampires","BetterRewards","Colored Map","Colored Powertips","Conspire","Curses Come First","Downfall","Halation","Highlight Path","Infinite Spire","Minty Spire (QoL Compilation)","Permanent Neow","Quick Restart","Rare Cards Sparkle","Relic Sorter","Relic Stats","Replay The Spire","Reworked Bosses","Shop Mod","Smile Girya","Spicy Shops","Spikes Relics","StSLib","Waifu the Spire"],"gold_per_floor":[113,129,129,148,148,148,178,178,204,204,244,244,267,267,267,275,275],"floor_reached":16,"language":"ENG","playtime":516,"items_purged":[],"score":147,"play_id":"b80099d8-46fe-40f5-96df-f3236703b349","local_time":"20210206194107","is_ascension_mode":true,"campfire_choices":[{"data":"Eviscerate","floor":6,"key":"SMITH"},{"data":"Toxin Wave","floor":8,"key":"SMITH"},{"data":"Flying Knee","floor":15,"key":"SMITH"}],"circlet_count":0,"master_deck":["Strike_G","Strike_G","Strike_G","Strike_G","Strike_G","Defend_G","Defend_G","Defend_G","Defend_G","Defend_G","Survivor","Neutralize","Eviscerate+1","Toxin Wave+1","Poisoned Stab","ReplayTheSpireMod:Doomed","Flying Knee+1","Deflect","Underhanded Strike"],"relics":["Ring of the Snake","aspiration:Nostalgia","m_BronzeBlood","halation:IllGainedPizza","Potion Belt","Golden Idol","Odd Mushroom","Question Card","Singing Bowl"],"acts_visited":["Exordium"],"potions_floor_usage":[7,7,16],"damage_taken":[{"damage":12,"enemies":"Cultist","floor":1,"turns":6},{"damage":0,"enemies":"2 Louse","floor":2,"turns":3},{"damage":1,"enemies":"Small Slimes","floor":4,"turns":3},{"damage":18,"enemies":"Gremlin Nob","floor":7,"turns":4},{"damage":15,"enemies":"The Mushroom Lair","floor":11,"turns":4},{"damage":4,"enemies":"Gremlin Gang","floor":13,"turns":4},{"damage":42,"enemies":"Fading Forest","floor":16,"turns":9}],"seed_played":"-2681131941998869427","potions_obtained":[{"floor":1,"key":"PowerPotion"},{"floor":4,"key":"DistilledChaos"},{"floor":7,"key":"Elixir"}],"is_trial":false,"path_per_floor":["M","M","?","M","?","R","E","R","T","?","?","T","M","T","R","B"],"character_chosen":"THE_SILENT","items_purchased":[],"campfire_rested":0,"item_purchase_floors":[],"current_hp_per_floor":[57,63,63,68,68,68,56,56,56,39,30,30,32,32,32,0,0],"gold":275,"neow_bonus":"NOSTALGIA","is_daily":false,"chose_seed":false,"campfire_upgraded":3,"win_rate":0.0,"timestamp":1612658467,"path_taken":["M","?","?","?","?","R","E","R","T","?","?","?","M","?","R","BOSS"],"items_purchased_type":[],"build_version":"2020-12-22","purchased_purges":0,"victory":false,"max_hp_per_floor":[70,70,70,70,70,70,70,70,70,70,70,70,70,70,70,70,70],"relic_stats":{"Singing Bowl":0,"counters":[7,33],"Golden Idol":12,"Question Card":2,"obtain_stats":[{"Potion Belt":9,"Singing Bowl":14,"aspiration:Nostalgia":0,"Golden Idol":10,"halation:IllGainedPizza":7,"m_BronzeBlood":0,"Odd Mushroom":11,"Question Card":12,"Ring of the Snake":0},{"Potion Belt":4,"Singing Bowl":6,"aspiration:Nostalgia":0,"Golden Idol":4,"halation:IllGainedPizza":4,"m_BronzeBlood":0,"Odd Mushroom":5,"Question Card":5,"Ring of the Snake":0},{"Potion Belt":16,"Singing Bowl":24,"aspiration:Nostalgia":0,"Golden Idol":16,"halation:IllGainedPizza":16,"m_BronzeBlood":0,"Odd Mushroom":20,"Question Card":20,"Ring of the Snake":0}],"Ring of the Snake":[14]},"card_choices":[{"not_picked":["Hidden Blade","Poisoned Stab"],"picked":"Eviscerate","floor":1},{"not_picked":["Outmaneuver","bronze:BugBarrage"],"picked":"Toxin Wave","floor":2},{"not_picked":["Dodge and Roll","bronze:BugBarrage"],"picked":"Poisoned Stab","floor":4},{"not_picked":["Poisoned Stab","Blur"],"picked":"Flying Knee","floor":7},{"not_picked":["Acrobatics","Backflip"],"picked":"Deflect","floor":11},{"not_picked":["bronze:BugBarrage","Quick Slash","Dagger Spray"],"picked":"Underhanded Strike","floor":13}],"player_experience":452185,"relics_obtained":[{"floor":7,"key":"halation:IllGainedPizza"},{"floor":9,"key":"Potion Belt"},{"floor":11,"key":"Odd Mushroom"},{"floor":12,"key":"Question Card"},{"floor":14,"key":"Singing Bowl"}],"event_choices":[{"damage_healed":0,"gold_gain":0,"player_choice":"Bought 0 Potions","damage_taken":0,"max_hp_gain":0,"max_hp_loss":0,"event_name":"The Woman in Blue","floor":3,"gold_loss":0},{"damage_healed":0,"gold_gain":0,"player_choice":"Take Damage","damage_taken":17,"relics_obtained":["Golden Idol"],"max_hp_gain":0,"max_hp_loss":0,"event_name":"Golden Idol","floor":10,"gold_loss":0},{"damage_healed":0,"gold_gain":0,"player_choice":"Fought Mushrooms","damage_taken":0,"max_hp_gain":0,"max_hp_loss":0,"event_name":"Mushrooms","floor":11,"gold_loss":0}],"is_beta":false,"boss_relics":[],"items_purged_floors":[],"is_endless":false,"potions_floor_spawned":[1,4,7],"killed_by":"Fading Forest","ascension_level":10}}