{"host":"29uuqgkzqd703i93","time":1612740027,"event":{"mods":["BaseMod","Minty Spire (QoL Compilation)"],"gold_per_floor":[109,109,184,30,42,42,59,77,77,97,117,117,117,131,131,227,227,247,1,1,14,26,55,73,73,73,73,163,173,173,272,272,272,272],"floor_reached":33,"language":"ENG","playtime":2413,"items_purged":[],"score":259,"play_id":"02915690-a4a7-40fc-8f30-4d32c8a9e7d9","local_time":"20210208002027","is_ascension_mode":false,"campfire_choices":[{"floor":6,"key":"REST"},{"floor":12,"key":"REST"},{"data":"Body Slam","floor":15,"key":"SMITH"},{"floor":25,"key":"REST"},{"floor":27,"key":"REST"},{"floor":30,"key":"REST"},{"floor":32,"key":"REST"}],"circlet_count":0,"master_deck":["Strike_R","Strike_R","Strike_R","Strike_R","Defend_R","Defend_R","Defend_R","Defend_R","Bash","Armaments","Metallicize","Pommel Strike","Anger","Carnage","Cleave","Body Slam+1","Regret","Power Through","Juggernaut","Power Through","Clothesline","Clash","Flame Barrier+1","Iron Wave","Bandage Up","Deep Breath","Barricade"],"relics":["Burning Blood","Ancient Tea Set","HornCleat","Mark of Pain","Bottled Flame","Nloth\u0027s Gift","Red Skull","Molten Egg 2"],"acts_visited":["Exordium","TheCity"],"potions_floor_usage":[16,16,16,33],"damage_taken":[{"damage":5,"enemies":"Cultist","floor":1,"turns":4},{"damage":6,"enemies":"2 Louse","floor":5,"turns":2},{"damage":1,"enemies":"Jaw Worm","floor":7,"turns":3},{"damage":25,"enemies":"Exordium Wildlife","floor":8,"turns":5},{"damage":13,"enemies":"Large Slime","floor":10,"turns":5},{"damage":6,"enemies":"3 Louse","floor":11,"turns":4},{"damage":8,"enemies":"Red Slaver","floor":14,"turns":2},{"damage":70,"enemies":"Hexaghost","floor":16,"turns":11},{"damage":10,"enemies":"3 Byrds","floor":18,"turns":5},{"damage":2,"enemies":"Spheric Guardian","floor":21,"turns":3},{"damage":11,"enemies":"Snake Plant","floor":22,"turns":4},{"damage":51,"enemies":"Book of Stabbing","floor":23,"turns":6},{"damage":7,"enemies":"3 Cultists","floor":24,"turns":4},{"damage":55,"enemies":"Cultist and Chosen","floor":29,"turns":9},{"damage":65,"enemies":"Automaton","floor":33,"turns":10}],"seed_played":"4381132411938176314","potions_obtained":[{"floor":1,"key":"Regen Potion"},{"floor":8,"key":"Regen Potion"},{"floor":11,"key":"LiquidMemories"},{"floor":21,"key":"DistilledChaos"},{"floor":22,"key":"SpeedPotion"}],"is_trial":false,"path_per_floor":["M","?","?","$","M","R","M","M","T","M","M","R","?","M","R","B",null,"M","$","?","M","M","E","M","R","T","R","?","M","R","?","R","B"],"character_chosen":"IRONCLAD","items_purchased":["Ancient Tea Set","Bottled Flame"],"campfire_rested":6,"item_purchase_floors":[4,19],"current_hp_per_floor":[80,73,62,62,62,80,80,61,61,54,54,78,78,76,76,33,80,80,80,80,80,75,30,29,53,53,77,52,7,31,31,55,0,0],"gold":272,"neow_bonus":"THREE_CARDS","is_daily":false,"chose_seed":false,"campfire_upgraded":1,"win_rate":0.0,"timestamp":1612740027,"path_taken":["M","?","?","?","M","R","M","M","T","M","?","R","?","M","R","BOSS","M","$","?","M","M","E","?","R","T","R","?","?","R","?","R","BOSS"],"items_purchased_type":["Relic","Relic"],"build_version":"2020-12-22","purchased_purges":0,"victory":false,"max_hp_per_floor":[80,80,80,80,80,80,80,80,80,80,80,80,80,80,80,80,80,80,80,80,80,80,80,80,80,80,80,80,80,80,80,80,80,80],"card_choices":[{"not_picked":["Flex","Pommel Strike"],"picked":"Armaments","floor":0},{"not_picked":["Second Wind","Disarm"],"picked":"Metallicize","floor":1},{"not_picked":["Heavy Blade","Warcry"],"picked":"Pommel Strike","floor":5},{"not_picked":["Shockwave","Warcry"],"picked":"Anger","floor":7},{"not_picked":["Clash","Burning Pact"],"picked":"Carnage","floor":8},{"not_picked":["Perfected Strike","Headbutt"],"picked":"Cleave","floor":10},{"not_picked":["Perfected Strike","Iron Wave"],"picked":"Body Slam","floor":11},{"not_picked":["True Grit","Dropkick"],"picked":"Power Through","floor":14},{"not_picked":["Immolate","Offering"],"picked":"Juggernaut","floor":16},{"not_picked":["Feel No Pain","Clash+1"],"picked":"Power Through","floor":18},{"not_picked":["Pommel Strike+1","Fiend Fire"],"picked":"Clothesline","floor":21},{"not_picked":["Warcry","Berserk"],"picked":"Clash","floor":22},{"not_picked":["Heavy Blade","Sever Soul"],"picked":"Flame Barrier+1","floor":23},{"not_picked":["Disarm","Flame Barrier"],"picked":"Iron Wave","floor":24},{"not_picked":["Infernal Blade","Body Slam+1"],"picked":"Barricade","floor":29}],"player_experience":66972,"relics_obtained":[{"floor":9,"key":"HornCleat"},{"floor":23,"key":"Red Skull"},{"floor":26,"key":"Molten Egg 2"}],"event_choices":[{"cards_removed":["Strike_R"],"damage_healed":0,"gold_gain":0,"player_choice":"Card Removal","damage_taken":7,"max_hp_gain":0,"max_hp_loss":0,"event_name":"Golden Wing","floor":2,"gold_loss":0},{"damage_healed":0,"gold_gain":75,"player_choice":"Gather Gold","damage_taken":11,"max_hp_gain":0,"max_hp_loss":0,"event_name":"World of Goop","floor":3,"gold_loss":0},{"damage_healed":0,"gold_gain":0,"player_choice":"Box","damage_taken":0,"relics_obtained":["Bird Faced Urn"],"max_hp_gain":0,"max_hp_loss":0,"event_name":"Big Fish","floor":13,"gold_loss":0,"cards_obtained":["Regret"]},{"damage_healed":0,"gold_gain":0,"player_choice":"Traded Relic","damage_taken":0,"relics_obtained":["Nloth\u0027s Gift"],"max_hp_gain":0,"max_hp_loss":0,"event_name":"N\u0027loth","floor":20,"relics_lost":["Bird Faced Urn"],"gold_loss":0},{"damage_healed":0,"gold_gain":90,"player_choice":"CARD CARD GOLD ","damage_taken":25,"max_hp_gain":0,"max_hp_loss":0,"event_name":"Knowing Skull","floor":28,"potions_obtained":[],"gold_loss":0,"cards_obtained":["Bandage Up","Deep Breath"]},{"damage_healed":0,"gold_gain":99,"player_choice":"Stole From Cult","damage_taken":0,"max_hp_gain":0,"max_hp_loss":0,"event_name":"Nest","floor":31,"gold_loss":0}],"is_beta":false,"boss_relics":[{"not_picked":["Cursed Key","Empty Cage"],"picked":"Mark of Pain"}],"items_purged_floors":[],"is_endless":false,"potions_floor_spawned":[1,8,11,21,22],"killed_by":"Automaton","ascension_level":0}}