{"host":"6rz02yiipefhcw4r","time":1612660059,"event":{"mods":["2.2 Compatiblity","BaseMod","Block Reminder","Colored Map","Curses Come First","DeckTracker","Googly Eyes","Minty Spire (QoL Compilation)","Quick Restart","Rare Cards Sparkle","StSLib"],"gold_per_floor":[11,11,32,45,70,106,181,181,181,27,27,27,27,27],"floor_reached":13,"language":"ENG","playtime":506,"items_purged":["Strike_G"],"score":166,"play_id":"f22b5640-d8d9-4707-9bcd-a0d3bf9414f2","local_time":"20210206230739","is_ascension_mode":true,"campfire_choices":[{"floor":8.0,"key":"REST"},{"floor":12.0,"key":"REST"}],"circlet_count":0,"master_deck":["AscendersBane","Strike_G","Strike_G","Strike_G","Strike_G","Defend_G","Defend_G","Defend_G","Defend_G","Defend_G","Survivor","Neutralize","Apotheosis","Bouncing Flask","PiercingWail","Backflip","Noxious Fumes","Corpse Explosion","Footwork"],"relics":["Ring of the Snake","Golden Idol","Gambling Chip","Kunai"],"acts_visited":["Exordium"],"potions_floor_usage":[13],"damage_taken":[{"damage":6.0,"enemies":"Small Slimes","floor":1.0,"turns":5.0},{"damage":4.0,"enemies":"2 Louse","floor":3.0,"turns":4.0},{"damage":4.0,"enemies":"Jaw Worm","floor":4.0,"turns":4.0},{"damage":0.0,"enemies":"2 Fungi Beasts","floor":5.0,"turns":4.0},{"damage":31.0,"enemies":"3 Sentries","floor":6.0,"turns":7.0},{"damage":0.0,"enemies":"The Mushroom Lair","floor":11.0,"turns":2.0},{"damage":27,"enemies":"Gremlin Nob","floor":13,"turns":5}],"seed_played":"2628099034375977695","potions_obtained":[{"floor":3.0,"key":"Dexterity Potion"},{"floor":6.0,"key":"SmokeBomb"}],"is_trial":false,"path_per_floor":["M","?","M","M","M","E","?","R","T","$","?","R","E"],"character_chosen":"THE_SILENT","items_purchased":["Footwork"],"campfire_rested":2,"item_purchase_floors":[10],"current_hp_per_floor":[53,53,49,45,45,14,3,21,21,21,21,39,12,12],"gold":27,"neow_bonus":"RANDOM_COLORLESS_2","is_daily":false,"chose_seed":false,"campfire_upgraded":0,"win_rate":0.0,"timestamp":1612660059,"path_taken":["M","?","M","M","M","E","?","R","T","?","?","R","E"],"items_purchased_type":["Card"],"build_version":"2020-12-22","purchased_purges":1,"victory":false,"max_hp_per_floor":[66,60,60,60,60,60,60,60,60,60,60,60,60,60],"card_choices":[{"not_picked":["Magnetism","Secret Weapon"],"picked":"Apotheosis","floor":0.0},{"not_picked":["Expertise","Quick Slash"],"picked":"Bouncing Flask","floor":1.0},{"not_picked":["Blade Dance","Dagger Throw"],"picked":"PiercingWail","floor":3.0},{"not_picked":["Bane","Deflect"],"picked":"Backflip","floor":4.0},{"not_picked":["Blade Dance","Quick Slash"],"picked":"Noxious Fumes","floor":5.0},{"not_picked":["Backflip","Finisher"],"picked":"Corpse Explosion","floor":6.0}],"player_experience":806233,"relics_obtained":[{"floor":6.0,"key":"Gambling Chip"},{"floor":9.0,"key":"Kunai"}],"event_choices":[{"damage_healed":0.0,"max_hp_gain":0.0,"max_hp_loss":6.0,"gold_gain":0.0,"event_name":"Golden Idol","player_choice":"Lose Max HP","floor":2.0,"gold_loss":0.0,"damage_taken":0.0,"relics_obtained":["Golden Idol"]},{"damage_healed":0.0,"max_hp_gain":0.0,"max_hp_loss":0.0,"gold_gain":75.0,"event_name":"World of Goop","player_choice":"Gather Gold","floor":7.0,"gold_loss":0.0,"damage_taken":11.0},{"damage_healed":0.0,"max_hp_gain":0.0,"max_hp_loss":0.0,"gold_gain":0.0,"event_name":"Mushrooms","player_choice":"Fought Mushrooms","floor":11.0,"gold_loss":0.0,"damage_taken":0.0}],"is_beta":false,"boss_relics":[],"items_purged_floors":[10],"is_endless":false,"potions_floor_spawned":[3,6],"killed_by":"Gremlin Nob","ascension_level":20}}