{"host":"mnpd8gh7cwxsn5kh","time":1612725231,"event":{"mods":["BaseMod","Bestiary","Block Reminder","Colored Map","Colored Powertips","Highlight Path","Minty Spire (QoL Compilation)","Relic Sorter","Relic Stats"],"gold_per_floor":[119,69,69,84,99,99,143,143,143,161,175,213,29,67,67,198,198,218,133,133,152,152,185,201,245,298,338,363,376,42,77,77,198,198,219,282,282,282,297,333,333,364,364,364,364,387,64,85,85,85],"floor_reached":51,"language":"ENG","playtime":5834,"items_purged":["Strike_P","PathToVictory"],"score":1463,"play_id":"6cb53459-7a15-452a-a41c-79de81e1b487","local_time":"20210207201351","is_ascension_mode":true,"campfire_choices":[{"data":"Eruption","floor":6,"key":"SMITH"},{"data":"Evaluate","floor":8,"key":"SMITH"},{"data":"BowlingBash","floor":15,"key":"SMITH"},{"floor":32,"key":"REST"},{"data":"BattleHymn","floor":41,"key":"SMITH"},{"data":"Vault","floor":44,"key":"SMITH"},{"data":"Fasting2","floor":49,"key":"SMITH"}],"circlet_count":0,"master_deck":["AscendersBane","Eruption+1","Vigilance","Wireheading","EmptyFist+1","FlurryOfBlows","Evaluate+1","BowlingBash+1","ThirdEye","CarveReality","TalkToTheHand","InnerPeace","Blasphemy","Protect+1","DeceiveReality","Consecrate+1","WindmillStrike+1","Vault+1","Tantrum+1","Crescendo","MentalFortress+1","Bandage Up","Protect","Perseverance+1","SpiritShield","FlurryOfBlows","CutThroughFate","Fasting2+1","Devotion","Crescendo","Meditate","FlurryOfBlows+1","EmptyBody+1","BattleHymn+1","EmptyMind+1","BattleHymn+1","InnerPeace"],"relics":["PureWater","Golden Idol","White Beast Statue","Regal Pillow","Lantern","Vajra","Mercury Hourglass","SlaversCollar","Bronze Scales","Nloth\u0027s Gift","Ice Cream","Oddly Smooth Stone","Whetstone","TeardropLocket","Bag of Preparation","Anchor","Pandora\u0027s Box","Torii","Toy Ornithopter","Akabeko","Meat on the Bone","Ancient Tea Set"],"acts_visited":["Exordium","TheCity","TheBeyond"],"potions_floor_usage":[7,10,11,12,12,16,16,18,23,25,27,27,28,31,33,36,39,46,50,50],"damage_taken":[{"damage":0,"enemies":"2 Louse","floor":1,"turns":1},{"damage":0,"enemies":"Small Slimes","floor":4,"turns":1},{"damage":0,"enemies":"Jaw Worm","floor":5,"turns":1},{"damage":0,"enemies":"Gremlin Nob","floor":7,"turns":2},{"damage":0,"enemies":"Gremlin Gang","floor":10,"turns":5},{"damage":0,"enemies":"Looter","floor":11,"turns":4},{"damage":5,"enemies":"Lagavulin","floor":12,"turns":7},{"damage":9,"enemies":"3 Sentries","floor":14,"turns":7},{"damage":0,"enemies":"Slime Boss","floor":16,"turns":4},{"damage":5,"enemies":"3 Byrds","floor":18,"turns":4},{"damage":0,"enemies":"Chosen","floor":21,"turns":1},{"damage":16,"enemies":"Slavers","floor":23,"turns":6},{"damage":0,"enemies":"Centurion and Healer","floor":24,"turns":4},{"damage":11,"enemies":"Book of Stabbing","floor":25,"turns":5},{"damage":0,"enemies":"Gremlin Leader","floor":27,"turns":3},{"damage":4,"enemies":"Snake Plant","floor":28,"turns":2},{"damage":0,"enemies":"3 Cultists","floor":29,"turns":4},{"damage":0,"enemies":"Slavers","floor":31,"turns":3},{"damage":1,"enemies":"Champ","floor":33,"turns":10},{"damage":1,"enemies":"Orb Walker","floor":35,"turns":2},{"damage":0,"enemies":"Mind Bloom Boss Battle","floor":36,"turns":5},{"damage":1,"enemies":"3 Darklings","floor":39,"turns":3},{"damage":0,"enemies":"Reptomancer","floor":40,"turns":6},{"damage":0,"enemies":"Giant Head","floor":42,"turns":5},{"damage":0,"enemies":"Jaw Worm Horde","floor":46,"turns":2},{"damage":1,"enemies":"Sphere and 2 Shapes","floor":48,"turns":4},{"damage":14,"enemies":"Donu and Deca","floor":50,"turns":5}],"seed_played":"-6560924752715482119","potions_obtained":[{"floor":1,"key":"SkillPotion"},{"floor":5,"key":"AttackPotion"},{"floor":7,"key":"EssenceOfSteel"},{"floor":10,"key":"BlessingOfTheForge"},{"floor":11,"key":"Weak Potion"},{"floor":12,"key":"LiquidMemories"},{"floor":14,"key":"Strength Potion"},{"floor":16,"key":"SkillPotion"},{"floor":18,"key":"Energy Potion"},{"floor":21,"key":"Block Potion"},{"floor":23,"key":"AttackPotion"},{"floor":24,"key":"CultistPotion"},{"floor":25,"key":"SteroidPotion"},{"floor":27,"key":"Block Potion"},{"floor":28,"key":"StancePotion"},{"floor":29,"key":"Dexterity Potion"},{"floor":31,"key":"BottledMiracle"},{"floor":33,"key":"BottledMiracle"},{"floor":35,"key":"BlessingOfTheForge"},{"floor":36,"key":"StancePotion"},{"floor":39,"key":"SmokeBomb"},{"floor":40,"key":"AttackPotion"},{"floor":46,"key":"SkillPotion"},{"floor":48,"key":"BottledMiracle"}],"is_trial":false,"path_per_floor":["M","?","?","M","M","R","E","R","T","M","M","E","$","E","R","B",null,"M","?","?","M","?","E","M","E","T","E","M","M","$","E","R","B",null,"M","?","?","?","M","E","R","E","T","R","$","M","$","M","R","B",null],"character_chosen":"WATCHER","items_purchased":["TalkToTheHand","Vajra","Bandage Up","Bag of Preparation","Protect","Ancient Tea Set","InnerPeace"],"campfire_rested":1,"item_purchase_floors":[13,13,30,30,30,47,47],"current_hp_per_floor":[65,65,65,65,65,65,65,65,65,65,65,60,60,51,51,51,63,58,58,58,58,58,42,42,31,31,31,27,27,27,31,66,67,67,66,67,64,64,63,64,64,64,64,64,64,64,64,64,64,50],"gold":85,"neow_bonus":"THREE_ENEMY_KILL","is_daily":false,"chose_seed":false,"campfire_upgraded":6,"win_rate":0.0,"timestamp":1612725231,"path_taken":["M","?","?","M","M","R","E","R","T","M","M","E","$","E","R","BOSS","M","?","?","M","?","E","?","E","T","E","M","M","$","E","R","BOSS","M","?","?","?","M","E","R","E","T","R","$","M","$","M","R","BOSS"],"items_purchased_type":["Card","Relic","Card","Relic","Card","Relic","Card"],"build_version":"2020-12-22","purchased_purges":2,"victory":true,"max_hp_per_floor":[72,72,67,67,67,67,67,67,67,67,67,67,67,67,67,67,67,67,67,67,67,67,67,67,67,67,67,67,67,67,67,67,67,67,67,67,64,64,64,64,64,64,64,64,64,64,64,64,64,64],"relic_stats":{"Regal Pillow":15,"Torii":7,"counters":[27,105],"Golden Idol":206,"Bag of Preparation":[20],"Whetstone":["EmptyFist","Strike_P"],"Mercury Hourglass":[348],"Bronze Scales":[155],"Pandora\u0027s Box":["PathToVictory","FlurryOfBlows","CutThroughFate","Fasting2","Devotion","Crescendo"],"Nloth\u0027s Gift":4,"obtain_stats":[{"Ice Cream":23,"Regal Pillow":9,"Lantern":12,"NeowsBlessing":0,"Torii":36,"Golden Idol":3,"Vajra":13,"Oddly Smooth Stone":25,"Bag of Preparation":30,"Whetstone":26,"TeardropLocket":27,"Ancient Tea Set":47,"White Beast Statue":7,"Akabeko":42,"Mercury Hourglass":14,"SlaversCollar":17,"Anchor":31,"Bronze Scales":19,"Pandora\u0027s Box":34,"Nloth\u0027s Gift":22,"PureWater":0,"Toy Ornithopter":40,"Meat on the Bone":43},{"Ice Cream":12,"Regal Pillow":4,"Lantern":7,"NeowsBlessing":0,"Torii":21,"Golden Idol":1,"Vajra":7,"Oddly Smooth Stone":14,"Bag of Preparation":17,"Whetstone":14,"TeardropLocket":15,"Ancient Tea Set":25,"White Beast Statue":4,"Akabeko":24,"Mercury Hourglass":8,"SlaversCollar":9,"Anchor":18,"Bronze Scales":10,"Pandora\u0027s Box":19,"Nloth\u0027s Gift":11,"PureWater":0,"Toy Ornithopter":23,"Meat on the Bone":24},{"Ice Cream":42,"Regal Pillow":5,"Lantern":21,"NeowsBlessing":0,"Torii":80,"Golden Idol":1,"Vajra":21,"Oddly Smooth Stone":51,"Bag of Preparation":60,"Whetstone":51,"TeardropLocket":54,"Ancient Tea Set":96,"White Beast Statue":5,"Akabeko":94,"Mercury Hourglass":28,"SlaversCollar":32,"Anchor":63,"Bronze Scales":36,"Pandora\u0027s Box":73,"Nloth\u0027s Gift":37,"PureWater":0,"Toy Ornithopter":89,"Meat on the Bone":94}],"Toy Ornithopter":0,"Meat on the Bone":0},"card_choices":[{"not_picked":["PathToVictory","Indignation"],"picked":"Wireheading","floor":1},{"not_picked":["EmptyBody","Halt"],"picked":"EmptyFist","floor":4},{"not_picked":["CarveReality","Consecrate"],"picked":"FlurryOfBlows","floor":5},{"not_picked":["Swivel","Brilliance"],"picked":"Evaluate","floor":7},{"not_picked":["Meditate","MentalFortress"],"picked":"BowlingBash","floor":10},{"not_picked":["CarveReality","Wallop"],"picked":"ThirdEye","floor":11},{"not_picked":["Prostrate","PathToVictory"],"picked":"CarveReality","floor":12},{"not_picked":["FlyingSleeves","Wallop"],"picked":"InnerPeace","floor":14},{"not_picked":["Devotion","Alpha"],"picked":"Blasphemy","floor":16},{"not_picked":["EmptyMind","FollowUp"],"picked":"Protect+1","floor":18},{"not_picked":["SandsOfTime","Evaluate"],"picked":"DeceiveReality","floor":21},{"not_picked":["Brilliance","Evaluate"],"picked":"Consecrate+1","floor":23},{"not_picked":["FlurryOfBlows","Crescendo"],"picked":"WindmillStrike+1","floor":24},{"not_picked":["EmptyBody+1","DevaForm"],"picked":"Vault","floor":25},{"not_picked":["Prostrate","ClearTheMind"],"picked":"Tantrum+1","floor":27},{"not_picked":["WreathOfFlame+1","ClearTheMind"],"picked":"Crescendo","floor":28},{"not_picked":["EmptyFist+1","FearNoEvil+1"],"picked":"MentalFortress+1","floor":29},{"not_picked":["FlyingSleeves","Brilliance"],"picked":"Perseverance+1","floor":31},{"not_picked":["DevaForm","Blasphemy"],"picked":"SpiritShield","floor":33},{"not_picked":["JustLucky","ThirdEye"],"picked":"Meditate","floor":35},{"not_picked":["Sanctity+1","Halt+1"],"picked":"FlurryOfBlows+1","floor":36},{"not_picked":["Conclude+1","Consecrate"],"picked":"EmptyBody+1","floor":39},{"not_picked":["Nirvana+1","Study"],"picked":"BattleHymn","floor":40},{"not_picked":["ClearTheMind","Brilliance"],"picked":"EmptyMind+1","floor":42},{"not_picked":["Evaluate","Weave"],"picked":"BattleHymn+1","floor":46},{"not_picked":["EmptyFist+1","EmptyBody","ThirdEye"],"picked":"SKIP","floor":48}],"player_experience":387407,"relics_obtained":[{"floor":7,"key":"White Beast Statue"},{"floor":9,"key":"Regal Pillow"},{"floor":12,"key":"Lantern"},{"floor":14,"key":"Mercury Hourglass"},{"floor":23,"key":"Ice Cream"},{"floor":25,"key":"Oddly Smooth Stone"},{"floor":26,"key":"Whetstone"},{"floor":27,"key":"TeardropLocket"},{"floor":31,"key":"Anchor"},{"floor":36,"key":"Torii"},{"floor":40,"key":"Toy Ornithopter"},{"floor":42,"key":"Akabeko"},{"floor":43,"key":"Meat on the Bone"}],"event_choices":[{"cards_removed":["Defend_P"],"damage_healed":0,"gold_gain":0,"player_choice":"Card Removal","damage_taken":0,"max_hp_gain":0,"max_hp_loss":0,"event_name":"The Cleric","floor":2,"gold_loss":50},{"damage_healed":0,"gold_gain":0,"player_choice":"Lose Max HP","damage_taken":0,"relics_obtained":["Golden Idol"],"max_hp_gain":0,"max_hp_loss":5,"event_name":"Golden Idol","floor":3,"gold_loss":0},{"damage_healed":0,"gold_gain":0,"player_choice":"Obtained Relic","damage_taken":0,"relics_obtained":["Bronze Scales"],"max_hp_gain":0,"max_hp_loss":0,"event_name":"Addict","floor":19,"gold_loss":85},{"damage_healed":0,"gold_gain":0,"player_choice":"Ignored","damage_taken":0,"max_hp_gain":0,"max_hp_loss":0,"event_name":"Cursed Tome","floor":20,"gold_loss":0},{"damage_healed":0,"gold_gain":0,"player_choice":"Traded Relic","damage_taken":0,"relics_obtained":["Nloth\u0027s Gift"],"max_hp_gain":0,"max_hp_loss":0,"event_name":"N\u0027loth","floor":22,"relics_lost":["NeowsBlessing"],"gold_loss":0},{"damage_healed":0,"gold_gain":0,"player_choice":"Fight","damage_taken":0,"max_hp_gain":0,"max_hp_loss":0,"event_name":"MindBloom","floor":36,"gold_loss":0},{"damage_healed":0,"gold_gain":0,"player_choice":"Max HP","damage_taken":0,"max_hp_gain":0,"max_hp_loss":3,"event_name":"Winding Halls","floor":37,"gold_loss":0},{"damage_healed":0,"gold_gain":0,"player_choice":"Ignored","damage_taken":0,"max_hp_gain":0,"max_hp_loss":0,"event_name":"Tomb of Lord Red Mask","floor":38,"gold_loss":0}],"is_beta":false,"boss_relics":[{"not_picked":["Philosopher\u0027s Stone","Runic Dome"],"picked":"SlaversCollar"},{"not_picked":["Velvet Choker","Tiny House"],"picked":"Pandora\u0027s Box"}],"items_purged_floors":[30,47],"is_endless":false,"potions_floor_spawned":[1,5,7,10,11,12,14,16,18,21,23,24,25,27,28,29,31,33,35,36,39,40,42,46,48],"ascension_level":11}}