{"host":"93x13jgem5w43hjr","time":1612740909,"event":{"mods":["AchievementEnabler","BaseMod","Better Note","Colored Map","Colored Powertips","Downfall","Highlight Path","Minty Spire (QoL Compilation)","Rare Cards Sparkle","StSLib"],"gold_per_floor":[99,114,127,157,42,42,123,123,138,169,74,74,74,101,117,217,217,117,132,17,17,17,36,36,36,54,54,89,89,89,116,132,237,237,137,151,161,181,181,216,216,216,250,265,278,308,323,10,26,26,26,26],"floor_reached":50,"language":"ENG","playtime":3703,"items_purged":["Slimebound:Strike_Slimebound","Pain","Slimebound:Split"],"score":771,"play_id":"115817f8-9fa9-47dc-a485-a1908d2613ca","local_time":"20210207163509","is_ascension_mode":true,"campfire_choices":[{"floor":1,"key":"RECALL"},{"data":"Slimebound:Replication","floor":6,"key":"SMITH"},{"floor":12,"key":"REST"},{"data":"Slimebound:Grow","floor":18,"key":"SMITH"},{"data":"Slimebound:PressTheAttack","floor":25,"key":"SMITH"},{"data":"Slimebound:LevelUp","floor":27,"key":"SMITH"},{"data":"Ghostly","floor":30,"key":"SMITH"},{"data":"Ghostly","floor":35,"key":"SMITH"}],"circlet_count":0,"master_deck":["Slimebound:Strike_Slimebound","Slimebound:Tackle","Slimebound:Defend_Slimebound","Slimebound:Defend_Slimebound","Slimebound:Defend_Slimebound","Slimebound:Defend_Slimebound","Slimebound:CorrosiveSpit","Good Instincts","Slimebound:HauntingLick","Slimebound:SamplingLick","Slimebound:Replication+1","Slimebound:LeechEnergy+1","Slimebound:AcidTongue","Slimebound:Recollect","Slimebound:FinishingTackle","Slimebound:Grow+1","Slimebound:Prepare","Slimebound:ViciousTackle+1","Slimebound:SamplingLick+1","Slimebound:PressTheAttack+1","Slimebound:LevelUp+1","Slimebound:LeadByExample+1","Ghostly+1","Ghostly+1","Ghostly+1","Ghostly","Ghostly+1","Slimebound:LeechEnergy+1","Slimebound:OozeBath","Slimebound:Schlurp+1","Slimebound:Darklings","Slimebound:SamplingLick+1","Slimebound:Gluttony+1","Slimebound:Schlurp","Slimebound:HauntingLick","Slimebound:SlimeBarrage"],"relics":["Slimebound:AbsorbEndCombat","Incense Burner","Blue Candle","Centennial Puzzle","WarpedTongs","Mercury Hourglass","Cursed Key","downfall:HeartBlessingRed","Omamori","Bottled Tornado","Eternal Feather","MealTicket","SlaversCollar","downfall:HeartBlessingGreen","Pocketwatch","Darkstone Periapt","Whetstone","War Paint","Ginger"],"acts_visited":["Exordium","TheCity","TheBeyond"],"potions_floor_usage":[3,19,43,45,50,50,50],"damage_taken":[{"damage":0,"enemies":"Small Slimes","floor":2,"turns":4},{"damage":9,"enemies":"2 Louse","floor":3,"turns":4},{"damage":12,"enemies":"downfall:FleeingMerchant","floor":5,"turns":4},{"damage":3,"enemies":"Cultist","floor":9,"turns":4},{"damage":49,"enemies":"Lagavulin","floor":10,"turns":8},{"damage":5,"enemies":"downfall:FleeingMerchant","floor":11,"turns":4},{"damage":10,"enemies":"3 Sentries","floor":14,"turns":10},{"damage":2,"enemies":"2 Fungi Beasts","floor":15,"turns":3},{"damage":13,"enemies":"SI_SHIV_ARCHETYPE","floor":16,"turns":6},{"damage":1,"enemies":"Shell Parasite","floor":19,"turns":4},{"damage":1,"enemies":"downfall:FleeingMerchant","floor":20,"turns":4},{"damage":9,"enemies":"Snake Plant","floor":23,"turns":3},{"damage":3,"enemies":"Centurion and Healer","floor":26,"turns":4},{"damage":29,"enemies":"Gremlin Leader","floor":28,"turns":5},{"damage":3,"enemies":"Slavers","floor":31,"turns":5},{"damage":9,"enemies":"Shelled Parasite and Fungi","floor":32,"turns":4},{"damage":25,"enemies":"DF_ARCHETYPE_CLAW","floor":33,"turns":8},{"damage":4,"enemies":"3 Darklings","floor":36,"turns":5},{"damage":3,"enemies":"3 Shapes","floor":37,"turns":4},{"damage":6,"enemies":"Spire Growth","floor":38,"turns":4},{"damage":3,"enemies":"Giant Head","floor":40,"turns":8},{"damage":2,"enemies":"Reptomancer","floor":43,"turns":6},{"damage":9,"enemies":"Maw","floor":44,"turns":7},{"damage":0,"enemies":"Jaw Worm Horde","floor":45,"turns":5},{"damage":21,"enemies":"Nemesis","floor":46,"turns":7},{"damage":3,"enemies":"Sphere and 2 Shapes","floor":47,"turns":5},{"damage":0,"enemies":"downfall:FleeingMerchant","floor":48,"turns":4},{"damage":3,"enemies":"Maw","floor":49,"turns":6},{"damage":38,"enemies":"WA_ARCHETYPE_DIVINITY","floor":50,"turns":5}],"seed_played":"-5499370419225855648","potions_obtained":[{"floor":2,"key":"Swift Potion"},{"floor":10,"key":"BlessingOfTheForge"},{"floor":14,"key":"SpeedPotion"},{"floor":15,"key":"Guardian:BlockOnCardUsePotion"},{"floor":28,"key":"Regen Potion"},{"floor":42,"key":"EntropicBrew"},{"floor":42,"key":"DuplicationPotion"},{"floor":42,"key":"BlessingOfTheForge"},{"floor":43,"key":"PowerPotion"}],"is_trial":false,"path_per_floor":["R","M","M","?","$","R","T","?","M","E","$","R","?","E","M","B",null,"R","M","$","?","?","M","T","R","M","R","E","?","R","E","M","B",null,"R","M","M","M","?","E","T","?","E","M","M","E","M","$","M","B"],"character_chosen":"SLIMEBOUND","items_purchased":["Slimebound:LeechEnergy","Slimebound:Grow","Slimebound:SlimeBarrage","War Paint","Ginger"],"campfire_rested":1,"item_purchase_floors":[5,11,48,48,48],"current_hp_per_floor":[65,65,60,60,52,52,52,52,53,12,13,32,32,30,30,25,65,65,65,65,54,54,53,53,53,56,56,35,35,35,34,28,7,35,35,35,34,32,32,35,35,35,34,26,32,19,24,35,32,0,0,0],"gold":26,"neow_bonus":"RANDOM_COLORLESS","is_daily":false,"chose_seed":false,"campfire_upgraded":6,"win_rate":0.0,"timestamp":1612740909,"path_taken":["R","M","M","?","$","R","T","?","M","E","$","R","?","E","M","BOSS","R","M","?","?","?","M","T","R","M","R","E","?","R","E","M","BOSS","R","M","M","M","?","E","T","?","E","M","?","E","M","$","M","BOSS"],"items_purchased_type":["Card","Card","Card","Relic","Relic"],"build_version":"2020-12-22","purchased_purges":3,"victory":false,"max_hp_per_floor":[65,65,65,65,65,65,65,65,65,65,65,65,65,65,65,65,65,65,65,65,70,70,70,70,70,70,70,70,35,35,35,35,35,35,35,35,35,35,35,35,35,35,35,35,35,35,35,35,35,35,35,35],"card_choices":[{"not_picked":["Forethought","Jack Of All Trades"],"picked":"Good Instincts","floor":0},{"not_picked":["Slimebound:ViciousTackle","Slimebound:ItLooksTasty"],"picked":"Slimebound:HauntingLick","floor":2},{"not_picked":["Slimebound:SplitMire","Slimebound:LeechingTouch"],"picked":"Slimebound:SamplingLick","floor":3},{"not_picked":["Slimebound:RollThrough","Slimebound:SplitMire"],"picked":"Slimebound:Replication","floor":5},{"not_picked":["Slimebound:SplitAcid","Slimebound:HauntingLick"],"picked":"Slimebound:AcidTongue","floor":9},{"not_picked":["Slimebound:SlimeSpikes","Slimebound:SplitAcid"],"picked":"Slimebound:Recollect","floor":10},{"not_picked":["Slimebound:FirmFortitude","Slimebound:Dissolve"],"picked":"Slimebound:FinishingTackle","floor":11},{"not_picked":["Slimebound:PressTheAttack","Slimebound:SlimeSpikes","Slimebound:Replication"],"picked":"SKIP","floor":14},{"not_picked":["Slimebound:PressTheAttack","Slimebound:LevelUp"],"picked":"Slimebound:Prepare","floor":15},{"not_picked":["Slimebound:Teamwork","Slimebound:FirmFortitude"],"picked":"Slimebound:Darklings","floor":16},{"not_picked":["Slimebound:RejuvenatingLick","Slimebound:ComboTackle+1"],"picked":"Slimebound:ViciousTackle+1","floor":19},{"not_picked":["Slimebound:Equalize","Slimebound:DivideAndConquer"],"picked":"Slimebound:SamplingLick+1","floor":20},{"not_picked":["Slimebound:HauntingLick","Slimebound:SplitAcid"],"picked":"Slimebound:PressTheAttack","floor":23},{"not_picked":["Slimebound:LivingWall","Slimebound:LeechLife"],"picked":"Slimebound:LevelUp","floor":26},{"not_picked":["Slimebound:Prepare","Slimebound:SlimeTap+1"],"picked":"Slimebound:LeadByExample+1","floor":28},{"not_picked":["Slimebound:BestDefense","Slimebound:WasteNot","Slimebound:SplitLeeching+1"],"picked":"SKIP","floor":31},{"not_picked":["Slimebound:ProtectTheBoss","Slimebound:TongueLash"],"picked":"Slimebound:LeechEnergy","floor":32},{"not_picked":["Slimebound:OneTwoCombo","Slimebound:Overexert"],"picked":"Slimebound:OozeBath","floor":33},{"not_picked":["Slimebound:SlimeBrawl","Slimebound:HungryTackle+1","Slimebound:ComboTackle"],"picked":"SKIP","floor":36},{"not_picked":["Slimebound:Replication+1","Slimebound:SlimeBrawl","Slimebound:SlimeSpikes+1"],"picked":"SKIP","floor":37},{"not_picked":["Slimebound:SplitLeeching+1","Slimebound:SlimeTap"],"picked":"Slimebound:Schlurp+1","floor":38},{"not_picked":["Slimebound:BestDefense+1","Slimebound:Overexert"],"picked":"Slimebound:SamplingLick+1","floor":40},{"not_picked":["Slimebound:Grow","Slimebound:SplitAcid","Slimebound:GoopSpray+1"],"picked":"SKIP","floor":43},{"not_picked":["Slimebound:LeechLife","Slimebound:GoopSpray","Slimebound:SlimeSpikes"],"picked":"SKIP","floor":44},{"not_picked":["Slimebound:Prepare","Slimebound:HungryTackle"],"picked":"Slimebound:Gluttony+1","floor":45},{"not_picked":["Slimebound:LivingWall+1","Slimebound:DisruptingSlam"],"picked":"Slimebound:Schlurp","floor":46},{"not_picked":["Slimebound:GoopSpray+1","Slimebound:Replication+1"],"picked":"Slimebound:HauntingLick","floor":47},{"not_picked":["Slimebound:FinishingTackle","Slimebound:SlimeSlap","Slimebound:LeechingTouch+1"],"picked":"SKIP","floor":48},{"not_picked":["Slimebound:Repurpose","Slimebound:GoopSpray+1","Slimebound:RollThrough"],"picked":"SKIP","floor":49}],"player_experience":191611,"relics_obtained":[{"floor":7,"key":"Blue Candle"},{"floor":10,"key":"Centennial Puzzle"},{"floor":14,"key":"Mercury Hourglass"},{"floor":24,"key":"Bottled Tornado"},{"floor":28,"key":"Eternal Feather"},{"floor":31,"key":"MealTicket"},{"floor":40,"key":"Pocketwatch"},{"floor":43,"key":"Darkstone Periapt"},{"floor":46,"key":"Whetstone"}],"event_choices":[{"cards_removed":["Slimebound:Strike_Slimebound"],"damage_healed":0,"gold_gain":0,"player_choice":"Card Removal","damage_taken":0,"max_hp_gain":0,"max_hp_loss":0,"event_name":"The Cleric","floor":8,"gold_loss":0},{"damage_healed":0,"gold_gain":0,"player_choice":"Rummage","damage_taken":0,"relics_obtained":["WarpedTongs"],"max_hp_gain":0,"max_hp_loss":0,"event_name":"Accursed Blacksmith","floor":13,"gold_loss":0,"cards_obtained":["Pain"]},{"damage_healed":0,"gold_gain":0,"player_choice":"Became a Ghost","damage_taken":0,"max_hp_gain":0,"max_hp_loss":35,"event_name":"Ghosts","floor":29,"gold_loss":0,"cards_obtained":["Ghostly","Ghostly","Ghostly","Ghostly","Ghostly"]},{"damage_healed":0,"gold_gain":0,"player_choice":"Got Potions","damage_taken":0,"max_hp_gain":0,"max_hp_loss":0,"event_name":"Lab","floor":42,"gold_loss":0}],"is_beta":false,"boss_relics":[{"not_picked":["Sozu","Fusion Hammer"],"picked":"Cursed Key"},{"not_picked":["expansioncontent:StudyCardRelic","Philosopher\u0027s Stone"],"picked":"SlaversCollar"}],"items_purged_floors":[5,20,48],"is_endless":false,"potions_floor_spawned":[2,10,14,15,16,28,31,32,33,38,40,43],"killed_by":"WA_ARCHETYPE_DIVINITY","ascension_level":3}}