{"host":"a1eatafr7pisesky","time":1612692084,"event":{"mods":["AchievementEnabler","BaseMod","Colored Map","Keyboard Shortcuts","Minty Spire (QoL Compilation)","Say the Spire","StSLib","SuperFastMode","everything is the same but u backflip on backflip"],"gold_per_floor":[113,263,263,277,352,352,379,379,403,14,29,29,45,67,67,148,148,168,168,42,69,83,83,120,120,120,147,147,171,171,204,204,204,204],"floor_reached":33,"language":"KOR","playtime":648,"items_purged":["Doubt","Strike_G"],"score":543,"play_id":"509b1ea7-0fb8-495c-89fd-6bf1760991e6","local_time":"20210207190124","is_ascension_mode":true,"campfire_choices":[{"data":"Cloak And Dagger","floor":6.0,"key":"SMITH"},{"data":"Deadly Poison","floor":8.0,"key":"SMITH"},{"data":"Accuracy","floor":12.0,"key":"SMITH"},{"data":"Blade Dance","floor":15.0,"key":"SMITH"},{"floor":23.0,"key":"REST"},{"floor":25.0,"key":"REST"},{"floor":28.0,"key":"REST"},{"data":"Cloak And Dagger","floor":32.0,"key":"SMITH"}],"circlet_count":0,"master_deck":["AscendersBane","Strike_G","Strike_G","Strike_G","Strike_G","Defend_G","Defend_G","Defend_G","Defend_G","Defend_G","Survivor","Neutralize","Deadly Poison+1","Cloak And Dagger+1","PiercingWail","Accuracy+1","Blade Dance+1","Adrenaline","Noxious Fumes","Accuracy","Cloak And Dagger+1","Venomology","Backflip+1","Crippling Poison"],"relics":["Ring of the Snake","NeowsBlessing","Tiny Chest","Bag of Marbles","CeramicFish","Mummified Hand","Black Star","MealTicket","Regal Pillow","Singing Bowl","Shovel","Ornamental Fan","Matryoshka"],"acts_visited":["Exordium","TheCity"],"potions_floor_usage":[33,33,33],"damage_taken":[{"damage":0.0,"enemies":"2 Louse","floor":1.0,"turns":1.0},{"damage":0.0,"enemies":"Jaw Worm","floor":4.0,"turns":1.0},{"damage":0.0,"enemies":"Gremlin Nob","floor":7.0,"turns":1.0},{"damage":0.0,"enemies":"Small Slimes","floor":11.0,"turns":3.0},{"damage":4.0,"enemies":"Red Slaver","floor":13.0,"turns":5.0},{"damage":2.0,"enemies":"2 Fungi Beasts","floor":14.0,"turns":3.0},{"damage":27.0,"enemies":"The Guardian","floor":16.0,"turns":11.0},{"damage":21.0,"enemies":"2 Thieves","floor":18.0,"turns":3.0},{"damage":10.0,"enemies":"3 Byrds","floor":21.0,"turns":5.0},{"damage":14.0,"enemies":"Centurion and Healer","floor":22.0,"turns":7.0},{"damage":16.0,"enemies":"Slavers","floor":24.0,"turns":5.0},{"damage":37.0,"enemies":"Snake Plant","floor":27.0,"turns":5.0},{"damage":8.0,"enemies":"Snecko","floor":29.0,"turns":5.0},{"damage":1.0,"enemies":"Gremlin Leader","floor":31.0,"turns":5.0},{"damage":39,"enemies":"Champ","floor":33,"turns":6}],"seed_played":"6838998599771515514","potions_obtained":[{"floor":4.0,"key":"Explosive Potion"},{"floor":11.0,"key":"Energy Potion"},{"floor":21.0,"key":"Fire Potion"},{"floor":31.0,"key":"FearPotion"}],"is_trial":false,"path_per_floor":["M","?","T","M","?","R","E","R","T","$","M","R","M","M","R","B",null,"M","?","$","M","M","R","E","R","T","M","R","M","T","E","R","B"],"character_chosen":"THE_SILENT","items_purchased":["Accuracy","Mummified Hand","Accuracy"],"campfire_rested":3,"item_purchase_floors":[10,10,20],"current_hp_per_floor":[59,59,59,59,48,48,48,48,48,48,48,48,44,42,42,15,53,32,27,27,17,3,22,6,40,40,3,37,29,29,30,30,0,0],"gold":204,"neow_bonus":"THREE_ENEMY_KILL","is_daily":false,"chose_seed":false,"campfire_upgraded":5,"win_rate":0.0,"timestamp":1612692084,"path_taken":["M","?","?","M","?","R","E","R","T","$","M","R","M","M","R","BOSS","M","?","$","M","M","R","E","R","T","M","R","?","?","E","R","BOSS"],"items_purchased_type":["Card","Relic","Card"],"build_version":"2020-12-22","purchased_purges":2,"victory":false,"max_hp_per_floor":[66,66,66,66,66,66,66,66,66,66,66,66,66,66,66,66,66,66,66,66,66,66,66,66,66,66,66,66,66,66,68,68,68,68],"card_choices":[{"not_picked":["Bane","Quick Slash"],"picked":"Deadly Poison","floor":1.0},{"not_picked":["Slice","Acrobatics"],"picked":"Cloak And Dagger","floor":4.0},{"not_picked":["Acrobatics","Heel Hook"],"picked":"PiercingWail","floor":7.0},{"not_picked":["Dodge and Roll","Dagger Throw","Setup"],"picked":"SKIP","floor":11.0},{"not_picked":["Acrobatics","Quick Slash","Underhanded Strike"],"picked":"SKIP","floor":13.0},{"not_picked":["Blur","Flying Knee"],"picked":"Blade Dance","floor":14.0},{"not_picked":["Die Die Die","Grand Finale"],"picked":"Adrenaline","floor":16.0},{"not_picked":["Deadly Poison","Acrobatics"],"picked":"Noxious Fumes","floor":18.0},{"not_picked":["Deflect","PiercingWail"],"picked":"Cloak And Dagger","floor":21.0},{"not_picked":["Eviscerate","Flying Knee","Underhanded Strike"],"picked":"SKIP","floor":22.0},{"not_picked":["Endless Agony+1","Flying Knee"],"picked":"Venomology","floor":24.0},{"not_picked":["Outmaneuver","Eviscerate"],"picked":"Backflip+1","floor":27.0},{"not_picked":["Acrobatics+1","Sucker Punch"],"picked":"Crippling Poison","floor":29.0},{"not_picked":["Escape Plan","Tactician","Well Laid Plans+1"],"picked":"Singing Bowl","floor":31.0}],"player_experience":418672,"relics_obtained":[{"floor":3.0,"key":"Tiny Chest"},{"floor":7.0,"key":"Bag of Marbles"},{"floor":9.0,"key":"CeramicFish"},{"floor":24.0,"key":"MealTicket"},{"floor":24.0,"key":"Regal Pillow"},{"floor":26.0,"key":"Singing Bowl"},{"floor":30.0,"key":"Shovel"},{"floor":31.0,"key":"Ornamental Fan"},{"floor":31.0,"key":"Matryoshka"}],"event_choices":[{"damage_healed":0.0,"max_hp_gain":0.0,"max_hp_loss":0.0,"gold_gain":150.0,"event_name":"Liars Game","player_choice":"AGREE","floor":2.0,"gold_loss":0.0,"damage_taken":0.0,"cards_obtained":["Doubt"]},{"damage_healed":0.0,"max_hp_gain":0.0,"max_hp_loss":0.0,"gold_gain":75.0,"event_name":"World of Goop","player_choice":"Gather Gold","floor":5.0,"gold_loss":0.0,"damage_taken":11.0},{"damage_healed":0.0,"max_hp_gain":0.0,"max_hp_loss":0.0,"gold_gain":0.0,"event_name":"Designer","player_choice":"Punched","floor":19.0,"gold_loss":0.0,"damage_taken":5.0}],"is_beta":false,"boss_relics":[{"not_picked":["Velvet Choker","Ring of the Serpent"],"picked":"Black Star"}],"items_purged_floors":[10,20],"is_endless":false,"potions_floor_spawned":[4,11,14,21,31],"killed_by":"Champ","ascension_level":15}}