{"host":"dq9lwkr0jwog4b8f","time":1612735148,"event":{"mods":["AchievementEnabler","BaseMod","Bestiary","Colored Map","Colored Powertips","DeckTracker","Downfall","Marisa????????","Minty Spire (QoL Compilation)","Replay The Spire","Robot Space Explorer","StSLib","The Cursed","The Marked","The Servant 0.9.4"],"gold_per_floor":[109,184,195,249,264,296,358,358,358,35,68,80,80,107,107,211,211,228,240,2,14,14,43,43,53,99,99,99,99,110,129,129,230,230,240,253,271,271,316,344,344,354,354,354,26,26,26,46,46,46],"floor_reached":51,"language":"ENG","playtime":8119,"items_purged":["Strike_R","Amnesia"],"score":690,"play_id":"30fcd049-1222-48e0-8bed-f9b16aa98d14","local_time":"20210207225908","is_ascension_mode":false,"campfire_choices":[{"data":"Armaments","floor":8,"key":"SMITH"},{"data":"ReplayReversal","floor":13,"key":"SMITH"},{"data":"Anger","floor":15,"key":"SMITH"},{"floor":24,"key":"REST"},{"data":"RitualDagger","floor":28,"key":"SMITH"},{"floor":32,"key":"DIG"},{"data":"Armaments","floor":41,"key":"SMITH"},{"floor":44,"key":"REST"},{"data":"Immolate","floor":46,"key":"SMITH"},{"floor":49,"key":"DIG"}],"circlet_count":0,"master_deck":["Defend_R","Defend_R+1","Defend_R","Bash","ReplayTheSpireMod:Stacked","Armaments+1","Dropkick","Iron Wave","ReplayReversal+1","Inflame+1","Juggernaut+1","Anger+1","Barricade+1","Dual Wield+1","Metallicize+1","Armaments+1","Pommel Strike","RitualDagger+1","Bite","Bite","Bite","Bite","Bite","Anger","Immolate+1","Fire Breathing+1","Cleave+1","Shockwave+1","Seeing Red+1","ReplayTheSpireMod:Muscle Training+1","Combust+1","Metallicize+1","Juggernaut+1"],"relics":["Burning Blood","Bronze Scales","Replay:Baseball","Pet Ghost","Lizard Tail","Frozen Egg 2","Regal Pillow","WingedGreaves","Velvet Choker","Replay:WaspNest","Nilry\u0027s Codex","Mummified Hand","Dream Catcher","Replay:Bottled Steam","ChewingGum","Ring of Hypnosis","Ring of Fury","Torii","War Paint","White Beast Statue","Replay:Rubber Ducky","Charon\u0027s Ashes"],"acts_visited":["Exordium","TheCity","TheBeyond"],"potions_floor_usage":[7,21,23,33,39,42,50,50],"damage_taken":[{"damage":9,"enemies":"2 Louse","floor":1,"turns":3},{"damage":3,"enemies":"Jaw Worm","floor":3,"turns":4},{"damage":8,"enemies":"Small Slimes","floor":5,"turns":4},{"damage":9,"enemies":"Replay:BlueRogue","floor":6,"turns":7},{"damage":2,"enemies":"3 Sentries","floor":11,"turns":6},{"damage":1,"enemies":"3 Louse","floor":12,"turns":3},{"damage":4,"enemies":"Replay:BlueRogue","floor":14,"turns":5},{"damage":53,"enemies":"The Guardian","floor":16,"turns":6},{"damage":0,"enemies":"3 Byrds","floor":18,"turns":2},{"damage":10,"enemies":"Chosen","floor":19,"turns":4},{"damage":32,"enemies":"Centurion and Healer","floor":21,"turns":5},{"damage":5,"enemies":"Book of Stabbing","floor":23,"turns":4},{"damage":5,"enemies":"Snecko","floor":25,"turns":4},{"damage":11,"enemies":"Sentry and Sphere","floor":30,"turns":4},{"damage":1,"enemies":"Chosen and Byrds","floor":31,"turns":5},{"damage":4,"enemies":"Collector","floor":33,"turns":9},{"damage":0,"enemies":"3 Shapes","floor":35,"turns":2},{"damage":15,"enemies":"Orb Walker","floor":36,"turns":4},{"damage":24,"enemies":"4 Shapes","floor":37,"turns":4},{"damage":16,"enemies":"2 Orb Walkers","floor":39,"turns":4},{"damage":17,"enemies":"Giant Head","floor":40,"turns":7},{"damage":36,"enemies":"Spire Growth","floor":42,"turns":5},{"damage":6,"enemies":"Maw","floor":48,"turns":7},{"damage":51,"enemies":"Awakened One","floor":50,"turns":10}],"seed_played":"-4036642216361405494","potions_obtained":[{"floor":1,"key":"ElixirPotion"},{"floor":3,"key":"ElixirPotion"},{"floor":6,"key":"SneckoOil"},{"floor":7,"key":"Ancient Potion"},{"floor":7,"key":"Fruit Juice"},{"floor":19,"key":"bronze:BurnAndBuffPotion"},{"floor":21,"key":"Weak Potion"},{"floor":33,"key":"PowerPotion"},{"floor":37,"key":"BloodPotion"},{"floor":42,"key":"Elixir"},{"floor":48,"key":"SteroidPotion"}],"is_trial":false,"path_per_floor":["M","?","M","T","M","E","?","R","T","$","E","M","R","E","R","B",null,"M","M","$","M","?","E","R","M","T","?","R","?","M","M","R_BF","B",null,"M","M","M","?","?","E","R","M","T","R","$","R","?","M","R_BF","B",null],"character_chosen":"IRONCLAD","items_purchased":["Frozen Egg 2","Replay:WaspNest","Replay:Rubber Ducky","Metallicize+1"],"campfire_rested":2,"item_purchase_floors":[10,20,45,45],"current_hp_per_floor":[77,66,69,69,67,64,49,49,49,49,53,58,58,60,60,13,85,85,81,81,55,39,40,80,81,81,75,75,59,54,59,59,59,59,59,54,42,42,37,41,41,28,28,59,59,59,59,59,59,24],"gold":46,"neow_bonus":"REMOVE_CARD","is_daily":false,"chose_seed":false,"campfire_upgraded":6,"win_rate":0.0,"timestamp":1612735148,"path_taken":["M","?","M","?","M","E","?","R","T","$","E","M","R","E","R","BOSS","M","M","$","M","?","E","R","M","T","?","R","?","M","?","R_BF","BOSS","M","M","?","?","?","E","R","M","T","R","$","R","?","M","R_BF","BOSS"],"items_purchased_type":["Relic","Relic","Relic","Card"],"build_version":"2020-12-22","purchased_purges":2,"victory":true,"max_hp_per_floor":[80,80,80,80,80,80,85,85,85,85,85,85,85,85,85,85,85,85,85,85,85,85,85,85,85,85,85,85,59,59,59,59,59,59,59,59,59,59,59,59,59,59,59,59,59,59,59,59,59,59],"card_choices":[{"not_picked":["Heavy Blade","Flex"],"picked":"ReplayTheSpireMod:Stacked","floor":1},{"not_picked":["Havoc","Anger"],"picked":"Armaments","floor":3},{"not_picked":["Massacre","Run Through"],"picked":"Dropkick","floor":5},{"not_picked":["Replay:Undeath\u0027s Touch","ReplayTheSpireMod:Strike From Hell"],"picked":"Iron Wave","floor":6},{"not_picked":["Feel No Pain","Replay:Undeath\u0027s Touch"],"picked":"ReplayReversal","floor":7},{"not_picked":["Power Through","Sword Boomerang"],"picked":"Inflame+1","floor":11},{"not_picked":["Havoc","ReplayTheSpireMod:Strike From Hell"],"picked":"Juggernaut+1","floor":12},{"not_picked":["Sword Boomerang","Twin Strike"],"picked":"Anger","floor":14},{"not_picked":["Corruption+1","Limit Break"],"picked":"Barricade+1","floor":16},{"not_picked":["ReplayReversal","Rampage"],"picked":"Dual Wield+1","floor":18},{"not_picked":["Perfected Strike","Second Wind","Bloodletting"],"picked":"SKIP","floor":19},{"not_picked":["Disarm","Havoc"],"picked":"Metallicize+1","floor":21},{"not_picked":["Disarm","Heavy Blade"],"picked":"Armaments","floor":23},{"not_picked":["True Grit","Barricade+1"],"picked":"Pommel Strike","floor":25},{"not_picked":["Havoc","Abandon"],"picked":"Anger","floor":30},{"not_picked":["Second Wind","Dual Wield","Run Through+1"],"picked":"SKIP","floor":31},{"not_picked":["Second Wind","Dual Wield","Run Through+1"],"picked":"SKIP","floor":31},{"not_picked":["Second Wind","Dual Wield","Run Through+1"],"picked":"SKIP","floor":31},{"not_picked":["Bludgeon","Double Tap"],"picked":"Immolate","floor":33},{"not_picked":["Replay:Undeath\u0027s Touch","Sword Boomerang+1"],"picked":"Fire Breathing+1","floor":35},{"not_picked":["ReplayTheSpireMod:Limb From Limb","Iron Wave"],"picked":"Cleave+1","floor":36},{"not_picked":["Burning Pact+1","Seeing Red+1"],"picked":"Shockwave+1","floor":37},{"not_picked":["Pummel","Replay:Undeath\u0027s Touch"],"picked":"Seeing Red","floor":40},{"not_picked":["Clash+1","Twin Strike"],"picked":"ReplayTheSpireMod:Muscle Training+1","floor":42},{"not_picked":["Wild Strike+1","Perfected Strike"],"picked":"Combust+1","floor":44},{"not_picked":["Shrug It Off","Burning Pact+1"],"picked":"Juggernaut+1","floor":48}],"player_experience":216756,"relics_obtained":[{"floor":4,"key":"Bronze Scales"},{"floor":6,"key":"Replay:Baseball"},{"floor":7,"key":"Pet Ghost"},{"floor":9,"key":"Lizard Tail"},{"floor":11,"key":"Regal Pillow"},{"floor":14,"key":"WingedGreaves"},{"floor":22,"key":"Nilry\u0027s Codex"},{"floor":23,"key":"Mummified Hand"},{"floor":26,"key":"Dream Catcher"},{"floor":32,"key":"Replay:Bottled Steam"},{"floor":38,"key":"Ring of Hypnosis"},{"floor":38,"key":"Ring of Fury"},{"floor":39,"key":"Torii"},{"floor":40,"key":"War Paint"},{"floor":43,"key":"White Beast Statue"},{"floor":49,"key":"Charon\u0027s Ashes"}],"event_choices":[{"damage_healed":0,"gold_gain":75,"player_choice":"Gather Gold","damage_taken":11,"max_hp_gain":0,"max_hp_loss":0,"event_name":"World of Goop","floor":2,"gold_loss":0},{"damage_healed":0,"gold_gain":0,"player_choice":"Obtained Book","damage_taken":16,"max_hp_gain":0,"max_hp_loss":0,"event_name":"Cursed Tome","floor":22,"gold_loss":0},{"damage_healed":0,"gold_gain":0,"player_choice":"Joined the Cult","damage_taken":6,"max_hp_gain":0,"max_hp_loss":0,"event_name":"Nest","floor":27,"gold_loss":0,"cards_obtained":["RitualDagger"]},{"damage_healed":0,"gold_gain":0,"player_choice":"Became a vampire","damage_taken":0,"max_hp_gain":0,"max_hp_loss":26,"event_name":"Vampires","floor":29,"gold_loss":0,"cards_obtained":["Bite","Bite","Bite","Bite","Bite"]},{"damage_healed":0,"gold_gain":0,"player_choice":"Fight","damage_taken":0,"max_hp_gain":0,"max_hp_loss":0,"event_name":"Mysterious Sphere","floor":39,"gold_loss":0},{"damage_healed":0,"gold_gain":0,"player_choice":"Ignored","damage_taken":0,"max_hp_gain":0,"max_hp_loss":0,"event_name":"SecretPortal","floor":47,"gold_loss":0}],"is_beta":false,"boss_relics":[{"not_picked":["Ectoplasm","Replay:Drink Me"],"picked":"Velvet Choker"},{"not_picked":["Coffee Dripper","Honey Jar"],"picked":"ChewingGum"}],"items_purged_floors":[10,45],"is_endless":false,"potions_floor_spawned":[1,3,6,19,21,33,37,42,48],"ascension_level":0}}