{"host":"ijf4uk0u2tt2bygg","time":1612717592,"event":{"mods":["2.2 Compatiblity","AchievementEnabler","BaseMod","BetterRewards","Block Reminder","Colored Map","Colored Powertips","Curses Come First","DeckTracker","Hermit","Highlight Path","Minty Spire (QoL Compilation)","Permanent Neow","Quick Restart","Relic Stats","StSLib","SuperFastMode","The Bug Knight","The Cursed","The Hierophant","The Necromancer","The Servant 0.9.4","Unknown Chances"],"gold_per_floor":[112,125,300,18,32,32,60,80,104,123,148,148,166,178,178,274,274,294,312,312,323,338,338,355,367,367,381,393,411,411,411],"floor_reached":30,"language":"ENG","playtime":7420,"items_purged":["Defend_B"],"score":252,"play_id":"101a7ce2-9251-4bcb-9602-e5dbc483db5b","local_time":"20210207190632","is_ascension_mode":false,"campfire_choices":[{"data":"Hello World","floor":6.0,"key":"SMITH"},{"floor":12.0,"key":"REST"},{"data":"Loop","floor":15.0,"key":"SMITH"},{"floor":23.0,"key":"REST"}],"circlet_count":0,"master_deck":["Strike_B","Strike_B","Strike_B","Defend_B","Defend_B","Defend_B","Zap","Dualcast","BootSequence","Hello World+1","Streamline","Capacitor","Stack","Coolheaded","Beam Cell+1","Electrodynamics","Doom and Gloom+1","Ball Lightning+1","Loop+1","Streamline+1","Go for the Eyes+1","Consume","Coolheaded+1","Barrage+1","Cold Snap+1","Cold Snap+1","Cold Snap+1"],"relics":["Cracked Core","ClockworkSouvenir","Regal Pillow","PreservedInsect","Molten Egg 2","Orichalcum","Pen Nib","Centennial Puzzle","Empty Cage","MutagenicStrength","Frozen Egg 2"],"acts_visited":["Exordium","TheCity"],"potions_floor_usage":[30,30],"damage_taken":[{"damage":4.0,"enemies":"Small Slimes","floor":1.0,"turns":4.0},{"damage":1.0,"enemies":"Jaw Worm","floor":2.0,"turns":3.0},{"damage":1.0,"enemies":"Cultist","floor":5.0,"turns":5.0},{"damage":2.0,"enemies":"3 Sentries","floor":7.0,"turns":4.0},{"damage":3.0,"enemies":"Looter","floor":8.0,"turns":3.0},{"damage":10.0,"enemies":"Exordium Thugs","floor":10.0,"turns":4.0},{"damage":10.0,"enemies":"Lagavulin","floor":11.0,"turns":4.0},{"damage":0.0,"enemies":"Large Slime","floor":13.0,"turns":4.0},{"damage":1.0,"enemies":"Red Slaver","floor":14.0,"turns":4.0},{"damage":15.0,"enemies":"Slime Boss","floor":16.0,"turns":8.0},{"damage":20.0,"enemies":"3 Byrds","floor":18.0,"turns":4.0},{"damage":12.0,"enemies":"Shell Parasite","floor":19.0,"turns":5.0},{"damage":27.0,"enemies":"Sentry and Sphere","floor":21.0,"turns":4.0},{"damage":9.0,"enemies":"Snake Plant","floor":22.0,"turns":5.0},{"damage":18.0,"enemies":"Shelled Parasite and Fungi","floor":24.0,"turns":5.0},{"damage":12.0,"enemies":"Centurion and Healer","floor":25.0,"turns":5.0},{"damage":11.0,"enemies":"Snake Plant","floor":27.0,"turns":3.0},{"damage":0.0,"enemies":"Cultist and Chosen","floor":28.0,"turns":4.0},{"damage":7.0,"enemies":"Centurion and Healer","floor":29.0,"turns":5.0},{"damage":17,"enemies":"Shelled Parasite and Fungi","floor":30,"turns":2}],"seed_played":"8880299967277783082","potions_obtained":[{"floor":1.0,"key":"FocusPotion"},{"floor":8.0,"key":"ColorlessPotion"},{"floor":10.0,"key":"LiquidMemories"},{"floor":11.0,"key":"ColorlessPotion"},{"floor":14.0,"key":"Strength Potion"},{"floor":19.0,"key":"BlessingOfTheForge"},{"floor":22.0,"key":"Explosive Potion"},{"floor":25.0,"key":"Dexterity Potion"},{"floor":27.0,"key":"Fruit Juice"}],"is_trial":false,"path_per_floor":["M","M","?","$","M","R","E","M","T","M","E","R","M","M","R","B",null,"M","M","?","M","M","R","M","M","T","M","M","M","M"],"character_chosen":"DEFECT","items_purchased":["ClockworkSouvenir","BootSequence","Regal Pillow","PreservedInsect","Hello World","Streamline","Block Potion","Fire Potion","Molten Egg 2","Coolheaded"],"campfire_rested":2,"item_purchase_floors":[0,0,0,0,0,0,0,0,4,4],"current_hp_per_floor":[47,46,46,46,45,45,43,40,40,30,20,57,57,56,56,41,75,55,43,43,16,7,44,26,14,14,3,8,1,0,0],"gold":411,"neow_bonus":"","is_daily":false,"chose_seed":false,"campfire_upgraded":2,"win_rate":0.0,"timestamp":1612717592,"path_taken":["M","M","?","$","M","R","E","M","T","M","E","R","M","M","R","BOSS","M","M","?","M","M","R","M","M","T","M","M","M","M"],"items_purchased_type":["Relic","Card","Relic","Relic","Card","Card","Potion","Potion","Relic","Card"],"build_version":"2020-12-22","purchased_purges":1,"victory":false,"max_hp_per_floor":[75,75,75,75,75,75,75,75,75,75,75,75,75,75,75,75,75,75,75,75,75,75,75,75,75,75,75,80,80,80,80],"relic_stats":{"Regal Pillow":30,"Centennial Puzzle":[30],"counters":[20,84],"PreservedInsect":58,"Pen Nib":[9],"Orichalcum":[174],"obtain_stats":[{"Regal Pillow":0,"Centennial Puzzle":11,"Busted Crown":0,"MutagenicStrength":20,"Molten Egg 2":4,"PreservedInsect":0,"Pen Nib":9,"Orichalcum":7,"Frozen Egg 2":26,"Cracked Core":0,"Empty Cage":17,"ClockworkSouvenir":0},{"Regal Pillow":0,"Centennial Puzzle":7,"Busted Crown":0,"MutagenicStrength":12,"Molten Egg 2":2,"PreservedInsect":0,"Pen Nib":5,"Orichalcum":4,"Frozen Egg 2":16,"Cracked Core":0,"Empty Cage":10,"ClockworkSouvenir":0},{"Regal Pillow":0,"Centennial Puzzle":27,"Busted Crown":0,"MutagenicStrength":51,"Molten Egg 2":7,"PreservedInsect":0,"Pen Nib":19,"Orichalcum":16,"Frozen Egg 2":70,"Cracked Core":0,"Empty Cage":42,"ClockworkSouvenir":0}]},"card_choices":[{"not_picked":["Go for the Eyes","Redo"],"picked":"Capacitor","floor":1.0},{"not_picked":["Go for the Eyes","Sweeping Beam"],"picked":"Stack","floor":2.0},{"not_picked":["Steam","Steam Power"],"picked":"Beam Cell+1","floor":5.0},{"not_picked":["Scrape+1","Steam Power"],"picked":"Electrodynamics","floor":7.0},{"not_picked":["Hello World","Hologram"],"picked":"Doom and Gloom+1","floor":8.0},{"not_picked":["Beam Cell+1","Conserve Battery"],"picked":"Ball Lightning+1","floor":10.0},{"not_picked":["Stack","Redo"],"picked":"Loop","floor":11.0},{"not_picked":["Go for the Eyes+1","Turbo"],"picked":"Streamline+1","floor":13.0},{"not_picked":["Genetic Algorithm","Undo"],"picked":"Go for the Eyes+1","floor":14.0},{"not_picked":["Conserve Battery+1","Double Energy+1"],"picked":"Consume","floor":18.0},{"not_picked":["Doom and Gloom+1","Stack+1"],"picked":"Coolheaded+1","floor":19.0},{"not_picked":["Sunder+1","Auto Shields+1"],"picked":"Barrage+1","floor":21.0},{"not_picked":["Streamline+1","Double Energy","Go for the Eyes+1"],"picked":"SKIP","floor":22.0},{"not_picked":["Gash+1","Sunder+1"],"picked":"Cold Snap+1","floor":24.0},{"not_picked":["Ball Lightning+1","Barrage+1"],"picked":"Cold Snap+1","floor":25.0},{"not_picked":["Static Discharge+1","Coolheaded","Go for the Eyes+1"],"picked":"SKIP","floor":27.0},{"not_picked":["Reinforced Body","Gash+1","Reboot"],"picked":"SKIP","floor":28.0},{"not_picked":["Go for the Eyes+1","Redo+1"],"picked":"Cold Snap+1","floor":29.0}],"player_experience":26710,"relics_obtained":[{"floor":7.0,"key":"Orichalcum"},{"floor":9.0,"key":"Pen Nib"},{"floor":11.0,"key":"Centennial Puzzle"},{"floor":26.0,"key":"Frozen Egg 2"}],"event_choices":[{"damage_healed":0.0,"max_hp_gain":0.0,"max_hp_loss":0.0,"gold_gain":175.0,"event_name":"Liars Game","player_choice":"AGREE","floor":3.0,"gold_loss":0.0,"damage_taken":0.0,"cards_obtained":["Doubt"]},{"damage_healed":0.0,"max_hp_gain":0.0,"max_hp_loss":0.0,"gold_gain":0.0,"event_name":"Drug Dealer","player_choice":"Inject Mutagens","floor":20.0,"gold_loss":0.0,"damage_taken":0.0,"relics_obtained":["MutagenicStrength"]}],"is_beta":false,"boss_relics":[{"not_picked":["FrozenCore","Tiny House"],"picked":"Empty Cage"}],"items_purged_floors":[0],"is_endless":false,"potions_floor_spawned":[1,8,10,11,14,19,22,25,27],"killed_by":"Shelled Parasite and Fungi","ascension_level":0}}