{"host":"j4g6ia6asvpyu2b0","time":1612726784,"event":{"mods":["BaseMod","Colored Map","Minty Spire (QoL Compilation)","Permanent Neow","Quick Restart","Relic Stats","StSLib","Unceasing Turn Reminder"],"gold_per_floor":[113,133,143,158,158,158,170,202,251,282,282,307,330,357,369,486,498,530,558,583,614,646,658,699,711,723,748,776,813,825,863,875,991,1003,1025,1049,1061,1092,720,736,767,817,817,829,1181,1204,922,956,956,956,956,956,152,179,179,179],"floor_reached":55,"language":"ENG","playtime":2474,"items_purged":["Strike_G","Strike_G","Strike_G"],"score":985,"play_id":"3f31dc60-47f9-45af-8f5e-0dc4a2cba9cf","local_time":"20210207123944","is_ascension_mode":true,"campfire_choices":[{"data":"Apotheosis","floor":6,"key":"SMITH"},{"floor":11,"key":"RECALL"},{"data":"Footwork","floor":15,"key":"SMITH"},{"floor":23,"key":"REST"},{"data":"Burst","floor":25,"key":"SMITH"},{"data":"Crippling Poison","floor":30,"key":"SMITH"},{"data":"Infinite Blades","floor":32,"key":"SMITH"},{"data":"Crippling Poison","floor":49,"key":"SMITH"},{"data":"Caltrops","floor":52,"key":"SMITH"}],"circlet_count":0,"master_deck":["Strike_G","Strike_G","Defend_G","Defend_G","Defend_G","Defend_G","Defend_G","Survivor","Neutralize","Crippling Poison+1","Dagger Throw","Backflip","Apotheosis+1","Bouncing Flask","After Image","Backflip","Leg Sweep","Footwork+1","Envenom","Burst+1","Bouncing Flask","Dash","Deadly Poison","Infinite Blades+1","Skewer+1","Quick Slash","Sucker Punch+1","Bouncing Flask","Flying Knee","Envenom","Dodge and Roll+1","Bane","Infinite Blades","Caltrops+1","Crippling Poison+1","Deadly Poison","Heel Hook+1","Blade Dance","Prepared+1","Flying Knee","Caltrops","Expertise","Footwork","Burst","PiercingWail","Magnetism","Dramatic Entrance","Bane","Flechettes"],"relics":["Philosopher\u0027s Stone","Bronze Scales","Bottled Tornado","MawBank","Busted Crown","Orichalcum","HornCleat","Bag of Preparation","MealTicket","Coffee Dripper","Happy Flower","Regal Pillow","Unceasing Top","Meat on the Bone","Old Coin","Anchor","Sling","Paper Crane","Membership Card","Calipers","Boot","Ninja Scroll"],"acts_visited":["Exordium","TheCity","TheBeyond","TheEnding"],"potions_floor_usage":[8,12,29,36,38,44,45,48,50,55,55],"damage_taken":[{"damage":0,"enemies":"2 Louse","floor":1,"turns":3},{"damage":0,"enemies":"Cultist","floor":2,"turns":3},{"damage":0,"enemies":"Jaw Worm","floor":3,"turns":3},{"damage":5,"enemies":"Blue Slaver","floor":4,"turns":4},{"damage":0,"enemies":"2 Fungi Beasts","floor":7,"turns":4},{"damage":17,"enemies":"3 Sentries","floor":8,"turns":9},{"damage":2,"enemies":"Lagavulin","floor":10,"turns":5},{"damage":8,"enemies":"3 Sentries","floor":12,"turns":6},{"damage":12,"enemies":"3 Louse","floor":13,"turns":3},{"damage":0,"enemies":"Blue Slaver","floor":14,"turns":4},{"damage":0,"enemies":"The Guardian","floor":16,"turns":9},{"damage":0,"enemies":"Shell Parasite","floor":18,"turns":5},{"damage":1,"enemies":"3 Byrds","floor":19,"turns":4},{"damage":6,"enemies":"Shelled Parasite and Fungi","floor":20,"turns":6},{"damage":16,"enemies":"Sentry and Sphere","floor":21,"turns":5},{"damage":0,"enemies":"Snecko","floor":22,"turns":4},{"damage":9,"enemies":"Book of Stabbing","floor":24,"turns":5},{"damage":7,"enemies":"Centurion and Healer","floor":27,"turns":6},{"damage":0,"enemies":"3 Cultists","floor":28,"turns":5},{"damage":2,"enemies":"Gremlin Leader","floor":29,"turns":7},{"damage":7,"enemies":"Book of Stabbing","floor":31,"turns":5},{"damage":10,"enemies":"Automaton","floor":33,"turns":8},{"damage":0,"enemies":"Orb Walker","floor":35,"turns":3},{"damage":0,"enemies":"3 Shapes","floor":36,"turns":4},{"damage":0,"enemies":"Transient","floor":38,"turns":5},{"damage":1,"enemies":"Sphere and 2 Shapes","floor":40,"turns":4},{"damage":21,"enemies":"Nemesis","floor":41,"turns":6},{"damage":0,"enemies":"Mind Bloom Boss Battle","floor":42,"turns":7},{"damage":12,"enemies":"Maw","floor":44,"turns":6},{"damage":0,"enemies":"2 Orb Walkers","floor":45,"turns":4},{"damage":20,"enemies":"Giant Head","floor":48,"turns":6},{"damage":20,"enemies":"Time Eater","floor":50,"turns":12},{"damage":35,"enemies":"Shield and Spear","floor":54,"turns":7},{"damage":52,"enemies":"The Heart","floor":55,"turns":6}],"seed_played":"4118758754876332852","potions_obtained":[{"floor":1,"key":"DuplicationPotion"},{"floor":2,"key":"SpeedPotion"},{"floor":4,"key":"Block Potion"},{"floor":10,"key":"CunningPotion"},{"floor":18,"key":"SpeedPotion"},{"floor":21,"key":"Swift Potion"},{"floor":24,"key":"GhostInAJar"},{"floor":33,"key":"Fire Potion"},{"floor":40,"key":"Energy Potion"},{"floor":44,"key":"Block Potion"},{"floor":45,"key":"SpeedPotion"}],"is_trial":false,"path_per_floor":["M","M","M","M","?","R","M","E","T","E","R","E","M","M","R","B",null,"M","M","M","M","M","R","E","R","T","M","M","E","R","E","R","B",null,"M","M","$","M","$","M","E","?","T","M","?","T","$","E","R","B",null,"R","$","E","B"],"character_chosen":"THE_SILENT","items_purchased":["Happy Flower","Caltrops","Crippling Poison","SkillPotion","Sling","Caltrops","Membership Card","Footwork","Calipers","Burst","PiercingWail","Magnetism","Boot","Strength Potion","FearPotion","Dramatic Entrance","Bane","Flechettes"],"campfire_rested":1,"item_purchase_floors":[39,39,39,39,47,47,53,53,53,53,53,53,53,53,53,53,53,53],"current_hp_per_floor":[70,70,70,65,65,65,65,48,48,46,46,38,26,26,26,26,70,70,69,63,47,47,68,59,59,59,52,52,50,50,43,43,33,70,70,70,70,70,70,69,48,48,48,36,36,36,51,43,43,35,70,70,70,47,0,0],"gold":179,"neow_bonus":"BOSS_RELIC","is_daily":false,"chose_seed":false,"campfire_upgraded":7,"win_rate":0.0,"timestamp":1612726784,"path_taken":["M","M","M","M","?","R","M","E","T","E","R","E","M","M","R","BOSS","M","?","M","M","M","R","E","R","T","M","M","E","R","E","R","BOSS","M","M","$","M","$","M","E","?","T","M","?","?","?","E","R","BOSS","R","$","E","BOSS"],"items_purchased_type":["Relic","Card","Card","Potion","Relic","Card","Relic","Card","Relic","Card","Card","Card","Relic","Potion","Potion","Card","Card","Card"],"build_version":"2020-12-22","purchased_purges":3,"victory":false,"max_hp_per_floor":[70,70,70,70,70,70,70,70,70,70,70,70,70,70,70,70,70,70,70,70,70,70,70,70,70,70,70,70,70,70,70,70,70,70,70,70,70,70,70,70,70,70,70,70,70,70,70,70,70,70,70,70,70,70,70,70],"relic_stats":{"Regal Pillow":0,"Happy Flower":[19],"counters":[34,183],"Bag of Preparation":[28],"Orichalcum":[12],"MawBank":324,"Boot":[13],"Busted Crown":42,"Bronze Scales":[547],"MealTicket":15,"obtain_stats":[{"Regal Pillow":41,"Calipers":53,"Happy Flower":39,"Bag of Preparation":29,"Bottled Tornado":10,"Orichalcum":24,"Paper Crane":48,"MawBank":12,"Sling":47,"Boot":53,"Old Coin":45,"Anchor":46,"Busted Crown":17,"HornCleat":26,"Ninja Scroll":54,"Bronze Scales":8,"Philosopher\u0027s Stone":0,"MealTicket":31,"Coffee Dripper":34,"Membership Card":53,"Unceasing Top":42,"Ring of the Snake":0,"Meat on the Bone":43},{"Regal Pillow":27,"Calipers":32,"Happy Flower":25,"Bag of Preparation":20,"Bottled Tornado":7,"Orichalcum":17,"Paper Crane":31,"MawBank":8,"Sling":30,"Boot":32,"Old Coin":30,"Anchor":30,"Busted Crown":11,"HornCleat":17,"Ninja Scroll":33,"Bronze Scales":6,"Philosopher\u0027s Stone":0,"MealTicket":21,"Coffee Dripper":22,"Membership Card":32,"Unceasing Top":28,"Ring of the Snake":0,"Meat on the Bone":28},{"Regal Pillow":135,"Calipers":170,"Happy Flower":125,"Bag of Preparation":100,"Bottled Tornado":31,"Orichalcum":82,"Paper Crane":158,"MawBank":37,"Sling":152,"Boot":170,"Old Coin":152,"Anchor":152,"Busted Crown":53,"HornCleat":82,"Ninja Scroll":177,"Bronze Scales":26,"Philosopher\u0027s Stone":0,"MealTicket":105,"Coffee Dripper":113,"Membership Card":170,"Unceasing Top":142,"Ring of the Snake":0,"Meat on the Bone":142}],"Unceasing Top":[19],"Meat on the Bone":36},"card_choices":[{"not_picked":["Riddle With Holes","Flying Knee"],"picked":"Terror","floor":1},{"not_picked":["Masterful Stab","Dagger Throw"],"picked":"Crippling Poison","floor":2},{"not_picked":["Escape Plan","Outmaneuver"],"picked":"Dagger Throw","floor":3},{"not_picked":["Prepared","Deadly Poison"],"picked":"Backflip","floor":4},{"not_picked":["Outmaneuver","Flying Knee"],"picked":"Bouncing Flask","floor":7},{"not_picked":["Poisoned Stab","Acrobatics"],"picked":"After Image","floor":8},{"not_picked":["Escape Plan","Expertise"],"picked":"Backflip","floor":10},{"not_picked":["Dagger Spray","Backstab"],"picked":"Leg Sweep","floor":12},{"not_picked":["Choke","Deflect"],"picked":"Footwork","floor":13},{"not_picked":["Dagger Throw","Footwork"],"picked":"Envenom","floor":14},{"not_picked":["Venomology","Grand Finale"],"picked":"Burst","floor":16},{"not_picked":[],"picked":"Bouncing Flask","floor":18},{"not_picked":[],"picked":"Dash","floor":19},{"not_picked":[],"picked":"Deadly Poison","floor":20},{"not_picked":[],"picked":"Infinite Blades","floor":21},{"not_picked":[],"picked":"Skewer+1","floor":22},{"not_picked":["Setup+1"],"picked":"SKIP","floor":24},{"not_picked":[],"picked":"Quick Slash","floor":27},{"not_picked":[],"picked":"Sucker Punch+1","floor":28},{"not_picked":[],"picked":"Bouncing Flask","floor":29},{"not_picked":[],"picked":"Flying Knee","floor":31},{"not_picked":[],"picked":"Envenom","floor":33},{"not_picked":[],"picked":"Dodge and Roll+1","floor":35},{"not_picked":[],"picked":"Bane","floor":36},{"not_picked":[],"picked":"Infinite Blades","floor":38},{"not_picked":[],"picked":"Deadly Poison","floor":40},{"not_picked":[],"picked":"Heel Hook+1","floor":41},{"not_picked":[],"picked":"Blade Dance","floor":42},{"not_picked":[],"picked":"Prepared+1","floor":44},{"not_picked":[],"picked":"Flying Knee","floor":45},{"not_picked":[],"picked":"Expertise","floor":48},{"not_picked":["Dagger Throw+1"],"picked":"SKIP","floor":54}],"player_experience":1171290,"relics_obtained":[{"floor":8,"key":"Bronze Scales"},{"floor":10,"key":"Bottled Tornado"},{"floor":12,"key":"MawBank"},{"floor":24,"key":"Orichalcum"},{"floor":26,"key":"HornCleat"},{"floor":29,"key":"Bag of Preparation"},{"floor":31,"key":"MealTicket"},{"floor":41,"key":"Regal Pillow"},{"floor":42,"key":"Unceasing Top"},{"floor":43,"key":"Meat on the Bone"},{"floor":45,"key":"Old Coin"},{"floor":46,"key":"Anchor"},{"floor":48,"key":"Paper Crane"},{"floor":54,"key":"Ninja Scroll"}],"event_choices":[{"cards_removed":["Terror"],"damage_healed":0,"gold_gain":0,"player_choice":"Took Card","damage_taken":0,"max_hp_gain":0,"max_hp_loss":0,"event_name":"NoteForYourself","floor":5,"gold_loss":0,"cards_obtained":["Apotheosis"]},{"damage_healed":0,"gold_gain":0,"player_choice":"Fight","damage_taken":0,"max_hp_gain":0,"max_hp_loss":0,"event_name":"MindBloom","floor":42,"gold_loss":0},{"damage_healed":0,"gold_gain":0,"player_choice":"Fight","damage_taken":0,"max_hp_gain":0,"max_hp_loss":0,"event_name":"Mysterious Sphere","floor":45,"gold_loss":0}],"is_beta":false,"boss_relics":[{"not_picked":["SlaversCollar","Cursed Key"],"picked":"Busted Crown"},{"not_picked":["Runic Dome","HoveringKite"],"picked":"Coffee Dripper"}],"items_purged_floors":[39,47,53],"is_endless":false,"potions_floor_spawned":[1,2,4,10,18,21,24,33,40,41,44,45],"killed_by":"The Heart","ascension_level":3}}