{"host":"h4lp0eeso8a0ssq0","time":1612734546,"event":{"mods":["2.2 Compatiblity","AchievementEnabler","BaseMod","CapriCore","Colored Map","Minty Spire (QoL Compilation)","StSLib","SuperFastMode"],"gold_per_floor":[112,126,126,144,144,170,170,170,170,182,198,233,250,263,263,363,363,332,345,224,235,235,235,265,265,313,330,330,343,442,459,459,560,560,575,591,591,591],"floor_reached":37,"language":"KOR","playtime":1568,"items_purged":[],"score":405,"play_id":"3c44153d-0849-41cb-aadf-2c5954988cc4","local_time":"20210208064906","is_ascension_mode":false,"campfire_choices":[{"data":"Redo","floor":8,"key":"SMITH"},{"data":"Hologram","floor":15,"key":"SMITH"},{"data":"Coolheaded","floor":23,"key":"SMITH"},{"data":"Double Energy","floor":25,"key":"SMITH"},{"data":"Hologram","floor":28,"key":"SMITH"},{"data":"FTL","floor":32,"key":"SMITH"}],"circlet_count":0,"master_deck":["Defend_B","Defend_B","Defend_B","Zap","Dualcast+1","Redo+1","Hologram+1","Chill","Undo","Coolheaded+1","Cold Snap","Hologram+1","Cold Snap","Multi-Cast","White Noise+1","Cold Snap+1","Turbo+1","Gash","Scrape","Ball Lightning+1","Double Energy+1","Coolheaded+1","FTL+1","All For One","Skim+1"],"relics":["Cracked Core","Symbiotic Virus","DataDisk","Eternal Feather","Astrolabe","Anchor","Tiny Chest","Runic Pyramid"],"acts_visited":["Exordium","TheCity","TheBeyond"],"potions_floor_usage":[6,16,33],"damage_taken":[{"damage":8,"enemies":"Jaw Worm","floor":1,"turns":3},{"damage":6,"enemies":"2 Louse","floor":2,"turns":3},{"damage":0,"enemies":"Cultist","floor":4,"turns":3},{"damage":27,"enemies":"Gremlin Nob","floor":6,"turns":5},{"damage":0,"enemies":"Blue Slaver","floor":10,"turns":3},{"damage":0,"enemies":"Large Slime","floor":11,"turns":3},{"damage":8,"enemies":"Lagavulin","floor":12,"turns":6},{"damage":0,"enemies":"2 Fungi Beasts","floor":13,"turns":2},{"damage":1,"enemies":"Blue Slaver","floor":14,"turns":3},{"damage":21,"enemies":"Hexaghost","floor":16,"turns":12},{"damage":9,"enemies":"2 Thieves","floor":18,"turns":5},{"damage":0,"enemies":"Chosen","floor":19,"turns":3},{"damage":5,"enemies":"Centurion and Healer","floor":21,"turns":8},{"damage":13,"enemies":"Book of Stabbing","floor":24,"turns":4},{"damage":13,"enemies":"Snake Plant","floor":27,"turns":4},{"damage":0,"enemies":"Shelled Parasite and Fungi","floor":29,"turns":7},{"damage":13,"enemies":"3 Cultists","floor":31,"turns":7},{"damage":61,"enemies":"Automaton","floor":33,"turns":15},{"damage":0,"enemies":"Orb Walker","floor":35,"turns":4},{"damage":9,"enemies":"3 Shapes","floor":36,"turns":5}],"seed_played":"-1061679818440224150","potions_obtained":[{"floor":1,"key":"EssenceOfSteel"},{"floor":10,"key":"AttackPotion"},{"floor":11,"key":"Swift Potion"},{"floor":13,"key":"DuplicationPotion"},{"floor":16,"key":"Swift Potion"},{"floor":35,"key":"Fire Potion"}],"is_trial":false,"path_per_floor":["M","M","?","M","?","E","?","R","T","M","M","E","M","M","R","B",null,"M","M","$","M","?","R","E","R","T","M","R","M","?","M","R","B",null,"M","M","$"],"character_chosen":"DEFECT","items_purchased":["Gash","Scrape"],"campfire_rested":0,"item_purchase_floors":[20,20],"current_hp_per_floor":[74,68,68,68,61,34,34,34,34,34,34,26,26,25,34,13,82,73,73,73,68,68,80,67,79,79,66,78,78,78,65,77,16,82,82,73,73,73],"gold":591,"neow_bonus":"TEN_PERCENT_HP_BONUS","is_daily":false,"chose_seed":false,"campfire_upgraded":6,"win_rate":0.0,"timestamp":1612734546,"path_taken":["M","M","?","M","?","E","?","R","T","M","?","E","M","M","R","BOSS","M","M","$","M","?","R","E","R","T","M","R","M","?","M","R","BOSS","M","M","$"],"items_purchased_type":["Card","Card"],"build_version":"2020-12-22","purchased_purges":0,"victory":false,"max_hp_per_floor":[82,82,82,82,82,82,82,82,82,82,82,82,82,82,82,82,82,82,82,82,82,82,82,82,82,82,82,82,82,82,82,82,82,82,82,82,82,82],"card_choices":[{"not_picked":["BootSequence","Sweeping Beam"],"picked":"Redo","floor":1},{"not_picked":["Rebound","Conserve Battery"],"picked":"Hologram","floor":2},{"not_picked":["Rebound","Fusion","Recycle"],"picked":"SKIP","floor":4},{"not_picked":["Rebound","Rainbow"],"picked":"Undo","floor":6},{"not_picked":["Conserve Battery","Defragment"],"picked":"Coolheaded","floor":10},{"not_picked":["Redo","Barrage"],"picked":"Cold Snap","floor":11},{"not_picked":["Undo","Go for the Eyes"],"picked":"Hologram","floor":12},{"not_picked":["Leap","Gash","Go for the Eyes"],"picked":"SKIP","floor":13},{"not_picked":["Sunder","Stack"],"picked":"Cold Snap","floor":14},{"not_picked":["Rainbow","Biased Cognition"],"picked":"Multi-Cast","floor":16},{"not_picked":["Heatsinks","Gash","Leap"],"picked":"SKIP","floor":18},{"not_picked":["Leap+1","Turbo","Conserve Battery"],"picked":"SKIP","floor":19},{"not_picked":["Recycle+1","Skim+1"],"picked":"Ball Lightning+1","floor":21},{"not_picked":["Thunder Strike","Rebound"],"picked":"Double Energy","floor":24},{"not_picked":["Conserve Battery","Stack"],"picked":"Coolheaded+1","floor":27},{"not_picked":["Barrage","Beam Cell"],"picked":"FTL","floor":29},{"not_picked":["Fusion","Storm+1","Steam"],"picked":"SKIP","floor":31},{"not_picked":["Multi-Cast","Meteor Strike"],"picked":"All For One","floor":33},{"not_picked":["Force Field","Fusion","Recycle"],"picked":"SKIP","floor":35},{"not_picked":["Reinforced Body","Barrage"],"picked":"Skim+1","floor":36}],"player_experience":181563,"relics_obtained":[{"floor":6,"key":"Symbiotic Virus"},{"floor":9,"key":"DataDisk"},{"floor":12,"key":"Eternal Feather"},{"floor":24,"key":"Anchor"},{"floor":26,"key":"Tiny Chest"}],"event_choices":[{"damage_healed":0,"gold_gain":0,"cards_transformed":["Strike_B"],"player_choice":"Change","damage_taken":0,"max_hp_gain":0,"max_hp_loss":0,"event_name":"Living Wall","floor":3,"gold_loss":0,"cards_obtained":["Chill"]},{"cards_removed":["Strike_B"],"damage_healed":0,"gold_gain":0,"player_choice":"Card Removal","damage_taken":7,"max_hp_gain":0,"max_hp_loss":0,"event_name":"Golden Wing","floor":5,"gold_loss":0},{"damage_healed":0,"gold_gain":0,"player_choice":"Forge","damage_taken":0,"max_hp_gain":0,"max_hp_loss":0,"event_name":"Accursed Blacksmith","floor":7,"gold_loss":0,"cards_upgraded":["Dualcast"]},{"damage_healed":0,"gold_gain":0,"player_choice":"Ignored","damage_taken":0,"max_hp_gain":0,"max_hp_loss":0,"event_name":"Ghosts","floor":22,"gold_loss":0},{"damage_healed":0,"gold_gain":99,"player_choice":"Stole From Cult","damage_taken":0,"max_hp_gain":0,"max_hp_loss":0,"event_name":"Nest","floor":30,"gold_loss":0}],"is_beta":false,"boss_relics":[{"not_picked":["Pandora\u0027s Box","SacredBark"],"picked":"Astrolabe"},{"not_picked":["Nuclear Battery","Black Star"],"picked":"Runic Pyramid"}],"items_purged_floors":[],"is_endless":false,"potions_floor_spawned":[1,10,11,13,16,21,24,31,35],"ascension_level":0}}