{"host":"s2jwg59yskzk2eda","time":1612713206,"event":{"mods":["BaseMod","Better Note","Block Reminder","Colored Map","Colored Powertips","Dark Map","Downfall","Fox Events","Minty Spire (QoL Compilation)","Relic Sorter","Reliquary","Spire Arcade","StSLib"],"gold_per_floor":[99,111,130,130,145,170,219,236,236,249,274,274,288,304,324,324,324,324],"floor_reached":16,"language":"ENG","playtime":830,"items_purged":[],"score":133,"play_id":"4e9f3eb4-410f-424b-8e93-9de7ff8e50e2","local_time":"20210207165326","is_ascension_mode":true,"campfire_choices":[{"data":"Guardian:TwinSlam","floor":1.0,"key":"SMITH"},{"data":"Guardian:MultiBeam","floor":9,"key":"SMITH"},{"data":"Guardian:Reroute","floor":12,"key":"SMITH"}],"circlet_count":0,"master_deck":["Guardian:Strike_Guardian","Guardian:Strike_Guardian","Guardian:Strike_Guardian","Guardian:Strike_Guardian","Guardian:Defend_Guardian","Guardian:Defend_Guardian","Guardian:Defend_Guardian","Guardian:Defend_Guardian","Guardian:CurlUp","Guardian:TwinSlam+1","CurseOfTheBell","Guardian:Reroute+1","Guardian:BronzeOrb","Guardian:TemporalStrike","Guardian:MultiBeam+1","Guardian:Planning","Guardian:Preprogram","Guardian:Reroute","Guardian:TemporalStrike"],"relics":["Calling Bell","Omamori","Pear","Bird Faced Urn","Guardian:DefensiveModeMoreBlock","MealTicket","Guardian:PickAxe"],"acts_visited":["Exordium"],"potions_floor_usage":[],"damage_taken":[{"damage":1.0,"enemies":"Cultist","floor":2.0,"turns":3.0},{"damage":0.0,"enemies":"2 Louse","floor":3.0,"turns":2.0},{"damage":2,"enemies":"Small Slimes","floor":5,"turns":3},{"damage":15,"enemies":"Gremlin Nob","floor":6,"turns":4},{"damage":5,"enemies":"2 Fungi Beasts","floor":8,"turns":3},{"damage":0,"enemies":"Blue Slaver","floor":10,"turns":3},{"damage":15,"enemies":"3 Sentries","floor":11,"turns":6},{"damage":17,"enemies":"Exordium Thugs","floor":13,"turns":4},{"damage":6,"enemies":"3 Louse","floor":14,"turns":3},{"damage":8,"enemies":"Blue Slaver","floor":15,"turns":3},{"damage":22,"enemies":"IC_STATUS_ARCHETYPE","floor":16,"turns":8}],"seed_played":"-747484956851370898","potions_obtained":[{"floor":2.0,"key":"SkillPotion"},{"floor":3.0,"key":"Energy Potion"},{"floor":11,"key":"Weak Potion"}],"is_trial":false,"path_per_floor":["R","M","M","?","M","E","T","M","R","M","E","R","M","M","M","B"],"character_chosen":"GUARDIAN","items_purchased":[],"campfire_rested":0,"item_purchase_floors":[],"current_hp_per_floor":[90,89,89,89,87,72,72,67,67,67,52,52,35,29,21,0,0,0],"gold":324,"neow_bonus":"BOSS_RELIC","is_daily":false,"chose_seed":false,"campfire_upgraded":3,"win_rate":0.0,"timestamp":1612713206,"path_taken":["R","M","M","?","?","E","T","M","R","M","E","R","M","M","M","BOSS"],"items_purchased_type":[],"build_version":"2020-12-22","purchased_purges":0,"victory":false,"max_hp_per_floor":[90,90,90,90,90,90,90,90,90,90,90,90,90,90,90,90,90,90],"card_choices":[{"not_picked":["Guardian:Recover","Guardian:Repulse"],"picked":"Guardian:Reroute","floor":2.0},{"not_picked":["Guardian:PrismaticBeam","Guardian:TemporalShield"],"picked":"Guardian:BronzeOrb","floor":3.0},{"not_picked":["Guardian:Gem_Green","Guardian:RefractedBeam"],"picked":"Guardian:TemporalStrike","floor":5},{"not_picked":["Guardian:CrystalBeam","Guardian:ShieldCharger"],"picked":"Guardian:MultiBeam","floor":6},{"not_picked":["Guardian:Gem_Cyan","Guardian:ChargeCore"],"picked":"Guardian:Planning","floor":8},{"not_picked":["Guardian:StasisEngine","Guardian:RollAttack"],"picked":"Guardian:Preprogram","floor":10},{"not_picked":["Guardian:RollAttack","Guardian:PrismaticBeam","Guardian:Gem_Blue"],"picked":"SKIP","floor":11},{"not_picked":["Guardian:ShieldCharger","Guardian:Gem_Blue"],"picked":"Guardian:Reroute","floor":13},{"not_picked":["Guardian:VentSteam","Guardian:ShieldCharger"],"picked":"Guardian:TemporalStrike","floor":14},{"not_picked":["Guardian:Planning","Guardian:SpikerProtocol","Guardian:PrismaticBeam"],"picked":"SKIP","floor":15}],"player_experience":800801,"relics_obtained":[{"floor":0.0,"key":"Omamori"},{"floor":0.0,"key":"Pear"},{"floor":0.0,"key":"Bird Faced Urn"},{"floor":6,"key":"Guardian:DefensiveModeMoreBlock"},{"floor":7,"key":"MealTicket"},{"floor":11,"key":"Guardian:PickAxe"}],"event_choices":[],"is_beta":false,"boss_relics":[],"items_purged_floors":[],"is_endless":false,"potions_floor_spawned":[2,3,11,15],"killed_by":"IC_STATUS_ARCHETYPE","ascension_level":3}}