{"host":"ynimr9ugvc6f046i","time":1612709728,"event":{"mods":["2.2 Compatiblity","BaseMod","Colored Map","DeckTracker","Highlight Path","Keyboard Shortcuts","Minty Spire (QoL Compilation)","Permanent Neow","Quick Restart","StSLib","SuperFastMode"],"gold_per_floor":[117,117,133,133,149,149,163,191,243,168,168,180,180,198,198,273,273,289,189,189,208,225,253,178,178,178,178,178,209,220,246,246,317,317,336,211,211,231,231,231,231],"floor_reached":40,"language":"KOR","playtime":926,"items_purged":["Defend_P","SignatureMove","Brilliance+1"],"score":888,"play_id":"789167c3-d153-44ea-8f37-12d689b2499a","local_time":"20210207235528","is_ascension_mode":true,"campfire_choices":[{"data":"Eruption","floor":6.0,"key":"SMITH"},{"floor":11.0,"key":"REST"},{"data":"TalkToTheHand","floor":13.0,"key":"SMITH"},{"floor":15.0,"key":"REST"},{"data":"Scrawl","floor":25,"key":"SMITH"},{"floor":27,"key":"REST"},{"floor":32,"key":"REST"}],"circlet_count":0,"master_deck":["AscendersBane","Eruption+1","Vigilance+1","TalkToTheHand+1","InnerPeace+1","WheelKick+1","LessonLearned+1","Scrawl+1","Scrawl+1","DeusExMachina+1"],"relics":["Sozu","Singing Bowl","Regal Pillow","Pandora\u0027s Box","Bag of Marbles","Whetstone","WingedGreaves","Pen Nib","Empty Cage"],"acts_visited":["Exordium","TheCity","TheBeyond"],"potions_floor_usage":[],"damage_taken":[{"damage":0.0,"enemies":"2 Louse","floor":1.0,"turns":3.0},{"damage":6.0,"enemies":"Small Slimes","floor":3.0,"turns":3.0},{"damage":0.0,"enemies":"Jaw Worm","floor":5.0,"turns":3.0},{"damage":3.0,"enemies":"Blue Slaver","floor":7.0,"turns":3.0},{"damage":24.0,"enemies":"3 Sentries","floor":8.0,"turns":8.0},{"damage":0.0,"enemies":"2 Fungi Beasts","floor":12.0,"turns":3.0},{"damage":0.0,"enemies":"Looter","floor":14.0,"turns":1.0},{"damage":31.0,"enemies":"Slime Boss","floor":16.0,"turns":10.0},{"damage":0.0,"enemies":"Chosen","floor":18.0,"turns":2.0},{"damage":0,"enemies":"Spheric Guardian","floor":21,"turns":2},{"damage":0,"enemies":"Cultist and Chosen","floor":22,"turns":3},{"damage":37,"enemies":"Gremlin Leader","floor":23,"turns":5},{"damage":14,"enemies":"Book of Stabbing","floor":29,"turns":2},{"damage":0,"enemies":"3 Cultists","floor":30,"turns":3},{"damage":35,"enemies":"Slavers","floor":31,"turns":3},{"damage":16,"enemies":"Collector","floor":33,"turns":5},{"damage":0,"enemies":"Orb Walker","floor":35,"turns":2},{"damage":9,"enemies":"3 Shapes","floor":38,"turns":3},{"damage":31,"enemies":"Giant Head","floor":40,"turns":5}],"seed_played":"-3514336102768067508","potions_obtained":[],"is_trial":false,"path_per_floor":["M","?","M","?","M","R","M","E","T","$","R","M","R","M","R","B",null,"M","$","?","M","M","E","?","R","T","R","?","E","M","E","R","B",null,"M","$","?","M","?","E"],"character_chosen":"WATCHER","items_purchased":[],"campfire_rested":4,"item_purchase_floors":[],"current_hp_per_floor":[61,54,48,28,28,28,25,3,3,3,39,39,39,41,72,41,64,66,66,66,68,68,33,33,33,33,71,71,57,59,26,65,49,74,76,76,76,69,69,38,38],"gold":231,"neow_bonus":"BOSS_RELIC","is_daily":false,"chose_seed":false,"campfire_upgraded":3,"win_rate":0.0,"timestamp":1612709728,"path_taken":["M","?","M","?","M","R","M","E","T","$","R","M","R","M","R","BOSS","M","$","?","M","M","E","?","R","T","R","?","E","M","E","R","BOSS","M","$","?","M","?","E"],"items_purchased_type":[],"build_version":"2020-12-22","purchased_purges":3,"victory":false,"max_hp_per_floor":[68,68,68,68,68,68,68,70,70,70,70,70,70,72,72,72,72,74,74,74,76,76,78,78,78,78,78,78,78,80,82,82,82,82,84,84,80,82,82,82,82],"card_choices":[{"not_picked":["Halt","EmptyBody","Prostrate"],"picked":"SKIP","floor":1.0},{"not_picked":["Sanctity","WreathOfFlame"],"picked":"EmptyFist","floor":3.0},{"not_picked":["DeusExMachina","Collect","Crescendo"],"picked":"SKIP","floor":5.0},{"not_picked":["Halt","EmptyFist","FlyingSleeves"],"picked":"SKIP","floor":7.0},{"not_picked":["Halt","FollowUp","JustLucky"],"picked":"Singing Bowl","floor":8.0},{"not_picked":["EmptyFist","Worship"],"picked":"TalkToTheHand","floor":12.0},{"not_picked":["Sanctity","Crescendo","Wireheading"],"picked":"Singing Bowl","floor":14.0},{"not_picked":["SpiritShield","Wish"],"picked":"Scrawl","floor":16.0},{"not_picked":["ThirdEye","FollowUp","Protect"],"picked":"Singing Bowl","floor":18.0},{"not_picked":["CutThroughFate","Fasting2","ThirdEye+1"],"picked":"Singing Bowl","floor":21},{"not_picked":["Prostrate","Crescendo"],"picked":"WheelKick","floor":22},{"not_picked":["WaveOfTheHand","FlurryOfBlows","WheelKick"],"picked":"Singing Bowl","floor":23},{"not_picked":["EmptyBody","Evaluate"],"picked":"Scrawl","floor":29},{"not_picked":["JustLucky","DevaForm","Swivel"],"picked":"Singing Bowl","floor":30},{"not_picked":["FlurryOfBlows","Worship","Evaluate"],"picked":"Singing Bowl","floor":31},{"not_picked":["DeusExMachina","MasterReality"],"picked":"Scrawl","floor":33},{"not_picked":["Nirvana","ThirdEye+1","Halt"],"picked":"Singing Bowl","floor":35},{"not_picked":["CutThroughFate","ClearTheMind","Worship"],"picked":"Singing Bowl","floor":38}],"player_experience":570659,"relics_obtained":[{"floor":8.0,"key":"Singing Bowl"},{"floor":9.0,"key":"Regal Pillow"},{"floor":23,"key":"Bag of Marbles"},{"floor":26,"key":"Whetstone"},{"floor":29,"key":"WingedGreaves"},{"floor":31,"key":"Pen Nib"}],"event_choices":[{"cards_removed":["Strike_P"],"damage_healed":0.0,"max_hp_gain":0.0,"max_hp_loss":0.0,"gold_gain":0.0,"event_name":"Golden Wing","player_choice":"Card Removal","floor":2.0,"gold_loss":0.0,"damage_taken":7.0},{"damage_healed":0.0,"max_hp_gain":0.0,"max_hp_loss":0.0,"gold_gain":0.0,"event_name":"Shining Light","player_choice":"Entered Light","floor":4.0,"gold_loss":0.0,"damage_taken":20.0,"cards_upgraded":["EmptyFist","Strike_P"]},{"damage_healed":0,"gold_gain":0,"player_choice":"Ignored","damage_taken":0,"max_hp_gain":0,"max_hp_loss":0,"event_name":"Cursed Tome","floor":20,"gold_loss":0},{"cards_removed":["PathToVictory"],"damage_healed":0,"gold_gain":0,"player_choice":"Gave Gold","damage_taken":0,"max_hp_gain":0,"max_hp_loss":0,"event_name":"Beggar","floor":24,"gold_loss":75},{"damage_healed":0,"gold_gain":0,"player_choice":"Read","damage_taken":0,"max_hp_gain":0,"max_hp_loss":0,"event_name":"The Library","floor":28,"gold_loss":0,"cards_obtained":["LessonLearned"]},{"damage_healed":0,"gold_gain":0,"player_choice":"Max HP","damage_taken":0,"max_hp_gain":0,"max_hp_loss":4,"event_name":"Winding Halls","floor":37,"gold_loss":0},{"cards_removed":["EmptyFist"],"damage_healed":0,"gold_gain":0,"player_choice":"Removed Attack","damage_taken":0,"max_hp_gain":0,"max_hp_loss":0,"event_name":"Falling","floor":39,"gold_loss":0}],"is_beta":false,"boss_relics":[{"not_picked":["Busted Crown","Black Star"],"picked":"Pandora\u0027s Box"},{"not_picked":["SlaversCollar","Runic Dome"],"picked":"Empty Cage"}],"items_purged_floors":[10,19,36],"is_endless":false,"potions_floor_spawned":[3,5,12,18,23,31,33,38],"killed_by":"Giant Head","ascension_level":20}}