{"host":"sum4dy402bbv9y4o","time":1612739289,"event":{"mods":["Aspiration","BaseMod","Conspire","Highlight Path","Minty Spire (QoL Compilation)","StSLib"],"gold_per_floor":[118,136,155,22,37,37,37,37,110,110,9,9,9,29,29,108,108,122,142,42,59,59,59,69,81,81,45,45,45,61,61,61],"floor_reached":31,"language":"ENG","playtime":916,"items_purged":["conspire:GhostlyStrike","conspire:GhostlyStrike"],"score":454,"play_id":"7644678b-3326-4459-80ea-d972490d3b95","local_time":"20210208020809","is_ascension_mode":true,"campfire_choices":[{"data":"Defragment","floor":6,"key":"SMITH"},{"data":"Zap","floor":8,"key":"SMITH"},{"data":"Dualcast","floor":10,"key":"SMITH"},{"data":"Redo","floor":12,"key":"SMITH"},{"data":"Go for the Eyes","floor":15,"key":"SMITH"},{"data":"Defragment","floor":23,"key":"SMITH"},{"floor":29,"key":"REST"}],"circlet_count":0,"master_deck":["AscendersBane","conspire:GhostlyStrike","conspire:GhostlyStrike","conspire:GhostlyDefend","conspire:GhostlyDefend","conspire:GhostlyDefend","Zap+1","Dualcast+1","Rebound","Steam+1","FTL","Sweeping Beam","Defragment+1","Ball Lightning","Glacier+1","Redo+1","Go for the Eyes+1","Electrodynamics","Redo","Defragment+1","Conserve Battery+1","Cold Snap","Melter","Auto Shields","Ball Lightning"],"relics":["Cracked Core","White Beast Statue","Nuclear Battery","War Paint"],"acts_visited":["Exordium","TheCity"],"potions_floor_usage":[18,21,24,25,31],"damage_taken":[{"damage":7,"enemies":"Jaw Worm","floor":1,"turns":3},{"damage":6,"enemies":"2 Louse","floor":2,"turns":3},{"damage":1,"enemies":"Cultist","floor":3,"turns":3},{"damage":9,"enemies":"3 Louse","floor":5,"turns":3},{"damage":0,"enemies":"Exordium Wildlife","floor":14,"turns":2},{"damage":11,"enemies":"Slime Boss","floor":16,"turns":8},{"damage":13,"enemies":"2 Thieves","floor":18,"turns":4},{"damage":0,"enemies":"Spheric Guardian","floor":19,"turns":4},{"damage":18,"enemies":"Chosen and Byrds","floor":21,"turns":7},{"damage":26,"enemies":"Cultist and Chosen","floor":24,"turns":5},{"damage":5,"enemies":"Snecko","floor":25,"turns":5},{"damage":18,"enemies":"Snake Plant","floor":30,"turns":4},{"damage":25,"enemies":"Cultist and Chosen","floor":31,"turns":3}],"seed_played":"3707148469498397263","potions_obtained":[{"floor":5,"key":"SkillPotion"},{"floor":14,"key":"Dexterity Potion"},{"floor":18,"key":"Regen Potion"},{"floor":21,"key":"AttackPotion"},{"floor":24,"key":"Ancient Potion"},{"floor":25,"key":"EssenceOfDarkness"},{"floor":30,"key":"DistilledChaos"}],"is_trial":false,"path_per_floor":["M","M","M","$","M","R","?","R","T","R","$","R","?","M","R","B",null,"M","M","$","M","?","R","M","M","T","$","?","R","M","M"],"character_chosen":"DEFECT","items_purchased":["Defragment","Ball Lightning","Redo","Auto Shields"],"campfire_rested":1,"item_purchase_floors":[4,4,11,27],"current_hp_per_floor":[57,51,50,50,41,41,41,41,41,41,41,41,41,41,41,30,61,48,48,48,45,45,45,19,14,14,14,10,31,13,0,0],"gold":61,"neow_bonus":"THREE_CARDS","is_daily":false,"chose_seed":false,"campfire_upgraded":6,"win_rate":0.0,"timestamp":1612739289,"path_taken":["M","M","M","$","M","R","?","R","T","R","$","R","?","?","R","BOSS","M","M","$","M","?","R","M","M","T","$","?","R","M","M"],"items_purchased_type":["Card","Card","Card","Card"],"build_version":"2020-12-22","purchased_purges":2,"victory":false,"max_hp_per_floor":[71,71,71,71,71,71,71,71,71,71,71,71,71,71,71,71,71,71,71,71,71,71,71,71,71,71,71,71,71,71,71,71],"card_choices":[{"not_picked":["Sweeping Beam","FTL"],"picked":"Rebound","floor":0},{"not_picked":["Stack","Hologram"],"picked":"Steam","floor":1},{"not_picked":["Hello World","Seek"],"picked":"FTL","floor":2},{"not_picked":["Double Energy","Stack"],"picked":"Sweeping Beam","floor":3},{"not_picked":["Storm","Barrage"],"picked":"Glacier","floor":5},{"not_picked":["Double Energy","Doom and Gloom"],"picked":"Go for the Eyes","floor":14},{"not_picked":["Core Surge","Rainbow"],"picked":"Electrodynamics","floor":16},{"not_picked":["Heatsinks+1","Sweeping Beam"],"picked":"Redo","floor":18},{"not_picked":["Stack","Aggregate"],"picked":"Defragment","floor":19},{"not_picked":["Go for the Eyes","Hologram"],"picked":"Conserve Battery","floor":21},{"not_picked":["Turbo","Ball Lightning+1"],"picked":"Cold Snap","floor":24},{"not_picked":["Leap","Consume"],"picked":"Melter","floor":25},{"not_picked":["Hologram+1","Reprogram"],"picked":"Ball Lightning","floor":30}],"player_experience":3061919,"relics_obtained":[{"floor":9,"key":"White Beast Statue"},{"floor":26,"key":"War Paint"}],"event_choices":[{"damage_healed":0,"gold_gain":0,"player_choice":"Agree","damage_taken":0,"max_hp_gain":0,"max_hp_loss":0,"event_name":"conspire:LoneGhost","floor":7,"gold_loss":0},{"damage_healed":0,"gold_gain":0,"player_choice":"Forge","damage_taken":0,"max_hp_gain":0,"max_hp_loss":0,"event_name":"Accursed Blacksmith","floor":13,"gold_loss":0,"cards_upgraded":["Glacier"]},{"cards_removed":["conspire:GhostlyDefend"],"damage_healed":0,"gold_gain":0,"player_choice":"Elegance","damage_taken":0,"max_hp_gain":0,"max_hp_loss":0,"event_name":"Back to Basics","floor":22,"gold_loss":0},{"damage_healed":0,"gold_gain":0,"player_choice":"Leave","damage_taken":0,"max_hp_gain":0,"max_hp_loss":0,"event_name":"conspire:Investor","floor":28,"gold_loss":0}],"is_beta":false,"boss_relics":[{"not_picked":["SlaversCollar","conspire:RunicOctahedron"],"picked":"Nuclear Battery"}],"items_purged_floors":[11,20],"is_endless":false,"potions_floor_spawned":[5,14,16,18,19,21,24,25,30],"killed_by":"Cultist and Chosen","ascension_level":20}}