{"host":"fnndj664xgd3vavt","time":1612714346,"event":{"mods":["AchievementEnabler","BaseMod","Better Note","Colored Powertips","DeckTracker","Downfall","Highlight Path","Infinite Spire","Minty Spire (QoL Compilation)","Quick Restart","Random Character Button","Replay The Spire","StSLib"],"gold_per_floor":[99,117,134,152,167,183,183,53,53,63,95,110,130,130,130,130],"floor_reached":14,"language":"ENG","playtime":641,"items_purged":[],"score":96,"play_id":"f49b7577-022f-4411-8ae3-6b91944d9ab1","local_time":"20210207111226","is_ascension_mode":false,"campfire_choices":[{"floor":1,"key":"DIG"},{"floor":9,"key":"REST"}],"circlet_count":0,"master_deck":["Slimebound:Strike_Slimebound","Slimebound:Strike_Slimebound","Slimebound:Strike_Slimebound","Slimebound:Tackle","Slimebound:Defend_Slimebound","Slimebound:Defend_Slimebound","Slimebound:Defend_Slimebound","Slimebound:Defend_Slimebound","Slimebound:Split+1","Slimebound:CorrosiveSpit","Slimebound:SplitBruiser","Slimebound:AcidTongue","Slimebound:AcidTongue","Slimebound:FirmFortitude","Slimebound:Replication","Slimebound:SplitMire+1","Slimebound:LevelUp","Slimebound:Dissolve+1","Slimebound:PressTheAttack","Slimebound:Gluttony","Slimebound:MegaLick+1"],"relics":["Slimebound:AbsorbEndCombat","infinitespire:CheckeredPen","Toxic Egg 2","Pantograph"],"acts_visited":["Exordium"],"potions_floor_usage":[11,14,14],"damage_taken":[{"damage":4,"enemies":"Cultist","floor":2,"turns":3},{"damage":0,"enemies":"Small Slimes","floor":3,"turns":3},{"damage":6,"enemies":"Jaw Worm","floor":4,"turns":3},{"damage":16,"enemies":"Blue Slaver","floor":5,"turns":4},{"damage":18,"enemies":"Lots of Slimes","floor":6,"turns":4},{"damage":3,"enemies":"downfall:FleeingMerchant","floor":8,"turns":4},{"damage":3,"enemies":"Large Slime","floor":10,"turns":2},{"damage":31,"enemies":"3 Sentries","floor":11,"turns":4},{"damage":9,"enemies":"Blue Slaver","floor":12,"turns":3},{"damage":9,"enemies":"Large Slime","floor":13,"turns":3},{"damage":16,"enemies":"Gremlin Nob","floor":14,"turns":2}],"seed_played":"8043338059796971410","potions_obtained":[{"floor":3,"key":"AttackPotion"},{"floor":6,"key":"DuplicationPotion"},{"floor":10,"key":"Slimebound:SlimedPotion"},{"floor":13,"key":"Guardian:BlockOnCardUsePotion"}],"is_trial":false,"path_per_floor":["R","M","M","M","M","M","T","$","R","M","E","M","M","E"],"character_chosen":"SLIMEBOUND","items_purchased":["Slimebound:LevelUp","Slimebound:Dissolve+1"],"campfire_rested":1,"item_purchase_floors":[8,8],"current_hp_per_floor":[65,63,65,61,47,29,29,28,47,46,21,14,7,0,0,0],"gold":130,"neow_bonus":"UPGRADE_CARD","is_daily":false,"chose_seed":false,"campfire_upgraded":0,"win_rate":0.0,"timestamp":1612714346,"path_taken":["R","M","M","M","M","M","T","$","R","M","E","M","?","E"],"items_purchased_type":["Card","Card"],"build_version":"2020-12-22","purchased_purges":0,"victory":false,"max_hp_per_floor":[65,65,65,65,65,65,65,65,65,65,65,65,65,65,65,65],"card_choices":[{"not_picked":["Slimebound:ForwardTackle","Slimebound:RollThrough"],"picked":"Slimebound:SplitBruiser","floor":2},{"not_picked":["Slimebound:RainOfGoop","Slimebound:FinishingTackle"],"picked":"Slimebound:AcidTongue","floor":3},{"not_picked":["Slimebound:FinishingTackle","Slimebound:Grow"],"picked":"Slimebound:AcidTongue","floor":4},{"not_picked":["Slimebound:FinishingTackle","Slimebound:SplitLeeching"],"picked":"Slimebound:FirmFortitude","floor":5},{"not_picked":["Slimebound:Chomp","Slimebound:BestDefense"],"picked":"Slimebound:Replication","floor":6},{"not_picked":["Slimebound:OozeBath+1","Slimebound:PressTheAttack"],"picked":"Slimebound:SplitMire+1","floor":8},{"not_picked":["Slimebound:LevelUp","Slimebound:GoopTackle"],"picked":"Slimebound:PressTheAttack","floor":10},{"not_picked":["Slimebound:Prepare+1","Slimebound:LivingWall+1"],"picked":"Slimebound:Gluttony","floor":11},{"not_picked":["Slimebound:RollThrough","Slimebound:Grow","Slimebound:Prepare+1"],"picked":"SKIP","floor":12},{"not_picked":["Slimebound:SplitBruiser+1","Slimebound:DisruptingSlam"],"picked":"Slimebound:MegaLick+1","floor":13}],"player_experience":267856,"relics_obtained":[{"floor":1,"key":"infinitespire:CheckeredPen"},{"floor":7,"key":"Toxic Egg 2"},{"floor":11,"key":"Pantograph"}],"event_choices":[],"is_beta":false,"boss_relics":[],"items_purged_floors":[],"is_endless":false,"potions_floor_spawned":[3,6,10,13],"killed_by":"Gremlin Nob","ascension_level":0}}