{"host":"stk82ot58bnorhun","time":1612713575,"event":{"mods":["BaseMod","Colored Powertips","Downfall","Energized Spire","Highlight Path","Minty Spire (QoL Compilation)","Replay The Spire","StSLib","SuperFastMode","UnlockEverythingMod"],"gold_per_floor":[99,116,116,116,116,116,169,183,200,0,13,45,45,62,73,170,170,70,86,99,116,116,116,116,116,116,116,169,195,145,145,145,145],"floor_reached":31,"language":"ZHS","playtime":1328,"items_purged":[],"score":318,"play_id":"a1799bf8-8498-485e-a837-8b2b3f388679","local_time":"20210207235935","is_ascension_mode":true,"campfire_choices":[{"data":"Guardian:TwinSlam","floor":1.0,"key":"SMITH"},{"floor":6.0,"key":"RECALL"},{"data":"Guardian:TemporalShield","floor":10.0,"key":"SMITH"},{"floor":13.0,"key":"REST"},{"data":"Guardian:Suspension","floor":23.0,"key":"SMITH"},{"floor":27.0,"key":"REST"}],"circlet_count":0,"master_deck":["Guardian:Strike_Guardian","Guardian:Defend_Guardian","Guardian:Defend_Guardian","Guardian:Defend_Guardian","Guardian:Defend_Guardian","Guardian:CurlUp","Delirium","Guardian:BaubleBeam+1","Guardian:TemporalShield+1","Guardian:DonusPower","Guardian:Suspension+1","Guardian:ShieldCharger","Guardian:SphericShield","Guardian:GuardianWhirl","Guardian:Gem_Green","Guardian:Gem_Fragmented","Guardian:Recover","Guardian:PrismaticBarrier","Guardian:Gem_Yellow"],"relics":["Guardian:ModeShifter","ReplayTheSpireMod:Ring of Challenge","downfall:HeartBlessingRed","downfall:HeartBlessingBlue","ReplayTheSpireMod:Ninjato","energizedSpire:MagnifyingGlass","downfall:HeartBlessingGreen","Akabeko","downfall:KnowingSkull","Juzu Bracelet"],"acts_visited":["Exordium","TheCity"],"potions_floor_usage":[],"damage_taken":[{"damage":2.0,"enemies":"Jaw Worm","floor":2.0,"turns":3.0},{"damage":9.0,"enemies":"2 Louse","floor":8.0,"turns":4.0},{"damage":11.0,"enemies":"Small Slimes","floor":9.0,"turns":4.0},{"damage":0.0,"enemies":"3 Louse","floor":11.0,"turns":4.0},{"damage":35.0,"enemies":"3 Sentries","floor":12.0,"turns":8.0},{"damage":12.0,"enemies":"Large Slime","floor":14.0,"turns":7.0},{"damage":2.0,"enemies":"Red Slaver","floor":15.0,"turns":5.0},{"damage":36.0,"enemies":"IC_STATUS_ARCHETYPE","floor":16.0,"turns":12.0},{"damage":0.0,"enemies":"Chosen","floor":19.0,"turns":5.0},{"damage":5.0,"enemies":"3 Byrds","floor":20.0,"turns":5.0},{"damage":27.0,"enemies":"Snake Plant","floor":21.0,"turns":7.0},{"damage":3.0,"enemies":"Centurion and Healer","floor":28.0,"turns":8.0},{"damage":48.0,"enemies":"Gremlin Leader","floor":29.0,"turns":12.0},{"damage":72,"enemies":"Book of Stabbing","floor":31,"turns":9}],"seed_played":"-5541750638331235169","potions_obtained":[{"floor":9.0,"key":"Milkshake"},{"floor":12.0,"key":"Guardian:BlockOnCardUsePotion"},{"floor":15.0,"key":"FearPotion"},{"floor":21.0,"key":"LifebloodPotion"}],"is_trial":false,"path_per_floor":["R","M","?","?","?","R","T","M","M","R","M","E","R","M","M","B",null,"R","M","M","M","?","R","T","?","?","R","M","E","?","E"],"character_chosen":"GUARDIAN","items_purchased":[],"campfire_rested":2,"item_purchase_floors":[],"current_hp_per_floor":[88,86,86,86,86,86,86,77,66,76,76,41,70,58,56,20,98,98,98,93,66,66,66,66,66,58,87,84,36,71,0,0,0],"gold":145,"neow_bonus":"TEN_PERCENT_HP_BONUS","is_daily":false,"chose_seed":false,"campfire_upgraded":3,"win_rate":0.0,"timestamp":1612713575,"path_taken":["R","M","?","?","?","R","T","M","M","R","M","E","R","M","M","BOSS","R","M","M","M","?","R","T","?","?","R","?","E","?","E"],"items_purchased_type":[],"build_version":"2020-12-22","purchased_purges":0,"victory":false,"max_hp_per_floor":[88,88,88,88,88,88,88,88,88,98,98,98,98,98,98,98,98,98,98,98,98,98,98,98,98,98,98,98,98,98,98,98,98],"card_choices":[{"not_picked":["Guardian:VentSteam","Guardian:Gem_Red"],"picked":"Guardian:Gem_White","floor":2.0},{"not_picked":["Guardian:BronzeArmor","Guardian:PrimingBeam"],"picked":"Guardian:Gem_Crimson","floor":8.0},{"not_picked":["Guardian:Clone","Guardian:WalkerClaw"],"picked":"Guardian:TemporalShield","floor":9.0},{"not_picked":["Guardian:Gem_Lightblue","Guardian:Incinerate"],"picked":"Guardian:Gem_Green","floor":11.0},{"not_picked":["Guardian:BronzeOrb","Guardian:ConstructionForm"],"picked":"Guardian:DonusPower","floor":12.0},{"not_picked":["Guardian:Preprogram","Guardian:WalkerClaw"],"picked":"Guardian:Suspension","floor":14.0},{"not_picked":["Guardian:TemporalShield","Guardian:PolyBeam"],"picked":"Guardian:ShieldCharger","floor":15.0},{"not_picked":["Guardian:HyperBeam_Guardian","Guardian:BaubleBeam"],"picked":"Guardian:SphericShield","floor":16.0},{"not_picked":["Guardian:Gem_Lightblue","Guardian:ShieldSpikes+1"],"picked":"Guardian:Gem_Green","floor":19.0},{"not_picked":["Guardian:Planning","Guardian:ArmoredProtocol"],"picked":"Guardian:Gem_Fragmented","floor":20.0},{"not_picked":["Guardian:Gem_Cyan","Guardian:GuardianWhirl"],"picked":"Guardian:Recover","floor":21.0},{"not_picked":["Guardian:Orbwalk","Guardian:DonusPower+1"],"picked":"Guardian:PrismaticBarrier","floor":28.0},{"not_picked":["Guardian:ChargeCore","Guardian:Gem_Red"],"picked":"Guardian:Gem_Yellow","floor":29.0}],"player_experience":97424,"relics_obtained":[{"floor":3.0,"key":"ReplayTheSpireMod:Ring of Challenge"},{"floor":12.0,"key":"ReplayTheSpireMod:Ninjato"},{"floor":24.0,"key":"Akabeko"},{"floor":29.0,"key":"Juzu Bracelet"}],"event_choices":[{"damage_healed":0.0,"max_hp_gain":0.0,"max_hp_loss":0.0,"gold_gain":0.0,"event_name":"Vampires","player_choice":"Ignored","floor":22.0,"gold_loss":0.0,"damage_taken":0.0}],"is_beta":false,"boss_relics":[{"not_picked":["ReplayTheSpireMod:DimensionalGlitch","SlaversCollar"],"picked":"energizedSpire:MagnifyingGlass"}],"items_purged_floors":[],"is_endless":false,"potions_floor_spawned":[9,12,15,16,21],"killed_by":"Book of Stabbing","ascension_level":3}}