{"host":"yg1n0qads92lo9wl","time":1612702731,"event":{"mods":["BaseMod","Downfall","Luminous","Minty Spire (QoL Compilation)","StSLib","Warlord Emblem"],"gold_per_floor":[99,99,99,374,374,406,406,13,24,474,88,88,108,143,156,259,259,259,271,271,2,61,112,135,135,135,135,200,219,34,49,69,166,166,166,216,236,65,79,79,152,163,163,163,163,163,163,163],"floor_reached":46,"language":"ZHS","playtime":16800,"items_purged":["Regret","bronze:Strike","bronze:Defend"],"score":521,"play_id":"8e962394-8e00-40bd-8e53-0c7d701a091c","local_time":"20210207205851","is_ascension_mode":false,"campfire_choices":[{"data":"bronze:Replicate","floor":1.0,"key":"SMITH"},{"data":"bronze:Virus","floor":18.0,"key":"SMITH"},{"data":"bronze:BuggyMess","floor":26.0,"key":"SMITH"},{"data":"bronze:InfiniteBeams","floor":35.0,"key":"SMITH"},{"data":"bronze:ClassDefault","floor":43,"key":"SMITH"}],"circlet_count":0,"master_deck":["bronze:Strike","bronze:Defend","bronze:Defend+1","bronze:Defend","bronze:Replicate+1","bronze:Goto+1","bronze:Iterate","bronze:InfiniteBeams","bronze:Branch","bronze:WhirlingStrike+1","bronze:GetLatest","bronze:Shield","downfall:Icky","downfall:Icky","downfall:Icky","bronze:Iterate","bronze:InfiniteLoop","bronze:Verify","bronze:WildBeam","bronze:WhirlingStrike","bronze:ItsAFeature","bronze:Virus+1","bronze:Repulsor","bronze:ThunderWave","bronze:FineTuning","bronze:BronzeOrb","bronze:ForLoop","bronze:BuggyMess+1","bronze:Shield","bronze:FollowUp+1","expansioncontent:AwakenDeath","bronze:InfiniteBeams+1","bronze:Overload+1","bronze:HyperBeam","bronze:ClassDefault+1","bronze:Shield+1","bronze:MaxOutput+1","bronze:Assembly"],"relics":["bronze:BronzeCore","downfall:HeartsMalice","Bird Faced Urn","bronze:CableSpool","Whetstone","Slimebound:StickyStick","PreservedInsect","Blue Candle","War Paint","Black Star","downfall:KnowingSkull","Membership Card","Lantern","Pen Nib","CaptainsWheel","Strawberry","Cauldron","SlaversCollar","Matryoshka","WingedGreaves","bronze:ProtectiveGoggles","Singing Bowl"],"acts_visited":["Exordium","TheCity","TheBeyond"],"potions_floor_usage":[38,39,39,42],"damage_taken":[{"damage":0.0,"enemies":"Small Slimes","floor":2.0,"turns":1.0},{"damage":0.0,"enemies":"Cultist","floor":3.0,"turns":1.0},{"damage":0.0,"enemies":"2 Louse","floor":5.0,"turns":1.0},{"damage":31.0,"enemies":"Lagavulin","floor":6.0,"turns":7.0},{"damage":4.0,"enemies":"downfall:FleeingMerchant","floor":8.0,"turns":4.0},{"damage":12.0,"enemies":"Exordium Thugs","floor":9.0,"turns":3.0},{"damage":10.0,"enemies":"downfall:FleeingMerchant","floor":11.0,"turns":4.0},{"damage":1.0,"enemies":"2 Fungi Beasts","floor":13.0,"turns":2.0},{"damage":6.0,"enemies":"3 Sentries","floor":14.0,"turns":4.0},{"damage":0.0,"enemies":"Gremlin Gang","floor":15.0,"turns":1.0},{"damage":30.0,"enemies":"WA_ARCHETYPE_RETAIN","floor":16.0,"turns":7.0},{"damage":0.0,"enemies":"Shell Parasite","floor":19.0,"turns":4.0},{"damage":15.0,"enemies":"downfall:FleeingMerchant","floor":21.0,"turns":4.0},{"damage":13.0,"enemies":"3 Byrds","floor":22.0,"turns":4.0},{"damage":19.0,"enemies":"Snake Plant","floor":23.0,"turns":6.0},{"damage":44.0,"enemies":"Book of Stabbing","floor":28.0,"turns":5.0},{"damage":21.0,"enemies":"Centurion and Healer","floor":29.0,"turns":6.0},{"damage":1.0,"enemies":"downfall:FleeingMerchant","floor":30.0,"turns":4.0},{"damage":0.0,"enemies":"Chosen and Byrds","floor":31.0,"turns":4.0},{"damage":9.0,"enemies":"Snake Plant","floor":32.0,"turns":5.0},{"damage":72.0,"enemies":"IC_MUSHROOM_ARCHETYPE","floor":33.0,"turns":8.0},{"damage":51.0,"enemies":"3 Shapes","floor":36.0,"turns":5.0},{"damage":47.0,"enemies":"Orb Walker","floor":37.0,"turns":5.0},{"damage":5,"enemies":"downfall:FleeingMerchant","floor":38,"turns":2},{"damage":2,"enemies":"3 Darklings","floor":39,"turns":4},{"damage":14,"enemies":"Sphere and 2 Shapes","floor":42,"turns":3},{"damage":70,"enemies":"4 Shapes","floor":46,"turns":5}],"seed_played":"1279098707632378385","potions_obtained":[{"floor":6.0,"key":"bronze:CleanCodePotion"},{"floor":9.0,"key":"Swift Potion"},{"floor":13.0,"key":"Regen Potion"},{"floor":14.0,"key":"Dexterity Potion"},{"floor":22.0,"key":"Block Potion"},{"floor":23.0,"key":"AttackPotion"},{"floor":28.0,"key":"AttackPotion"},{"floor":29.0,"key":"Strength Potion"},{"floor":30.0,"key":"Guardian:BlockOnCardUsePotion"},{"floor":30.0,"key":"DuplicationPotion"},{"floor":30.0,"key":"bronze:BurnAndBuffPotion"},{"floor":32.0,"key":"SkillPotion"},{"floor":36.0,"key":"SkillPotion"},{"floor":42,"key":"Fire Potion"}],"is_trial":false,"path_per_floor":["R","M","M","?","M","E","T","$","M","?","$","?","M","E","M","B",null,"R","M","?","$","M","M","T","?","R","?","E","M","$","M","M","B",null,"R","M","M","$","M","?","T","M","R","?","?","M"],"character_chosen":"THE_AUTOMATON","items_purchased":["Whetstone","Slimebound:StickyStick","PreservedInsect","bronze:InfiniteLoop","bronze:Verify","Membership Card","Lantern","bronze:FineTuning","bronze:BronzeOrb","Cauldron","expansioncontent:AwakenDeath","Matryoshka","WingedGreaves","bronze:Assembly","DuplicationPotion","DistilledChaos","SneckoOil"],"campfire_rested":0,"item_purchase_floors":[8,8,11,11,11,21,21,21,21,30,30,38,38,38,38,38,38],"current_hp_per_floor":[70,70,70,70,70,39,39,37,27,27,19,19,18,12,12,3,70,70,70,63,52,41,26,26,49,49,49,18,3,8,12,9,10,77,77,30,20,17,23,67,67,57,57,57,57,0,0,0],"gold":163,"neow_bonus":"THREE_ENEMY_KILL","is_daily":false,"chose_seed":false,"campfire_upgraded":5,"win_rate":0.0,"timestamp":1612702731,"path_taken":["R","M","M","?","?","E","T","$","M","?","?","?","?","E","M","BOSS","R","?","?","$","?","M","T","?","R","?","E","?","$","M","M","BOSS","R","M","M","?","M","?","T","M","R","?","?","?"],"items_purchased_type":["Relic","Relic","Relic","Card","Card","Relic","Relic","Card","Card","Relic","Card","Relic","Relic","Card","Potion","Potion","Potion"],"build_version":"2020-12-22","purchased_purges":3,"victory":false,"max_hp_per_floor":[70,70,70,70,70,70,70,70,70,70,70,70,70,70,70,70,70,70,70,70,70,70,70,70,70,70,70,77,77,77,77,77,77,77,77,77,77,77,77,67,67,69,69,69,69,69,69,69],"card_choices":[{"not_picked":["bronze:DelayedGuard","bronze:BitShift"],"picked":"bronze:Iterate","floor":2.0},{"not_picked":["bronze:NullPointer","bronze:Frontload"],"picked":"bronze:InfiniteBeams","floor":3.0},{"not_picked":["bronze:CutThrough","bronze:Constructor"],"picked":"bronze:Branch","floor":5.0},{"not_picked":["bronze:BronzeArmor","bronze:Backtrace"],"picked":"bronze:WhirlingStrike","floor":6.0},{"not_picked":["bronze:Safeguard","bronze:Refactor"],"picked":"bronze:GetLatest","floor":8.0},{"not_picked":["bronze:ForceShield","bronze:ChildClass"],"picked":"bronze:Shield","floor":9.0},{"not_picked":["bronze:BitShift","bronze:WhirlingStrike"],"picked":"bronze:Iterate","floor":11.0},{"not_picked":["bronze:DelayedSlice","bronze:ForceShield"],"picked":"bronze:WildBeam","floor":13.0},{"not_picked":["bronze:RecursiveStrike","bronze:Deprecate"],"picked":"bronze:WhirlingStrike","floor":14.0},{"not_picked":["bronze:ChildClass","bronze:Invalidate"],"picked":"bronze:ItsAFeature","floor":15.0},{"not_picked":["bronze:FindAndReplace","bronze:ThunderWave"],"picked":"bronze:Virus","floor":16.0},{"not_picked":["bronze:CutThrough+1","bronze:Constructor"],"picked":"bronze:Repulsor","floor":19.0},{"not_picked":["bronze:Refactor","bronze:OilSpill+1"],"picked":"bronze:ThunderWave","floor":21.0},{"not_picked":["bronze:DelayedSlice","bronze:Invalidate"],"picked":"bronze:ForLoop","floor":22.0},{"not_picked":["bronze:Repulsor+1","bronze:BugBarrage"],"picked":"bronze:BuggyMess","floor":23.0},{"not_picked":["bronze:Invalidate","bronze:DelayedGuard"],"picked":"bronze:Shield","floor":28.0},{"not_picked":["bronze:DelayedGuard","bronze:Separator+1"],"picked":"bronze:FollowUp+1","floor":29.0},{"not_picked":["bronze:BitShift","bronze:BugBarrage+1","bronze:DelayedSlice"],"picked":"SKIP","floor":30.0},{"not_picked":["bronze:DelayedSlice","bronze:NullPointer"],"picked":"bronze:InfiniteBeams","floor":31.0},{"not_picked":["bronze:Shield+1","bronze:DarkDash"],"picked":"bronze:Overload+1","floor":32.0},{"not_picked":["bronze:FindAndReplace","bronze:CleanCode"],"picked":"bronze:HyperBeam","floor":33.0},{"not_picked":["bronze:Return+1","bronze:Constructor"],"picked":"bronze:ClassDefault","floor":36.0},{"not_picked":["bronze:Shell+1","bronze:Invalidate+1"],"picked":"bronze:Shield+1","floor":37.0},{"not_picked":["bronze:Constructor+1","bronze:BitShift+1"],"picked":"bronze:MaxOutput","floor":38},{"not_picked":["bronze:OilSpill","bronze:DigitalCarnage+1","bronze:Constructor+1"],"picked":"SKIP","floor":39},{"not_picked":["bronze:DelayedGuard+1","bronze:Boost+1","bronze:OilSpill+1"],"picked":"Singing Bowl","floor":42}],"player_experience":399043,"relics_obtained":[{"floor":6.0,"key":"Bird Faced Urn"},{"floor":7.0,"key":"bronze:CableSpool"},{"floor":12.0,"key":"Blue Candle"},{"floor":14.0,"key":"War Paint"},{"floor":24.0,"key":"Pen Nib"},{"floor":28.0,"key":"CaptainsWheel"},{"floor":28.0,"key":"Strawberry"},{"floor":41,"key":"bronze:ProtectiveGoggles"},{"floor":41,"key":"Singing Bowl"}],"event_choices":[{"damage_healed":0.0,"max_hp_gain":0.0,"max_hp_loss":0.0,"gold_gain":0.0,"event_name":"Wheel of Change","player_choice":"Relic","floor":12.0,"gold_loss":0.0,"damage_taken":0.0},{"damage_healed":23.0,"max_hp_gain":0.0,"max_hp_loss":0.0,"gold_gain":0.0,"event_name":"The Library","player_choice":"Heal","floor":25.0,"gold_loss":0.0,"damage_taken":0.0},{"cards_removed":["bronze:Strike"],"damage_healed":0.0,"max_hp_gain":0.0,"max_hp_loss":0.0,"gold_gain":0.0,"event_name":"Bonfire Elementals","player_choice":"Offered Basic","floor":27.0,"gold_loss":0.0,"damage_taken":0.0},{"cards_removed":["bronze:Strike"],"damage_healed":0,"gold_gain":0,"player_choice":"Removed Attack","damage_taken":0,"max_hp_gain":0,"max_hp_loss":0,"event_name":"Falling","floor":44,"gold_loss":0}],"is_beta":false,"boss_relics":[{"not_picked":["Snecko Eye","Tiny House"],"picked":"Black Star"},{"not_picked":["Velvet Choker","Runic Dome"],"picked":"SlaversCollar"}],"items_purged_floors":[8,30,38],"is_endless":false,"potions_floor_spawned":[6,9,13,14,22,23,28,29,32,36,42],"killed_by":"4 Shapes","ascension_level":0}}