{"host":"72j3if4hls1tefkc","time":1612719795,"event":{"mods":["AchievementEnabler","Always Whale","Aspiration","BaseMod","Beaked The Cultist","Colored Map","Conspire","FetchMod","Halation","Hermit","Hubris","Infinite Spire","Minty Spire (QoL Compilation)","Reliquary","Replay The Spire","Shop Mod","StSLib","The Construct","The Cursed","The Jungle","The Marked","The Necromancer","The Poker Player"],"gold_per_floor":[112,40,40,53,53,94,21,21,46,69,90,90,90,165,165,286,286,265,265,284,284,299,299,299,299],"floor_reached":24,"language":"ENG","playtime":972,"items_purged":[],"score":318,"play_id":"12a1ff5f-7760-404d-927d-e03504cf8808","local_time":"20210207104315","is_ascension_mode":true,"campfire_choices":[{"data":"Neutralize","floor":13,"key":"SMITH"},{"data":"Footwork","floor":15,"key":"SMITH"},{"data":"Acrobatics","floor":23,"key":"SMITH"}],"circlet_count":0,"master_deck":["Strike_G","Strike_G","Strike_G","Strike_G","Strike_G","Defend_G+1","Defend_G","Defend_G","Defend_G+1","Survivor","Neutralize+1","Heel Hook","Leg Sweep","Deadly Poison","Acrobatics+1","Footwork+1","Injury","Backflip+1","Acrobatics+1"],"relics":["Ring of the Snake","NeowsBlessing","Golden Idol","aspiration:VileToxins","Toxic Egg 2","Simple Rune","Cursed Key","Nilry\u0027s Codex","hubris:Towel"],"acts_visited":["Exordium","TheCity"],"potions_floor_usage":[16],"damage_taken":[{"damage":0,"enemies":"2 Louse","floor":1,"turns":1},{"damage":0,"enemies":"Small Slimes","floor":4,"turns":1},{"damage":0,"enemies":"Gremlin Nob","floor":6,"turns":1},{"damage":0,"enemies":"conspire:RoseBush","floor":10,"turns":4},{"damage":1,"enemies":"Exordium Wildlife","floor":11,"turns":3},{"damage":21,"enemies":"The Guardian","floor":16,"turns":20},{"damage":15,"enemies":"2 Thieves","floor":18,"turns":5},{"damage":0,"enemies":"Shell Parasite","floor":20,"turns":8},{"damage":1,"enemies":"Shelled Parasite and Fungi","floor":22,"turns":8},{"damage":36,"enemies":"3 Cultists","floor":24,"turns":5}],"seed_played":"5388814118411986733","potions_obtained":[{"floor":1,"key":"CunningPotion"},{"floor":20,"key":"FearPotion"}],"is_trial":false,"path_per_floor":["M","$","?","M","?","E","$","?","T","M","M","$","R","?","R","B",null,"M","?","M","?","M","R","M"],"character_chosen":"THE_SILENT","items_purchased":["Leg Sweep","Footwork"],"campfire_rested":0,"item_purchase_floors":[2,7],"current_hp_per_floor":[63,63,56,56,39,39,39,39,39,39,38,38,38,27,27,6,54,39,23,23,23,22,22,0,0],"gold":299,"neow_bonus":"THREE_ENEMY_KILL","is_daily":false,"chose_seed":false,"campfire_upgraded":3,"win_rate":0.0,"timestamp":1612719795,"path_taken":["M","$","?","M","?","E","$","?","T","M","?","?","R","?","R","BOSS","M","?","M","?","M","R","M"],"items_purchased_type":["Card","Card"],"build_version":"2020-12-22","purchased_purges":0,"victory":false,"max_hp_per_floor":[70,70,70,70,70,70,70,70,70,70,70,70,70,70,70,70,70,70,70,70,70,70,70,70,70],"card_choices":[{"not_picked":["Reflex","Prepared"],"picked":"Heel Hook","floor":1},{"not_picked":["Draining Mist","Concentrate"],"picked":"Deadly Poison","floor":4},{"not_picked":["Accuracy","Underhanded Strike"],"picked":"Acrobatics","floor":6},{"not_picked":["Dagger Spray","Flying Knee","Acrobatics+1"],"picked":"SKIP","floor":10},{"not_picked":["Bane","Cloak And Dagger+1","Outmaneuver+1"],"picked":"SKIP","floor":11},{"not_picked":["Prepared+1","Flechettes+1"],"picked":"Backflip+1","floor":18},{"not_picked":["Hidden Blade+1","Catalyst+1"],"picked":"Acrobatics+1","floor":20},{"not_picked":["Heel Hook","Dagger Throw","Underhanded Strike+1"],"picked":"SKIP","floor":22}],"player_experience":394916,"relics_obtained":[{"floor":6,"key":"aspiration:VileToxins"},{"floor":9,"key":"Simple Rune"},{"floor":19,"key":"Nilry\u0027s Codex"}],"event_choices":[{"cards_removed":["Defend_G"],"damage_healed":0,"gold_gain":0,"player_choice":"Card Removal","damage_taken":7,"max_hp_gain":0,"max_hp_loss":0,"event_name":"Golden Wing","floor":3,"gold_loss":0},{"damage_healed":0,"gold_gain":0,"player_choice":"Take Damage","damage_taken":17,"relics_obtained":["Golden Idol"],"max_hp_gain":0,"max_hp_loss":0,"event_name":"Golden Idol","floor":5,"gold_loss":0},{"damage_healed":0,"gold_gain":75,"player_choice":"Gather Gold","damage_taken":11,"max_hp_gain":0,"max_hp_loss":0,"event_name":"World of Goop","floor":14,"gold_loss":0},{"damage_healed":0,"gold_gain":0,"player_choice":"Obtained Book","damage_taken":16,"max_hp_gain":0,"max_hp_loss":0,"event_name":"Cursed Tome","floor":19,"gold_loss":0}],"is_beta":false,"boss_relics":[{"not_picked":["aspiration:BeakedSkillbook","reliquary:Ember"],"picked":"Cursed Key"}],"items_purged_floors":[],"is_endless":false,"potions_floor_spawned":[1,20],"killed_by":"3 Cultists","ascension_level":9}}