{"host":"ihfq3u2xhoe3wi9r","time":1612706691,"event":{"mods":["BaseMod","BetterRewards","Colored Powertips","Hubris","Minty Spire (QoL Compilation)","StSLib","The Animator"],"gold_per_floor":[263,295,322,8,36,36,66,66,120,120,120,120,143,153,153,163,163],"floor_reached":16,"language":"ENG","playtime":1013,"items_purged":[],"score":178,"play_id":"565aa022-8fcc-42da-b6c7-889a682c3855","local_time":"20210207090451","is_ascension_mode":true,"campfire_choices":[{"data":"animator:Emilia","floor":6,"key":"SMITH"},{"data":"animator:Souei","floor":8,"key":"SMITH"},{"floor":12,"key":"REST"},{"data":"animator:LeleiLaLalena","floor":15,"key":"SMITH"}],"circlet_count":0,"master_deck":["animator:Strike_Kancolle","animator:Defend_Kancolle","animator:Strike+1","animator:Strike","animator:Strike","animator:Defend","animator:Defend","animator:Defend+1","animator:Shimakaze","animator:Benimaru","animator:OrikoMikuni","animator:Ain","animator:Emilia+1","animator:Souei+1","animator:Benimaru","animator:GazelDwargon","animator:LizardPriest","animator:LeleiLaLalena+1"],"relics":["animator:LivingPicture","animator:TheMissingPiece","animator:PurgingStone","NeowsBlessing","Regal Pillow","Red Skull","Dream Catcher","Mummified Hand"],"acts_visited":["Exordium"],"potions_floor_usage":[7,7,16,16],"damage_taken":[{"damage":0,"enemies":"Cultist","floor":1,"turns":1},{"damage":0,"enemies":"2 Louse","floor":2,"turns":1},{"damage":0,"enemies":"Jaw Worm","floor":3,"turns":2},{"damage":5,"enemies":"Blue Slaver","floor":5,"turns":4},{"damage":0,"enemies":"Gremlin Nob","floor":7,"turns":4},{"damage":3,"enemies":"2 Fungi Beasts","floor":13,"turns":3},{"damage":6,"enemies":"Red Slaver","floor":14,"turns":3},{"damage":63,"enemies":"Slime Boss","floor":16,"turns":9}],"seed_played":"5117869904196521025","potions_obtained":[{"floor":2,"key":"Swift Potion"},{"floor":3,"key":"SteroidPotion"},{"floor":7,"key":"Energy Potion"},{"floor":13,"key":"animator:FalseLifePotion"}],"is_trial":false,"path_per_floor":["M","M","M","$","M","R","E","R","T","?","T","R","M","M","R","B"],"character_chosen":"THE_ANIMATOR","items_purchased":["Regal Pillow","animator:Emilia"],"campfire_rested":1,"item_purchase_floors":[4,4],"current_hp_per_floor":[59,59,59,59,54,54,54,54,54,41,41,66,63,57,57,0,0],"gold":163,"neow_bonus":"THREE_ENEMY_KILL","is_daily":false,"chose_seed":false,"campfire_upgraded":3,"win_rate":0.0,"timestamp":1612706691,"path_taken":["M","M","?","$","M","R","E","R","T","?","?","R","M","M","R","BOSS"],"items_purchased_type":["Relic","Card"],"build_version":"2020-12-22","purchased_purges":0,"victory":false,"max_hp_per_floor":[66,66,66,66,66,66,66,66,66,66,66,66,66,66,66,66,66],"card_choices":[{"not_picked":["animator:MaesHughes","animator:IzunaHatsuse"],"picked":"animator:Benimaru","floor":1},{"not_picked":["animator:Ara","animator:Gluttony"],"picked":"animator:OrikoMikuni","floor":2},{"not_picked":["animator:MetalKnight","animator:Lancer"],"picked":"animator:Ain","floor":3},{"not_picked":["animator:Hakurou","animator:GazelDwargon"],"picked":"animator:Souei","floor":5},{"not_picked":["animator:MaesHughes","animator:Priestess"],"picked":"animator:Benimaru","floor":7},{"not_picked":["animator:Assassin","animator:IrohaTamaki"],"picked":"animator:GazelDwargon","floor":12},{"not_picked":["animator:DolaRiku","animator:Illya"],"picked":"animator:LizardPriest","floor":13},{"not_picked":["animator:MaesHughes","animator:Jibril"],"picked":"animator:LeleiLaLalena","floor":14}],"player_experience":847135,"relics_obtained":[{"floor":7,"key":"Red Skull"},{"floor":9,"key":"Dream Catcher"},{"floor":11,"key":"Mummified Hand"}],"event_choices":[{"damage_healed":0,"gold_gain":0,"player_choice":"Entered Light","damage_taken":13,"max_hp_gain":0,"max_hp_loss":0,"event_name":"Shining Light","floor":10,"gold_loss":0,"cards_upgraded":["animator:Defend","animator:Strike"]}],"is_beta":false,"boss_relics":[],"items_purged_floors":[],"is_endless":false,"potions_floor_spawned":[2,3,7,13],"killed_by":"Slime Boss","ascension_level":8}}