{"host":"8d3fefv2347kqkpz","time":1612705953,"event":{"mods":["AchievementEnabler","Act Like it!","Aspiration","BaseMod","Better Vampires","Colored Map","Colored Powertips","Conspire","Downfall","GifTheSpireLib","Highlight Path","Hubris","Mimic Mod","Minty Spire (QoL Compilation)","Quick Restart","Rare Cards Sparkle","Relic Stats","Replay The Spire","Spicy Shops","StSLib","The Jungle","Waifu the Spire"],"gold_per_floor":[111,128,57,74,94,120,120,120,201,201,201,217,247,247,247,347,347,360,21,41,60,77,77,108,108,108],"floor_reached":25,"language":"ZHS","playtime":915,"items_purged":["downfall:Aged"],"score":245,"play_id":"634b1540-945f-4f8a-8def-86d6df8dfbfd","local_time":"20210207215233","is_ascension_mode":true,"campfire_choices":[{"data":"Disarm","floor":8.0,"key":"SMITH"},{"data":"Cleave","floor":10.0,"key":"SMITH"},{"data":"Demon Form","floor":15.0,"key":"SMITH"},{"floor":23.0,"key":"REST"}],"circlet_count":0,"master_deck":["Strike_R","Defend_R","Defend_R","Bash","Cleave+1","Disarm+1","Impervious","Demon Form+1","Reaper","Decay","hubris:SharpeningStone","Reaper","Evolve","hubris:ReadiedAction+1","conspire:Charge"],"relics":["Burning Blood","Sundial","Replay:Bottled Snecko","Vajra","Kintsugi","DollysMirror","Replay:Wax Seal","Du-Vu Doll"],"acts_visited":["Exordium","TheCity"],"potions_floor_usage":[],"damage_taken":[{"damage":1.0,"enemies":"Cultist","floor":1.0,"turns":3.0},{"damage":0.0,"enemies":"Small Slimes","floor":2.0,"turns":4.0},{"damage":0.0,"enemies":"2 Louse","floor":4.0,"turns":2.0},{"damage":8.0,"enemies":"2 Fungi Beasts","floor":5.0,"turns":4.0},{"damage":40.0,"enemies":"Gremlin Nob","floor":6.0,"turns":5.0},{"damage":24.0,"enemies":"Gremlin Gang","floor":12.0,"turns":4.0},{"damage":19.0,"enemies":"Hexaghost","floor":16.0,"turns":10.0},{"damage":13.0,"enemies":"Shell Parasite","floor":18.0,"turns":7.0},{"damage":45.0,"enemies":"Spheric Guardian","floor":20.0,"turns":6.0},{"damage":61.0,"enemies":"Centurion and Healer","floor":21.0,"turns":8.0},{"damage":44.0,"enemies":"Snake Plant","floor":22.0,"turns":6.0},{"damage":89.0,"enemies":"Book of Stabbing","floor":24.0,"turns":9.0},{"damage":0,"enemies":"Shelled Parasite and Fungi","floor":25,"turns":1}],"seed_played":"457700271173273070","potions_obtained":[{"floor":2.0,"key":"Reflective Coating"},{"floor":6.0,"key":"GamblersBrew"},{"floor":12.0,"key":"ElixirPotion"},{"floor":16.0,"key":"PowerPotion"},{"floor":18.0,"key":"Guardian:BlockOnCardUsePotion"}],"is_trial":false,"path_per_floor":["M","M","$","M","M","E","?","R","T","R","?","M","?","?","R","B",null,"M","$","M","M","M","R","E","M"],"character_chosen":"IRONCLAD","items_purchased":["Disarm","DollysMirror","Replay:Wax Seal","Evolve"],"campfire_rested":1,"item_purchase_floors":[3,19,19,19],"current_hp_per_floor":[88,88,88,88,86,52,52,52,52,52,52,34,34,39,39,26,88,88,88,54,61,39,65,19,19,19],"gold":108,"neow_bonus":"TEN_PERCENT_HP_BONUS","is_daily":false,"chose_seed":false,"campfire_upgraded":3,"win_rate":0.0,"timestamp":1612705953,"path_taken":["M","M","$","M","?","E","?","R","T","R","?","?","?","?","R","BOSS","M","$","M","M","M","R","E","?"],"items_purchased_type":["Card","Relic","Relic","Card"],"build_version":"2020-12-22","purchased_purges":1,"victory":false,"max_hp_per_floor":[88,88,88,88,88,88,88,88,88,88,88,88,88,88,88,88,88,88,88,88,88,88,88,88,88,88],"relic_stats":{"counters":[13,69],"Sundial":[16],"obtain_stats":[{"Du-Vu Doll":24,"Sundial":6,"DollysMirror":19,"Vajra":13,"Replay:Bottled Snecko":9,"Kintsugi":17,"Replay:Wax Seal":19,"Burning Blood":0},{"Du-Vu Doll":12,"Sundial":5,"DollysMirror":8,"Vajra":6,"Replay:Bottled Snecko":5,"Kintsugi":7,"Replay:Wax Seal":8,"Burning Blood":0},{"Du-Vu Doll":68,"Sundial":18,"DollysMirror":39,"Vajra":22,"Replay:Bottled Snecko":18,"Kintsugi":32,"Replay:Wax Seal":39,"Burning Blood":0}],"Burning Blood":52},"card_choices":[{"not_picked":["Iron Wave","Run Through","Body Slam"],"picked":"SKIP","floor":1.0},{"not_picked":["Sentinel","Carnage"],"picked":"Cleave","floor":2.0},{"not_picked":["Iron Wave","True Grit","Dual Wield"],"picked":"SKIP","floor":4.0},{"not_picked":["ReplayTheSpireMod:Corrosion Curse","Havoc","hubris:ReadiedAction"],"picked":"SKIP","floor":5.0},{"not_picked":["Fire Breathing","Replay:Undeath\u0027s Touch","Sever Soul"],"picked":"SKIP","floor":6.0},{"not_picked":["Pommel Strike","True Grit"],"picked":"Demon Form","floor":12.0},{"not_picked":["Fiend Fire","Offering"],"picked":"Reaper","floor":16.0},{"not_picked":["Life Link","Armaments"],"picked":"hubris:SharpeningStone","floor":18.0},{"not_picked":["Rupture","True Grit","Sword Boomerang"],"picked":"SKIP","floor":20.0},{"not_picked":["Twin Strike+1","Thunderclap","Cleave"],"picked":"SKIP","floor":21.0},{"not_picked":["Havoc","Warcry"],"picked":"hubris:ReadiedAction+1","floor":22.0},{"not_picked":["conspire:ExplosiveBarrier","Blood for Blood"],"picked":"conspire:Charge","floor":24.0}],"player_experience":287001,"relics_obtained":[{"floor":6.0,"key":"Sundial"},{"floor":9.0,"key":"Replay:Bottled Snecko"},{"floor":24.0,"key":"Du-Vu Doll"}],"event_choices":[{"damage_healed":0.0,"max_hp_gain":0.0,"max_hp_loss":0.0,"gold_gain":0.0,"cards_transformed":["Strike_R"],"event_name":"Transmorgrifier","player_choice":"Transformed","floor":11.0,"gold_loss":0.0,"damage_taken":0.0,"cards_obtained":["Warcry"]},{"damage_healed":0.0,"max_hp_gain":0.0,"max_hp_loss":0.0,"gold_gain":30.0,"event_name":"Dead Adventurer","player_choice":"Searched \u00273\u0027 times","floor":13.0,"gold_loss":0.0,"damage_taken":0.0,"relics_obtained":["Vajra"]},{"cards_removed":["Warcry"],"damage_healed":5.0,"max_hp_gain":0.0,"max_hp_loss":0.0,"gold_gain":0.0,"event_name":"Bonfire Elementals","player_choice":"Offered Common","floor":14.0,"gold_loss":0.0,"damage_taken":0.0},{"cards_removed":["Warcry"],"damage_healed":5.0,"max_hp_gain":0.0,"max_hp_loss":0.0,"gold_gain":0.0,"event_name":"Bonfire Elementals","player_choice":"Offered Special","floor":14.0,"gold_loss":0.0,"damage_taken":0.0}],"is_beta":false,"boss_relics":[{"not_picked":["Replay:Grab Bag","hubris:TerracottaHorce"],"picked":"Kintsugi"}],"items_purged_floors":[19],"is_endless":false,"potions_floor_spawned":[2,6,12,16,18],"killed_by":"Shelled Parasite and Fungi","ascension_level":2}}