{"host":"x5w9zppki4gdwvc7","time":1612666000,"event":{"mods":["AchievementEnabler","BaseMod","Colored Powertips","DeckTracker","Minty Spire (QoL Compilation)"],"gold_per_floor":[111,131,149,169,184,184,197,197,197,226,226,226,236,264,264,365,365,382,39,50,50,65,95,95,95,120,132,151,178,178,76,76,176,176,189,189,139,151,151,151,151],"floor_reached":40,"language":"ENG","playtime":2559,"items_purged":["Strike_P","Decay","Indignation+1"],"score":488,"play_id":"a8f117e1-0ae0-4f22-b121-a58639723ff4","local_time":"20210207034640","is_ascension_mode":false,"campfire_choices":[{"data":"Eruption","floor":6.0,"key":"SMITH"},{"data":"1","floor":8.0,"key":"LIFT"},{"data":"2","floor":11.0,"key":"LIFT"},{"data":"Vigilance","floor":15.0,"key":"SMITH"},{"data":"LikeWater","floor":24.0,"key":"SMITH"},{"floor":30.0,"key":"REST"},{"data":"Adaptation","floor":32.0,"key":"SMITH"}],"circlet_count":0,"master_deck":["Defend_P","Defend_P","Defend_P","Eruption+1","Vigilance+1","SandsOfTime","LikeWater+1","Adaptation+1","Study+1","Parasite","DevaForm+1","CutThroughFate+1","LikeWater+1","Bite","Bite","Bite","Bite","Bite","Injury","Alpha","Protect+1","Fasting2+1","CutThroughFate","Madness","Madness"],"relics":["PureWater","Girya","Frozen Egg 2","Smiling Mask","Shuriken","Cursed Key","CloakClasp","Gremlin Horn","Nunchaku","Bird Faced Urn","Astrolabe"],"acts_visited":["Exordium","TheCity","TheBeyond"],"potions_floor_usage":[40],"damage_taken":[{"damage":5.0,"enemies":"Jaw Worm","floor":1.0,"turns":4.0},{"damage":1.0,"enemies":"2 Louse","floor":2.0,"turns":3.0},{"damage":0.0,"enemies":"Small Slimes","floor":3.0,"turns":2.0},{"damage":2.0,"enemies":"Looter","floor":4.0,"turns":4.0},{"damage":2.0,"enemies":"Blue Slaver","floor":5.0,"turns":4.0},{"damage":11.0,"enemies":"Exordium Wildlife","floor":7.0,"turns":4.0},{"damage":6.0,"enemies":"Gremlin Nob","floor":10.0,"turns":3.0},{"damage":25.0,"enemies":"Exordium Thugs","floor":13.0,"turns":5.0},{"damage":8.0,"enemies":"Lagavulin","floor":14.0,"turns":6.0},{"damage":8.0,"enemies":"Slime Boss","floor":16.0,"turns":6.0},{"damage":13.0,"enemies":"3 Byrds","floor":18.0,"turns":5.0},{"damage":0.0,"enemies":"Chosen","floor":20.0,"turns":4.0},{"damage":19.0,"enemies":"3 Cultists","floor":22.0,"turns":5.0},{"damage":0.0,"enemies":"Book of Stabbing","floor":23.0,"turns":7.0},{"damage":21.0,"enemies":"Centurion and Healer","floor":27.0,"turns":5.0},{"damage":15.0,"enemies":"Snake Plant","floor":28.0,"turns":6.0},{"damage":38.0,"enemies":"Slavers","floor":29.0,"turns":8.0},{"damage":23.0,"enemies":"Collector","floor":33.0,"turns":10.0},{"damage":13.0,"enemies":"3 Shapes","floor":35.0,"turns":6.0},{"damage":25.0,"enemies":"3 Darklings","floor":38.0,"turns":4.0},{"damage":45,"enemies":"Nemesis","floor":40,"turns":7}],"seed_played":"-8233185687634923461","potions_obtained":[{"floor":2.0,"key":"PowerPotion"},{"floor":7.0,"key":"Ancient Potion"},{"floor":10.0,"key":"Energy Potion"},{"floor":14.0,"key":"Block Potion"},{"floor":22.0,"key":"EssenceOfSteel"},{"floor":23.0,"key":"SkillPotion"},{"floor":33.0,"key":"CultistPotion"},{"floor":38.0,"key":"SpeedPotion"}],"is_trial":false,"path_per_floor":["M","M","M","M","M","R","M","R","T","E","R","?","M","E","R","B",null,"M","$","M","?","M","E","R","T","T","M","M","E","R","$","R","B",null,"M","?","$","M","?","E"],"character_chosen":"WATCHER","items_purchased":["CloakClasp","PowerPotion"],"campfire_rested":1,"item_purchase_floors":[19,31],"current_hp_per_floor":[60,59,59,57,55,55,44,44,44,38,38,54,29,21,21,13,65,52,52,52,45,36,45,45,45,45,34,33,11,24,24,24,45,45,42,42,42,31,25,0,0],"gold":151,"neow_bonus":"ONE_RARE_RELIC","is_daily":false,"chose_seed":false,"campfire_upgraded":4,"win_rate":0.0,"timestamp":1612666000,"path_taken":["M","M","M","M","M","R","M","R","T","E","R","?","M","E","R","BOSS","M","$","M","?","M","E","R","?","T","M","M","E","R","$","R","BOSS","M","?","$","M","?","E"],"items_purchased_type":["Relic","Potion"],"build_version":"2020-12-22","purchased_purges":3,"victory":false,"max_hp_per_floor":[65,65,65,65,65,65,65,65,65,65,65,65,65,65,65,65,65,65,65,65,45,45,45,45,45,45,45,45,45,45,45,45,45,45,45,45,45,45,45,45,45],"card_choices":[{"not_picked":["Worship","Protect"],"picked":"EmptyFist","floor":1.0},{"not_picked":["Vengeance","Wallop"],"picked":"SandsOfTime","floor":2.0},{"not_picked":["Tantrum","PathToVictory"],"picked":"LikeWater","floor":3.0},{"not_picked":["JustLucky","Brilliance","WindmillStrike"],"picked":"SKIP","floor":4.0},{"not_picked":["Swivel","FollowUp"],"picked":"Adaptation","floor":5.0},{"not_picked":["Crescendo","ThirdEye","CrushJoints"],"picked":"SKIP","floor":7.0},{"not_picked":["Consecrate","ThirdEye"],"picked":"Study+1","floor":10.0},{"not_picked":["Crescendo","EmptyMind"],"picked":"Consecrate","floor":13.0},{"not_picked":["Brilliance","Meditate","ClearTheMind"],"picked":"SKIP","floor":14.0},{"not_picked":["ConjureBlade","Blasphemy"],"picked":"DevaForm+1","floor":16.0},{"not_picked":["Halt+1","CrushJoints"],"picked":"CutThroughFate+1","floor":18.0},{"not_picked":["FlyingSleeves+1","Crescendo"],"picked":"LikeWater+1","floor":20.0},{"not_picked":["CrushJoints","PathToVictory","ForeignInfluence+1"],"picked":"SKIP","floor":22.0},{"not_picked":["FlurryOfBlows+1","ThirdEye","Vengeance"],"picked":"SKIP","floor":23.0},{"not_picked":["BowlingBash","Pray","Protect"],"picked":"SKIP","floor":27.0},{"not_picked":["DeceiveReality","SpiritShield","Wireheading+1"],"picked":"SKIP","floor":28.0},{"not_picked":["EmptyFist","WaveOfTheHand","Judgement"],"picked":"SKIP","floor":29.0},{"not_picked":["DevaForm+1","Devotion+1"],"picked":"Alpha","floor":33.0},{"not_picked":["SashWhip","Conclude","Weave"],"picked":"SKIP","floor":35.0},{"not_picked":["Adaptation+1","Consecrate+1"],"picked":"CutThroughFate","floor":38.0}],"player_experience":519612,"relics_obtained":[{"floor":9.0,"key":"Frozen Egg 2"},{"floor":10.0,"key":"Smiling Mask"},{"floor":14.0,"key":"Shuriken"},{"floor":23.0,"key":"Gremlin Horn"},{"floor":26.0,"key":"Nunchaku"},{"floor":29.0,"key":"Bird Faced Urn"}],"event_choices":[{"damage_healed":16.0,"max_hp_gain":0.0,"max_hp_loss":0.0,"gold_gain":0.0,"event_name":"Mushrooms","player_choice":"Healed and dodged fight","floor":12.0,"gold_loss":0.0,"damage_taken":0.0,"cards_obtained":["Parasite"]},{"damage_healed":0.0,"max_hp_gain":0.0,"max_hp_loss":20.0,"gold_gain":0.0,"event_name":"Vampires","player_choice":"Became a vampire","floor":21.0,"gold_loss":0.0,"damage_taken":0.0,"cards_obtained":["Bite","Bite","Bite","Bite","Bite"]},{"damage_healed":0.0,"max_hp_gain":0.0,"max_hp_loss":0.0,"gold_gain":0.0,"event_name":"Mysterious Sphere","player_choice":"Ignored","floor":36.0,"gold_loss":0.0,"damage_taken":0.0},{"damage_healed":0.0,"max_hp_gain":0.0,"max_hp_loss":0.0,"gold_gain":0.0,"event_name":"Winding Halls","player_choice":"Embrace Madness","floor":39.0,"gold_loss":0.0,"damage_taken":6.0,"cards_obtained":["Madness","Madness"]}],"is_beta":false,"boss_relics":[{"not_picked":["Velvet Choker","Black Star"],"picked":"Cursed Key"},{"not_picked":["Snecko Eye","Sozu"],"picked":"Astrolabe"}],"items_purged_floors":[19,31,37],"is_endless":false,"potions_floor_spawned":[2,7,10,14,22,23,33,38],"killed_by":"Nemesis","ascension_level":0}}