{"host":"9l1knhxfturzliqa","time":1612677206,"event":{"mods":["BaseMod","Colored Map","Colored Powertips","DeckTracker","Highlight Path","Keyboard Shortcuts","Minty Spire (QoL Compilation)","Random Character Button"],"gold_per_floor":[110,123,123,139,28,57,57,76,76,76,76,76],"floor_reached":11,"language":"KOR","playtime":538,"items_purged":["Shame"],"score":120,"play_id":"a4cc2995-42a8-42b6-a866-1a3c1656551d","local_time":"20210207145326","is_ascension_mode":true,"campfire_choices":[{"data":"Devotion","floor":7.0,"key":"SMITH"}],"circlet_count":0,"master_deck":["AscendersBane","Strike_P","Strike_P","Strike_P","Strike_P","Defend_P","Defend_P","Defend_P","Defend_P","Eruption","Vigilance","Devotion+1","FearNoEvil","MentalFortress","Worship","EmptyMind","Prostrate","FlyingSleeves"],"relics":["PureWater","FaceOfCleric","Orichalcum","Gremlin Horn","Molten Egg 2"],"acts_visited":["Exordium"],"potions_floor_usage":[11,11],"damage_taken":[{"damage":5.0,"enemies":"Jaw Worm","floor":1.0,"turns":5.0},{"damage":0.0,"enemies":"Cultist","floor":2.0,"turns":3.0},{"damage":0.0,"enemies":"Small Slimes","floor":4.0,"turns":2.0},{"damage":27.0,"enemies":"3 Sentries","floor":6.0,"turns":9.0},{"damage":8.0,"enemies":"Blue Slaver","floor":8.0,"turns":5.0},{"damage":28,"enemies":"Gremlin Nob","floor":11,"turns":4}],"seed_played":"-1075484317046348089","potions_obtained":[{"floor":1.0,"key":"Swift Potion"},{"floor":2.0,"key":"Ancient Potion"},{"floor":8.0,"key":"CultistPotion"}],"is_trial":false,"path_per_floor":["M","M","?","M","$","E","R","M","T","?","E"],"character_chosen":"WATCHER","items_purchased":["EmptyMind"],"campfire_rested":0,"item_purchase_floors":[5],"current_hp_per_floor":[60,60,60,61,61,35,35,28,28,16,0,0],"gold":76,"neow_bonus":"THREE_RARE_CARDS","is_daily":false,"chose_seed":false,"campfire_upgraded":1,"win_rate":0.0,"timestamp":1612677206,"path_taken":["M","M","?","?","$","E","R","M","T","?","E"],"items_purchased_type":["Card"],"build_version":"2020-12-22","purchased_purges":1,"victory":false,"max_hp_per_floor":[72,72,72,73,73,74,74,75,75,75,75,75],"card_choices":[{"not_picked":["Establishment","MasterReality"],"picked":"Devotion","floor":0.0},{"not_picked":["CutThroughFate","EmptyFist"],"picked":"FearNoEvil","floor":1.0},{"not_picked":["FlurryOfBlows","Wallop"],"picked":"MentalFortress","floor":2.0},{"not_picked":["Consecrate","CutThroughFate"],"picked":"Worship","floor":4.0},{"not_picked":["CutThroughFate","Halt"],"picked":"Prostrate","floor":6.0},{"not_picked":["Wireheading","Consecrate"],"picked":"FlyingSleeves","floor":8.0}],"player_experience":633361,"relics_obtained":[{"floor":6.0,"key":"Orichalcum"},{"floor":9.0,"key":"Gremlin Horn"}],"event_choices":[{"damage_healed":0.0,"max_hp_gain":0.0,"max_hp_loss":0.0,"gold_gain":0.0,"event_name":"FaceTrader","player_choice":"Trade","floor":3.0,"gold_loss":0.0,"damage_taken":0.0,"relics_obtained":["FaceOfCleric"]},{"damage_healed":0.0,"max_hp_gain":0.0,"max_hp_loss":0.0,"gold_gain":0.0,"event_name":"Scrap Ooze","player_choice":"Success","floor":10.0,"gold_loss":0.0,"damage_taken":12.0,"relics_obtained":["Molten Egg 2"]}],"is_beta":false,"boss_relics":[],"items_purged_floors":[5],"is_endless":false,"potions_floor_spawned":[1,2,8],"killed_by":"Gremlin Nob","ascension_level":13}}