{"host":"kth2ngi076kd734g","time":1612694300,"event":{"mods":["BaseMod","Colored Map","Filter the Spire","Minty Spire (QoL Compilation)","Relic Stats"],"gold_per_floor":[110,128,142,160,9,9,42,113,113,113,113,126,151,190,190,318,318,343,362,362,380,380,380,416,416,484,22,22,22,22,60,60,185,185,203,1202,1202,1535,561,588,600,640,731,772,795,824,836,230,230,230,230,230,5,37,37],"floor_reached":56,"language":"ENG","playtime":4395,"items_purged":["Doubt","Normality","Normality"],"score":1678,"play_id":"b480667d-d326-48ac-b045-2c24ab60cf39","local_time":"20210207113820","is_ascension_mode":true,"campfire_choices":[{"data":"Fission","floor":6.0,"key":"SMITH"},{"data":"Hyperbeam","floor":10.0,"key":"SMITH"},{"floor":15.0,"key":"REST"},{"data":"Seek","floor":23.0,"key":"SMITH"},{"data":"Chill","floor":25.0,"key":"SMITH"},{"floor":32.0,"key":"REST"},{"floor":41.0,"key":"RECALL"},{"floor":47.0,"key":"REST"},{"data":"Apotheosis","floor":49.0,"key":"SMITH"},{"data":"Capacitor","floor":52.0,"key":"SMITH"}],"circlet_count":0,"master_deck":["Zap","Dualcast","Seek+1","Lockon","Fission+1","Force Field","Glacier","Hyperbeam+1","Melter","Force Field","Compile Driver+1","Hello World","Go for the Eyes+1","Cold Snap","Reboot","Darkness","Genetic Algorithm","FTL","Creative AI","Cold Snap","Streamline","Necronomicurse","Chill+1","Heatsinks","Turbo","Shame","Electrodynamics","Leap","All For One","FTL+1","Master of Strategy","Jack Of All Trades","PanicButton","Apotheosis+1","Mind Blast","Heatsinks","PanicButton","Panacea","Static Discharge+1","Streamline+1","Writhe","Undo+1","Tempest+1","Stack+1","Aggregate+1","Chill+1","Capacitor+1","Chaos+1","Aggregate+1","Biased Cognition","Loop","Steam+1","Echo Form"],"relics":["Pandora\u0027s Box","Bag of Preparation","Art of War","Dream Catcher","Whetstone","The Courier","Cursed Key","Necronomicon","Incense Burner","PreservedInsect","Mango","MutagenicStrength","Happy Flower","Juzu Bracelet","SlaversCollar","Dead Branch","Strange Spoon","Lantern","MawBank","MealTicket","Toxic Egg 2","Bronze Scales","Toy Ornithopter","Runic Capacitor","Strawberry"],"acts_visited":["Exordium","TheCity","TheBeyond","TheEnding"],"potions_floor_usage":[55,55,55],"damage_taken":[{"damage":1.0,"enemies":"Jaw Worm","floor":1.0,"turns":3.0},{"damage":0.0,"enemies":"Cultist","floor":2.0,"turns":2.0},{"damage":0.0,"enemies":"Small Slimes","floor":3.0,"turns":1.0},{"damage":0.0,"enemies":"3 Louse","floor":4.0,"turns":1.0},{"damage":12.0,"enemies":"Lagavulin","floor":7.0,"turns":6.0},{"damage":0.0,"enemies":"2 Fungi Beasts","floor":12.0,"turns":1.0},{"damage":18.0,"enemies":"Gremlin Nob","floor":14.0,"turns":3.0},{"damage":7.0,"enemies":"Slime Boss","floor":16.0,"turns":6.0},{"damage":11.0,"enemies":"2 Thieves","floor":18.0,"turns":2.0},{"damage":0.0,"enemies":"Spheric Guardian","floor":19.0,"turns":3.0},{"damage":0.0,"enemies":"Shelled Parasite and Fungi","floor":21.0,"turns":5.0},{"damage":5.0,"enemies":"Slavers","floor":24.0,"turns":2.0},{"damage":12.0,"enemies":"Book of Stabbing","floor":31.0,"turns":3.0},{"damage":27.0,"enemies":"Champ","floor":33.0,"turns":12.0},{"damage":0.0,"enemies":"3 Darklings","floor":35.0,"turns":2.0},{"damage":17.0,"enemies":"Nemesis","floor":40.0,"turns":3.0},{"damage":0.0,"enemies":"Reptomancer","floor":42.0,"turns":1.0},{"damage":19.0,"enemies":"Nemesis","floor":44.0,"turns":3.0},{"damage":0.0,"enemies":"3 Shapes","floor":45.0,"turns":2.0},{"damage":0.0,"enemies":"Sphere and 2 Shapes","floor":46.0,"turns":3.0},{"damage":20.0,"enemies":"Time Eater","floor":50.0,"turns":8.0},{"damage":10.0,"enemies":"Shield and Spear","floor":54.0,"turns":3.0},{"damage":78,"enemies":"The Heart","floor":55,"turns":5}],"seed_played":"-3371428071951659511","potions_obtained":[{"floor":2.0,"key":"Strength Potion"},{"floor":4.0,"key":"LiquidBronze"},{"floor":14.0,"key":"SteroidPotion"},{"floor":20.0,"key":"AttackPotion"},{"floor":20.0,"key":"Swift Potion"},{"floor":21.0,"key":"PowerPotion"},{"floor":31.0,"key":"Energy Potion"},{"floor":33.0,"key":"SkillPotion"},{"floor":40.0,"key":"DuplicationPotion"},{"floor":42.0,"key":"Fruit Juice"},{"floor":44.0,"key":"PowerPotion"}],"is_trial":false,"path_per_floor":["M","M","M","M","$","R","E","?","T","R","?","M","T","E","R","B",null,"M","M","?","M","?","R","E","R","T","$","?","?","?","E","R","B",null,"M","?","?","?","$","E","R","E","T","E","M","M","R","$","R","B",null,"R","$","E","B",null],"character_chosen":"DEFECT","items_purchased":["Bag of Preparation","PreservedInsect","Mango","Heatsinks","Apotheosis","Mind Blast","Dead Branch","Strange Spoon","Heatsinks","PanicButton","Panacea","Lantern","Aggregate+1","Chill+1","Capacitor","Chaos+1","Aggregate+1","Toy Ornithopter","Biased Cognition","Runic Capacitor","Loop","Steam+1"],"campfire_rested":3,"item_purchase_floors":[5,27,27,27,39,39,39,39,39,39,39,39,48,48,48,48,48,48,48,53,53,53],"current_hp_per_floor":[74,74,74,74,74,74,62,62,62,62,44,44,44,26,48,41,67,56,56,56,56,40,40,35,35,35,49,49,49,49,37,63,36,76,76,76,66,66,66,49,49,49,49,35,35,35,63,78,78,58,85,85,94,91,28],"gold":37,"neow_bonus":"BOSS_RELIC","is_daily":false,"chose_seed":false,"campfire_upgraded":6,"win_rate":0.0,"timestamp":1612694300,"path_taken":["M","M","M","M","$","R","E","?","T","R","?","M","?","E","R","BOSS","M","M","?","?","?","R","E","R","T","$","?","?","?","E","R","BOSS","M","?","?","?","$","E","R","E","T","E","M","M","R","$","R","BOSS","R","$","E","BOSS"],"items_purchased_type":["Relic","Relic","Relic","Card","Card","Card","Relic","Relic","Card","Card","Card","Relic","Card","Card","Card","Card","Card","Relic","Card","Relic","Card","Card"],"build_version":"2020-12-22","purchased_purges":3,"victory":true,"max_hp_per_floor":[75,75,75,75,75,75,75,75,75,75,75,75,75,75,75,75,75,75,75,75,75,75,75,75,75,75,89,89,89,89,89,89,89,89,89,89,89,89,89,89,89,89,89,94,94,94,94,94,94,94,94,94,94,101,101],"relic_stats":{"Happy Flower":[15],"counters":[23,80],"Dead Branch":[40],"PreservedInsect":260,"Bag of Preparation":[38],"Juzu Bracelet":1,"Whetstone":["Go for the Eyes","Compile Driver"],"Cursed Key":2,"MawBank":96,"Strange Spoon":[30],"Dream Catcher":3,"Bronze Scales":[137],"Pandora\u0027s Box":["Seek","Lockon","Fission","Force Field","Glacier","Hyperbeam","Melter","Force Field"],"MealTicket":24,"Art of War":[3],"Necronomicon":[19],"obtain_stats":[{"Lantern":39,"Mango":27,"Bag of Preparation":5,"Incense Burner":24,"Juzu Bracelet":31,"Runic Capacitor":53,"Whetstone":13,"Cursed Key":17,"Dream Catcher":9,"Strawberry":54,"MealTicket":42,"Necronomicon":22,"Toxic Egg 2":43,"Cracked Core":0,"Happy Flower":30,"Golden Idol":11,"Dead Branch":39,"The Courier":14,"PreservedInsect":27,"MawBank":40,"SlaversCollar":34,"Strange Spoon":39,"MutagenicStrength":29,"Bronze Scales":44,"Pandora\u0027s Box":0,"Art of War":7,"Toy Ornithopter":48},{"Lantern":15,"Mango":12,"Bag of Preparation":4,"Incense Burner":12,"Juzu Bracelet":13,"Runic Capacitor":21,"Whetstone":6,"Cursed Key":8,"Dream Catcher":5,"Strawberry":22,"MealTicket":17,"Necronomicon":11,"Toxic Egg 2":17,"Cracked Core":0,"Happy Flower":12,"Golden Idol":5,"Dead Branch":15,"The Courier":7,"PreservedInsect":12,"MawBank":16,"SlaversCollar":14,"Strange Spoon":15,"MutagenicStrength":12,"Bronze Scales":18,"Pandora\u0027s Box":0,"Art of War":5,"Toy Ornithopter":20},{"Lantern":52,"Mango":35,"Bag of Preparation":7,"Incense Burner":35,"Juzu Bracelet":38,"Runic Capacitor":72,"Whetstone":14,"Cursed Key":23,"Dream Catcher":13,"Strawberry":75,"MealTicket":56,"Necronomicon":33,"Toxic Egg 2":56,"Cracked Core":0,"Happy Flower":35,"Golden Idol":13,"Dead Branch":52,"The Courier":17,"PreservedInsect":35,"MawBank":55,"SlaversCollar":50,"Strange Spoon":52,"MutagenicStrength":35,"Bronze Scales":59,"Pandora\u0027s Box":0,"Art of War":13,"Toy Ornithopter":64}],"Toy Ornithopter":15},"card_choices":[{"not_picked":["Stack","Barrage"],"picked":"Compile Driver","floor":1.0},{"not_picked":["Storm","Lockon"],"picked":"Hello World","floor":2.0},{"not_picked":["Redo","Compile Driver"],"picked":"Go for the Eyes","floor":3.0},{"not_picked":["Gash","Turbo"],"picked":"Cold Snap","floor":4.0},{"not_picked":["Barrage","Stack"],"picked":"Reboot","floor":7.0},{"not_picked":["Beam Cell","Skim"],"picked":"Darkness","floor":12.0},{"not_picked":["Storm","Melter"],"picked":"Genetic Algorithm","floor":14.0},{"not_picked":["Recycle","Double Energy"],"picked":"FTL","floor":15.0},{"not_picked":["Biased Cognition","Thunder Strike"],"picked":"Creative AI","floor":16.0},{"not_picked":["Barrage","Fusion"],"picked":"Cold Snap","floor":18.0},{"not_picked":["Coolheaded","Melter","Blizzard"],"picked":"SKIP","floor":19.0},{"not_picked":["FTL","Compile Driver"],"picked":"Streamline","floor":21.0},{"not_picked":["Cold Snap","Loop+1"],"picked":"Chill","floor":24.0},{"not_picked":["Reprogram","Go for the Eyes"],"picked":"Electrodynamics","floor":31.0},{"not_picked":["Doom and Gloom+1","Sunder"],"picked":"Leap","floor":32.0},{"not_picked":["Seek","Meteor Strike"],"picked":"All For One","floor":33.0},{"not_picked":["Compile Driver","Sweeping Beam"],"picked":"FTL+1","floor":35.0},{"not_picked":["Good Instincts","Enlightenment"],"picked":"Master of Strategy","floor":37.0},{"not_picked":["Deep Breath","Madness"],"picked":"Jack Of All Trades","floor":37.0},{"not_picked":["Secret Technique","Secret Weapon"],"picked":"PanicButton","floor":37.0},{"not_picked":["Force Field","Recycle+1"],"picked":"Static Discharge+1","floor":40.0},{"not_picked":["Hologram","Lockon+1"],"picked":"Streamline+1","floor":42.0},{"not_picked":["Streamline","Barrage"],"picked":"Undo+1","floor":44.0},{"not_picked":["Stack+1","Conserve Battery+1"],"picked":"Tempest+1","floor":45.0},{"not_picked":["Steam+1","Sweeping Beam"],"picked":"Stack+1","floor":46.0},{"not_picked":["Leap+1","Reprogram+1"],"picked":"Echo Form","floor":54.0}],"player_experience":694018,"relics_obtained":[{"floor":7.0,"key":"Art of War"},{"floor":9.0,"key":"Dream Catcher"},{"floor":13.0,"key":"Whetstone"},{"floor":14.0,"key":"The Courier"},{"floor":22.0,"key":"Necronomicon"},{"floor":24.0,"key":"Incense Burner"},{"floor":31.0,"key":"Juzu Bracelet"},{"floor":40.0,"key":"MawBank"},{"floor":42.0,"key":"MealTicket"},{"floor":43.0,"key":"Toxic Egg 2"},{"floor":44.0,"key":"Bronze Scales"},{"floor":54.0,"key":"Strawberry"}],"event_choices":[{"damage_healed":0.0,"max_hp_gain":0.0,"max_hp_loss":0.0,"gold_gain":71.0,"event_name":"Golden Wing","player_choice":"Gained Gold","floor":8.0,"gold_loss":0.0,"damage_taken":0.0},{"damage_healed":0.0,"max_hp_gain":0.0,"max_hp_loss":0.0,"gold_gain":0.0,"event_name":"Golden Idol","player_choice":"Take Damage","floor":11.0,"gold_loss":0.0,"damage_taken":18.0,"relics_obtained":["Golden Idol"]},{"damage_healed":0.0,"max_hp_gain":0.0,"max_hp_loss":0.0,"gold_gain":0.0,"event_name":"Lab","player_choice":"Got Potions","floor":20.0,"gold_loss":0.0,"damage_taken":0.0},{"damage_healed":0.0,"max_hp_gain":0.0,"max_hp_loss":0.0,"gold_gain":0.0,"event_name":"Cursed Tome","player_choice":"Obtained Book","floor":22.0,"gold_loss":0.0,"damage_taken":16.0},{"damage_healed":0.0,"max_hp_gain":0.0,"max_hp_loss":0.0,"gold_gain":0.0,"event_name":"The Library","player_choice":"Read","floor":28.0,"gold_loss":0.0,"damage_taken":0.0,"cards_obtained":["Turbo"]},{"damage_healed":0.0,"max_hp_gain":0.0,"max_hp_loss":0.0,"gold_gain":0.0,"event_name":"Drug Dealer","player_choice":"Inject Mutagens","floor":29.0,"gold_loss":0.0,"damage_taken":0.0,"relics_obtained":["MutagenicStrength"]},{"damage_healed":0.0,"max_hp_gain":0.0,"max_hp_loss":0.0,"gold_gain":0.0,"event_name":"Addict","player_choice":"Stole Relic","floor":30.0,"gold_loss":0.0,"damage_taken":0.0,"relics_obtained":["Happy Flower"],"cards_obtained":["Shame"]},{"damage_healed":0.0,"max_hp_gain":0.0,"max_hp_loss":0.0,"gold_gain":999.0,"event_name":"MindBloom","player_choice":"Gold","floor":36.0,"gold_loss":0.0,"damage_taken":0.0,"cards_obtained":["Normality","Normality"]},{"damage_healed":0.0,"max_hp_gain":0.0,"max_hp_loss":0.0,"gold_gain":0.0,"event_name":"SensoryStone","player_choice":"Memory 3","floor":37.0,"gold_loss":0.0,"damage_taken":10.0},{"damage_healed":0.0,"max_hp_gain":0.0,"max_hp_loss":0.0,"gold_gain":333.0,"event_name":"The Moai Head","player_choice":"Gave Idol","floor":38.0,"relics_lost":["Golden Idol"],"gold_loss":0.0,"damage_taken":0.0}],"is_beta":false,"boss_relics":[{"not_picked":["SacredBark","Fusion Hammer"],"picked":"Cursed Key"},{"not_picked":["Nuclear Battery","Sozu"],"picked":"SlaversCollar"}],"items_purged_floors":[27,39,48],"is_endless":false,"potions_floor_spawned":[2,4,14,16,21,31,33,40,42,44,46],"ascension_level":5}}