{"host":"Qube","time":1612673845,"event":{"mods":["AchievementEnabler","BaseMod","Colored Map","Colored Powertips","Highlight Path","Minty Spire (QoL Compilation)","Permanent Neow","Quick Restart","Random Character Button","StSLib"],"gold_per_floor":[20,39,99,99,118,153,153,179,230,559,570,570,580,580,580,657,657,673,693,135,147,158,158,193,0,23,23,23],"floor_reached":27,"language":"ENG","playtime":1031,"items_purged":["Strike_P"],"score":606,"play_id":"57d22065-dd36-427f-9349-fc234113ac02","local_time":"20210206205725","is_ascension_mode":true,"campfire_choices":[{"floor":7.0,"key":"REST"},{"floor":15.0,"key":"REST"},{"data":"Establishment","floor":23,"key":"SMITH"}],"circlet_count":0,"master_deck":["AscendersBane","Strike_P","Strike_P+1","Strike_P+1","Defend_P","Defend_P","Defend_P+1","Defend_P+1","Eruption+1","Vigilance","LessonLearned+1","Consecrate","Worship+1","ClearTheMind","ThirdEye","Brilliance+1","FlurryOfBlows+1","Swivel","Decay","BowlingBash+1","DeusExMachina","FlurryOfBlows+1","EmptyBody","Establishment+1","ReachHeaven+1","CutThroughFate+1","Halt","Crescendo","Evaluate","Prostrate"],"relics":["PureWater","Molten Egg 2","Toy Ornithopter","Bronze Scales","Old Coin","Coffee Dripper","Vajra","White Beast Statue","Orichalcum"],"acts_visited":["Exordium","TheCity"],"potions_floor_usage":[22,24],"damage_taken":[{"damage":2.0,"enemies":"Jaw Worm","floor":1.0,"turns":5.0},{"damage":0.0,"enemies":"Small Slimes","floor":2.0,"turns":2.0},{"damage":3.0,"enemies":"2 Louse","floor":5.0,"turns":2.0},{"damage":15.0,"enemies":"Lagavulin","floor":6.0,"turns":5.0},{"damage":43.0,"enemies":"3 Sentries","floor":8.0,"turns":12.0},{"damage":12.0,"enemies":"Lagavulin","floor":10.0,"turns":5.0},{"damage":6.0,"enemies":"Red Slaver","floor":11.0,"turns":5.0},{"damage":0.0,"enemies":"2 Fungi Beasts","floor":13.0,"turns":3.0},{"damage":0.0,"enemies":"Slime Boss","floor":16.0,"turns":3.0},{"damage":31.0,"enemies":"Chosen","floor":18.0,"turns":6.0},{"damage":0.0,"enemies":"Spheric Guardian","floor":19.0,"turns":3.0},{"damage":12.0,"enemies":"Snake Plant","floor":21.0,"turns":2.0},{"damage":0,"enemies":"Cultist and Chosen","floor":22,"turns":3},{"damage":25,"enemies":"Slavers","floor":24,"turns":4},{"damage":12,"enemies":"Snecko","floor":27,"turns":3}],"seed_played":"8009012171204548295","potions_obtained":[{"floor":1.0,"key":"CultistPotion"},{"floor":2.0,"key":"EntropicBrew"},{"floor":6.0,"key":"Weak Potion"},{"floor":13.0,"key":"DistilledChaos"},{"floor":18.0,"key":"Swift Potion"},{"floor":21.0,"key":"Dexterity Potion"}],"is_trial":false,"path_per_floor":["M","M","?","?","M","E","R","E","T","E","M","?","M","?","R","B",null,"M","M","$","M","M","R","E","?","T","M"],"character_chosen":"WATCHER","items_purchased":["Establishment","Vajra","ReachHeaven+1","CutThroughFate+1","Halt"],"campfire_rested":2,"item_purchase_floors":[20,20,20,20,20],"current_hp_per_floor":[59,59,59,59,56,41,61,18,18,6,5,5,5,5,25,30,59,28,28,28,16,21,21,1,1,1,0,0],"gold":23,"neow_bonus":"THREE_RARE_CARDS","is_daily":false,"chose_seed":false,"campfire_upgraded":1,"win_rate":0.0,"timestamp":1612673845,"path_taken":["M","M","?","?","M","E","R","E","T","E","M","?","?","?","R","BOSS","M","M","$","M","M","R","E","?","T","M"],"items_purchased_type":["Card","Relic","Card","Card","Card"],"build_version":"2020-12-18","purchased_purges":1,"victory":false,"max_hp_per_floor":[68,68,68,68,68,68,68,68,68,68,68,68,68,68,68,68,68,68,68,68,68,68,68,68,68,68,68,68],"card_choices":[{"not_picked":["Omniscience","Establishment"],"picked":"LessonLearned","floor":0.0},{"not_picked":["Fasting2","Evaluate"],"picked":"Consecrate","floor":1.0},{"not_picked":["FlyingSleeves","Tantrum"],"picked":"Worship","floor":2.0},{"not_picked":["SashWhip","Consecrate"],"picked":"ClearTheMind","floor":5.0},{"not_picked":["MentalFortress","Evaluate"],"picked":"ThirdEye","floor":6.0},{"not_picked":["WheelKick+1","SashWhip+1"],"picked":"Brilliance+1","floor":8.0},{"not_picked":["Sanctity","Fasting2"],"picked":"FlurryOfBlows+1","floor":10.0},{"not_picked":["Sanctity","Wireheading"],"picked":"Swivel","floor":11.0},{"not_picked":["Consecrate+1","CrushJoints+1"],"picked":"BowlingBash+1","floor":13.0},{"not_picked":["MasterReality","Omniscience"],"picked":"DeusExMachina","floor":16.0},{"not_picked":["SashWhip+1","Sanctity"],"picked":"FlurryOfBlows+1","floor":18.0},{"not_picked":["FlurryOfBlows+1","PathToVictory"],"picked":"EmptyBody","floor":19.0},{"not_picked":["Halt","ClearTheMind+1"],"picked":"Crescendo","floor":21.0},{"not_picked":["Wish","Wireheading"],"picked":"Evaluate","floor":22},{"not_picked":["EmptyFist+1","Wish"],"picked":"Prostrate","floor":24}],"player_experience":1098386,"relics_obtained":[{"floor":6.0,"key":"Molten Egg 2"},{"floor":8.0,"key":"Toy Ornithopter"},{"floor":9.0,"key":"Bronze Scales"},{"floor":10.0,"key":"Old Coin"},{"floor":24,"key":"White Beast Statue"},{"floor":26,"key":"Orichalcum"}],"event_choices":[{"damage_healed":0.0,"max_hp_gain":0.0,"max_hp_loss":0.0,"gold_gain":60.0,"event_name":"Golden Wing","player_choice":"Gained Gold","floor":3.0,"gold_loss":0.0,"damage_taken":0.0},{"damage_healed":0.0,"max_hp_gain":0.0,"max_hp_loss":0.0,"gold_gain":0.0,"event_name":"Living Wall","player_choice":"Grow","floor":4.0,"gold_loss":0.0,"damage_taken":0.0,"cards_upgraded":["LessonLearned"]},{"damage_healed":0.0,"max_hp_gain":0.0,"max_hp_loss":0.0,"gold_gain":0.0,"event_name":"Wheel of Change","player_choice":"Cursed","floor":12.0,"gold_loss":0.0,"damage_taken":0.0,"cards_obtained":["Decay"]},{"damage_healed":0.0,"max_hp_gain":0.0,"max_hp_loss":0.0,"gold_gain":0.0,"event_name":"Upgrade Shrine","player_choice":"Upgraded","floor":14.0,"gold_loss":0.0,"damage_taken":0.0,"cards_upgraded":["Worship"]},{"damage_healed":0,"gold_gain":0,"player_choice":"Paid Fearfully","damage_taken":0,"max_hp_gain":0,"max_hp_loss":0,"event_name":"Masked Bandits","floor":25,"gold_loss":193}],"is_beta":true,"boss_relics":[{"not_picked":["Pandora\u0027s Box","Black Star"],"picked":"Coffee Dripper"}],"items_purged_floors":[20],"is_endless":false,"potions_floor_spawned":[1,2,6,13,18,21],"killed_by":"Snecko","ascension_level":20}}