{"host":"7qoz5gmva6til3yp","time":1612691222,"event":{"mods":["2.2 Compatiblity","Astrologer","BaseMod","Marisa£¨Ùöéë¡¡Øª×âÞÞ£©","Minty Spire (QoL Compilation)","StSLib","SuperFastMode"],"gold_per_floor":[119,119,119,140,164,164,199,199,224,250,277,320,120,143,143,263,263,276,201,220,51,69,69,69,69],"floor_reached":24,"language":"KOR","playtime":704,"items_purged":["astrologer:Defend"],"score":229,"play_id":"1fd63127-ac24-4767-96ce-3fd859123128","local_time":"20210207184702","is_ascension_mode":true,"campfire_choices":[{"data":"astrologer:Fireball","floor":6,"key":"SMITH"},{"data":"astrologer:TheFool","floor":8,"key":"SMITH"},{"data":"astrologer:Moonlight","floor":15,"key":"SMITH"},{"data":"astrologer:TheChariot","floor":23,"key":"SMITH"}],"circlet_count":0,"master_deck":["astrologer:Strike","astrologer:Strike","astrologer:Strike","astrologer:Defend","astrologer:Defend","astrologer:Defend","astrologer:NorthStar","astrologer:TheFool+1","astrologer:Opposition","astrologer:Fate","astrologer:Fireball+1","astrologer:ShootingStar","astrologer:Sunrise","astrologer:Moonlight+1","Finesse","astrologer:SolarFlare","astrologer:Moonlight","astrologer:TheChariot+1","astrologer:ShiningStar","Sadistic Nature","astrologer:Retelling+1"],"relics":["astrologer:SkyMirror","NeowsBlessing","Art of War","Golden Idol","Question Card","MawBank","Mummified Hand","Black Star"],"acts_visited":["Exordium","TheCity"],"potions_floor_usage":[10],"damage_taken":[{"damage":0,"enemies":"Jaw Worm","floor":1,"turns":1},{"damage":0,"enemies":"Small Slimes","floor":4,"turns":1},{"damage":0,"enemies":"2 Louse","floor":5,"turns":1},{"damage":25,"enemies":"3 Sentries","floor":7,"turns":8},{"damage":12,"enemies":"Exordium Thugs","floor":10,"turns":3},{"damage":0,"enemies":"Exordium Wildlife","floor":11,"turns":3},{"damage":26,"enemies":"Gremlin Nob","floor":12,"turns":4},{"damage":0,"enemies":"Looter","floor":14,"turns":2},{"damage":24,"enemies":"The Guardian","floor":16,"turns":13},{"damage":15,"enemies":"2 Thieves","floor":18,"turns":4},{"damage":13,"enemies":"Spheric Guardian","floor":20,"turns":4},{"damage":22,"enemies":"Centurion and Healer","floor":22,"turns":6},{"damage":24,"enemies":"Snake Plant","floor":24,"turns":2}],"seed_played":"5651410263747869479","potions_obtained":[{"floor":5,"key":"Explosive Potion"},{"floor":12,"key":"LiquidBronze"},{"floor":14,"key":"Swift Potion"},{"floor":22,"key":"SkillPotion"}],"is_trial":false,"path_per_floor":["M","?","?","M","M","R","E","R","T","M","M","E","$","M","R","B",null,"M","?","M","$","M","R","M"],"character_chosen":"ASTROLOGER","items_purchased":["Finesse","astrologer:SolarFlare","Sadistic Nature"],"campfire_rested":0,"item_purchase_floors":[13,13,21],"current_hp_per_floor":[70,67,50,50,50,50,25,25,25,13,13,49,49,49,49,25,70,55,55,42,42,20,20,0,0],"gold":69,"neow_bonus":"THREE_ENEMY_KILL","is_daily":false,"chose_seed":false,"campfire_upgraded":4,"win_rate":0.0,"timestamp":1612691222,"path_taken":["M","?","?","M","M","R","E","R","T","M","M","E","$","M","R","BOSS","M","?","M","$","M","R","M"],"items_purchased_type":["Card","Card","Card"],"build_version":"2020-12-22","purchased_purges":1,"victory":false,"max_hp_per_floor":[70,70,70,70,70,70,70,70,70,70,70,70,70,70,70,70,70,70,70,70,70,70,70,70,70],"card_choices":[{"not_picked":["astrologer:MeteorShower","astrologer:ReadTheStars"],"picked":"astrologer:Opposition","floor":1},{"not_picked":["astrologer:CosmicExpanse","astrologer:MeteorShower"],"picked":"astrologer:Fate","floor":4},{"not_picked":["astrologer:TheHermit","astrologer:Stardust"],"picked":"astrologer:Fireball","floor":5},{"not_picked":["astrologer:Justice","astrologer:SpaceDust","astrologer:Premonition"],"picked":"SKIP","floor":7},{"not_picked":["astrologer:Opposition","astrologer:ReadTheStars","astrologer:TheEmperor"],"picked":"astrologer:ShootingStar","floor":10},{"not_picked":["astrologer:StarOfCourage","astrologer:Conjunction","astrologer:SpaceDust"],"picked":"astrologer:Sunrise","floor":11},{"not_picked":["astrologer:Radiance","astrologer:Eclipse","astrologer:Premeditation"],"picked":"astrologer:Moonlight","floor":12},{"not_picked":["astrologer:TheTower","astrologer:Still","astrologer:Prestidigitation"],"picked":"astrologer:Moonlight","floor":14},{"not_picked":["astrologer:Premonition","astrologer:HeatDeath","astrologer:Alignment"],"picked":"astrologer:TheChariot","floor":16},{"not_picked":["astrologer:TheTower","astrologer:SolarFlare","astrologer:ReadTheStars+1"],"picked":"astrologer:ShiningStar","floor":18},{"not_picked":["astrologer:Moonlight","astrologer:FrozenStar","astrologer:SpaceDust","astrologer:Observe"],"picked":"SKIP","floor":20},{"not_picked":["astrologer:Observe+1","astrologer:Still","astrologer:Moonlight+1"],"picked":"astrologer:Retelling+1","floor":22}],"player_experience":489994,"relics_obtained":[{"floor":7,"key":"Question Card"},{"floor":9,"key":"MawBank"},{"floor":12,"key":"Mummified Hand"}],"event_choices":[{"damage_healed":0,"gold_gain":0,"player_choice":"Success","damage_taken":3,"relics_obtained":["Art of War"],"max_hp_gain":0,"max_hp_loss":0,"event_name":"Scrap Ooze","floor":2,"gold_loss":0},{"damage_healed":0,"gold_gain":0,"player_choice":"Take Damage","damage_taken":17,"relics_obtained":["Golden Idol"],"max_hp_gain":0,"max_hp_loss":0,"event_name":"Golden Idol","floor":3,"gold_loss":0},{"cards_removed":["astrologer:Strike"],"damage_healed":0,"gold_gain":0,"player_choice":"Gave Gold","damage_taken":0,"max_hp_gain":0,"max_hp_loss":0,"event_name":"Beggar","floor":19,"gold_loss":75}],"is_beta":false,"boss_relics":[{"not_picked":["Velvet Choker","Runic Dome"],"picked":"Black Star"}],"items_purged_floors":[13],"is_endless":false,"potions_floor_spawned":[5,12,14,22],"killed_by":"Snake Plant","ascension_level":2}}