{"host":"11728qvdvolffudn","time":1612711647,"event":{"mods":["BaseMod","Block Reminder","Colored Powertips","Curses Come First","Custom Start","Displayed Cursed Tome","Highlight Path","Minty Spire (QoL Compilation)","Permanent Neow","Quick Restart","Rare Cards Sparkle","Relic Stats","StSLib","Weighted Paths"],"gold_per_floor":[119,129,129,148,148,148,176,176,176,176,451,451,200,231,231,329,329,340,350,61,73,73,73,73,73,73,85,126,154,166,204,216,329,341,366,393,250,270,285,285,285,333,360,62,62,85,85,96,96,96],"floor_reached":51,"language":"ENG","playtime":1643,"items_purged":["Regret","Regret"],"score":780,"play_id":"d2b382a1-6848-4ff9-9acb-d79b6f2edccc","local_time":"20210207152727","is_ascension_mode":true,"campfire_choices":[{"data":"Defend_R","floor":6,"key":"SMITH"},{"data":"Defend_R","floor":8,"key":"SMITH"},{"data":"1","floor":10,"key":"LIFT"},{"data":"Defend_R","floor":12,"key":"SMITH"},{"floor":15,"key":"REST"},{"data":"Limit Break","floor":23,"key":"SMITH"},{"floor":24,"key":"REST"},{"data":"Immolate","floor":27,"key":"SMITH"},{"floor":30,"key":"REST"},{"floor":32,"key":"RECALL"},{"data":"Limit Break","floor":41,"key":"SMITH"},{"data":"2","floor":45,"key":"LIFT"},{"floor":49,"key":"REST"}],"circlet_count":0,"master_deck":["Strike_R+1","Strike_R+1","Strike_R+1","Strike_R+1","Strike_R+1","Defend_R+1","Defend_R+1","Defend_R+1","Defend_R+1","Bash","Whirlwind+1","Spot Weakness","Inflame","Intimidate","Limit Break+1","Feed","Immolate+1","Shrug It Off+1","Shrug It Off","Limit Break+1","Limit Break+1"],"relics":["Burning Blood","Bird Faced Urn","WingedGreaves","Girya","Orrery","Art of War","Philosopher\u0027s Stone","Vajra","MawBank","Bottled Tornado","Lantern","Runic Pyramid","Oddly Smooth Stone","Unceasing Top","Anchor","DollysMirror","Dream Catcher"],"acts_visited":["Exordium","TheCity","TheBeyond"],"potions_floor_usage":[28,33,50,50],"damage_taken":[{"damage":6,"enemies":"Cultist","floor":1,"turns":4},{"damage":7,"enemies":"Jaw Worm","floor":2,"turns":3},{"damage":6,"enemies":"2 Louse","floor":4,"turns":2},{"damage":26,"enemies":"3 Sentries","floor":7,"turns":4},{"damage":54,"enemies":"Gremlin Nob","floor":14,"turns":6},{"damage":10,"enemies":"Slime Boss","floor":16,"turns":7},{"damage":9,"enemies":"Spheric Guardian","floor":18,"turns":3},{"damage":50,"enemies":"3 Byrds","floor":19,"turns":4},{"damage":26,"enemies":"Sentry and Sphere","floor":21,"turns":4},{"damage":33,"enemies":"Slavers","floor":28,"turns":2},{"damage":10,"enemies":"Centurion and Healer","floor":29,"turns":3},{"damage":25,"enemies":"Gremlin Leader","floor":31,"turns":5},{"damage":9,"enemies":"Champ","floor":33,"turns":9},{"damage":20,"enemies":"3 Shapes","floor":35,"turns":3},{"damage":14,"enemies":"3 Darklings","floor":36,"turns":3},{"damage":24,"enemies":"Writhing Mass","floor":38,"turns":3},{"damage":17,"enemies":"Jaw Worm Horde","floor":39,"turns":2},{"damage":15,"enemies":"2 Orb Walkers","floor":42,"turns":2},{"damage":0,"enemies":"Spire Growth","floor":48,"turns":3},{"damage":62,"enemies":"Awakened One","floor":50,"turns":6}],"seed_played":"-3402611165626310230","potions_obtained":[{"floor":2,"key":"ElixirPotion"},{"floor":7,"key":"SpeedPotion"},{"floor":19,"key":"FairyPotion"},{"floor":21,"key":"ColorlessPotion"},{"floor":35,"key":"Ancient Potion"},{"floor":48,"key":"Regen Potion"}],"is_trial":false,"path_per_floor":["M","M","?","M","?","R","E","R","T","R","?","R","$","E","R","B",null,"M","M","$","M","?","R","R","$","T","R","E","M","R","E","R","B",null,"M","M","$","M","M","?","R","?","T","$","R","T","$","M","R","B",null],"character_chosen":"IRONCLAD","items_purchased":["Inflame","Orrery","Vajra","Immolate","Oddly Smooth Stone","DollysMirror","SteroidPotion"],"campfire_rested":4,"item_purchase_floors":[13,13,20,20,37,44,44],"current_hp_per_floor":[80,79,79,79,79,79,59,59,59,59,59,59,59,13,37,35,80,77,35,35,15,15,15,39,39,39,39,12,10,34,17,17,16,80,69,63,63,47,41,41,41,34,34,34,34,34,34,42,66,20],"gold":96,"neow_bonus":"THREE_CARDS","is_daily":false,"chose_seed":false,"campfire_upgraded":6,"win_rate":0.0,"timestamp":1612711647,"path_taken":["M","?","?","M","?","R","E","R","T","R","?","R","$","E","R","BOSS","M","?","$","M","?","R","R","$","T","R","E","M","R","E","R","BOSS","M","M","$","M","M","?","R","?","T","$","R","?","$","M","R","BOSS"],"items_purchased_type":["Card","Relic","Relic","Card","Relic","Relic","Potion"],"build_version":"2020-12-22","purchased_purges":2,"victory":true,"max_hp_per_floor":[80,80,80,80,80,80,80,80,80,80,80,80,80,80,80,80,80,80,80,80,80,80,80,80,80,80,80,80,80,80,80,80,80,80,83,83,83,83,86,82,82,82,82,82,82,82,82,82,82,85],"relic_stats":{"Dream Catcher":1,"counters":[20,78],"Bird Faced Urn":[24],"Art of War":[4],"MawBank":132,"obtain_stats":[{"Girya":9,"Lantern":31,"Vajra":20,"Oddly Smooth Stone":37,"Bottled Tornado":28,"MawBank":26,"Burning Blood":0,"Anchor":43,"Dream Catcher":46,"DollysMirror":44,"Bird Faced Urn":5,"Orrery":13,"Philosopher\u0027s Stone":17,"WingedGreaves":7,"Art of War":14,"Unceasing Top":42,"Runic Pyramid":34},{"Girya":4,"Lantern":12,"Vajra":8,"Oddly Smooth Stone":15,"Bottled Tornado":10,"MawBank":9,"Burning Blood":0,"Anchor":18,"Dream Catcher":18,"DollysMirror":18,"Bird Faced Urn":3,"Orrery":4,"Philosopher\u0027s Stone":6,"WingedGreaves":4,"Art of War":5,"Unceasing Top":18,"Runic Pyramid":13},{"Girya":13,"Lantern":47,"Vajra":33,"Oddly Smooth Stone":62,"Bottled Tornado":39,"MawBank":37,"Burning Blood":0,"Anchor":69,"Dream Catcher":69,"DollysMirror":69,"Bird Faced Urn":9,"Orrery":13,"Philosopher\u0027s Stone":26,"WingedGreaves":13,"Art of War":19,"Unceasing Top":69,"Runic Pyramid":56}],"Burning Blood":120,"Unceasing Top":[1]},"card_choices":[{"not_picked":["Flex","Heavy Blade"],"picked":"Whirlwind","floor":0},{"not_picked":["True Grit","Wild Strike","Twin Strike"],"picked":"SKIP","floor":1},{"not_picked":["Clash","Sword Boomerang","Pommel Strike"],"picked":"SKIP","floor":2},{"not_picked":["Burning Pact","Shockwave","Fiend Fire"],"picked":"SKIP","floor":4},{"not_picked":["Heavy Blade","Wild Strike"],"picked":"Spot Weakness","floor":7},{"not_picked":["Perfected Strike","Cleave"],"picked":"Intimidate","floor":13},{"not_picked":["Iron Wave","Clash"],"picked":"Limit Break","floor":13},{"not_picked":["True Grit","Headbutt","Pummel"],"picked":"SKIP","floor":14},{"not_picked":["Juggernaut","Corruption"],"picked":"Feed","floor":16},{"not_picked":["Clothesline","Body Slam+1","Heavy Blade"],"picked":"SKIP","floor":18},{"not_picked":["Sword Boomerang","Evolve+1","True Grit"],"picked":"SKIP","floor":19},{"not_picked":["True Grit","Bloodletting","Anger+1"],"picked":"SKIP","floor":21},{"not_picked":["Exhume","Clothesline"],"picked":"Shrug It Off+1","floor":28},{"not_picked":["Bloodletting","Dual Wield"],"picked":"Shrug It Off","floor":29},{"not_picked":["Blood for Blood","Clash+1","Armaments"],"picked":"SKIP","floor":31},{"not_picked":["Barricade","Corruption"],"picked":"Limit Break","floor":33},{"not_picked":["Searing Blow+1","Wild Strike","Body Slam"],"picked":"SKIP","floor":35},{"not_picked":["Body Slam","Shrug It Off+1","Flame Barrier"],"picked":"SKIP","floor":36},{"not_picked":["Clothesline+1","Brutality","Thunderclap"],"picked":"SKIP","floor":38},{"not_picked":["Armaments","Warcry+1","Anger"],"picked":"SKIP","floor":39},{"not_picked":["Pommel Strike","Iron Wave+1","Disarm"],"picked":"SKIP","floor":48}],"player_experience":181581,"relics_obtained":[{"floor":7,"key":"WingedGreaves"},{"floor":9,"key":"Girya"},{"floor":14,"key":"Art of War"},{"floor":26,"key":"MawBank"},{"floor":28,"key":"Bottled Tornado"},{"floor":31,"key":"Lantern"},{"floor":42,"key":"Unceasing Top"},{"floor":43,"key":"Anchor"},{"floor":46,"key":"Dream Catcher"}],"event_choices":[{"damage_healed":0,"gold_gain":0,"player_choice":"Grow","damage_taken":0,"max_hp_gain":0,"max_hp_loss":0,"event_name":"Living Wall","floor":3,"gold_loss":0,"cards_upgraded":["Whirlwind"]},{"damage_healed":0,"gold_gain":0,"player_choice":"Box","damage_taken":0,"relics_obtained":["Bird Faced Urn"],"max_hp_gain":0,"max_hp_loss":0,"event_name":"Big Fish","floor":5,"gold_loss":0,"cards_obtained":["Regret"]},{"damage_healed":0,"gold_gain":275,"player_choice":"Desecrate","damage_taken":0,"max_hp_gain":0,"max_hp_loss":0,"event_name":"Golden Shrine","floor":11,"gold_loss":0,"cards_obtained":["Regret"]},{"damage_healed":0,"gold_gain":0,"player_choice":"Simplicity","damage_taken":0,"max_hp_gain":0,"max_hp_loss":0,"event_name":"Back to Basics","floor":22,"gold_loss":0,"cards_upgraded":["Strike_R","Strike_R","Strike_R","Strike_R","Strike_R","Defend_R"]},{"damage_healed":0,"gold_gain":0,"player_choice":"Max HP","damage_taken":0,"max_hp_gain":0,"max_hp_loss":4,"event_name":"Winding Halls","floor":40,"gold_loss":0},{"damage_healed":0,"gold_gain":0,"player_choice":"Fight","damage_taken":0,"max_hp_gain":0,"max_hp_loss":0,"event_name":"Mysterious Sphere","floor":42,"gold_loss":0}],"is_beta":false,"boss_relics":[{"not_picked":["Astrolabe","Fusion Hammer"],"picked":"Philosopher\u0027s Stone"},{"not_picked":["Sozu","Pandora\u0027s Box"],"picked":"Runic Pyramid"}],"items_purged_floors":[13,44],"is_endless":false,"potions_floor_spawned":[2,7,19,21,35,48],"ascension_level":2}}