{"host":"9n6i2vl93jt4o42q","time":1612695429,"event":{"mods":["BaseMod","Minty Spire (QoL Compilation)","Relic Stats"],"gold_per_floor":[110,110,130,149,224,224,242,242,292,318,318,336,60,87,87,158,158,169,169,169,181,216,241,260,260,286,320,10,20,20,49,49,124,124,165,165,8,21,75,105,105,0,26,26,39,64,95,95,95,95,95],"floor_reached":50,"language":"ENG","playtime":3385,"items_purged":["Defend_P"],"score":1178,"play_id":"7455cb39-605d-474c-ac61-c5053ecb0c32","local_time":"20210207115709","is_ascension_mode":true,"campfire_choices":[{"data":"Eruption","floor":6.0,"key":"SMITH"},{"data":"Adaptation","floor":8.0,"key":"SMITH"},{"floor":11.0,"key":"REST"},{"data":"ThirdEye","floor":15.0,"key":"SMITH"},{"data":"WaveOfTheHand","floor":25.0,"key":"SMITH"},{"data":"Judgement","floor":30.0,"key":"SMITH"},{"data":"RitualDagger","floor":32.0,"key":"SMITH"},{"floor":41,"key":"RECALL"},{"data":"WreathOfFlame","floor":44,"key":"SMITH"},{"data":"Wish","floor":49,"key":"SMITH"}],"circlet_count":0,"master_deck":["AscendersBane","Strike_P+1","Strike_P+1","Strike_P+1","Defend_P+1","Defend_P+1","Defend_P+1","Eruption+1","Vigilance","FlurryOfBlows","BowlingBash","Adaptation+1","FollowUp","ThirdEye+1","DeceiveReality","Conclude","Sanctity","Judgement+1","CurseOfTheBell","RitualDagger+1","EmptyFist","Indignation","WaveOfTheHand+1","Tantrum","FlyingSleeves+1","ClearTheMind","DeusExMachina","Wish+1","CutThroughFate+1","Sanctity","WreathOfFlame+1","EmptyBody","Protect+1"],"relics":["PureWater","Anchor","Pen Nib","Oddly Smooth Stone","TungstenRod","War Paint","Art of War","Calling Bell","Toy Ornithopter","StrikeDummy","Unceasing Top","Red Mask","Meat on the Bone","Vajra","Sundial","Toolbox","Omamori","Coffee Dripper","ClockworkSouvenir","Turnip","Thread and Needle","CloakClasp","CaptainsWheel","Centennial Puzzle"],"acts_visited":["Exordium","TheCity","TheBeyond"],"potions_floor_usage":[40,47,47],"damage_taken":[{"damage":4.0,"enemies":"Small Slimes","floor":1.0,"turns":4.0},{"damage":0.0,"enemies":"Jaw Worm","floor":3.0,"turns":2.0},{"damage":0.0,"enemies":"2 Louse","floor":4.0,"turns":2.0},{"damage":8.0,"enemies":"Blue Slaver","floor":7.0,"turns":4.0},{"damage":16.0,"enemies":"Gremlin Nob","floor":10.0,"turns":3.0},{"damage":2.0,"enemies":"Exordium Wildlife","floor":12.0,"turns":4.0},{"damage":2.0,"enemies":"3 Sentries","floor":14.0,"turns":5.0},{"damage":32.0,"enemies":"Hexaghost","floor":16.0,"turns":14.0},{"damage":0.0,"enemies":"Shell Parasite","floor":18.0,"turns":1.0},{"damage":0.0,"enemies":"Spheric Guardian","floor":21.0,"turns":2.0},{"damage":1.0,"enemies":"Masked Bandits","floor":22.0,"turns":3.0},{"damage":3.0,"enemies":"Gremlin Leader","floor":23.0,"turns":4.0},{"damage":2.0,"enemies":"Snecko","floor":24.0,"turns":3.0},{"damage":7.0,"enemies":"Slavers","floor":27.0,"turns":4.0},{"damage":0.0,"enemies":"Sentry and Sphere","floor":29.0,"turns":3.0},{"damage":3.0,"enemies":"Book of Stabbing","floor":31.0,"turns":4.0},{"damage":34.0,"enemies":"Champ","floor":33.0,"turns":5.0},{"damage":8.0,"enemies":"3 Shapes","floor":35.0,"turns":5.0},{"damage":1.0,"enemies":"Orb Walker","floor":38.0,"turns":2.0},{"damage":9.0,"enemies":"2 Orb Walkers","floor":39.0,"turns":3.0},{"damage":33,"enemies":"Nemesis","floor":40,"turns":7},{"damage":11,"enemies":"Spire Growth","floor":45,"turns":3},{"damage":9,"enemies":"Mind Bloom Boss Battle","floor":46,"turns":6},{"damage":1,"enemies":"Reptomancer","floor":47,"turns":3},{"damage":47,"enemies":"Time Eater","floor":50,"turns":14}],"seed_played":"-630448226921599403","potions_obtained":[{"floor":1.0,"key":"SkillPotion"},{"floor":3.0,"key":"Fruit Juice"},{"floor":12.0,"key":"DuplicationPotion"},{"floor":16.0,"key":"Block Potion"},{"floor":27.0,"key":"DistilledChaos"},{"floor":35.0,"key":"SteroidPotion"},{"floor":38.0,"key":"Fire Potion"},{"floor":39.0,"key":"GamblersBrew"}],"is_trial":false,"path_per_floor":["M","?","M","M","?","R","M","R","T","E","R","M","$","E","R","B",null,"M","?","?","M","?","E","M","R","T","E","$","M","R","E","R","B",null,"M","?","$","M","?","E","R","$","T","R","M","?","E","T","R","B"],"character_chosen":"WATCHER","items_purchased":["Conclude","War Paint","ClearTheMind","Toolbox","LiquidMemories","ClockworkSouvenir","Ambrosia"],"campfire_rested":1,"item_purchase_floors":[13,13,28,28,28,37,42],"current_hp_per_floor":[57,52,52,52,41,41,33,33,33,17,37,40,40,38,38,6,56,56,51,51,51,50,47,50,50,50,48,48,48,48,45,45,33,63,55,55,55,54,45,29,29,29,29,29,30,33,42,42,42,0,0],"gold":95,"neow_bonus":"RANDOM_COMMON_RELIC","is_daily":false,"chose_seed":false,"campfire_upgraded":8,"win_rate":0.0,"timestamp":1612695429,"path_taken":["M","?","M","M","?","R","M","R","T","E","R","M","?","E","R","BOSS","M","?","?","M","?","E","M","R","T","E","?","M","R","E","R","BOSS","M","?","$","M","?","E","R","$","T","R","M","?","E","?","R","BOSS"],"items_purchased_type":["Card","Relic","Card","Relic","Potion","Relic","Potion"],"build_version":"2020-12-22","purchased_purges":1,"victory":false,"max_hp_per_floor":[68,68,68,68,68,68,68,68,68,68,68,73,73,73,73,73,73,73,73,73,73,73,73,73,73,73,73,73,73,73,73,73,73,73,73,73,73,73,73,73,73,73,73,73,73,73,73,73,73,73,73],"relic_stats":{"counters":[25,110],"Pen Nib":[22],"CloakClasp":[67],"War Paint":["Defend_P","Defend_P"],"Centennial Puzzle":[3],"Sundial":[4],"Turnip":[3],"Art of War":[13],"obtain_stats":[{"Oddly Smooth Stone":9,"Vajra":26,"Thread and Needle":40,"Pen Nib":2,"Omamori":31,"CloakClasp":46,"War Paint":13,"ClockworkSouvenir":37,"Calling Bell":17,"Anchor":0,"CaptainsWheel":47,"Centennial Puzzle":48,"Sundial":27,"Toolbox":28,"Turnip":39,"Art of War":14,"Red Mask":22,"Coffee Dripper":34,"PureWater":0,"StrikeDummy":17,"TungstenRod":10,"Toy Ornithopter":17,"Unceasing Top":17,"Meat on the Bone":23},{"Oddly Smooth Stone":4,"Vajra":13,"Thread and Needle":21,"Pen Nib":1,"Omamori":16,"CloakClasp":23,"War Paint":6,"ClockworkSouvenir":18,"Calling Bell":8,"Anchor":0,"CaptainsWheel":24,"Centennial Puzzle":24,"Sundial":14,"Toolbox":14,"Turnip":20,"Art of War":7,"Red Mask":11,"Coffee Dripper":17,"PureWater":0,"StrikeDummy":8,"TungstenRod":5,"Toy Ornithopter":8,"Unceasing Top":8,"Meat on the Bone":12},{"Oddly Smooth Stone":12,"Vajra":51,"Thread and Needle":84,"Pen Nib":4,"Omamori":62,"CloakClasp":93,"War Paint":19,"ClockworkSouvenir":72,"Calling Bell":38,"Anchor":0,"CaptainsWheel":96,"Centennial Puzzle":96,"Sundial":55,"Toolbox":55,"Turnip":77,"Art of War":24,"Red Mask":44,"Coffee Dripper":67,"PureWater":0,"StrikeDummy":38,"TungstenRod":15,"Toy Ornithopter":38,"Unceasing Top":38,"Meat on the Bone":48}],"TungstenRod":39,"Toy Ornithopter":35,"Unceasing Top":[6],"Meat on the Bone":48},"card_choices":[{"not_picked":["Vengeance","FlyingSleeves"],"picked":"FlurryOfBlows","floor":1.0},{"not_picked":["CutThroughFate","FlyingSleeves"],"picked":"BowlingBash","floor":3.0},{"not_picked":["Prostrate","FlyingSleeves"],"picked":"Adaptation","floor":4.0},{"not_picked":["PathToVictory","ClearTheMind"],"picked":"FollowUp","floor":7.0},{"not_picked":["SpiritShield","Crescendo"],"picked":"ThirdEye","floor":10.0},{"not_picked":["PathToVictory","FlurryOfBlows"],"picked":"DeceiveReality","floor":12.0},{"not_picked":["FollowUp","WindmillStrike"],"picked":"Sanctity","floor":14.0},{"not_picked":["MasterReality","Scrawl"],"picked":"Judgement","floor":16.0},{"not_picked":["Protect","CrushJoints","Weave"],"picked":"SKIP","floor":18.0},{"not_picked":["BowlingBash","Consecrate"],"picked":"EmptyFist","floor":21.0},{"not_picked":["ClearTheMind","PathToVictory"],"picked":"Indignation","floor":22.0},{"not_picked":["Brilliance","WheelKick"],"picked":"WaveOfTheHand","floor":23.0},{"not_picked":["Evaluate","SashWhip"],"picked":"Tantrum","floor":24.0},{"not_picked":["JustLucky","MentalFortress"],"picked":"FlyingSleeves+1","floor":27.0},{"not_picked":["Crescendo","CrushJoints","DeceiveReality"],"picked":"SKIP","floor":29.0},{"not_picked":["Perseverance","CrushJoints"],"picked":"DeusExMachina","floor":31.0},{"not_picked":["Judgement","Alpha"],"picked":"Wish","floor":33.0},{"not_picked":["Halt","Indignation","BowlingBash"],"picked":"SKIP","floor":35.0},{"not_picked":["FlurryOfBlows+1","FlyingSleeves"],"picked":"CutThroughFate+1","floor":38.0},{"not_picked":["Weave","Wallop"],"picked":"Sanctity","floor":39.0},{"not_picked":["Adaptation+1","CrushJoints"],"picked":"WreathOfFlame","floor":40},{"not_picked":["Conclude+1","Establishment","SandsOfTime"],"picked":"SKIP","floor":45},{"not_picked":["SashWhip","EmptyFist"],"picked":"EmptyBody","floor":46},{"not_picked":["JustLucky","FollowUp"],"picked":"Protect+1","floor":47}],"player_experience":2507179,"relics_obtained":[{"floor":9.0,"key":"Oddly Smooth Stone"},{"floor":10.0,"key":"TungstenRod"},{"floor":14.0,"key":"Art of War"},{"floor":17.0,"key":"Toy Ornithopter"},{"floor":17.0,"key":"StrikeDummy"},{"floor":17.0,"key":"Unceasing Top"},{"floor":22.0,"key":"Red Mask"},{"floor":23.0,"key":"Meat on the Bone"},{"floor":26.0,"key":"Vajra"},{"floor":27.0,"key":"Sundial"},{"floor":31.0,"key":"Omamori"},{"floor":39.0,"key":"Turnip"},{"floor":40,"key":"Thread and Needle"},{"floor":46,"key":"CloakClasp"},{"floor":47,"key":"CaptainsWheel"},{"floor":48,"key":"Centennial Puzzle"}],"event_choices":[{"damage_healed":0.0,"max_hp_gain":0.0,"max_hp_loss":0.0,"gold_gain":0.0,"event_name":"Scrap Ooze","player_choice":"Success","floor":2.0,"gold_loss":0.0,"damage_taken":5.0,"relics_obtained":["Pen Nib"]},{"damage_healed":0.0,"max_hp_gain":0.0,"max_hp_loss":0.0,"gold_gain":75.0,"event_name":"World of Goop","player_choice":"Gather Gold","floor":5.0,"gold_loss":0.0,"damage_taken":11.0},{"damage_healed":0.0,"max_hp_gain":0.0,"max_hp_loss":0.0,"gold_gain":0.0,"event_name":"Nest","player_choice":"Joined the Cult","floor":19.0,"gold_loss":0.0,"damage_taken":6.0,"cards_obtained":["RitualDagger"]},{"damage_healed":0.0,"max_hp_gain":0.0,"max_hp_loss":0.0,"gold_gain":0.0,"event_name":"Back to Basics","player_choice":"Simplicity","floor":20.0,"gold_loss":0.0,"damage_taken":0.0,"cards_upgraded":["Strike_P","Strike_P","Strike_P","Strike_P","Defend_P"]},{"damage_healed":0.0,"max_hp_gain":0.0,"max_hp_loss":0.0,"gold_gain":0.0,"event_name":"Masked Bandits","player_choice":"Fought Bandits","floor":22.0,"gold_loss":0.0,"damage_taken":0.0},{"cards_removed":["Strike_P"],"damage_healed":0.0,"max_hp_gain":0.0,"max_hp_loss":0.0,"gold_gain":0.0,"event_name":"Falling","player_choice":"Removed Attack","floor":36.0,"gold_loss":0.0,"damage_taken":0.0},{"damage_healed":0.0,"max_hp_gain":0.0,"max_hp_loss":0.0,"gold_gain":0.0,"event_name":"Mysterious Sphere","player_choice":"Fight","floor":39.0,"gold_loss":0.0,"damage_taken":0.0},{"damage_healed":0,"gold_gain":0,"player_choice":"Fight","damage_taken":0,"max_hp_gain":0,"max_hp_loss":0,"event_name":"MindBloom","floor":46,"gold_loss":0}],"is_beta":false,"boss_relics":[{"not_picked":["SlaversCollar","Philosopher\u0027s Stone"],"picked":"Calling Bell"},{"not_picked":["HolyWater","Sozu"],"picked":"Coffee Dripper"}],"items_purged_floors":[13],"is_endless":false,"potions_floor_spawned":[1,3,12,16,18,22,23,27,35,38,39,46],"killed_by":"Time Eater","ascension_level":20}}