{"host":"d3is8viywkqxo0ur","time":1612677546,"event":{"mods":["BaseMod","Colored Map","Colored Powertips","Minty Spire (QoL Compilation)","Relic Stats","Replay The Spire","StSLib","noobMod","≤–¡Ù÷ÆŒÔ"],"gold_per_floor":[109,125,225,240,255,290,290,316,394,419,419,419,477,491,491,615,615,685,754,265,265,325,325,69,137,137,215,215,115,115,136,136,261,361,427,451,451,512,162,243,318,318,344,194,194,208,267,612,624,636],"floor_reached":51,"language":"ZHS","playtime":3922,"items_purged":["Strike_G","Strike_G","Defend_G","Defend_G"],"score":964,"play_id":"9cee7c56-f759-4530-a2e6-b56b69c5d224","local_time":"20210207135906","is_ascension_mode":true,"campfire_choices":[{"floor":7.0,"key":"REST"},{"data":"After Image","floor":15.0,"key":"SMITH"},{"data":"Noxious Fumes","floor":23.0,"key":"SMITH"},{"floor":28.0,"key":"RECALL"},{"data":"A Thousand Cuts","floor":30.0,"key":"SMITH"},{"data":"Apotheosis","floor":32.0,"key":"SMITH"},{"data":"Replay:Poison Smokescreen","floor":45,"key":"SMITH"},{"data":"Pot Of Greed","floor":49,"key":"SMITH"}],"circlet_count":0,"master_deck":["Strike_G","Strike_G","Defend_G","Survivor","Neutralize","Catalyst","Dagger Throw","Flying Knee","Accuracy","After Image+1","Dagger Throw","Acrobatics","Looming Evil","Noxious Fumes","ReplayTheSpireMod:The Works","Crippling Poison+1","A Thousand Cuts+1","Atom Bomb","ReplayTheSpireMod:Shiv Toss+1","Sucker Punch+1","Replay:Bag of Tricks+1","Reflex","Toxin Wave+1","Leg Sweep","Backflip+1","Apotheosis+1","Caltrops","Pot Of Greed","Pot Of Greed+1","Pot Of Greed","Footwork","Noxious Fumes+1","Replay:Poison Smokescreen+1","Well Laid Plans+1","Dagger Throw","Dagger Throw+1","Pot Of Greed+1","A Thousand Cuts+1","Replay:Poison Smokescreen+1","Heel Hook+1","Deadly Poison","Skewer","Poisoned Stab","Underhanded Strike","Noxious Fumes+1","Dagger Spray","Infinite Blades+1","Terror","Pot Of Greed","Crippling Poison+1"],"relics":["Ring of the Snake","ice","Prayer Wheel","Torii","ReplayTheSpireMod:TigerMarble","ReplayTheSpireMod:Ring of Addiction","Potion Belt","ReplayTheSpireMod:Ring of Challenge","Toy Ornithopter","Astrolabe","TwistedFunnel","Grinning Jar","Bottled Tornado","Frozen Egg 2","InkBottle","Replay:Wanted Poster","PlaceholderMod:DeVermisMysteriis","TheAbacus","Letter Opener","War Paint","Orichalcum","MawBank"],"acts_visited":["Exordium","TheCity","TheBeyond"],"potions_floor_usage":[],"damage_taken":[{"damage":7.0,"enemies":"Small Slimes","floor":1.0,"turns":4.0},{"damage":0.0,"enemies":"Cultist","floor":2.0,"turns":4.0},{"damage":0.0,"enemies":"2 Louse","floor":4.0,"turns":2.0},{"damage":0.0,"enemies":"Blue Slaver","floor":5.0,"turns":5.0},{"damage":66.0,"enemies":"Lagavulin","floor":6.0,"turns":12.0},{"damage":22.0,"enemies":"3 Sentries","floor":8.0,"turns":10.0},{"damage":7.0,"enemies":"Gremlin Nob","floor":10.0,"turns":4.0},{"damage":4.0,"enemies":"Exordium Wildlife","floor":13.0,"turns":1.0},{"damage":7.0,"enemies":"Looter","floor":14.0,"turns":3.0},{"damage":4.0,"enemies":"Hexaghost","floor":16.0,"turns":9.0},{"damage":19.0,"enemies":"Shell Parasite","floor":18.0,"turns":3.0},{"damage":27.0,"enemies":"Spheric Guardian","floor":19.0,"turns":3.0},{"damage":46.0,"enemies":"Chosen and Byrds","floor":22.0,"turns":7.0},{"damage":25.0,"enemies":"Snecko","floor":25.0,"turns":4.0},{"damage":0.0,"enemies":"Gremlin Leader","floor":27.0,"turns":3.0},{"damage":0.0,"enemies":"Shelled Parasite and Fungi","floor":31.0,"turns":2.0},{"damage":5.0,"enemies":"Automaton","floor":33.0,"turns":3.0},{"damage":10.0,"enemies":"3 Shapes","floor":35.0,"turns":4.0},{"damage":0.0,"enemies":"Orb Walker","floor":36.0,"turns":1.0},{"damage":31.0,"enemies":"Maw","floor":38.0,"turns":4.0},{"damage":12.0,"enemies":"Giant Head","floor":40.0,"turns":5.0},{"damage":42,"enemies":"3 Darklings","floor":46,"turns":4},{"damage":28,"enemies":"Spire Growth","floor":47,"turns":5},{"damage":58,"enemies":"Donu and Deca","floor":50,"turns":6}],"seed_played":"-3054766874127752955","potions_obtained":[{"floor":1.0,"key":"Adrenaline Potion"},{"floor":6.0,"key":"Weak Potion"},{"floor":10.0,"key":"Fruit Juice"},{"floor":11.0,"key":"LiquidMemories"},{"floor":11.0,"key":"Adrenaline Potion"},{"floor":11.0,"key":"EssenceOfSteel"},{"floor":18.0,"key":"EssenceOfSteel"},{"floor":22.0,"key":"ColorlessPotion"},{"floor":31.0,"key":"Swift Potion"},{"floor":41,"key":"DuplicationPotion"},{"floor":41,"key":"Adrenaline Potion"}],"is_trial":false,"path_per_floor":["M","M","?","M","M","E","R","E","T","E","?","?","M","M","R","B",null,"M","M","$","?","M","R","$","M","T","E","R","$","R","M","R","B",null,"M","M","?","M","$","E","?","?","T","$","R","M","M","?","R","B",null],"character_chosen":"THE_SILENT","items_purchased":["TwistedFunnel","Apotheosis","Caltrops","Bottled Tornado","Noxious Fumes+1","TheAbacus"],"campfire_rested":1,"item_purchase_floors":[20,20,20,24,39,39],"current_hp_per_floor":[70,70,70,70,70,4,27,77,77,75,75,54,50,48,48,44,106,85,63,63,63,124,124,124,99,99,99,99,99,99,99,99,94,133,121,121,121,95,95,83,50,50,50,50,50,8,107,107,107,53],"gold":648,"neow_bonus":"TEN_PERCENT_HP_BONUS","is_daily":false,"chose_seed":false,"campfire_upgraded":6,"win_rate":0.0,"timestamp":1612677546,"path_taken":["M","M","?","M","?","E","R","E","T","E","?","?","M","M","R","BOSS","M","M","$","?","M","R","$","M","T","E","R","$","R","M","R","BOSS","M","M","?","M","$","E","?","?","T","?","R","?","M","?","R","BOSS"],"items_purchased_type":["Relic","Card","Card","Relic","Card","Relic"],"build_version":"2020-12-22","purchased_purges":4,"victory":true,"max_hp_per_floor":[77,77,77,77,77,77,77,80,80,87,87,87,91,93,93,106,106,107,110,110,110,126,126,126,134,132,132,132,130,130,133,131,133,133,134,134,134,133,133,135,135,135,133,133,133,131,137,137,135,145],"relic_stats":{"Torii":41,"counters":[24,108],"Astrolabe":["ReplayTheSpireMod:Shiv Toss","Sucker Punch","Replay:Bag of Tricks"],"Letter Opener":[0],"War Paint":["Crippling Poison","Pot Of Greed"],"Orichalcum":[0],"MawBank":48,"TheAbacus":[0],"Prayer Wheel":12,"obtain_stats":[{"Potion Belt":11,"TwistedFunnel":20,"Torii":8,"Golden Idol":12,"ReplayTheSpireMod:Ring of Addiction":11,"Astrolabe":17,"PlaceholderMod:DeVermisMysteriis":35,"ice":0,"Letter Opener":40,"Bottled Tornado":24,"Frozen Egg 2":26,"War Paint":41,"Orichalcum":43,"MawBank":47,"Replay:Wanted Poster":34,"TheAbacus":39,"Prayer Wheel":6,"ReplayTheSpireMod:TigerMarble":10,"ReplayTheSpireMod:Ring of Challenge":11,"Grinning Jar":22,"Toy Ornithopter":11,"InkBottle":27,"Ring of the Snake":0},{"Potion Belt":7,"TwistedFunnel":12,"Torii":6,"Golden Idol":7,"ReplayTheSpireMod:Ring of Addiction":7,"Astrolabe":10,"PlaceholderMod:DeVermisMysteriis":18,"ice":0,"Letter Opener":21,"Bottled Tornado":13,"Frozen Egg 2":14,"War Paint":21,"Orichalcum":21,"MawBank":23,"Replay:Wanted Poster":17,"TheAbacus":20,"Prayer Wheel":5,"ReplayTheSpireMod:TigerMarble":7,"ReplayTheSpireMod:Ring of Challenge":7,"Grinning Jar":13,"Toy Ornithopter":7,"InkBottle":15,"Ring of the Snake":0},{"Potion Belt":41,"TwistedFunnel":60,"Torii":37,"Golden Idol":41,"ReplayTheSpireMod:Ring of Addiction":41,"Astrolabe":54,"PlaceholderMod:DeVermisMysteriis":83,"ice":0,"Letter Opener":93,"Bottled Tornado":67,"Frozen Egg 2":71,"War Paint":93,"Orichalcum":93,"MawBank":102,"Replay:Wanted Poster":79,"TheAbacus":88,"Prayer Wheel":27,"ReplayTheSpireMod:TigerMarble":41,"ReplayTheSpireMod:Ring of Challenge":41,"Grinning Jar":67,"Toy Ornithopter":41,"InkBottle":74,"Ring of the Snake":0}],"Toy Ornithopter":20,"InkBottle":[17],"Ring of the Snake":[48]},"card_choices":[{"not_picked":["Slice","Dodge and Roll"],"picked":"Catalyst","floor":1.0},{"not_picked":["Blade Dance","Flying Knee"],"picked":"Dagger Throw","floor":2.0},{"not_picked":["Unload","Masterful Stab"],"picked":"Flying Knee","floor":4.0},{"not_picked":["Sucker Punch","PiercingWail"],"picked":"Accuracy","floor":5.0},{"not_picked":["Terror","Catalyst"],"picked":"After Image","floor":6.0},{"not_picked":["Cloak And Dagger","Dodge and Roll"],"picked":"Dagger Throw","floor":8.0},{"not_picked":["Backflip","Deflect"],"picked":"Acrobatics","floor":10.0},{"not_picked":["Prepared","Cloak And Dagger"],"picked":"Noxious Fumes","floor":13.0},{"not_picked":["Acrobatics","Flechettes"],"picked":"ReplayTheSpireMod:The Works","floor":13.0},{"not_picked":["PiercingWail","Masterful Stab"],"picked":"Crippling Poison","floor":14.0},{"not_picked":["Cloak And Dagger","Accuracy"],"picked":"A Thousand Cuts","floor":14.0},{"not_picked":["ReplayTheSpireMod:From All Sides","Unload"],"picked":"Atom Bomb","floor":16.0},{"not_picked":["Eviscerate","Catalyst"],"picked":"Reflex","floor":18.0},{"not_picked":["Acrobatics","Escape Plan"],"picked":"Toxin Wave+1","floor":18.0},{"not_picked":["ReplayTheSpireMod:Tripwire","Masterful Stab+1"],"picked":"Leg Sweep","floor":19.0},{"not_picked":["Blade Dance","Dagger Spray"],"picked":"Backflip+1","floor":19.0},{"not_picked":["Cloak And Dagger","Flying Knee+1"],"picked":"Footwork","floor":22.0},{"not_picked":["Slice+1","Acrobatics"],"picked":"Noxious Fumes","floor":22.0},{"not_picked":["Quick Slash","Bane"],"picked":"Replay:Poison Smokescreen","floor":25.0},{"not_picked":["Leg Sweep+1","Underhanded Strike","Deflect"],"picked":"SKIP","floor":25.0},{"not_picked":["Unload","Replay:Bag of Tricks"],"picked":"Well Laid Plans+1","floor":27.0},{"not_picked":["Riddle With Holes","Well Laid Plans+1"],"picked":"Dagger Throw","floor":31.0},{"not_picked":["Bane+1","Dagger Spray"],"picked":"Dagger Throw+1","floor":31.0},{"not_picked":["ReplayTheSpireMod:From All Sides","Tools of the Trade+1"],"picked":"A Thousand Cuts+1","floor":33.0},{"not_picked":["Acrobatics+1","Dodge and Roll+1"],"picked":"Replay:Poison Smokescreen+1","floor":35.0},{"not_picked":["Dodge and Roll+1","Masterful Stab+1"],"picked":"Heel Hook+1","floor":35.0},{"not_picked":["Bane+1","Underhanded Strike"],"picked":"Deadly Poison","floor":36.0},{"not_picked":["Expertise","Masterful Stab+1"],"picked":"Skewer","floor":36.0},{"not_picked":["Hidden Blade","Flying Knee"],"picked":"Poisoned Stab","floor":38.0},{"not_picked":["Leg Sweep","Terror"],"picked":"Underhanded Strike","floor":38.0},{"not_picked":["Wraith Form v2+1","Backflip+1"],"picked":"Dagger Spray","floor":40},{"not_picked":["Poisoned Stab","Deflect"],"picked":"Expertise+1","floor":41},{"not_picked":["Expertise","ReplayTheSpireMod:Scrap Shanks+1"],"picked":"Infinite Blades+1","floor":46},{"not_picked":["Blade Dance","Outmaneuver"],"picked":"Terror","floor":46},{"not_picked":["Hidden Blade+1","Flying Knee"],"picked":"Crippling Poison+1","floor":47},{"not_picked":["Sucker Punch","Leg Sweep+1","Outmaneuver"],"picked":"SKIP","floor":47}],"player_experience":92808,"relics_obtained":[{"floor":6.0,"key":"Prayer Wheel"},{"floor":8.0,"key":"Torii"},{"floor":10.0,"key":"ReplayTheSpireMod:TigerMarble"},{"floor":11.0,"key":"ReplayTheSpireMod:Ring of Addiction"},{"floor":11.0,"key":"Potion Belt"},{"floor":11.0,"key":"ReplayTheSpireMod:Ring of Challenge"},{"floor":11.0,"key":"Toy Ornithopter"},{"floor":22.0,"key":"Grinning Jar"},{"floor":26.0,"key":"Frozen Egg 2"},{"floor":27.0,"key":"InkBottle"},{"floor":35.0,"key":"PlaceholderMod:DeVermisMysteriis"},{"floor":40,"key":"Letter Opener"},{"floor":41,"key":"War Paint"},{"floor":43,"key":"Orichalcum"},{"floor":47,"key":"MawBank"}],"event_choices":[{"damage_healed":0.0,"max_hp_gain":0.0,"max_hp_loss":0.0,"gold_gain":100.0,"event_name":"Golden Shrine","player_choice":"Pray","floor":3.0,"gold_loss":0.0,"damage_taken":0.0},{"damage_healed":0.0,"max_hp_gain":0.0,"max_hp_loss":0.0,"gold_gain":0.0,"event_name":"Golden Idol","player_choice":"Take Damage","floor":12.0,"gold_loss":0.0,"damage_taken":21.0,"relics_obtained":["Golden Idol"]},{"damage_healed":0.0,"max_hp_gain":0.0,"max_hp_loss":0.0,"gold_gain":0.0,"event_name":"Ghosts","player_choice":"Ignored","floor":21.0,"gold_loss":0.0,"damage_taken":0.0},{"damage_healed":0.0,"max_hp_gain":0.0,"max_hp_loss":0.0,"gold_gain":0.0,"event_name":"Tomb of Lord Red Mask","player_choice":"Ignored","floor":37.0,"gold_loss":0.0,"damage_taken":0.0},{"cards_removed":["Expertise"],"damage_healed":0,"gold_gain":0,"player_choice":"Removed Skill","damage_taken":0,"max_hp_gain":0,"max_hp_loss":0,"event_name":"Falling","floor":42,"gold_loss":0},{"damage_healed":0,"gold_gain":333,"player_choice":"Gave Idol","damage_taken":0,"max_hp_gain":0,"max_hp_loss":0,"event_name":"The Moai Head","floor":48,"relics_lost":["Golden Idol"],"gold_loss":0}],"is_beta":false,"boss_relics":[{"not_picked":["Tiny House","SacredBark"],"picked":"Astrolabe"},{"not_picked":["Sozu","WristBlade"],"picked":"Replay:Wanted Poster"}],"items_purged_floors":[20,29,39,44],"is_endless":false,"potions_floor_spawned":[1,6,10,14,18,22,31,36,46,47],"ascension_level":2}}