{"host":"dvpvhz1t6etneyb3","time":1612668542,"event":{"mods":["AchievementEnabler","BaseMod","Colored Map","Highlight Path","Minty Spire (QoL Compilation)","Permanent Neow","Quick Restart"],"gold_per_floor":[111,111,111,127,141,179,179,219,219,254,273,273,293,312,312,401,401,422,442,1,1,25,25,61,61,61,61,92,92,127,142,142,231,231,247,247,271,329,352,352,395,395,395,395,416,416,434,478,478,478,478,478,478,51,92,92,92],"floor_reached":56,"language":"ENG","playtime":4035,"items_purged":[],"score":2145,"play_id":"80511953-7bf5-4930-8b08-1a110fcf6313","local_time":"20210206222902","is_ascension_mode":true,"campfire_choices":[{"floor":7.0,"key":"REST"},{"data":"Well Laid Plans","floor":12.0,"key":"SMITH"},{"data":"Finisher","floor":15.0,"key":"SMITH"},{"data":"Envenom","floor":23.0,"key":"SMITH"},{"data":"Adrenaline","floor":27.0,"key":"SMITH"},{"data":"Blade Dance","floor":29.0,"key":"SMITH"},{"data":"Infinite Blades","floor":32.0,"key":"SMITH"},{"data":"Tools of the Trade","floor":40.0,"key":"SMITH"},{"floor":44.0,"key":"RECALL"},{"data":"PiercingWail","floor":46.0,"key":"SMITH"},{"data":"Neutralize","floor":49.0,"key":"SMITH"},{"data":"Accuracy","floor":53.0,"key":"SMITH"}],"circlet_count":0,"master_deck":["AscendersBane","Strike_G","Strike_G","Strike_G","Strike_G","Defend_G","Defend_G+1","Defend_G","Defend_G","Defend_G","Survivor","Neutralize+1","Phantasmal Killer+1","Finisher+1","Well Laid Plans+1","Dagger Throw","Predator","Adrenaline+1","Blade Dance+1","Infinite Blades+1","Envenom+1","PiercingWail+1","RitualDagger","Cloak And Dagger+1","Terror+1","Acrobatics+1","Tools of the Trade+1","Blade Dance+1","Backflip+1","Acrobatics+1","Deflect+1","Accuracy+1","Concentrate+1","Burst+1","Burst+1"],"relics":["Ring of the Snake","Golden Idol","White Beast Statue","CaptainsWheel","Ginger","Eternal Feather","Coffee Dripper","Toxic Egg 2","Strawberry","War Paint","Meat on the Bone","Pantograph","Vajra","Shuriken","SacredBark","Gambling Chip","Bag of Marbles","Blood Vial","Snake Skull","InkBottle","Anchor"],"acts_visited":["Exordium","TheCity","TheBeyond","TheEnding"],"potions_floor_usage":[56],"damage_taken":[{"damage":6.0,"enemies":"Cultist","floor":1.0,"turns":5.0},{"damage":0.0,"enemies":"Jaw Worm","floor":4.0,"turns":2.0},{"damage":0.0,"enemies":"2 Louse","floor":5.0,"turns":4.0},{"damage":2.0,"enemies":"Lagavulin","floor":6.0,"turns":5.0},{"damage":9.0,"enemies":"3 Sentries","floor":8.0,"turns":7.0},{"damage":26.0,"enemies":"Gremlin Nob","floor":10.0,"turns":4.0},{"damage":3.0,"enemies":"Exordium Thugs","floor":11.0,"turns":4.0},{"damage":4.0,"enemies":"Exordium Wildlife","floor":13.0,"turns":2.0},{"damage":1.0,"enemies":"2 Fungi Beasts","floor":14.0,"turns":3.0},{"damage":0.0,"enemies":"Slime Boss","floor":16.0,"turns":6.0},{"damage":16.0,"enemies":"Shell Parasite","floor":18.0,"turns":4.0},{"damage":6.0,"enemies":"Spheric Guardian","floor":19.0,"turns":3.0},{"damage":4.0,"enemies":"Shelled Parasite and Fungi","floor":22.0,"turns":4.0},{"damage":0.0,"enemies":"Gremlin Leader","floor":24.0,"turns":5.0},{"damage":27.0,"enemies":"Book of Stabbing","floor":28.0,"turns":5.0},{"damage":18.0,"enemies":"Gremlin Leader","floor":30.0,"turns":2.0},{"damage":5.0,"enemies":"Centurion and Healer","floor":31.0,"turns":4.0},{"damage":4.0,"enemies":"Automaton","floor":33.0,"turns":4.0},{"damage":5.0,"enemies":"Orb Walker","floor":35.0,"turns":2.0},{"damage":0.0,"enemies":"3 Darklings","floor":37.0,"turns":2.0},{"damage":33.0,"enemies":"2 Orb Walkers","floor":38.0,"turns":4.0},{"damage":0.0,"enemies":"Sphere and 2 Shapes","floor":39.0,"turns":3.0},{"damage":12.0,"enemies":"Nemesis","floor":41.0,"turns":5.0},{"damage":0.0,"enemies":"Spire Growth","floor":45.0,"turns":2.0},{"damage":8.0,"enemies":"Writhing Mass","floor":47.0,"turns":2.0},{"damage":13.0,"enemies":"Giant Head","floor":48.0,"turns":3.0},{"damage":54.0,"enemies":"Awakened One","floor":50.0,"turns":7.0},{"damage":45.0,"enemies":"Time Eater","floor":51.0,"turns":7.0},{"damage":50,"enemies":"Shield and Spear","floor":55,"turns":5},{"damage":154,"enemies":"The Heart","floor":56,"turns":5}],"seed_played":"-2999271359430596088","potions_obtained":[{"floor":1.0,"key":"AttackPotion"},{"floor":5.0,"key":"BlessingOfTheForge"},{"floor":8.0,"key":"SpeedPotion"},{"floor":10.0,"key":"DuplicationPotion"},{"floor":11.0,"key":"Strength Potion"},{"floor":16.0,"key":"FairyPotion"},{"floor":18.0,"key":"LiquidBronze"},{"floor":19.0,"key":"PowerPotion"},{"floor":22.0,"key":"Poison Potion"},{"floor":24.0,"key":"Regen Potion"},{"floor":28.0,"key":"ColorlessPotion"},{"floor":30.0,"key":"EntropicBrew"},{"floor":38.0,"key":"DuplicationPotion"},{"floor":41.0,"key":"Explosive Potion"},{"floor":47.0,"key":"Strength Potion"},{"floor":55,"key":"ColorlessPotion"}],"is_trial":false,"path_per_floor":["M","?","?","M","M","E","R","E","T","E","M","R","M","M","R","B",null,"M","M","$","?","M","R","E","T","T","R","E","R","E","M","R","B",null,"M","?","M","?","M","R","E","?","T","R","M","R","M","E","R","B","B",null,"R","$","E","B"],"character_chosen":"THE_SILENT","items_purchased":["Toxic Egg 2","Strawberry","Snake Skull","InkBottle"],"campfire_rested":1,"item_purchase_floors":[20,20,54,54],"current_hp_per_floor":[53,58,34,34,34,32,53,44,44,18,15,24,20,19,31,31,61,45,39,46,40,36,48,48,48,48,60,47,62,44,51,66,74,77,72,72,72,51,51,69,57,57,57,75,75,78,70,57,75,36,30,66,78,78,40,0,0],"gold":92,"neow_bonus":"TRANSFORM_CARD","is_daily":false,"chose_seed":false,"campfire_upgraded":10,"win_rate":0.0,"timestamp":1612668542,"path_taken":["M","?","?","M","M","E","R","E","T","E","M","R","M","M","R","BOSS","M","M","$","?","M","R","E","?","T","R","E","R","E","?","R","BOSS","M","?","M","?","M","R","E","?","T","R","?","R","M","E","R","BOSS","BOSS","R","$","E","BOSS"],"items_purchased_type":["Relic","Relic","Relic","Relic"],"build_version":"2020-12-22","purchased_purges":0,"victory":false,"max_hp_per_floor":[66,71,71,71,71,71,71,71,71,71,71,71,71,71,71,71,71,71,71,78,78,78,78,78,78,78,78,78,78,78,78,78,78,78,78,78,78,78,78,78,78,78,78,78,78,78,78,78,78,78,78,78,78,78,78,78,78],"card_choices":[{"not_picked":["Dodge and Roll","Cloak And Dagger"],"picked":"Finisher","floor":1.0},{"not_picked":["Masterful Stab","Heel Hook"],"picked":"Well Laid Plans","floor":4.0},{"not_picked":["Bouncing Flask","Backflip"],"picked":"Dagger Throw","floor":5.0},{"not_picked":["Dodge and Roll","Eviscerate"],"picked":"Predator","floor":6.0},{"not_picked":["Terror","Skewer","Acrobatics"],"picked":"SKIP","floor":8.0},{"not_picked":["Finisher","Escape Plan"],"picked":"Adrenaline","floor":10.0},{"not_picked":["Quick Slash","Caltrops"],"picked":"Blade Dance","floor":11.0},{"not_picked":["Heel Hook","Quick Slash"],"picked":"Infinite Blades","floor":13.0},{"not_picked":["Quick Slash","Dagger Throw","Skewer"],"picked":"SKIP","floor":14.0},{"not_picked":["Phantasmal Killer","A Thousand Cuts"],"picked":"Envenom","floor":16.0},{"not_picked":["Deadly Poison","Prepared","Reflex"],"picked":"SKIP","floor":18.0},{"not_picked":["Sucker Punch","Poisoned Stab"],"picked":"PiercingWail","floor":19.0},{"not_picked":["Bane","Flying Knee+1","Slice"],"picked":"SKIP","floor":22.0},{"not_picked":["Skewer","Infinite Blades+1"],"picked":"Cloak And Dagger+1","floor":24.0},{"not_picked":["Dodge and Roll+1","Riddle With Holes"],"picked":"Terror+1","floor":28.0},{"not_picked":["Dash","Concentrate+1"],"picked":"Acrobatics+1","floor":30.0},{"not_picked":["Slice","Acrobatics+1"],"picked":"Outmaneuver+1","floor":31.0},{"not_picked":["Storm of Steel+1","Unload"],"picked":"Tools of the Trade","floor":33.0},{"not_picked":["Acrobatics+1","Poisoned Stab"],"picked":"Blade Dance+1","floor":35.0},{"not_picked":["Poisoned Stab+1","Deadly Poison+1","Terror+1"],"picked":"SKIP","floor":37.0},{"not_picked":["Accuracy","Poisoned Stab"],"picked":"Backflip+1","floor":38.0},{"not_picked":["All Out Attack","Dagger Spray"],"picked":"Acrobatics+1","floor":39.0},{"not_picked":["Outmaneuver+1","Dodge and Roll+1"],"picked":"Deflect+1","floor":41.0},{"not_picked":["Prepared+1","Underhanded Strike"],"picked":"Concentrate+1","floor":45.0},{"not_picked":["Eviscerate","Outmaneuver+1"],"picked":"Burst+1","floor":47.0},{"not_picked":["Predator","Sucker Punch","Endless Agony"],"picked":"SKIP","floor":48.0},{"not_picked":["Sucker Punch","Deflect+1"],"picked":"Burst+1","floor":55}],"player_experience":2161137,"relics_obtained":[{"floor":6.0,"key":"White Beast Statue"},{"floor":8.0,"key":"CaptainsWheel"},{"floor":9.0,"key":"Ginger"},{"floor":10.0,"key":"Eternal Feather"},{"floor":24.0,"key":"War Paint"},{"floor":25.0,"key":"Meat on the Bone"},{"floor":26.0,"key":"Pantograph"},{"floor":28.0,"key":"Vajra"},{"floor":30.0,"key":"Shuriken"},{"floor":38.0,"key":"Gambling Chip"},{"floor":41.0,"key":"Bag of Marbles"},{"floor":48.0,"key":"Blood Vial"},{"floor":55,"key":"Anchor"}],"event_choices":[{"damage_healed":0.0,"max_hp_gain":5.0,"max_hp_loss":0.0,"gold_gain":0.0,"event_name":"Big Fish","player_choice":"Donut","floor":2.0,"gold_loss":0.0,"damage_taken":0.0},{"damage_healed":0.0,"max_hp_gain":0.0,"max_hp_loss":0.0,"gold_gain":0.0,"event_name":"Golden Idol","player_choice":"Take Damage","floor":3.0,"gold_loss":0.0,"damage_taken":24.0,"relics_obtained":["Golden Idol"]},{"damage_healed":0.0,"max_hp_gain":0.0,"max_hp_loss":0.0,"gold_gain":0.0,"event_name":"Nest","player_choice":"Joined the Cult","floor":21.0,"gold_loss":0.0,"damage_taken":6.0,"cards_obtained":["RitualDagger"]},{"cards_removed":["Outmaneuver"],"damage_healed":0.0,"max_hp_gain":0.0,"max_hp_loss":0.0,"gold_gain":0.0,"event_name":"Falling","player_choice":"Removed Skill","floor":36.0,"gold_loss":0.0,"damage_taken":0.0},{"damage_healed":0.0,"max_hp_gain":0.0,"max_hp_loss":0.0,"gold_gain":0.0,"event_name":"Mysterious Sphere","player_choice":"Fight","floor":38.0,"gold_loss":0.0,"damage_taken":0.0},{"damage_healed":0.0,"max_hp_gain":0.0,"max_hp_loss":0.0,"gold_gain":0.0,"event_name":"Match and Keep!","player_choice":"1 cards matched","floor":42.0,"gold_loss":0.0,"damage_taken":0.0,"cards_obtained":["Accuracy"]}],"is_beta":false,"boss_relics":[{"not_picked":["WristBlade","Sozu"],"picked":"Coffee Dripper"},{"not_picked":["Ring of the Serpent","Philosopher\u0027s Stone"],"picked":"SacredBark"}],"items_purged_floors":[],"is_endless":false,"potions_floor_spawned":[1,5,8,10,11,13,14,16,18,19,22,24,28,30,31,33,35,37,38,39,41,45,47,48,55],"killed_by":"The Heart","ascension_level":20}}