{"host":"d52brwsy6af8zvaq","time":1612716851,"event":{"mods":["AchievementEnabler","BaseMod","Bestiary","Highlight Path","Minty Spire (QoL Compilation)","Quick Restart","Relic Stats","ojb\u0027s Better Paths Mod"],"gold_per_floor":[128,140,171,194,221,233,233],"floor_reached":6,"language":"ENG","playtime":198,"items_purged":[],"score":76,"play_id":"6c417da9-e326-4445-86d7-b5d1c9541eea","local_time":"20210207095411","is_ascension_mode":true,"campfire_choices":[],"circlet_count":0,"master_deck":["AscendersBane","Strike_B","Strike_B","Strike_B","Strike_B","Defend_B","Defend_B","Defend_B","Defend_B","Zap","Dualcast","Melter","Cold Snap","Capacitor","Sunder","Seek","Lockon"],"relics":["Cracked Core","MawBank"],"acts_visited":[],"potions_floor_usage":[6],"damage_taken":[{"damage":1.0,"enemies":"Cultist","floor":1.0,"turns":4.0},{"damage":5.0,"enemies":"Jaw Worm","floor":3.0,"turns":3.0},{"damage":10.0,"enemies":"Small Slimes","floor":4.0,"turns":2.0},{"damage":13,"enemies":"Red Slaver","floor":5,"turns":3},{"damage":50,"enemies":"Gremlin Nob","floor":6,"turns":4}],"seed_played":"-3210883527319432118","potions_obtained":[{"floor":1.0,"key":"LiquidBronze"},{"floor":5,"key":"FocusPotion"}],"is_trial":false,"path_per_floor":["M","?","M","M","M","E"],"character_chosen":"DEFECT","items_purchased":[],"campfire_rested":0,"item_purchase_floors":[],"current_hp_per_floor":[63,63,58,48,35,0,0],"gold":233,"neow_bonus":"RANDOM_COMMON_RELIC","is_daily":false,"chose_seed":false,"campfire_upgraded":0,"win_rate":0.0,"timestamp":1612716851,"path_taken":["M","?","M","?","M","E"],"items_purchased_type":[],"build_version":"2020-12-22","purchased_purges":0,"victory":false,"max_hp_per_floor":[71,71,71,71,71,71,71],"relic_stats":{"counters":[5,16],"MawBank":72,"obtain_stats":[{"Cracked Core":0,"MawBank":0},{"Cracked Core":0,"MawBank":0},{"Cracked Core":0,"MawBank":0}]},"card_choices":[{"not_picked":["Beam Cell","Streamline"],"picked":"Melter","floor":1.0},{"not_picked":["Ball Lightning","Steam"],"picked":"Sunder","floor":3.0},{"not_picked":["Rebound","Cold Snap"],"picked":"Seek","floor":4.0},{"not_picked":["Genetic Algorithm","Gash"],"picked":"Lockon","floor":5}],"player_experience":2179830,"relics_obtained":[],"event_choices":[{"damage_healed":0.0,"max_hp_gain":0.0,"max_hp_loss":0.0,"gold_gain":0.0,"event_name":"Match and Keep!","player_choice":"2 cards matched","floor":2.0,"gold_loss":0.0,"damage_taken":0.0,"cards_obtained":["Cold Snap","Capacitor"]}],"is_beta":false,"boss_relics":[],"items_purged_floors":[],"is_endless":false,"potions_floor_spawned":[1,5],"killed_by":"Gremlin Nob","ascension_level":20}}