{"host":"kvo7eymyd21g9abd","time":1612718053,"event":{"mods":["AchievementEnabler","BaseMod","Bestiary","Colored Map","Minty Spire (QoL Compilation)","StSLib"],"gold_per_floor":[117,117,135,153,166,166,166,166,190,202,242,254,266,291,303,412,424,451,463,475,487,499,538,568,590,625,637,637],"floor_reached":27,"language":"ENG","playtime":943,"items_purged":[],"score":231,"play_id":"cefb5dff-1e84-4103-83cc-eebad9616d76","local_time":"20210207121413","is_ascension_mode":false,"campfire_choices":[{"floor":6,"key":"RECALL"},{"floor":8,"key":"REST"},{"data":"Biased Cognition","floor":10,"key":"SMITH"},{"floor":15,"key":"REST"}],"circlet_count":0,"master_deck":["Strike_B","Strike_B","Strike_B+1","Strike_B","Defend_B","Defend_B+1","Defend_B+1","Defend_B","Zap","Dualcast+1","Biased Cognition+1","Steam","Ball Lightning","Go for the Eyes","Beam Cell+1","FTL","Rainbow","Beam Cell","Zap","Reprogram","Beam Cell+1"],"relics":["Cracked Core","MawBank","MealTicket","Fusion Hammer","War Paint","Bronze Scales"],"acts_visited":["Exordium","TheCity"],"potions_floor_usage":[],"damage_taken":[{"damage":6,"enemies":"Small Slimes","floor":1,"turns":2},{"damage":6,"enemies":"Cultist","floor":3,"turns":3},{"damage":11,"enemies":"Jaw Worm","floor":4,"turns":2},{"damage":7,"enemies":"3 Louse","floor":5,"turns":2},{"damage":36,"enemies":"3 Sentries","floor":11,"turns":9},{"damage":25,"enemies":"Exordium Wildlife","floor":14,"turns":4},{"damage":17,"enemies":"Slime Boss","floor":16,"turns":7},{"damage":17,"enemies":"Shell Parasite","floor":18,"turns":5},{"damage":33,"enemies":"Book of Stabbing","floor":23,"turns":5},{"damage":13,"enemies":"Spheric Guardian","floor":24,"turns":4},{"damage":5,"enemies":"Chosen and Byrds","floor":25,"turns":4},{"damage":26,"enemies":"Snecko","floor":27,"turns":3}],"seed_played":"-6441935318184259117","potions_obtained":[{"floor":1,"key":"EssenceOfDarkness"},{"floor":4,"key":"Energy Potion"},{"floor":16,"key":"SteroidPotion"}],"is_trial":false,"path_per_floor":["M","?","M","M","M","R","?","R","T","R","E","?","$","M","R","B",null,"M","?","$","T","$","E","M","M","T","M"],"character_chosen":"DEFECT","items_purchased":[],"campfire_rested":2,"item_purchase_floors":[],"current_hp_per_floor":[69,69,63,52,45,45,30,52,52,52,16,16,31,6,28,11,75,58,58,73,73,75,42,29,24,24,0,0],"gold":637,"neow_bonus":"ONE_RANDOM_RARE_CARD","is_daily":false,"chose_seed":false,"campfire_upgraded":1,"win_rate":0.0,"timestamp":1612718053,"path_taken":["M","?","M","M","?","R","?","R","T","R","E","?","?","M","R","BOSS","M","?","$","?","$","E","M","M","T","M"],"items_purchased_type":[],"build_version":"2020-12-22","purchased_purges":0,"victory":false,"max_hp_per_floor":[75,75,75,75,75,75,75,75,75,75,75,75,75,75,75,75,75,75,75,75,75,75,75,75,75,75,75,75],"card_choices":[{"not_picked":["Hello World","Compile Driver"],"picked":"Steam","floor":1},{"not_picked":["BootSequence","Steam Power"],"picked":"Ball Lightning","floor":3},{"not_picked":["Lockon","Fusion"],"picked":"Go for the Eyes","floor":4},{"not_picked":["Hologram","Barrage"],"picked":"Beam Cell","floor":5},{"not_picked":["Streamline","Buffer"],"picked":"FTL","floor":11},{"not_picked":["Auto Shields","Hello World","Glacier"],"picked":"SKIP","floor":14},{"not_picked":["Multi-Cast","Biased Cognition"],"picked":"Rainbow","floor":16},{"not_picked":["Redo","Double Energy"],"picked":"Beam Cell","floor":18},{"not_picked":["Barrage+1","Storm+1"],"picked":"Reprogram","floor":23},{"not_picked":["Barrage","Rebound"],"picked":"Beam Cell+1","floor":24},{"not_picked":["Blizzard+1","Heatsinks","Skim"],"picked":"SKIP","floor":25}],"player_experience":447515,"relics_obtained":[{"floor":9,"key":"MawBank"},{"floor":11,"key":"MealTicket"},{"floor":23,"key":"War Paint"},{"floor":26,"key":"Bronze Scales"}],"event_choices":[{"damage_healed":0,"gold_gain":0,"player_choice":"Ignored","damage_taken":0,"max_hp_gain":0,"max_hp_loss":0,"event_name":"NoteForYourself","floor":2,"gold_loss":0},{"damage_healed":0,"gold_gain":0,"player_choice":"Entered Light","damage_taken":15,"max_hp_gain":0,"max_hp_loss":0,"event_name":"Shining Light","floor":7,"gold_loss":0,"cards_upgraded":["Defend_B","Strike_B"]},{"damage_healed":0,"gold_gain":0,"player_choice":"Grow","damage_taken":0,"max_hp_gain":0,"max_hp_loss":0,"event_name":"Living Wall","floor":12,"gold_loss":0,"cards_upgraded":["Beam Cell"]},{"damage_healed":0,"gold_gain":0,"player_choice":"1 cards matched","damage_taken":0,"max_hp_gain":0,"max_hp_loss":0,"event_name":"Match and Keep!","floor":19,"gold_loss":0,"cards_obtained":["Zap"]}],"is_beta":false,"boss_relics":[{"not_picked":["Inserter","Snecko Eye"],"picked":"Fusion Hammer"}],"items_purged_floors":[],"is_endless":false,"potions_floor_spawned":[1,4,16,25],"killed_by":"Snecko","ascension_level":0}}