{"host":"sian7qp8a9pc9xwd","time":1612733283,"event":{"mods":["BaseMod","Minty Spire (QoL Compilation)","StSLib","SuperFastMode"],"gold_per_floor":[116,41,56,56,56,82,100,100,100,112,112,130,34,48,48,146,146,163,163,262,162,72,72,91,104,186,198,198,39,71,87,87,182,182,200,54,67,67,67,97,164,176,262,27,52,70,70,90,90,90,90,90,90,123,123],"floor_reached":56,"language":"ENG","playtime":6025,"items_purged":["Defend_G","Strike_G","Strike_G","Well Laid Plans"],"score":1221,"play_id":"bb97d6d7-f5f5-4ed2-8779-9996884e81dc","local_time":"20210207162803","is_ascension_mode":true,"campfire_choices":[{"floor":11,"key":"REST"},{"data":"Deadly Poison","floor":15,"key":"SMITH"},{"data":"Neutralize","floor":23,"key":"SMITH"},{"data":"Burst","floor":28,"key":"SMITH"},{"floor":32,"key":"REST"},{"floor":42,"key":"REST"},{"floor":47,"key":"REST"},{"floor":49,"key":"RECALL"},{"data":"Noxious Fumes","floor":52,"key":"SMITH"}],"circlet_count":0,"master_deck":["Strike_G","Strike_G+1","Defend_G+1","Defend_G","Defend_G","Defend_G","Survivor+1","Neutralize+1","Dash","Poisoned Stab","Deadly Poison+1","Deadly Poison","Backflip","Burst+1","Footwork+1","Noxious Fumes+1","PiercingWail+1","Master of Strategy","Good Instincts","Master of Strategy","Deadly Poison","Blur","Leg Sweep+1"],"relics":["Ring of the Snake","The Specimen","WingedGreaves","Velvet Choker","Matryoshka","Bottled Flame","Runic Pyramid","Snake Skull","MawBank","Calipers","Bag of Preparation","Centennial Puzzle","Toy Ornithopter"],"acts_visited":["Exordium","TheCity","TheBeyond","TheEnding"],"potions_floor_usage":[12,16,24,54,55,55,55],"damage_taken":[{"damage":6,"enemies":"Cultist","floor":1,"turns":4},{"damage":7,"enemies":"2 Louse","floor":3,"turns":3},{"damage":20,"enemies":"Lagavulin","floor":6,"turns":9},{"damage":0,"enemies":"Small Slimes","floor":7,"turns":3},{"damage":4,"enemies":"Gremlin Gang","floor":10,"turns":4},{"damage":0,"enemies":"Lots of Slimes","floor":12,"turns":7},{"damage":4,"enemies":"Blue Slaver","floor":14,"turns":3},{"damage":17,"enemies":"The Guardian","floor":16,"turns":8},{"damage":2,"enemies":"Shell Parasite","floor":18,"turns":4},{"damage":10,"enemies":"3 Byrds","floor":24,"turns":4},{"damage":4,"enemies":"Sentry and Sphere","floor":25,"turns":4},{"damage":0,"enemies":"Cultist and Chosen","floor":27,"turns":6},{"damage":3,"enemies":"Book of Stabbing","floor":30,"turns":5},{"damage":0,"enemies":"Snake Plant","floor":31,"turns":4},{"damage":6,"enemies":"Automaton","floor":33,"turns":9},{"damage":0,"enemies":"3 Darklings","floor":35,"turns":5},{"damage":0,"enemies":"3 Shapes","floor":37,"turns":4},{"damage":20,"enemies":"Giant Head","floor":40,"turns":10},{"damage":23,"enemies":"2 Orb Walkers","floor":41,"turns":6},{"damage":1,"enemies":"Nemesis","floor":45,"turns":7},{"damage":3,"enemies":"Maw","floor":46,"turns":6},{"damage":0,"enemies":"Sphere and 2 Shapes","floor":48,"turns":4},{"damage":7,"enemies":"Donu and Deca","floor":50,"turns":10},{"damage":8,"enemies":"Shield and Spear","floor":54,"turns":7},{"damage":51,"enemies":"The Heart","floor":55,"turns":14}],"seed_played":"-464851702434276989","potions_obtained":[{"floor":6,"key":"Fire Potion"},{"floor":7,"key":"GamblersBrew"},{"floor":8,"key":"SpeedPotion"},{"floor":8,"key":"CultistPotion"},{"floor":10,"key":"Regen Potion"},{"floor":16,"key":"ColorlessPotion"},{"floor":25,"key":"SpeedPotion"},{"floor":30,"key":"Swift Potion"},{"floor":33,"key":"Energy Potion"},{"floor":54,"key":"Weak Potion"}],"is_trial":false,"path_per_floor":["M","$","M","?","?","E","M","?","T","M","R","M","$","M","R","B",null,"M","?","?","$","?","R","M","M","T","M","R","$","E","M","R","B",null,"M","$","M","?","?","E","?","R","T","$","E","M","R","M","R","B",null,"R","$","E","B",null],"character_chosen":"THE_SILENT","items_purchased":["Deadly Poison","Backflip","Well Laid Plans","Snake Skull","GhostInAJar"],"campfire_rested":4,"item_purchase_floors":[13,13,29,36,44],"current_hp_per_floor":[64,64,57,43,36,16,16,16,16,12,33,48,48,44,44,27,70,68,55,55,55,55,55,45,41,41,41,41,41,38,38,60,54,75,75,75,75,65,65,45,22,43,43,43,42,39,60,60,60,53,71,71,71,63,27],"gold":123,"neow_bonus":"ONE_RANDOM_RARE_CARD","is_daily":false,"chose_seed":false,"campfire_upgraded":4,"win_rate":0.0,"timestamp":1612733283,"path_taken":["M","?","M","?","?","E","M","?","T","?","R","M","$","?","R","BOSS","M","?","?","$","?","R","M","M","T","M","R","$","E","?","R","BOSS","M","$","?","?","?","E","?","R","T","$","E","M","R","M","R","BOSS","R","$","E","BOSS"],"items_purchased_type":["Card","Card","Card","Relic","Potion"],"build_version":"2020-12-22","purchased_purges":4,"victory":true,"max_hp_per_floor":[70,70,70,70,70,70,70,70,70,70,70,70,70,70,70,70,70,70,75,75,75,75,75,75,75,75,75,75,75,75,75,75,75,75,75,75,75,75,71,71,71,71,71,71,71,71,71,71,71,71,71,71,71,71,71],"card_choices":[{"not_picked":["Acrobatics","Setup","Dagger Spray"],"picked":"SKIP","floor":1},{"not_picked":["Dodge and Roll","Riddle With Holes"],"picked":"Dash","floor":3},{"not_picked":["Endless Agony","Flying Knee","Prepared"],"picked":"SKIP","floor":6},{"not_picked":["Concentrate","Caltrops"],"picked":"Poisoned Stab","floor":7},{"not_picked":["Underhanded Strike","Envenom"],"picked":"Deadly Poison","floor":10},{"not_picked":["Dagger Throw","Poisoned Stab","Sucker Punch"],"picked":"SKIP","floor":12},{"not_picked":["Riddle With Holes","Infinite Blades","Terror"],"picked":"SKIP","floor":14},{"not_picked":["Malaise","A Thousand Cuts"],"picked":"Burst","floor":16},{"not_picked":["Concentrate","Distraction"],"picked":"Footwork+1","floor":18},{"not_picked":["Poisoned Stab","Flying Knee"],"picked":"Noxious Fumes","floor":24},{"not_picked":["Slice","Heel Hook","Outmaneuver+1"],"picked":"SKIP","floor":25},{"not_picked":["Prepared","Outmaneuver","Quick Slash"],"picked":"SKIP","floor":27},{"not_picked":["Outmaneuver","Underhanded Strike","Acrobatics+1"],"picked":"SKIP","floor":30},{"not_picked":["Storm of Steel","Well Laid Plans","Dagger Throw+1"],"picked":"SKIP","floor":31},{"not_picked":["All Out Attack+1","Underhanded Strike+1","Endless Agony+1"],"picked":"SKIP","floor":35},{"not_picked":["Dagger Spray+1","Flying Knee+1"],"picked":"PiercingWail+1","floor":37},{"not_picked":["Good Instincts","Mind Blast"],"picked":"Master of Strategy","floor":38},{"not_picked":["Panacea","Bandage Up"],"picked":"Good Instincts","floor":38},{"not_picked":["Trip","Transmutation"],"picked":"Master of Strategy","floor":38},{"not_picked":["Outmaneuver","Backflip+1"],"picked":"Deadly Poison","floor":40},{"not_picked":["Terror+1","Night Terror","Slice+1"],"picked":"SKIP","floor":45},{"not_picked":["Acrobatics+1","Caltrops+1"],"picked":"Blur","floor":46},{"not_picked":["Infinite Blades","Riddle With Holes+1"],"picked":"Leg Sweep+1","floor":48},{"not_picked":["All Out Attack+1","Choke","Blade Dance"],"picked":"SKIP","floor":54}],"player_experience":932015,"relics_obtained":[{"floor":6,"key":"The Specimen"},{"floor":9,"key":"WingedGreaves"},{"floor":26,"key":"Matryoshka"},{"floor":30,"key":"Bottled Flame"},{"floor":40,"key":"MawBank"},{"floor":41,"key":"Calipers"},{"floor":43,"key":"Bag of Preparation"},{"floor":45,"key":"Centennial Puzzle"},{"floor":54,"key":"Toy Ornithopter"}],"event_choices":[{"damage_healed":0,"gold_gain":0,"player_choice":"Entered Light","damage_taken":14,"max_hp_gain":0,"max_hp_loss":0,"event_name":"Shining Light","floor":4,"gold_loss":0,"cards_upgraded":["Survivor","Strike_G"]},{"cards_removed":["Strike_G"],"damage_healed":0,"gold_gain":0,"player_choice":"Card Removal","damage_taken":7,"max_hp_gain":0,"max_hp_loss":0,"event_name":"Golden Wing","floor":5,"gold_loss":0},{"damage_healed":0,"gold_gain":0,"player_choice":"Got Potions","damage_taken":0,"max_hp_gain":0,"max_hp_loss":0,"event_name":"Lab","floor":8,"gold_loss":0},{"damage_healed":0,"gold_gain":0,"player_choice":"Shed Blood","damage_taken":18,"max_hp_gain":5,"max_hp_loss":0,"event_name":"Forgotten Altar","floor":19,"gold_loss":0},{"damage_healed":0,"gold_gain":99,"player_choice":"Stole From Cult","damage_taken":0,"max_hp_gain":0,"max_hp_loss":0,"event_name":"Nest","floor":20,"gold_loss":0},{"cards_removed":["Storm of Steel"],"damage_healed":0,"gold_gain":0,"player_choice":"Upgrade and Remove","damage_taken":0,"max_hp_gain":0,"max_hp_loss":0,"event_name":"Designer","floor":22,"gold_loss":90,"cards_upgraded":["Defend_G"]},{"damage_healed":0,"gold_gain":0,"player_choice":"Memory 3","damage_taken":10,"max_hp_gain":0,"max_hp_loss":0,"event_name":"SensoryStone","floor":38,"gold_loss":0},{"damage_healed":0,"gold_gain":0,"player_choice":"Max HP","damage_taken":0,"max_hp_gain":0,"max_hp_loss":4,"event_name":"Winding Halls","floor":39,"gold_loss":0},{"damage_healed":0,"gold_gain":0,"player_choice":"Fight","damage_taken":0,"max_hp_gain":0,"max_hp_loss":0,"event_name":"Mysterious Sphere","floor":41,"gold_loss":0}],"is_beta":false,"boss_relics":[{"not_picked":["WristBlade","Calling Bell"],"picked":"Velvet Choker"},{"not_picked":["Astrolabe","Pandora\u0027s Box"],"picked":"Runic Pyramid"}],"items_purged_floors":[2,21,29,44],"is_endless":false,"potions_floor_spawned":[6,7,10,16,25,30,33,40,48,54],"ascension_level":1}}