{"host":"tzwikg9s6mkzv6w0","time":1612707697,"event":{"mods":["BaseMod","Good Game Mod","Minty Spire (QoL Compilation)","Spicy Shops","StSLib"],"gold_per_floor":[18,32,46,46,46,46,66,99,126,126,144,144,144,188,188,188,188],"floor_reached":16,"language":"ZHS","playtime":420,"items_purged":[],"score":116,"play_id":"da23acf3-ac15-4a50-81e0-a3c73cd7b6b8","local_time":"20210207222137","is_ascension_mode":true,"campfire_choices":[{"data":"Coolheaded","floor":6.0,"key":"SMITH"},{"data":"Dualcast","floor":10.0,"key":"SMITH"},{"data":"Coolheaded","floor":12.0,"key":"SMITH"},{"data":"Dual Wield","floor":15,"key":"SMITH"}],"circlet_count":0,"master_deck":["Strike_B","Strike_B","Strike_B","Defend_B","Defend_B","Defend_B","Defend_B","Zap","Dualcast+1","Dual Wield+1","Amplify","Coolheaded+1","Ball Lightning","Self Repair","Tempest","Coolheaded+1","Skim"],"relics":["Cracked Core","REME:ComplimentaryCards","Golden Idol","Strawberry","Pen Nib"],"acts_visited":["Exordium"],"potions_floor_usage":[],"damage_taken":[{"damage":0.0,"enemies":"2 Louse","floor":1.0,"turns":1.0},{"damage":8.0,"enemies":"Small Slimes","floor":2.0,"turns":3.0},{"damage":0.0,"enemies":"Cultist","floor":3.0,"turns":2.0},{"damage":4.0,"enemies":"Red Slaver","floor":7.0,"turns":4.0},{"damage":21.0,"enemies":"3 Sentries","floor":8.0,"turns":7.0},{"damage":14.0,"enemies":"2 Fungi Beasts","floor":11.0,"turns":3.0},{"damage":18,"enemies":"Lagavulin","floor":14,"turns":7},{"damage":58,"enemies":"The Guardian","floor":16,"turns":11}],"seed_played":"-2163143467086248921","potions_obtained":[{"floor":2.0,"key":"Explosive Potion"},{"floor":3.0,"key":"PowerPotion"}],"is_trial":false,"path_per_floor":["M","M","M","?","?","R","M","E","T","R","M","R","?","E","R","B"],"character_chosen":"DEFECT","items_purchased":[],"campfire_rested":0,"item_purchase_floors":[],"current_hp_per_floor":[75,67,67,67,67,67,63,56,56,56,49,49,42,38,38,0,0],"gold":188,"neow_bonus":"THREE_RARE_CARDS","is_daily":false,"chose_seed":false,"campfire_upgraded":4,"win_rate":0.0,"timestamp":1612707697,"path_taken":["M","M","M","?","?","R","M","E","T","R","M","R","?","E","R","BOSS"],"items_purchased_type":[],"build_version":"2020-12-22","purchased_purges":0,"victory":false,"max_hp_per_floor":[75,75,75,69,69,69,69,76,76,76,76,76,76,76,76,76,76],"card_choices":[{"not_picked":["Seek","Rainbow"],"picked":"Amplify","floor":0.0},{"not_picked":["Turbo","Lockon"],"picked":"Coolheaded","floor":1.0},{"not_picked":["Scrape","Leap"],"picked":"Ball Lightning","floor":2.0},{"not_picked":["Storm","Gash"],"picked":"Self Repair","floor":3.0},{"not_picked":["Steam","Sweeping Beam"],"picked":"Tempest","floor":7.0},{"not_picked":["Rebound","Compile Driver","Hello World"],"picked":"SKIP","floor":8.0},{"not_picked":["Redo","Cold Snap"],"picked":"Coolheaded","floor":11.0},{"not_picked":["Blizzard","Force Field"],"picked":"Skim","floor":14}],"player_experience":93069,"relics_obtained":[{"floor":8.0,"key":"Strawberry"},{"floor":14,"key":"Pen Nib"}],"event_choices":[{"damage_healed":0.0,"max_hp_gain":0.0,"max_hp_loss":6.0,"gold_gain":0.0,"event_name":"Golden Idol","player_choice":"Lose Max HP","floor":4.0,"gold_loss":0.0,"damage_taken":0.0,"relics_obtained":["Golden Idol"]},{"damage_healed":0.0,"max_hp_gain":0.0,"max_hp_loss":0.0,"gold_gain":0.0,"event_name":"The Cleric","player_choice":"Leave","floor":5.0,"gold_loss":0.0,"damage_taken":0.0},{"cards_removed":["Strike_B"],"damage_healed":0.0,"max_hp_gain":0.0,"max_hp_loss":0.0,"gold_gain":0.0,"event_name":"Golden Wing","player_choice":"Card Removal","floor":13.0,"gold_loss":0.0,"damage_taken":7.0}],"is_beta":false,"boss_relics":[],"items_purged_floors":[],"is_endless":false,"potions_floor_spawned":[2,3],"killed_by":"The Guardian","ascension_level":1}}