{"host":"820xk69ekh5gtclf","time":1612664595,"event":{"mods":["Ascension Unlocker","BaseMod","Curses Come First","Custom Start","Downfall","Filter the Spire","Minty Spire (QoL Compilation)","Relic Stats","StSLib"],"gold_per_floor":[111,126,126,139,239,239,269,269,269,299,18,18,53,64,64,169,169,186,186,186],"floor_reached":18,"language":"ENG","playtime":5074,"items_purged":[],"score":270,"play_id":"2d6072a7-bf66-4825-b7c2-61214d32307a","local_time":"20210206212315","is_ascension_mode":true,"campfire_choices":[{"data":"Guardian:MultiBeam","floor":6.0,"key":"SMITH"},{"data":"Guardian:Reroute","floor":8.0,"key":"SMITH"},{"data":"Guardian:Suspension","floor":12.0,"key":"SMITH"},{"data":"Guardian:Suspension","floor":15.0,"key":"SMITH"}],"circlet_count":0,"master_deck":["AscendersBane","Guardian:Strike_Guardian","Guardian:Strike_Guardian","Guardian:Strike_Guardian","Guardian:Defend_Guardian+1","Guardian:Defend_Guardian","Guardian:Defend_Guardian","Guardian:Defend_Guardian","Guardian:CurlUp+1","Guardian:TwinSlam","Guardian:PrismaticBeam","Guardian:MultiBeam+1","Guardian:Reroute+1","Guardian:Suspension+1","Master of Strategy","Guardian:TemporalShield+1","Guardian:Suspension+1","Guardian:FastForward"],"relics":["Guardian:ModeShifter","HornCleat","Strawberry","CaptainsWheel","Omamori","Calling Bell","War Paint","Letter Opener","Turnip"],"acts_visited":["Exordium","TheCity"],"potions_floor_usage":[18],"damage_taken":[{"damage":4.0,"enemies":"Small Slimes","floor":1.0,"turns":5.0},{"damage":4.0,"enemies":"2 Louse","floor":2.0,"turns":5.0},{"damage":1.0,"enemies":"Cultist","floor":4.0,"turns":4.0},{"damage":27.0,"enemies":"Lagavulin","floor":7.0,"turns":8.0},{"damage":31.0,"enemies":"Gremlin Nob","floor":10.0,"turns":5.0},{"damage":21.0,"enemies":"Lagavulin","floor":13.0,"turns":6.0},{"damage":6.0,"enemies":"Red Slaver","floor":14.0,"turns":3.0},{"damage":12.0,"enemies":"Slime Boss","floor":16.0,"turns":11.0},{"damage":4,"enemies":"Chosen","floor":18,"turns":4}],"seed_played":"4984335291008935967","potions_obtained":[{"floor":1.0,"key":"FairyPotion"},{"floor":10.0,"key":"PowerPotion"}],"is_trial":false,"path_per_floor":["M","M","?","M","?","R","E","R","T","E","$","R","E","M","R","B",null,"M"],"character_chosen":"GUARDIAN","items_purchased":["Guardian:Suspension","Master of Strategy","Fire Potion"],"campfire_rested":0,"item_purchase_floors":[11,11,11],"current_hp_per_floor":[68,64,57,56,56,56,29,29,36,5,5,5,26,20,20,8,67,63,63,63],"gold":186,"neow_bonus":"UPGRADE_CARD","is_daily":false,"chose_seed":false,"campfire_upgraded":4,"win_rate":0.0,"timestamp":1612664595,"path_taken":["M","M","?","M","?","R","E","R","T","E","$","R","E","M","R","BOSS","M"],"items_purchased_type":["Card","Card","Potion"],"build_version":"2020-12-22","purchased_purges":0,"victory":false,"max_hp_per_floor":[80,80,80,80,80,80,80,80,87,87,87,87,87,87,87,87,87,87,87,87],"relic_stats":{"counters":[9,51],"Turnip":[0],"Letter Opener":[5],"War Paint":["Guardian:Defend_Guardian","Guardian:TemporalShield"],"obtain_stats":[{"Calling Bell":17,"CaptainsWheel":10,"HornCleat":7,"Strawberry":9,"Guardian:ModeShifter":0,"Turnip":17,"Omamori":13,"Letter Opener":17,"War Paint":17},{"Calling Bell":8,"CaptainsWheel":5,"HornCleat":4,"Strawberry":4,"Guardian:ModeShifter":0,"Turnip":8,"Omamori":6,"Letter Opener":8,"War Paint":8},{"Calling Bell":47,"CaptainsWheel":27,"HornCleat":22,"Strawberry":22,"Guardian:ModeShifter":0,"Turnip":47,"Omamori":33,"Letter Opener":47,"War Paint":47}]},"card_choices":[{"not_picked":["Guardian:Gem_Green","Guardian:TemporalStrike"],"picked":"Guardian:PrismaticBeam","floor":1.0},{"not_picked":["Guardian:Incinerate","Guardian:FloatingOrbs"],"picked":"Guardian:MultiBeam","floor":2.0},{"not_picked":["Guardian:ChargeCore","Guardian:RollAttack"],"picked":"Guardian:Reroute","floor":4.0},{"not_picked":["Guardian:CrystalBeam","Guardian:ChargeCore","Guardian:WalkerClaw"],"picked":"SKIP","floor":7.0},{"not_picked":["Guardian:Gem_Red","Guardian:Gem_Blue"],"picked":"Guardian:Gem_Crimson","floor":10.0},{"not_picked":["Guardian:FierceBash","Guardian:VentSteam"],"picked":"Guardian:TemporalShield","floor":13.0},{"not_picked":["Guardian:Orbwalk","Guardian:WalkerClaw"],"picked":"Guardian:Suspension","floor":14.0},{"not_picked":["Guardian:TimeSifter","Guardian:GatlingBeam"],"picked":"Guardian:FastForward","floor":16.0}],"player_experience":2373323,"relics_obtained":[{"floor":7.0,"key":"HornCleat"},{"floor":9.0,"key":"Strawberry"},{"floor":10.0,"key":"CaptainsWheel"},{"floor":13.0,"key":"Omamori"},{"floor":17.0,"key":"War Paint"},{"floor":17.0,"key":"Letter Opener"},{"floor":17.0,"key":"Turnip"}],"event_choices":[{"cards_removed":["Guardian:Strike_Guardian"],"damage_healed":0.0,"max_hp_gain":0.0,"max_hp_loss":0.0,"gold_gain":0.0,"event_name":"Golden Wing","player_choice":"Card Removal","floor":3.0,"gold_loss":0.0,"damage_taken":7.0},{"damage_healed":0.0,"max_hp_gain":0.0,"max_hp_loss":0.0,"gold_gain":100.0,"event_name":"Golden Shrine","player_choice":"Pray","floor":5.0,"gold_loss":0.0,"damage_taken":0.0}],"is_beta":false,"boss_relics":[{"not_picked":["Fusion Hammer","Snecko Eye"],"picked":"Calling Bell"}],"items_purged_floors":[],"is_endless":false,"potions_floor_spawned":[1,10],"killed_by":"Chosen","ascension_level":10}}