{"host":"1c17lcvl7acx821p","time":1612717288,"event":{"mods":["AchievementEnabler","BaseMod","Bestiary","Colored Map","Minty Spire (QoL Compilation)","Quick Restart","Relic Sorter","StSLib","ojb\u0027s Better Paths Mod","ojb\u0027s Info Mod"],"gold_per_floor":[114,39,50,50,69,69,107,131,131,131,158,196,196,196,196,304,376,405,390,267,292,292,292],"floor_reached":22,"language":"ENG","playtime":988,"items_purged":["Strike_B"],"score":392,"play_id":"d94fb321-3d5f-485f-9d42-31e97cf77db9","local_time":"20210207190128","is_ascension_mode":true,"campfire_choices":[{"data":"Zap","floor":6.0,"key":"SMITH"},{"floor":10.0,"key":"REST"},{"floor":15.0,"key":"REST"}],"circlet_count":0,"master_deck":["AscendersBane","Strike_B","Strike_B","Defend_B","Defend_B","Defend_B","Zap+1","Dualcast","Coolheaded","Hello World","Static Discharge","Leap","BootSequence","Melter+1","Capacitor","Loop","Seek","Barrage","Go for the Eyes+1","Stack","Coolheaded","Aggregate"],"relics":["Cracked Core","NeowsBlessing","CeramicFish","Blue Candle","White Beast Statue","Golden Idol","Letter Opener","Tiny House"],"acts_visited":["Exordium","TheCity"],"potions_floor_usage":[22],"damage_taken":[{"damage":0.0,"enemies":"Jaw Worm","floor":1.0,"turns":1.0},{"damage":0.0,"enemies":"Small Slimes","floor":3.0,"turns":1.0},{"damage":0.0,"enemies":"2 Louse","floor":5.0,"turns":1.0},{"damage":22.0,"enemies":"3 Sentries","floor":7.0,"turns":7.0},{"damage":5.0,"enemies":"Large Slime","floor":8.0,"turns":6.0},{"damage":2.0,"enemies":"Blue Slaver","floor":11.0,"turns":4.0},{"damage":41.0,"enemies":"Gremlin Nob","floor":12.0,"turns":4.0},{"damage":26.0,"enemies":"The Guardian","floor":16.0,"turns":12.0},{"damage":15.0,"enemies":"Shell Parasite","floor":18.0,"turns":6.0},{"damage":9.0,"enemies":"2 Thieves","floor":19.0,"turns":4.0},{"damage":28.0,"enemies":"Chosen and Byrds","floor":21.0,"turns":6.0},{"damage":35,"enemies":"Cultist and Chosen","floor":22,"turns":4}],"seed_played":"7151448255367988850","potions_obtained":[{"floor":3.0,"key":"LiquidMemories"},{"floor":7.0,"key":"LiquidMemories"},{"floor":8.0,"key":"GamblersBrew"},{"floor":16.0,"key":"ColorlessPotion"},{"floor":17.0,"key":"FairyPotion"},{"floor":18.0,"key":"Dexterity Potion"},{"floor":19.0,"key":"ColorlessPotion"},{"floor":21.0,"key":"Dexterity Potion"}],"is_trial":false,"path_per_floor":["M","?","M","?","M","R","E","M","T","R","M","E","?","?","R","B",null,"M","M","$","M","M"],"character_chosen":"DEFECT","items_purchased":["Coolheaded"],"campfire_rested":2,"item_purchase_floors":[20],"current_hp_per_floor":[64,64,64,64,64,64,42,37,37,58,56,15,15,10,29,3,54,39,30,30,2,0,0],"gold":292,"neow_bonus":"THREE_ENEMY_KILL","is_daily":false,"chose_seed":false,"campfire_upgraded":1,"win_rate":0.0,"timestamp":1612717288,"path_taken":["M","?","M","?","M","R","E","M","T","R","M","E","?","?","R","BOSS","M","M","$","M","M"],"items_purchased_type":["Card"],"build_version":"2020-12-22","purchased_purges":1,"victory":false,"max_hp_per_floor":[71,71,71,71,71,71,71,71,71,71,71,71,64,64,64,64,69,69,69,69,69,69,69],"card_choices":[{"not_picked":["Sweeping Beam","Beam Cell"],"picked":"Coolheaded","floor":1.0},{"not_picked":["Storm","Redo"],"picked":"Hello World","floor":3.0},{"not_picked":["Compile Driver","Consume"],"picked":"Leap","floor":5.0},{"not_picked":["Leap","Chaos"],"picked":"BootSequence","floor":7.0},{"not_picked":["Reprogram","Beam Cell"],"picked":"Melter","floor":8.0},{"not_picked":["Steam Power","Storm"],"picked":"Capacitor","floor":11.0},{"not_picked":["FTL","Redo"],"picked":"Loop","floor":12.0},{"not_picked":["Thunder Strike","All For One"],"picked":"Seek","floor":16.0},{"not_picked":["Stack","Heatsinks"],"picked":"Barrage","floor":17.0},{"not_picked":["Rebound","Heatsinks"],"picked":"Go for the Eyes+1","floor":18.0},{"not_picked":["Sweeping Beam","Barrage"],"picked":"Stack","floor":19.0},{"not_picked":["Redo","Sunder"],"picked":"Aggregate","floor":21.0}],"player_experience":300704,"relics_obtained":[{"floor":7.0,"key":"CeramicFish"},{"floor":9.0,"key":"Blue Candle"},{"floor":12.0,"key":"White Beast Statue"}],"event_choices":[{"cards_removed":["Defend_B"],"damage_healed":0.0,"max_hp_gain":0.0,"max_hp_loss":0.0,"gold_gain":0.0,"event_name":"The Cleric","player_choice":"Card Removal","floor":2.0,"gold_loss":75.0,"damage_taken":0.0},{"damage_healed":0.0,"max_hp_gain":0.0,"max_hp_loss":0.0,"gold_gain":0.0,"cards_transformed":["Strike_B"],"event_name":"Living Wall","player_choice":"Change","floor":4.0,"gold_loss":0.0,"damage_taken":0.0,"cards_obtained":["Static Discharge"]},{"damage_healed":0.0,"max_hp_gain":0.0,"max_hp_loss":7.0,"gold_gain":0.0,"event_name":"Golden Idol","player_choice":"Lose Max HP","floor":13.0,"gold_loss":0.0,"damage_taken":0.0,"relics_obtained":["Golden Idol"]},{"damage_healed":0.0,"max_hp_gain":0.0,"max_hp_loss":0.0,"gold_gain":0.0,"event_name":"Scrap Ooze","player_choice":"Success","floor":14.0,"gold_loss":0.0,"damage_taken":5.0,"relics_obtained":["Letter Opener"]}],"is_beta":false,"boss_relics":[{"not_picked":["Pandora\u0027s Box","Empty Cage"],"picked":"Tiny House"}],"items_purged_floors":[20],"is_endless":false,"potions_floor_spawned":[3,7,8,11,16,18,19,21],"killed_by":"Cultist and Chosen","ascension_level":20}}