{"host":"dlqyscxstsnu98l1","time":1612725707,"event":{"mods":["AchievementEnabler","BaseMod","Colored Map","Colored Powertips","Downfall","GifTheSpireLib","Highlight Path","Minty Spire (QoL Compilation)","Random Character Button","SacredBarkPlus","StSLib","everything is the same but u backflip on backflip"],"gold_per_floor":[15,33,33,33,53,84,84,117,117,117,136,148,179,193,193,289,289,304,304,17,29,29,57,57,84,110,121,141,172,172,182,182,287,287,301,226,226,23,23,52,52,82,132,132,132,150,150,179,179,179],"floor_reached":51,"language":"ENG","playtime":2469,"items_purged":["Strike_R","Strike_R"],"score":998,"play_id":"a13795f3-3373-49fa-992d-d5a8e4b78992","local_time":"20210207132147","is_ascension_mode":true,"campfire_choices":[{"data":"Inflame","floor":7,"key":"SMITH"},{"data":"Armaments","floor":15,"key":"SMITH"},{"data":"Warcry","floor":24,"key":"SMITH"},{"floor":30,"key":"REST"},{"data":"Demon Form","floor":32,"key":"SMITH"},{"floor":41,"key":"DIG"},{"floor":44,"key":"DIG"},{"floor":49,"key":"DIG"}],"circlet_count":0,"master_deck":["Strike_R","Strike_R+1","Defend_R","Defend_R","Defend_R","Defend_R","Bash+1","Anger+1","Feed","Inflame+1","Flame Barrier","Sword Boomerang","Warcry+1","Hemokinesis","Armaments+1","Headbutt","Reaper","J.A.X.","Clothesline","Flame Barrier+1","Shockwave+1","Heavy Blade+1","Demon Form+1","Armaments+1","Offering","Shrug It Off+1","Madness","Madness","Ghostly Armor+1","Armaments+1","Battle Trance+1"],"relics":["Burning Blood","Shovel","Matryoshka","Ornamental Fan","CaptainsWheel","Nunchaku","Philosopher\u0027s Stone","Turnip","Pear","Question Card","Juzu Bracelet","Bag of Preparation","Whetstone","Red Mask","Fusion Hammer","StoneCalendar","Pantograph","Potion Belt","Red Skull","Vajra","Orichalcum","Akabeko"],"acts_visited":["Exordium","TheCity","TheBeyond"],"potions_floor_usage":[6,16,16,21,23,23,29,33,42,50],"damage_taken":[{"damage":0,"enemies":"2 Louse","floor":1,"turns":3},{"damage":15,"enemies":"Small Slimes","floor":2,"turns":3},{"damage":0,"enemies":"Jaw Worm","floor":5,"turns":3},{"damage":34,"enemies":"Gremlin Nob","floor":6,"turns":5},{"damage":19,"enemies":"Lagavulin","floor":8,"turns":7},{"damage":1,"enemies":"2 Fungi Beasts","floor":11,"turns":3},{"damage":0,"enemies":"3 Louse","floor":12,"turns":3},{"damage":20,"enemies":"3 Sentries","floor":13,"turns":6},{"damage":0,"enemies":"Red Slaver","floor":14,"turns":4},{"damage":4,"enemies":"Slime Boss","floor":16,"turns":5},{"damage":10,"enemies":"Spheric Guardian","floor":18,"turns":3},{"damage":10,"enemies":"Chosen","floor":21,"turns":5},{"damage":45,"enemies":"Slavers","floor":23,"turns":5},{"damage":55,"enemies":"Gremlin Leader","floor":25,"turns":7},{"damage":8,"enemies":"Centurion and Healer","floor":27,"turns":5},{"damage":12,"enemies":"Snecko","floor":28,"turns":5},{"damage":15,"enemies":"Masked Bandits","floor":29,"turns":4},{"damage":10,"enemies":"Cultist and Chosen","floor":31,"turns":4},{"damage":35,"enemies":"Collector","floor":33,"turns":10},{"damage":26,"enemies":"3 Darklings","floor":35,"turns":5},{"damage":33,"enemies":"Giant Head","floor":40,"turns":7},{"damage":22,"enemies":"Reptomancer","floor":42,"turns":7},{"damage":3,"enemies":"Orb Walker","floor":46,"turns":4},{"damage":41,"enemies":"Nemesis","floor":48,"turns":7},{"damage":54,"enemies":"Donu and Deca","floor":50,"turns":8}],"seed_played":"-5962239704261579559","potions_obtained":[{"floor":2,"key":"BloodPotion"},{"floor":11,"key":"DistilledChaos"},{"floor":13,"key":"Block Potion"},{"floor":14,"key":"SpeedPotion"},{"floor":16,"key":"Strength Potion"},{"floor":18,"key":"FearPotion"},{"floor":28,"key":"Block Potion"},{"floor":31,"key":"sneckomod:MuddlingPotion"},{"floor":40,"key":"Block Potion"},{"floor":42,"key":"LiquidMemories"},{"floor":48,"key":"DistilledChaos"}],"is_trial":false,"path_per_floor":["M","M","?","?","M","E","R","E","T","?","M","M","E","M","R","B",null,"M","?","$","M","T","E","R","E","T","M","M","?","R","M","R","B",null,"M","$","?","$","?","E","R","E","T","R","?","M","?","E","R","B",null],"character_chosen":"IRONCLAD","items_purchased":["Turnip","FairyPotion"],"campfire_rested":1,"item_purchase_floors":[20,38],"current_hp_per_floor":[80,71,71,76,82,74,74,61,61,58,63,72,61,67,67,69,94,90,90,90,86,96,84,84,47,47,49,43,55,88,108,108,108,110,109,109,95,95,120,120,120,104,104,104,104,120,120,85,85,62],"gold":179,"neow_bonus":"RANDOM_COLORLESS_2","is_daily":false,"chose_seed":false,"campfire_upgraded":4,"win_rate":0.0,"timestamp":1612725707,"path_taken":["M","M","?","?","M","E","R","E","T","?","M","M","E","M","R","BOSS","M","?","$","M","?","E","R","E","T","M","M","?","R","M","R","BOSS","M","$","?","$","?","E","R","E","T","R","?","M","?","E","R","BOSS"],"items_purchased_type":["Relic","Potion"],"build_version":"2020-12-22","purchased_purges":2,"victory":true,"max_hp_per_floor":[80,80,80,85,85,88,88,88,88,88,88,91,94,94,94,94,94,94,94,94,94,104,107,107,107,107,107,107,110,110,110,110,110,110,110,110,110,110,120,120,120,120,120,120,120,120,120,120,120,120],"card_choices":[{"not_picked":["Metamorphosis","Secret Technique"],"picked":"Panache","floor":0},{"not_picked":["Perfected Strike","Shrug It Off"],"picked":"Anger","floor":1},{"not_picked":["Twin Strike","Sever Soul"],"picked":"Feed","floor":2},{"not_picked":["Feel No Pain","Flex"],"picked":"Inflame","floor":5},{"not_picked":["Second Wind","Anger"],"picked":"Flame Barrier","floor":6},{"not_picked":["Iron Wave","True Grit"],"picked":"Sword Boomerang","floor":8},{"not_picked":["Entrench","Wild Strike"],"picked":"Warcry","floor":11},{"not_picked":["Evolve","Cleave"],"picked":"Hemokinesis","floor":12},{"not_picked":["Entrench","Corruption"],"picked":"Armaments","floor":13},{"not_picked":["Entrench","Perfected Strike"],"picked":"Headbutt","floor":14},{"not_picked":["Juggernaut","Exhume"],"picked":"Reaper","floor":16},{"not_picked":["Combust","Wild Strike"],"picked":"Metallicize+1","floor":18},{"not_picked":["Body Slam+1","Combust"],"picked":"Clothesline","floor":21},{"not_picked":["Metallicize","Hemokinesis","Shockwave"],"picked":"Flame Barrier+1","floor":23},{"not_picked":["Twin Strike","Clash","Hemokinesis","Entrench"],"picked":"SKIP","floor":25},{"not_picked":["Dual Wield","Dropkick","Evolve"],"picked":"Shockwave+1","floor":27},{"not_picked":["Wild Strike","Warcry","Dark Embrace"],"picked":"Heavy Blade+1","floor":28},{"not_picked":["Reckless Charge","Anger","Twin Strike+1"],"picked":"Demon Form","floor":29},{"not_picked":["Pommel Strike+1","Anger","Sword Boomerang+1"],"picked":"Armaments+1","floor":31},{"not_picked":["Feed","Fiend Fire","Bludgeon"],"picked":"Offering","floor":33},{"not_picked":["Clash","Combust+1","Heavy Blade+1"],"picked":"Shrug It Off+1","floor":35},{"not_picked":["Reckless Charge+1","True Grit","Bloodletting"],"picked":"Ghostly Armor+1","floor":40},{"not_picked":["Flex","Body Slam+1","Intimidate","Clothesline"],"picked":"SKIP","floor":42},{"not_picked":["Pummel+1","Perfected Strike","Warcry+1"],"picked":"Armaments+1","floor":46},{"not_picked":["Power Through","Fiend Fire","Pommel Strike+1"],"picked":"Battle Trance+1","floor":48}],"player_experience":154300,"relics_obtained":[{"floor":6,"key":"Shovel"},{"floor":8,"key":"Matryoshka"},{"floor":9,"key":"Ornamental Fan"},{"floor":13,"key":"Nunchaku"},{"floor":22,"key":"Pear"},{"floor":22,"key":"Question Card"},{"floor":23,"key":"Juzu Bracelet"},{"floor":25,"key":"Bag of Preparation"},{"floor":26,"key":"Whetstone"},{"floor":29,"key":"Red Mask"},{"floor":40,"key":"StoneCalendar"},{"floor":41,"key":"Pantograph"},{"floor":42,"key":"Potion Belt"},{"floor":43,"key":"Red Skull"},{"floor":44,"key":"Vajra"},{"floor":48,"key":"Orichalcum"},{"floor":49,"key":"Akabeko"}],"event_choices":[{"damage_healed":0,"gold_gain":0,"player_choice":"Grow","damage_taken":0,"max_hp_gain":0,"max_hp_loss":0,"event_name":"Living Wall","floor":3,"gold_loss":0,"cards_upgraded":["Bash"]},{"damage_healed":0,"gold_gain":0,"player_choice":"Donut","damage_taken":0,"max_hp_gain":5,"max_hp_loss":0,"event_name":"Big Fish","floor":4,"gold_loss":0},{"damage_healed":0,"gold_gain":0,"player_choice":"Success","damage_taken":3,"relics_obtained":["CaptainsWheel"],"max_hp_gain":0,"max_hp_loss":0,"event_name":"Scrap Ooze","floor":10,"gold_loss":0},{"damage_healed":0,"gold_gain":0,"player_choice":"Obtain J.A.X.","damage_taken":0,"max_hp_gain":0,"max_hp_loss":0,"event_name":"Drug Dealer","floor":19,"gold_loss":0,"cards_obtained":["J.A.X."]},{"damage_healed":0,"gold_gain":0,"player_choice":"Fought Bandits","damage_taken":0,"max_hp_gain":0,"max_hp_loss":0,"event_name":"Masked Bandits","floor":29,"gold_loss":0},{"damage_healed":0,"gold_gain":0,"player_choice":"Embrace Madness","damage_taken":14,"max_hp_gain":0,"max_hp_loss":0,"event_name":"Winding Halls","floor":37,"gold_loss":0,"cards_obtained":["Madness","Madness"]},{"cards_removed":["Panache"],"damage_healed":15,"gold_gain":0,"player_choice":"Offered Rare","damage_taken":0,"max_hp_gain":10,"max_hp_loss":0,"event_name":"Bonfire Elementals","floor":39,"gold_loss":0},{"cards_removed":["Strike_R"],"damage_healed":0,"gold_gain":0,"player_choice":"Purged","damage_taken":0,"max_hp_gain":0,"max_hp_loss":0,"event_name":"Purifier","floor":45,"gold_loss":0},{"cards_removed":["Metallicize"],"damage_healed":0,"gold_gain":0,"player_choice":"Removed Power","damage_taken":0,"max_hp_gain":0,"max_hp_loss":0,"event_name":"Falling","floor":47,"gold_loss":0}],"is_beta":false,"boss_relics":[{"not_picked":["bronze:MakeshiftBattery","Black Blood"],"picked":"Philosopher\u0027s Stone"},{"not_picked":["Mark of Pain","Runic Pyramid"],"picked":"Fusion Hammer"}],"items_purged_floors":[36,38],"is_endless":false,"potions_floor_spawned":[2,11,13,14,16,18,28,31,40,42,48],"ascension_level":2}}