{"host":"4u4xibnmtqpdl4qa","time":1612714349,"event":{"mods":["2.2 Compatiblity","AchievementEnabler","BaseMod","Colored Map","Colored Powertips","Curses Come First","DeckTracker","Highlight Path","Minty Spire (QoL Compilation)","Quick Restart","Rare Cards Sparkle","Relic Stats","Slay-I","StSLib","SuperFastMode","Waifu the Spire"],"gold_per_floor":[119,194,44,44,44,44,70,90,90,90,101,136,148,166,166,268,268,282,282,295,295,312,312,312,312],"floor_reached":24,"language":"ENG","playtime":722,"items_purged":[],"score":291,"play_id":"cf2b139c-e97a-4f3a-b565-6fbb403ede32","local_time":"20210207171229","is_ascension_mode":true,"campfire_choices":[{"data":"Clash","floor":6,"key":"SMITH"},{"data":"Combust","floor":10,"key":"SMITH"},{"data":"Rupture","floor":15,"key":"SMITH"},{"data":"RitualDagger","floor":23,"key":"SMITH"}],"circlet_count":0,"master_deck":["Defend_R","Defend_R","Defend_R","Defend_R","Bash","Clash+1","Spot Weakness","Combust+1","Wild Strike","Berserk","Rupture+1","Shockwave","Juggernaut","Clothesline","RitualDagger+1","Heavy Blade+1","Bite","Bite","Bite","Bite","Bite","True Grit+1"],"relics":["Burning Blood","NeowsBlessing","Medical Kit","Sundial","Ice Cream","Paper Frog","Toy Ornithopter","Mark of Pain"],"acts_visited":["Exordium","TheCity"],"potions_floor_usage":[24,24],"damage_taken":[{"damage":0,"enemies":"Jaw Worm","floor":1,"turns":1},{"damage":0,"enemies":"Lagavulin","floor":7,"turns":1},{"damage":0,"enemies":"Small Slimes","floor":8,"turns":1},{"damage":2,"enemies":"2 Louse","floor":11,"turns":2},{"damage":33,"enemies":"Gremlin Nob","floor":12,"turns":4},{"damage":1,"enemies":"Looter","floor":13,"turns":2},{"damage":4,"enemies":"Red Slaver","floor":14,"turns":2},{"damage":37,"enemies":"Slime Boss","floor":16,"turns":8},{"damage":0,"enemies":"Chosen","floor":18,"turns":4},{"damage":7,"enemies":"Shell Parasite","floor":20,"turns":3},{"damage":25,"enemies":"Snecko","floor":22,"turns":5},{"damage":60,"enemies":"Slavers","floor":24,"turns":2}],"seed_played":"-1139917452852526359","potions_obtained":[{"floor":7,"key":"ColorlessPotion"},{"floor":14,"key":"ColorlessPotion"},{"floor":16,"key":"Swift Potion"}],"is_trial":false,"path_per_floor":["M","?","$","?","?","R","E","M","T","R","M","E","M","M","R","B",null,"M","?","M","?","M","R","E"],"character_chosen":"IRONCLAD","items_purchased":["Medical Kit"],"campfire_rested":0,"item_purchase_floors":[3],"current_hp_per_floor":[80,69,69,69,62,62,68,74,74,74,78,51,56,58,58,27,80,80,74,73,56,42,42,0,0],"gold":312,"neow_bonus":"THREE_ENEMY_KILL","is_daily":false,"chose_seed":false,"campfire_upgraded":4,"win_rate":0.0,"timestamp":1612714349,"path_taken":["M","?","$","?","?","R","E","M","T","R","M","E","M","M","R","BOSS","M","?","M","?","M","R","E"],"items_purchased_type":["Relic"],"build_version":"2020-12-22","purchased_purges":0,"victory":false,"max_hp_per_floor":[80,80,80,80,80,80,80,80,80,80,80,80,80,80,80,80,80,80,80,80,56,56,56,56,56],"relic_stats":{"counters":[12,35],"Sundial":[2],"Medical Kit":[6],"obtain_stats":[{"Ice Cream":7,"NeowsBlessing":0,"Sundial":4,"Mark of Pain":17,"Medical Kit":3,"Burning Blood":0,"Toy Ornithopter":12,"Paper Frog":9},{"Ice Cream":2,"NeowsBlessing":0,"Sundial":1,"Mark of Pain":8,"Medical Kit":1,"Burning Blood":0,"Toy Ornithopter":5,"Paper Frog":3},{"Ice Cream":2,"NeowsBlessing":0,"Sundial":1,"Mark of Pain":21,"Medical Kit":1,"Burning Blood":0,"Toy Ornithopter":9,"Paper Frog":3}],"Burning Blood":54,"Toy Ornithopter":10},"card_choices":[{"not_picked":["Sword Boomerang","Headbutt"],"picked":"Clash","floor":1},{"not_picked":["Twin Strike","Anger"],"picked":"Spot Weakness","floor":7},{"not_picked":["Bloodletting","Spot Weakness"],"picked":"Combust","floor":8},{"not_picked":["Twin Strike","Entrench"],"picked":"Wild Strike","floor":11},{"not_picked":["Twin Strike","Sword Boomerang"],"picked":"Berserk","floor":12},{"not_picked":["Second Wind","Flame Barrier"],"picked":"Rupture","floor":13},{"not_picked":["Spot Weakness","Warcry"],"picked":"Shockwave","floor":14},{"not_picked":["Berserk","Demon Form"],"picked":"Juggernaut","floor":16},{"not_picked":["Cleave+1","Ghostly Armor"],"picked":"Clothesline","floor":18},{"not_picked":["Clothesline","Sentinel"],"picked":"Heavy Blade+1","floor":20},{"not_picked":["Ghostly Armor","Entrench"],"picked":"True Grit+1","floor":22}],"player_experience":160488,"relics_obtained":[{"floor":7,"key":"Ice Cream"},{"floor":9,"key":"Paper Frog"},{"floor":12,"key":"Toy Ornithopter"}],"event_choices":[{"damage_healed":0,"gold_gain":75,"player_choice":"Gather Gold","damage_taken":11,"max_hp_gain":0,"max_hp_loss":0,"event_name":"World of Goop","floor":2,"gold_loss":0},{"damage_healed":0,"gold_gain":0,"player_choice":"Box","damage_taken":0,"relics_obtained":["Sundial"],"max_hp_gain":0,"max_hp_loss":0,"event_name":"Big Fish","floor":4,"gold_loss":0,"cards_obtained":["Regret"]},{"cards_removed":["Regret"],"damage_healed":0,"gold_gain":0,"player_choice":"Card Removal","damage_taken":7,"max_hp_gain":0,"max_hp_loss":0,"event_name":"Golden Wing","floor":5,"gold_loss":0},{"damage_healed":0,"gold_gain":0,"player_choice":"Joined the Cult","damage_taken":6,"max_hp_gain":0,"max_hp_loss":0,"event_name":"Nest","floor":19,"gold_loss":0,"cards_obtained":["RitualDagger"]},{"damage_healed":0,"gold_gain":0,"player_choice":"Became a vampire","damage_taken":0,"max_hp_gain":0,"max_hp_loss":24,"event_name":"Vampires","floor":21,"gold_loss":0,"cards_obtained":["Bite","Bite","Bite","Bite","Bite"]}],"is_beta":false,"boss_relics":[{"not_picked":["Busted Crown","Velvet Choker"],"picked":"Mark of Pain"}],"items_purged_floors":[],"is_endless":false,"potions_floor_spawned":[7,14,16,22],"killed_by":"Slavers","ascension_level":3}}