{"host":"1v3mnj67s3trvm6y","time":1612729796,"event":{"mods":["BaseMod","Challenge The Spire","Downfall","Minty Spire (QoL Compilation)","StSLib"],"gold_per_floor":[199,213,231,231,231,258,258,277,77,177,193,128,128,156,175,279,279,279,297,297,151,161,172,247,247,264,164,175,187,122,140,153,248,298,298,317,337,228,238,248,248,248,275,289,289,289,314,314,329,329,329,329,329,329],"floor_reached":52,"language":"ENG","playtime":27182,"items_purged":["sneckomod:Strike","downfall:Malfunctioning","sneckomod:Defend"],"score":803,"play_id":"eaacb395-9b83-417d-975d-67a9e49711d0","local_time":"20210208052956","is_ascension_mode":false,"campfire_choices":[{"data":"sneckomod:TailWhip","floor":1.0,"key":"SMITH"},{"floor":9.0,"key":"REST"},{"data":"sneckomod:SoulCleanse","floor":13.0,"key":"SMITH"},{"floor":18.0,"key":"RECALL"},{"floor":27.0,"key":"REST"},{"data":"Discovery","floor":35.0,"key":"SMITH"},{"floor":42,"key":"REST"},{"floor":46,"key":"REST"}],"circlet_count":0,"master_deck":["sneckomod:Strike+1","sneckomod:Strike+1","sneckomod:Defend+1","sneckomod:Defend+1","sneckomod:TailWhip+1","sneckomod:SnekBite+1","sneckomod:Unknown+1","sneckomod:Unknown0Cost+1","sneckomod:ImprovisedAttack+1","sneckomod:WideSting+1","hexamod:SixthSeal","sneckomod:ImprovisedGuard+1","sneckomod:SoulCleanse+1","sneckomod:UnknownRareAttack+1","Heel Hook+1","sneckomod:UnknownBoss+1","Scrawl+1","sneckomod:WideSting+1","sneckomod:UnknownBoss","sneckomod:UnknownClassGREEN","Discovery+1","sneckomod:Nope+1","sneckomod:QuickMove+1","sneckomod:QuickMove+1","sneckomod:Unknown3Cost+1","sneckomod:Unknown0Cost+1","sneckomod:Rotation+1","sneckomod:UnknownRarePower+1","sneckomod:IronFang+1","sneckomod:QuickBite+1","Panache+1","sneckomod:SlitherStrike+1","hexamod:FirstSeal","sneckomod:SlitherStrike+1","sneckomod:UnknownDexterity+1","sneckomod:UnknownRarePower+1"],"relics":["sneckomod:SuperSneckoSoul","Smiling Mask","Toy Ornithopter","downfall:HeartBlessingGreen","downfall:HeartBlessingBlue","Centennial Puzzle","Kunai","downfall:HeartBlessingRed","Tiny House","Torii","bronze:BronzeIdol","Oddly Smooth Stone","Meat on the Bone"],"acts_visited":["Exordium","TheCity","TheBeyond","TheEnding"],"potions_floor_usage":[44,50],"damage_taken":[{"damage":1.0,"enemies":"2 Louse","floor":2.0,"turns":2.0},{"damage":6.0,"enemies":"Small Slimes","floor":3.0,"turns":2.0},{"damage":25.0,"enemies":"Lagavulin","floor":6.0,"turns":4.0},{"damage":2.0,"enemies":"Jaw Worm","floor":8.0,"turns":2.0},{"damage":16.0,"enemies":"Red Slaver","floor":11.0,"turns":4.0},{"damage":0.0,"enemies":"downfall:FleeingMerchant","floor":12.0,"turns":4.0},{"damage":23.0,"enemies":"Gremlin Nob","floor":14.0,"turns":5.0},{"damage":2.0,"enemies":"Large Slime","floor":15.0,"turns":2.0},{"damage":45.0,"enemies":"IC_STATUS_ARCHETYPE","floor":16.0,"turns":10.0},{"damage":16.0,"enemies":"Spheric Guardian","floor":19.0,"turns":4.0},{"damage":0.0,"enemies":"downfall:FleeingMerchant","floor":21.0,"turns":4.0},{"damage":17.0,"enemies":"Snake Plant","floor":22.0,"turns":3.0},{"damage":0.0,"enemies":"3 Cultists","floor":23.0,"turns":2.0},{"damage":15.0,"enemies":"Shelled Parasite and Fungi","floor":26.0,"turns":6.0},{"damage":10.0,"enemies":"Snake Plant","floor":28.0,"turns":4.0},{"damage":13.0,"enemies":"3 Cultists","floor":29.0,"turns":4.0},{"damage":3.0,"enemies":"downfall:FleeingMerchant","floor":30.0,"turns":4.0},{"damage":20.0,"enemies":"Cultist and Chosen","floor":31.0,"turns":5.0},{"damage":0.0,"enemies":"Snecko","floor":32.0,"turns":4.0},{"damage":18.0,"enemies":"SI_MIRROR_ARCHETYPE","floor":33.0,"turns":10.0},{"damage":0.0,"enemies":"Orb Walker","floor":36.0,"turns":3.0},{"damage":17.0,"enemies":"3 Darklings","floor":37.0,"turns":4.0},{"damage":0.0,"enemies":"downfall:FleeingMerchant","floor":38.0,"turns":3.0},{"damage":9,"enemies":"Sphere and 2 Shapes","floor":39,"turns":3},{"damage":46,"enemies":"4 Shapes","floor":40,"turns":7},{"damage":0,"enemies":"Giant Head","floor":43,"turns":7},{"damage":10,"enemies":"Spire Growth","floor":44,"turns":3},{"damage":21,"enemies":"Reptomancer","floor":47,"turns":5},{"damage":1,"enemies":"Transient","floor":49,"turns":5},{"damage":110,"enemies":"DF_ARCHETYPE_ORBS","floor":50,"turns":14},{"damage":162,"enemies":"downfall:CharBossMerchant","floor":52,"turns":8}],"seed_played":"-3205438268254393076","potions_obtained":[{"floor":2.0,"key":"CultistPotion"},{"floor":6.0,"key":"DistilledChaos"},{"floor":14.0,"key":"sneckomod:DiceRollPotion"},{"floor":15.0,"key":"sneckomod:DiceRollPotion"},{"floor":26.0,"key":"Block Potion"},{"floor":28.0,"key":"Energy Potion"},{"floor":33.0,"key":"AttackPotion"},{"floor":34.0,"key":"Weak Potion"},{"floor":36.0,"key":"Fruit Juice"},{"floor":37.0,"key":"BlessingOfTheForge"},{"floor":47,"key":"LiquidBronze"}],"is_trial":false,"path_per_floor":["R","M","M","?","?","E","T","M","R","?","M","$","R","E","M","B",null,"R","M","?","$","M","M","T","?","M","R","M","M","$","M","M","B",null,"R","M","M","$","M","M","T","R","E","M","?","R","E","?","M","B",null,"E"],"character_chosen":"THE_SNECKO","items_purchased":["Discovery","Torii","Panache"],"campfire_rested":4,"item_purchase_floors":[21,38,38],"current_hp_per_floor":[90,89,83,83,80,55,55,53,93,93,77,77,77,54,52,12,100,100,84,84,84,67,67,67,67,52,82,77,64,66,51,51,33,105,105,110,93,93,84,38,38,71,71,73,73,106,92,92,98,15,110,0,0,0],"gold":329,"neow_bonus":"HUNDRED_GOLD","is_daily":false,"chose_seed":false,"campfire_upgraded":3,"win_rate":0.0,"timestamp":1612729796,"path_taken":["R","M","M","?","?","E","T","M","R","?","M","$","R","E","M","BOSS","R","M","?","$","?","M","T","?","M","R","M","M","$","M","M","BOSS","R","M","M","$","M","?","T","R","E","M","?","R","E","?","M","BOSS","E"],"items_purchased_type":["Card","Relic","Card"],"build_version":"2020-12-22","purchased_purges":3,"victory":false,"max_hp_per_floor":[90,90,90,90,90,90,90,90,100,100,100,100,100,100,100,100,100,100,100,100,100,100,100,100,100,100,100,100,100,100,100,100,100,105,105,110,110,110,110,110,110,110,110,110,110,110,110,110,110,110,110,110,110,110],"card_choices":[{"not_picked":["sneckomod:TrashToTreasure","sneckomod:SoulDraw"],"picked":"sneckomod:Unknown0Cost","floor":2.0},{"not_picked":["sneckomod:Nope","sneckomod:SoulDraw"],"picked":"sneckomod:UnknownWeak","floor":3.0},{"not_picked":["sneckomod:DiceBlock","sneckomod:CheapStock"],"picked":"sneckomod:ImprovisedAttack","floor":6.0},{"not_picked":["sneckomod:ImprovisedAttack","sneckomod:Rotation"],"picked":"sneckomod:WideSting","floor":8.0},{"not_picked":["hexamod:ThirdSeal","hexamod:FirstSeal"],"picked":"hexamod:SixthSeal","floor":11.0},{"not_picked":["sneckomod:UnknownBlock","sneckomod:CheapStock"],"picked":"sneckomod:ImprovisedGuard","floor":11.0},{"not_picked":["sneckomod:RainOfDice","sneckomod:UnknownBlock"],"picked":"sneckomod:SoulCleanse","floor":12.0},{"not_picked":["sneckomod:ImprovisedAttack","sneckomod:UnknownCommonSkill"],"picked":"sneckomod:Memorize","floor":14.0},{"not_picked":["sneckomod:Unknown1Cost","sneckomod:DiceCrush"],"picked":"sneckomod:UnknownRareAttack","floor":15.0},{"not_picked":["sneckomod:UnknownRareSkill","sneckomod:SerpentMind"],"picked":"sneckomod:UnknownBoss","floor":16.0},{"not_picked":["sneckomod:Rotation","sneckomod:UnknownUncommonPower"],"picked":"sneckomod:WideSting","floor":19.0},{"not_picked":["sneckomod:Unknown1Cost","sneckomod:UnknownClassHEXA_GHOST_PURPLE"],"picked":"sneckomod:UnknownClassGREEN","floor":21.0},{"not_picked":["sneckomod:DefensiveFlair","sneckomod:UnknownDraw"],"picked":"sneckomod:Nope","floor":22.0},{"not_picked":["sneckomod:Unknown1Cost+1","sneckomod:QuickBite"],"picked":"sneckomod:QuickMove","floor":23.0},{"not_picked":["sneckomod:UnknownClassPURPLE","sneckomod:SnekBeam","sneckomod:RainOfDice+1"],"picked":"SKIP","floor":26.0},{"not_picked":["sneckomod:MasterEye","sneckomod:DiceCrush","sneckomod:UnknownClassPURPLE"],"picked":"SKIP","floor":28.0},{"not_picked":["sneckomod:UnknownDraw","sneckomod:QuickBite"],"picked":"sneckomod:Unknown3Cost","floor":29.0},{"not_picked":["sneckomod:UnknownExhaust","sneckomod:UnknownVulnerable","sneckomod:SoulRoll+1"],"picked":"SKIP","floor":30.0},{"not_picked":["sneckomod:SoulRoll","sneckomod:UnknownClassHEXA_GHOST_PURPLE"],"picked":"sneckomod:Unknown0Cost+1","floor":31.0},{"not_picked":["sneckomod:Unknown0Cost","sneckomod:RainOfDice"],"picked":"sneckomod:Rotation","floor":32.0},{"not_picked":["sneckomod:UnknownRareAttack","sneckomod:Unknown3Cost"],"picked":"sneckomod:UnknownRarePower","floor":33.0},{"not_picked":["sneckomod:Nope","sneckomod:DiceBlock"],"picked":"sneckomod:IronFang","floor":34.0},{"not_picked":["sneckomod:UnknownVulnerable+1","sneckomod:SoulRoll+1"],"picked":"sneckomod:QuickBite+1","floor":36.0},{"not_picked":["sneckomod:UnknownClassHEXA_GHOST_PURPLE","sneckomod:UnknownCommonSkill","sneckomod:UnknownBlock"],"picked":"SKIP","floor":37.0},{"not_picked":["sneckomod:WideSting","sneckomod:Nope"],"picked":"sneckomod:SlitherStrike","floor":39},{"not_picked":["hexamod:SecondSeal","hexamod:FourthSeal"],"picked":"hexamod:FirstSeal","floor":40},{"not_picked":["sneckomod:Nope+1","sneckomod:QuickBite+1"],"picked":"sneckomod:SlitherStrike","floor":40},{"not_picked":["sneckomod:DangerNoodle","sneckomod:PureSnecko","sneckomod:UnknownVulnerable+1"],"picked":"SKIP","floor":43},{"not_picked":["sneckomod:RainOfDice","sneckomod:UnknownColorless+1"],"picked":"sneckomod:UnknownDexterity+1","floor":44},{"not_picked":["sneckomod:UnknownCommonAttack+1","sneckomod:WideSting+1"],"picked":"sneckomod:UnknownRarePower","floor":47},{"not_picked":["sneckomod:Nope","sneckomod:MasterEye","sneckomod:IronFang"],"picked":"SKIP","floor":49}],"player_experience":1718461,"relics_obtained":[{"floor":6.0,"key":"Toy Ornithopter"},{"floor":14.0,"key":"Centennial Puzzle"},{"floor":24.0,"key":"Kunai"},{"floor":41,"key":"bronze:BronzeIdol"},{"floor":43,"key":"Oddly Smooth Stone"},{"floor":47,"key":"Meat on the Bone"}],"event_choices":[{"damage_healed":0.0,"max_hp_gain":0.0,"max_hp_loss":0.0,"gold_gain":0.0,"event_name":"Scrap Ooze","player_choice":"Success","floor":5.0,"gold_loss":0.0,"damage_taken":3.0,"relics_obtained":["Smiling Mask"]},{"damage_healed":0,"gold_gain":0,"player_choice":"Ignored","damage_taken":0,"max_hp_gain":0,"max_hp_loss":0,"event_name":"Mysterious Sphere","floor":45,"gold_loss":0}],"is_beta":false,"boss_relics":[{"not_picked":["Empty Cage","SlaversCollar"],"picked":"sneckomod:SuperSneckoSoul"},{"not_picked":["Velvet Choker","SacredBark"],"picked":"Tiny House"}],"items_purged_floors":[12,21,30],"is_endless":false,"potions_floor_spawned":[2,6,14,15,26,28,29,33,36,37,47,49],"killed_by":"downfall:CharBossMerchant","ascension_level":0}}