{"host":"0kk91h4bq4kgfj0u","time":1612660321,"event":{"mods":["BaseMod","Block Reminder","Colored Map","Highlight Path","Minty Spire (QoL Compilation)","Shade Mod","StSLib","The Bug Knight"],"gold_per_floor":[116,116,116,134,134,158,158,181,206,206,240,256,256,275,275,275,275],"floor_reached":16,"language":"ENG","playtime":709,"items_purged":[],"score":102,"play_id":"3dc1dcd7-b9ac-4cfc-8567-53b1ff64dde3","local_time":"20210206201201","is_ascension_mode":false,"campfire_choices":[{"floor":7,"key":"REST"},{"data":"Shade:Premonition","floor":10,"key":"SMITH"},{"data":"Shade:CarefulCut","floor":13,"key":"SMITH"},{"data":"Shade:OfferingToTheBeyond","floor":15,"key":"SMITH"}],"circlet_count":0,"master_deck":["Shade:Strike_Shade","Shade:Strike_Shade","Shade:Strike_Shade","Shade:Strike_Shade","Shade:Defend_Shade","Shade:Defend_Shade","Shade:Defend_Shade","Shade:Defend_Shade","Shade:AnimateDead","Shade:CarefulCut+1","Shade:FeralStrike+1","Shade:SkeletonHug","Injury","Shade:Brains","Shade:Premonition+1","Shade:GoDigging","Shade:SensePrey","Shade:OfferingToTheBeyond+1"],"relics":["Shade:YorickSkull","Golden Idol","Bag of Preparation","Blood Vial"],"acts_visited":["Exordium"],"potions_floor_usage":[16],"damage_taken":[{"damage":0,"enemies":"Small Slimes","floor":1,"turns":2},{"damage":3,"enemies":"2 Louse","floor":4,"turns":3},{"damage":6,"enemies":"Cultist","floor":6,"turns":4},{"damage":0,"enemies":"2 Fungi Beasts","floor":8,"turns":3},{"damage":6,"enemies":"HollowMod:MossKnight","floor":11,"turns":12},{"damage":0,"enemies":"Large Slime","floor":12,"turns":6},{"damage":8,"enemies":"Red Slaver","floor":14,"turns":3},{"damage":0,"enemies":"Hexaghost","floor":16,"turns":4}],"seed_played":"-4436393812193284933","potions_obtained":[{"floor":6,"key":"Dexterity Potion"},{"floor":8,"key":"Swift Potion"},{"floor":11,"key":"LiquidBronze"}],"is_trial":false,"path_per_floor":["M","?","?","M","?","M","R","M","T","R","E","M","R","M","R","B"],"character_chosen":"SHADE","items_purchased":[],"campfire_rested":1,"item_purchase_floors":[],"current_hp_per_floor":[71,71,64,61,61,55,71,71,71,71,65,67,67,61,61,63,63],"gold":275,"neow_bonus":"TEN_PERCENT_HP_BONUS","is_daily":false,"chose_seed":false,"campfire_upgraded":3,"win_rate":0.0,"timestamp":1612660321,"path_taken":["M","?","?","?","?","M","R","M","T","R","E","M","R","M","R","BOSS"],"items_purchased_type":[],"build_version":"2020-12-22","purchased_purges":0,"victory":false,"max_hp_per_floor":[71,71,71,71,71,71,71,71,71,71,71,71,71,71,71,71,71],"card_choices":[{"not_picked":["Shade:FingerOfDeath","Shade:Patience"],"picked":"Shade:FeralStrike","floor":1},{"not_picked":["Shade:FleshToFlesh","Shade:GraveStillness"],"picked":"Shade:SkeletonHug","floor":4},{"not_picked":["Shade:Trample","Shade:Patience"],"picked":"Shade:Brains","floor":6},{"not_picked":["Shade:GreyBargain","Shade:RitualOffering"],"picked":"Shade:Premonition","floor":8},{"not_picked":["Shade:SanguineRitual","Shade:FeralStrike"],"picked":"Shade:GoDigging","floor":11},{"not_picked":["Shade:RitualOffering","Shade:CoffinDance"],"picked":"Shade:SensePrey","floor":12},{"not_picked":["Shade:BoneShards","Shade:DangerousRitual"],"picked":"Shade:OfferingToTheBeyond","floor":14}],"player_experience":854714,"relics_obtained":[{"floor":9,"key":"Bag of Preparation"},{"floor":11,"key":"Blood Vial"}],"event_choices":[{"damage_healed":0,"gold_gain":0,"player_choice":"Grow","damage_taken":0,"max_hp_gain":0,"max_hp_loss":0,"event_name":"Living Wall","floor":2,"gold_loss":0,"cards_upgraded":["Shade:FeralStrike"]},{"damage_healed":0,"gold_gain":0,"player_choice":"Damaged","damage_taken":7,"max_hp_gain":0,"max_hp_loss":0,"event_name":"Wheel of Change","floor":3,"gold_loss":0},{"damage_healed":0,"gold_gain":0,"player_choice":"Take Wound","damage_taken":0,"relics_obtained":["Golden Idol"],"max_hp_gain":0,"max_hp_loss":0,"event_name":"Golden Idol","floor":5,"gold_loss":0,"cards_obtained":["Injury"]}],"is_beta":false,"boss_relics":[],"items_purged_floors":[],"is_endless":false,"potions_floor_spawned":[6,8,11],"killed_by":"Hexaghost","ascension_level":0}}