{"host":"6azrrw3tf7wb0f4b","time":1612690776,"event":{"mods":["BaseMod","DeckTracker","Minty Spire (QoL Compilation)","SuperFastMode"],"gold_per_floor":[110,35,35,35,35,66,82,101,101,119,119,44,61,61,61],"floor_reached":14,"language":"KOR","playtime":191,"items_purged":["Strike_B"],"score":207,"play_id":"245cd29c-1b21-4060-a4d9-5ebebac614f1","local_time":"20210207183936","is_ascension_mode":true,"campfire_choices":[{"data":"Loop","floor":11,"key":"SMITH"}],"circlet_count":0,"master_deck":["AscendersBane","Strike_B","Strike_B","Defend_B","Defend_B","Defend_B","Zap","Dualcast","Streamline","Lockon","Turbo","Beam Cell","Seek","Loop+1","Conserve Battery"],"relics":["Cracked Core","NeowsBlessing","Meat on the Bone","Regal Pillow","Matryoshka"],"acts_visited":["Exordium"],"potions_floor_usage":[14],"damage_taken":[{"damage":0,"enemies":"Jaw Worm","floor":1,"turns":1},{"damage":0,"enemies":"Lagavulin","floor":6,"turns":1},{"damage":0,"enemies":"2 Louse","floor":7,"turns":1},{"damage":1,"enemies":"Cultist","floor":8,"turns":3},{"damage":7,"enemies":"Large Slime","floor":10,"turns":5},{"damage":3,"enemies":"Blue Slaver","floor":13,"turns":2},{"damage":44,"enemies":"3 Sentries","floor":14,"turns":8}],"seed_played":"-880937586585495079","potions_obtained":[{"floor":7,"key":"Block Potion"},{"floor":10,"key":"CultistPotion"}],"is_trial":false,"path_per_floor":["M","?","$","?","?","E","M","M","T","M","R","$","M","E"],"character_chosen":"DEFECT","items_purchased":[],"campfire_rested":0,"item_purchase_floors":[],"current_hp_per_floor":[64,64,64,53,53,53,53,52,52,45,45,45,42,0,0],"gold":61,"neow_bonus":"THREE_ENEMY_KILL","is_daily":false,"chose_seed":false,"campfire_upgraded":1,"win_rate":0.0,"timestamp":1612690776,"path_taken":["M","?","$","?","?","E","M","M","T","M","R","?","M","E"],"items_purchased_type":[],"build_version":"2020-12-22","purchased_purges":1,"victory":false,"max_hp_per_floor":[71,71,71,71,71,71,71,71,71,71,71,71,71,71,71],"card_choices":[{"not_picked":["Redo","Go for the Eyes"],"picked":"Streamline","floor":1},{"not_picked":["Stack","Steam Power"],"picked":"Turbo","floor":6},{"not_picked":["Redo","Go for the Eyes"],"picked":"Beam Cell","floor":7},{"not_picked":["Skim","Gash"],"picked":"Seek","floor":8},{"not_picked":["Compile Driver","Conserve Battery"],"picked":"Loop","floor":10},{"not_picked":["Sweeping Beam","Steam"],"picked":"Conserve Battery","floor":13}],"player_experience":763052,"relics_obtained":[{"floor":6,"key":"Regal Pillow"},{"floor":9,"key":"Matryoshka"}],"event_choices":[{"cards_removed":["Strike_B"],"damage_healed":0,"gold_gain":0,"player_choice":"Card Removal","damage_taken":0,"max_hp_gain":0,"max_hp_loss":0,"event_name":"The Cleric","floor":2,"gold_loss":75},{"damage_healed":0,"gold_gain":0,"player_choice":"Success","damage_taken":11,"relics_obtained":["Meat on the Bone"],"max_hp_gain":0,"max_hp_loss":0,"event_name":"Scrap Ooze","floor":4,"gold_loss":0},{"damage_healed":0,"gold_gain":0,"cards_transformed":["Defend_B"],"player_choice":"Change","damage_taken":0,"max_hp_gain":0,"max_hp_loss":0,"event_name":"Living Wall","floor":5,"gold_loss":0,"cards_obtained":["Lockon"]}],"is_beta":false,"boss_relics":[],"items_purged_floors":[12],"is_endless":false,"potions_floor_spawned":[7,10,13],"killed_by":"3 Sentries","ascension_level":16}}