{"host":"csv4uk4hw8wax4p9","time":1612673997,"event":{"mods":["Act Like it!","BaseMod","Challenge The Spire","Minty Spire (QoL Compilation)","Quick Restart","StSLib","WarShipGirlsR/’ΩΩ¢…Ÿ≈ÆR mod"],"gold_per_floor":[114,133,133,146,165,165,165],"floor_reached":6,"language":"ZHS","playtime":260,"items_purged":[],"score":38,"play_id":"2029175c-dffc-43c4-8208-838092fcbf88","local_time":"20210207125957","is_ascension_mode":false,"campfire_choices":[],"circlet_count":0,"master_deck":["rmod:strick","rmod:strick","rmod:strick","rmod:strick","rmod:defend","rmod:defend","rmod:defend","rmod:defend","rmod:basicallowance","rmod:maingunfire","rmod:aluminumsupply","rmod:maintain","Decay","rmod:lonelyqueen","rmod:firesupport"],"relics":["rmod:firstchargereward","Lizard Tail"],"acts_visited":["Exordium"],"potions_floor_usage":[],"damage_taken":[{"damage":0,"enemies":"Jaw Worm","floor":1,"turns":3},{"damage":0,"enemies":"Cultist","floor":2,"turns":3},{"damage":0,"enemies":"Small Slimes","floor":4,"turns":4},{"damage":5,"enemies":"Looter","floor":5,"turns":4},{"damage":0,"enemies":"3 Sentries","floor":6,"turns":1}],"seed_played":"7963515189622550045","potions_obtained":[{"floor":2,"key":"SpeedPotion"},{"floor":5,"key":"Ancient Potion"}],"is_trial":false,"path_per_floor":["M","M","?","M","M","E"],"character_chosen":"PRAEFECT","items_purchased":[],"campfire_rested":0,"item_purchase_floors":[],"current_hp_per_floor":[68,68,68,68,63,63,63],"gold":165,"neow_bonus":"ONE_RARE_RELIC","is_daily":false,"chose_seed":false,"campfire_upgraded":0,"win_rate":0.0,"timestamp":1612673997,"path_taken":["M","M","?","?","M","E"],"items_purchased_type":[],"build_version":"2020-12-22","purchased_purges":0,"victory":false,"max_hp_per_floor":[68,68,68,68,68,68,68],"card_choices":[{"not_picked":["rmod:fletcherpendant","rmod:combined"],"picked":"rmod:aluminumsupply","floor":1},{"not_picked":["rmod:aluminumsupply","rmod:supportescort"],"picked":"rmod:maintain","floor":2},{"not_picked":["rmod:maintain","rmod:supportescort"],"picked":"rmod:lonelyqueen","floor":4},{"not_picked":["rmod:circuitoustactics","rmod:abidefaith"],"picked":"rmod:firesupport","floor":5}],"player_experience":492247,"relics_obtained":[],"event_choices":[{"damage_healed":0,"gold_gain":0,"player_choice":"Cursed","damage_taken":0,"max_hp_gain":0,"max_hp_loss":0,"event_name":"Wheel of Change","floor":3,"gold_loss":0,"cards_obtained":["Decay"]}],"is_beta":false,"boss_relics":[],"items_purged_floors":[],"is_endless":false,"potions_floor_spawned":[2,5],"killed_by":"3 Sentries","ascension_level":0}}