{"host":"CMSolomon","time":1612707280,"event":{"mods":["Act Like it!","BaseMod","Downfall","Minty Spire (QoL Compilation)","StSLib"],"gold_per_floor":[99,118,128,148,166,181,181,181,211,245,145,31,31,31,50,151,151,51,61,79,94,32,32,32,32,52,63,163,178,209,231,255,267,267],"floor_reached":33,"language":"ZHS","playtime":2049,"items_purged":["downfall:Malfunctioning"],"score":273,"play_id":"01e5425c-524e-4774-bfb2-850a14668333","local_time":"20210207221440","is_ascension_mode":false,"campfire_choices":[{"data":"bronze:ChosenStrike","floor":1,"key":"SMITH"},{"data":"bronze:Iterate","floor":11,"key":"SMITH"},{"floor":13,"key":"RECALL"},{"data":"bronze:Mutator","floor":18,"key":"SMITH"},{"data":"bronze:BitShift","floor":23,"key":"SMITH"}],"circlet_count":0,"master_deck":["bronze:Strike+1","bronze:Strike","bronze:Defend","bronze:Defend","bronze:Replicate","bronze:Goto+1","bronze:ChosenStrike+1","bronze:Overheat","bronze:Boost","bronze:ChildClass+1","bronze:Frontload","bronze:BronzeOrb","bronze:Iterate+1","bronze:Iterate","bronze:WhirlingStrike","bronze:BronzeArmor","bronze:Flail","bronze:Mutator+1","bronze:DelayedSlice+1","bronze:Fortify+1","bronze:ItsAFeature+1","bronze:Fortify","bronze:BitShift+1","bronze:Break","bronze:DonuBeam","bronze:Overload"],"relics":["bronze:BronzeCore","bronze:CableSpool","Sundial","Darkstone Periapt","downfall:HeartBlessingGreen","Astrolabe","downfall:HeartBlessingRed","Matryoshka","MawBank"],"acts_visited":["Exordium","TheCity"],"potions_floor_usage":[16,27,30,30,33],"damage_taken":[{"damage":0,"enemies":"Cultist","floor":2,"turns":2},{"damage":3,"enemies":"Jaw Worm","floor":3,"turns":3},{"damage":0,"enemies":"2 Louse","floor":4,"turns":3},{"damage":0,"enemies":"Large Slime","floor":5,"turns":3},{"damage":0,"enemies":"Red Slaver","floor":6,"turns":3},{"damage":20,"enemies":"Lagavulin","floor":10,"turns":5},{"damage":0,"enemies":"downfall:FleeingMerchant","floor":12,"turns":4},{"damage":0,"enemies":"Lots of Slimes","floor":15,"turns":1},{"damage":31,"enemies":"DF_ARCHETYPE_STREAMLINE","floor":16,"turns":8},{"damage":3,"enemies":"Chosen","floor":19,"turns":3},{"damage":0,"enemies":"3 Byrds","floor":20,"turns":4},{"damage":0,"enemies":"Snake Plant","floor":21,"turns":1},{"damage":3,"enemies":"downfall:FleeingMerchant","floor":22,"turns":4},{"damage":0,"enemies":"Centurion and Healer","floor":26,"turns":2},{"damage":0,"enemies":"3 Cultists","floor":27,"turns":2},{"damage":0,"enemies":"3 Cultists","floor":28,"turns":2},{"damage":15,"enemies":"Snecko","floor":29,"turns":4},{"damage":22,"enemies":"Slavers","floor":30,"turns":4},{"damage":21,"enemies":"Snake Plant","floor":31,"turns":3},{"damage":0,"enemies":"Sentry and Sphere","floor":32,"turns":2},{"damage":9,"enemies":"SI_MIRROR_ARCHETYPE","floor":33,"turns":1}],"seed_played":"-4280831878624298745","potions_obtained":[{"floor":4,"key":"Fire Potion"},{"floor":6,"key":"Energy Potion"},{"floor":10,"key":"bronze:BurnAndBuffPotion"},{"floor":16,"key":"Ancient Potion"},{"floor":21,"key":"bronze:BurnAndBuffPotion"},{"floor":29,"key":"Ancient Potion"},{"floor":30,"key":"DuplicationPotion"},{"floor":31,"key":"bronze:BurnAndBuffPotion"}],"is_trial":false,"path_per_floor":["R","M","M","M","M","M","T","?","?","E","R","$","R","?","M","B",null,"R","M","M","M","$","R","T","?","M","M","?","M","E","M","M","B"],"character_chosen":"THE_AUTOMATON","items_purchased":["bronze:WhirlingStrike","bronze:BitShift"],"campfire_rested":0,"item_purchase_floors":[12,22],"current_hp_per_floor":[70,70,67,67,67,67,67,67,67,47,47,47,47,47,47,16,70,70,67,67,67,64,64,64,64,64,64,64,49,27,6,6,0,0,0],"gold":267,"neow_bonus":"THREE_CARDS","is_daily":false,"chose_seed":false,"campfire_upgraded":4,"win_rate":0.0,"timestamp":1612707280,"path_taken":["R","M","M","?","M","M","T","?","?","E","R","$","R","?","M","BOSS","R","M","M","M","$","R","T","?","?","?","?","M","E","M","M","BOSS"],"items_purchased_type":["Card","Card"],"build_version":"2020-12-18","purchased_purges":1,"victory":false,"max_hp_per_floor":[70,70,70,70,70,70,70,70,70,70,70,70,70,70,70,70,70,70,70,70,70,70,70,70,70,70,70,70,70,70,70,70,70,70,70],"card_choices":[{"not_picked":["bronze:GetLatest","bronze:BuggyMess"],"picked":"bronze:ChosenStrike","floor":0},{"not_picked":["bronze:Shield","bronze:Return"],"picked":"bronze:Overheat","floor":2},{"not_picked":["bronze:DelayedSlice","bronze:Shield"],"picked":"bronze:Boost","floor":3},{"not_picked":["bronze:Overheat","bronze:GetLatest"],"picked":"bronze:ChildClass","floor":4},{"not_picked":["bronze:Deprecate","bronze:GetLatest"],"picked":"bronze:Frontload","floor":5},{"not_picked":["bronze:Turbo","bronze:ChildClass"],"picked":"bronze:BronzeOrb","floor":6},{"not_picked":["bronze:Format","bronze:FollowUp"],"picked":"bronze:Iterate","floor":10},{"not_picked":["bronze:BuggyMess","bronze:DelayedGuard"],"picked":"bronze:Iterate","floor":12},{"not_picked":["bronze:Backtrace","bronze:Shell"],"picked":"bronze:Flail","floor":15},{"not_picked":["bronze:RecursiveStrike","bronze:ThunderWave"],"picked":"bronze:Mutator","floor":16},{"not_picked":["bronze:Frontload","bronze:Overheat+1","bronze:GetLatest+1"],"picked":"SKIP","floor":19},{"not_picked":["bronze:CutThrough+1","bronze:Frontload","bronze:Invalidate"],"picked":"SKIP","floor":20},{"not_picked":["bronze:Flail","bronze:Virus","bronze:BronzeArmor"],"picked":"SKIP","floor":21},{"not_picked":["bronze:BronzeArmor+1","bronze:Flail"],"picked":"bronze:Fortify","floor":22},{"not_picked":["bronze:Backtrace+1","bronze:CutThrough+1","bronze:BuggyMess+1"],"picked":"SKIP","floor":26},{"not_picked":["bronze:BitShift","bronze:Overload","bronze:Fortify"],"picked":"SKIP","floor":27},{"not_picked":[],"picked":"bronze:DonuBeam","floor":28},{"not_picked":["bronze:DelayedGuard","bronze:Overheat","bronze:CutThrough+1"],"picked":"SKIP","floor":29},{"not_picked":["bronze:OilSpill","bronze:Format"],"picked":"bronze:Overload","floor":30},{"not_picked":["bronze:Optimize","bronze:Iterate+1","bronze:Branch"],"picked":"SKIP","floor":31},{"not_picked":["bronze:BugBarrage+1","bronze:Frontload","bronze:WhirlingStrike+1"],"picked":"SKIP","floor":32}],"player_experience":1493402,"relics_obtained":[{"floor":7,"key":"bronze:CableSpool"},{"floor":10,"key":"Darkstone Periapt"},{"floor":24,"key":"Matryoshka"},{"floor":30,"key":"MawBank"}],"event_choices":[],"is_beta":true,"boss_relics":[{"not_picked":["bronze:MakeshiftBattery","Runic Pyramid"],"picked":"Astrolabe"}],"items_purged_floors":[12],"is_endless":false,"potions_floor_spawned":[4,6,10,16,20,21,26,29,30,31,32],"killed_by":"SI_MIRROR_ARCHETYPE","ascension_level":0}}