{"host":"53w25izqmiakdcya","time":1612687098,"event":{"mods":["BaseMod","Colored Powertips","Downfall","Minty Spire (QoL Compilation)","Quick Restart","Rare Cards Sparkle","StSLib"],"gold_per_floor":[99,99,99,99,115,149,172,347,9,9,36,36,48,65,76,76,76,76],"floor_reached":16,"language":"ENG","playtime":539,"items_purged":[],"score":108,"play_id":"0d5650ef-fafc-4056-9b64-9723b4d239ac","local_time":"20210207023818","is_ascension_mode":false,"campfire_choices":[{"data":"bronze:Replicate","floor":1.0,"key":"SMITH"},{"data":"bronze:Terminator","floor":10.0,"key":"SMITH"}],"circlet_count":0,"master_deck":["bronze:Strike","bronze:Strike","bronze:Strike","bronze:Strike","bronze:Defend","bronze:Defend","bronze:Defend","bronze:Defend","bronze:Replicate+1","bronze:Goto","bronze:WhirlingStrike","bronze:DelayedSlice","bronze:DelayedSlice","bronze:ClassDefault","bronze:Iterate","bronze:Terminator+1","bronze:ChildClass","bronze:BitShift","Deep Breath","bronze:Frontload","bronze:WhirlingStrike","bronze:Iterate","bronze:WhirlingStrike"],"relics":["bronze:BronzeCore","downfall:HeartsMalice","Happy Flower","Omamori","Sling","Bag of Marbles"],"acts_visited":["Exordium"],"potions_floor_usage":[16,16,16],"damage_taken":[{"damage":0.0,"enemies":"2 Louse","floor":2.0,"turns":1.0},{"damage":0.0,"enemies":"Cultist","floor":3.0,"turns":1.0},{"damage":0.0,"enemies":"Small Slimes","floor":4.0,"turns":1.0},{"damage":0.0,"enemies":"Gremlin Gang","floor":5.0,"turns":1.0},{"damage":8.0,"enemies":"3 Sentries","floor":6.0,"turns":3.0},{"damage":0.0,"enemies":"downfall:FleeingMerchant","floor":9.0,"turns":4.0},{"damage":20.0,"enemies":"Gremlin Nob","floor":11.0,"turns":4.0},{"damage":0.0,"enemies":"Large Slime","floor":13.0,"turns":4.0},{"damage":2.0,"enemies":"Exordium Wildlife","floor":14.0,"turns":2.0},{"damage":4.0,"enemies":"3 Louse","floor":15.0,"turns":2.0},{"damage":42,"enemies":"DF_ARCHETYPE_STREAMLINE","floor":16,"turns":6}],"seed_played":"4199379597223832229","potions_obtained":[{"floor":5.0,"key":"LiquidBronze"},{"floor":11.0,"key":"champ:CounterPotion"},{"floor":13.0,"key":"champ:CounterPotion"},{"floor":14.0,"key":"bronze:FreeFunctionsPotion"}],"is_trial":false,"path_per_floor":["R","M","M","M","M","E","T","?","$","R","E","?","M","M","M","B"],"character_chosen":"THE_AUTOMATON","items_purchased":["bronze:ChildClass","Sling","bronze:BitShift","Deep Breath"],"campfire_rested":0,"item_purchase_floors":[9,9,9,9],"current_hp_per_floor":[70,70,70,70,70,62,62,62,62,62,42,42,42,40,36,0,0,0],"gold":76,"neow_bonus":"THREE_ENEMY_KILL","is_daily":false,"chose_seed":false,"campfire_upgraded":2,"win_rate":0.0,"timestamp":1612687098,"path_taken":["R","M","M","M","M","E","T","?","$","R","E","?","M","?","M","BOSS"],"items_purchased_type":["Card","Relic","Card","Card"],"build_version":"2020-12-22","purchased_purges":0,"victory":false,"max_hp_per_floor":[70,70,70,70,70,70,70,70,70,70,70,70,70,70,70,70,70,70],"card_choices":[{"not_picked":["bronze:ForLoop","bronze:Constructor"],"picked":"bronze:WhirlingStrike","floor":2.0},{"not_picked":["bronze:Shell","bronze:ChosenStrike"],"picked":"bronze:DelayedSlice","floor":3.0},{"not_picked":["bronze:Branch","bronze:ChildClass"],"picked":"bronze:DelayedSlice","floor":4.0},{"not_picked":["bronze:Backtrace","bronze:BuggyMess"],"picked":"bronze:ClassDefault","floor":5.0},{"not_picked":["bronze:BronzeArmor","bronze:Repulsor"],"picked":"bronze:Iterate","floor":6.0},{"not_picked":["bronze:BronzeArmor","bronze:DelayedSlice"],"picked":"bronze:Terminator","floor":9.0},{"not_picked":["bronze:WildBeam","bronze:Turbo"],"picked":"bronze:Frontload","floor":11.0},{"not_picked":["bronze:BuggyMess","bronze:Overheat"],"picked":"bronze:WhirlingStrike","floor":13.0},{"not_picked":["bronze:BronzeOrb","bronze:ItsAFeature"],"picked":"bronze:Iterate","floor":14.0},{"not_picked":["bronze:Branch","bronze:ForceShield"],"picked":"bronze:WhirlingStrike","floor":15.0}],"player_experience":577203,"relics_obtained":[{"floor":6.0,"key":"Happy Flower"},{"floor":7.0,"key":"Omamori"},{"floor":11.0,"key":"Bag of Marbles"}],"event_choices":[{"damage_healed":0.0,"max_hp_gain":0.0,"max_hp_loss":0.0,"gold_gain":0.0,"event_name":"NoteForYourself","player_choice":"Ignored","floor":12.0,"gold_loss":0.0,"damage_taken":0.0}],"is_beta":false,"boss_relics":[],"items_purged_floors":[],"is_endless":false,"potions_floor_spawned":[5,11,13,14,15],"killed_by":"DF_ARCHETYPE_STREAMLINE","ascension_level":0}}