{"host":"j4nfyhit1dl35m08","time":1612664476,"event":{"mods":["BaseMod","Downfall","Highlight Path","Minty Spire (QoL Compilation)","StSLib"],"gold_per_floor":[99,112,129,140,152,179,179,179,199,299,299,299,299,299,299],"floor_reached":13,"language":"ENG","playtime":991,"items_purged":[],"score":132,"play_id":"6c3e140c-f47c-4041-b00a-b80828d1c78b","local_time":"20210206202116","is_ascension_mode":true,"campfire_choices":[{"data":"bronze:Goto","floor":1,"key":"SMITH"},{"floor":8,"key":"REST"},{"floor":12,"key":"REST"}],"circlet_count":0,"master_deck":["AscendersBane","bronze:Strike","bronze:Strike","bronze:Strike","bronze:Defend","bronze:Defend","bronze:Defend","bronze:Defend","bronze:Replicate","bronze:Goto+1","bronze:Terminator","bronze:Fortify","bronze:CutThrough","bronze:MaxOutput","bronze:WhirlingStrike"],"relics":["SacredBark","Happy Flower","Juzu Bracelet"],"acts_visited":["Exordium"],"potions_floor_usage":[5,6,9],"damage_taken":[{"damage":0,"enemies":"2 Louse","floor":2,"turns":3},{"damage":7,"enemies":"Jaw Worm","floor":3,"turns":4},{"damage":0,"enemies":"Cultist","floor":4,"turns":3},{"damage":12,"enemies":"Lots of Slimes","floor":5,"turns":2},{"damage":27,"enemies":"Lagavulin","floor":6,"turns":8},{"damage":21,"enemies":"Gremlin Gang","floor":9,"turns":4},{"damage":56,"enemies":"Gremlin Nob","floor":13,"turns":4}],"seed_played":"-7010793127051160321","potions_obtained":[{"floor":2,"key":"Explosive Potion"},{"floor":3,"key":"SpeedPotion"},{"floor":5,"key":"Block Potion"},{"floor":6,"key":"DuplicationPotion"}],"is_trial":false,"path_per_floor":["R","M","M","M","M","E","T","R","M","?","?","R","E"],"character_chosen":"THE_AUTOMATON","items_purchased":[],"campfire_rested":2,"item_purchase_floors":[],"current_hp_per_floor":[63,63,56,56,44,17,17,38,17,17,17,38,0,0,0],"gold":299,"neow_bonus":"BOSS_RELIC","is_daily":false,"chose_seed":false,"campfire_upgraded":1,"win_rate":0.0,"timestamp":1612664476,"path_taken":["R","M","M","M","M","E","T","R","M","?","?","R","E"],"items_purchased_type":[],"build_version":"2020-12-22","purchased_purges":0,"victory":false,"max_hp_per_floor":[70,70,70,70,70,70,70,70,70,70,70,70,70,70,70],"card_choices":[{"not_picked":["bronze:Optimize","bronze:Invalidate"],"picked":"bronze:Terminator","floor":2},{"not_picked":["bronze:OilSpill","bronze:Turbo"],"picked":"bronze:Fortify","floor":3},{"not_picked":["bronze:Safeguard","bronze:Constructor"],"picked":"bronze:CutThrough","floor":4},{"not_picked":["bronze:BuggyMess","bronze:Deprecate"],"picked":"bronze:MaxOutput","floor":5},{"not_picked":["bronze:Backtrace","bronze:ThunderWave","bronze:Shield"],"picked":"SKIP","floor":6},{"not_picked":["bronze:BugBarrage","bronze:Return"],"picked":"bronze:WhirlingStrike","floor":9}],"player_experience":460877,"relics_obtained":[{"floor":6,"key":"Happy Flower"},{"floor":7,"key":"Juzu Bracelet"}],"event_choices":[{"cards_removed":["bronze:Strike"],"damage_healed":0,"gold_gain":0,"player_choice":"Card Removal","damage_taken":0,"max_hp_gain":0,"max_hp_loss":0,"event_name":"The Cleric","floor":11,"gold_loss":0}],"is_beta":false,"boss_relics":[],"items_purged_floors":[],"is_endless":false,"potions_floor_spawned":[2,3,5,6],"killed_by":"Gremlin Nob","ascension_level":11}}