{"host":"8nczvqy4wymjd7hn","time":1612693647,"event":{"mods":["BaseMod","Better Third Choice","Colored Map","Colored Powertips","Dark Map","Downfall","Minty Spire (QoL Compilation)","Quick Restart","Replay The Spire","Shop Mod","StSLib"],"gold_per_floor":[110,125,141,216,235,235,269,269,349,361,361,361,373,386,386,481,481,495,133,133,133,133,133],"floor_reached":22,"language":"ENG","playtime":1712,"items_purged":["Replay:Hysterical Blindness"],"score":186,"play_id":"4501e878-edd7-4eb4-9fa1-f560602f4622","local_time":"20210207022727","is_ascension_mode":false,"campfire_choices":[{"data":"Perfected Strike","floor":6,"key":"SMITH"},{"data":"1","floor":11,"key":"LIFT"},{"data":"2","floor":15,"key":"LIFT"}],"circlet_count":0,"master_deck":["Strike_R","Strike_R+1","Strike_R","Strike_R","Strike_R","Defend_R","Defend_R","Defend_R","Defend_R","Bash","Trip","Anger","Run Through","Perfected Strike+1","Twin Strike","ReplayTheSpireMod:Limb From Limb","Demon Form","Shrug It Off+1","Searing Blow+1"],"relics":["Burning Blood","ReplayTheSpireMod:CursedCoin","Girya","Kunai","bronze:MakeshiftBattery","King of Hearts","HandDrill","Nilry\u0027s Codex"],"acts_visited":["Exordium","TheCity"],"potions_floor_usage":[],"damage_taken":[{"damage":17,"enemies":"Jaw Worm","floor":1,"turns":4},{"damage":0,"enemies":"2 Louse","floor":2,"turns":3},{"damage":1,"enemies":"Cultist","floor":3,"turns":3},{"damage":8,"enemies":"Large Slime","floor":5,"turns":5},{"damage":44,"enemies":"3 Sentries","floor":7,"turns":8},{"damage":0,"enemies":"Looter","floor":10,"turns":2},{"damage":0,"enemies":"3 Louse","floor":13,"turns":3},{"damage":2,"enemies":"Exordium Thugs","floor":14,"turns":3},{"damage":45,"enemies":"Hexaghost","floor":16,"turns":7},{"damage":62,"enemies":"3 Byrds","floor":18,"turns":6},{"damage":7,"enemies":"Shell Parasite","floor":22,"turns":2}],"seed_played":"8063670756348184119","potions_obtained":[{"floor":3,"key":"Slimebound:ThreeZeroPotion"},{"floor":16,"key":"Explosive Potion"},{"floor":18,"key":"Regen Potion"}],"is_trial":false,"path_per_floor":["M","M","M","$","M","R","E","?","T","M","R","?","M","M","R","B",null,"M","$","?","?","M"],"character_chosen":"IRONCLAD","items_purchased":["ReplayTheSpireMod:CursedCoin","King of Hearts","HandDrill","Searing Blow+1"],"campfire_rested":0,"item_purchase_floors":[4,19,19,19],"current_hp_per_floor":[69,75,80,80,78,78,40,40,40,46,46,72,78,80,80,41,80,24,24,24,8,1,1],"gold":133,"neow_bonus":"RANDOM_COLORLESS","is_daily":false,"chose_seed":false,"campfire_upgraded":1,"win_rate":0.0,"timestamp":1612693647,"path_taken":["M","M","M","$","M","R","E","?","T","M","R","?","?","M","R","BOSS","M","?","?","?","M"],"items_purchased_type":["Relic","Relic","Relic","Card"],"build_version":"2020-12-22","purchased_purges":1,"victory":false,"max_hp_per_floor":[80,80,80,80,80,80,80,80,80,80,80,80,80,80,80,80,80,80,80,80,80,80,80],"card_choices":[{"not_picked":["Survey Options","Swift Strike"],"picked":"Trip","floor":0},{"not_picked":["Thunderclap","Flex"],"picked":"Anger","floor":1},{"not_picked":["Clash","Shockwave"],"picked":"Run Through","floor":2},{"not_picked":["Life Link","Heavy Blade","Warcry"],"picked":"SKIP","floor":3},{"not_picked":["Life Link","Heavy Blade","Warcry"],"picked":"SKIP","floor":3},{"not_picked":["Cleave","Bloodletting"],"picked":"Perfected Strike","floor":5},{"not_picked":["Clothesline","Inflame"],"picked":"Twin Strike","floor":7},{"not_picked":["Warcry","Massacre","Replay:Undeath\u0027s Touch"],"picked":"SKIP","floor":10},{"not_picked":["Headbutt","Barricade"],"picked":"ReplayTheSpireMod:Limb From Limb","floor":13},{"not_picked":["Heavy Blade","Body Slam","Intimidate"],"picked":"SKIP","floor":14},{"not_picked":["Fiend Fire","Impervious"],"picked":"Demon Form","floor":16},{"not_picked":["Heavy Blade","Sword Boomerang"],"picked":"Shrug It Off+1","floor":18}],"player_experience":31826,"relics_obtained":[{"floor":7,"key":"Girya"},{"floor":9,"key":"Kunai"},{"floor":21,"key":"Nilry\u0027s Codex"}],"event_choices":[{"damage_healed":26,"gold_gain":0,"player_choice":"Banana","damage_taken":0,"max_hp_gain":0,"max_hp_loss":0,"event_name":"Big Fish","floor":12,"gold_loss":0},{"damage_healed":0,"gold_gain":0,"player_choice":"Obtained Book","damage_taken":16,"max_hp_gain":0,"max_hp_loss":0,"event_name":"Cursed Tome","floor":21,"gold_loss":0}],"is_beta":false,"boss_relics":[{"not_picked":["Philosopher\u0027s Stone","Replay:Ancient Bell"],"picked":"bronze:MakeshiftBattery"}],"items_purged_floors":[4],"is_endless":false,"potions_floor_spawned":[3,5,16,18],"killed_by":"Shell Parasite","ascension_level":0}}