{"host":"phniwng9zo19jwdb","time":1612720906,"event":{"mods":["AchievementEnabler","BaseMod","Colored Powertips","Dark Map","Faster Ascension Climbing","GifTheSpireLib","Minty Spire (QoL Compilation)","Permanent Neow","Rare Cards Sparkle","Relic Filter Mod","StSLib","Weighted Paths"],"gold_per_floor":[112,131,147,147,164,164,190,206,260,271,271,297,297,297,297,373,373,384,12,12,26,46,46,46],"floor_reached":23,"language":"ENG","playtime":924,"items_purged":[],"score":406,"play_id":"2cb8720b-8607-45f9-9d01-db8ee53678a1","local_time":"20210207190146","is_ascension_mode":true,"campfire_choices":[{"data":"Envenom","floor":6.0,"key":"SMITH"},{"data":"After Image","floor":11.0,"key":"SMITH"},{"data":"Blade Dance","floor":13.0,"key":"SMITH"},{"floor":15.0,"key":"REST"}],"circlet_count":0,"master_deck":["AscendersBane","Strike_G","Strike_G","Strike_G","Strike_G","Defend_G","Defend_G","Defend_G","Defend_G","Defend_G","Survivor+1","Neutralize","Envenom+1","Backflip","Backstab","Blade Dance+1","After Image+1","Riddle With Holes","Caltrops","Blade Dance+1","Storm of Steel","Phantasmal Killer","Bandage Up","Infinite Blades","Cloak And Dagger","PiercingWail"],"relics":["Ring of the Snake","Snake Skull","Blood Vial","Bottled Lightning","War Paint","SlaversCollar","Membership Card","Paper Crane","CultistMask"],"acts_visited":["Exordium","TheCity"],"potions_floor_usage":[],"damage_taken":[{"damage":3.0,"enemies":"Cultist","floor":1.0,"turns":4.0},{"damage":12.0,"enemies":"Small Slimes","floor":2.0,"turns":7.0},{"damage":1.0,"enemies":"2 Louse","floor":3.0,"turns":2.0},{"damage":0.0,"enemies":"Lots of Slimes","floor":5.0,"turns":5.0},{"damage":4.0,"enemies":"Lagavulin","floor":7.0,"turns":9.0},{"damage":0.0,"enemies":"Looter","floor":8.0,"turns":4.0},{"damage":10.0,"enemies":"Red Slaver","floor":10.0,"turns":5.0},{"damage":1.0,"enemies":"3 Sentries","floor":12.0,"turns":6.0},{"damage":14.0,"enemies":"Slime Boss","floor":16.0,"turns":9.0},{"damage":24.0,"enemies":"Spheric Guardian","floor":18.0,"turns":6.0},{"damage":5.0,"enemies":"3 Byrds","floor":21.0,"turns":4.0},{"damage":29,"enemies":"Sentry and Sphere","floor":22,"turns":6},{"damage":0,"enemies":"Gremlin Leader","floor":23,"turns":6}],"seed_played":"-8368279025587667899","potions_obtained":[{"floor":1.0,"key":"BlessingOfTheForge"},{"floor":3.0,"key":"LiquidBronze"},{"floor":7.0,"key":"ColorlessPotion"},{"floor":10.0,"key":"SkillPotion"},{"floor":21.0,"key":"SpeedPotion"}],"is_trial":false,"path_per_floor":["M","M","M","?","M","R","E","M","T","M","R","E","R","?","R","B",null,"M","$","?","M","M","E"],"character_chosen":"THE_SILENT","items_purchased":["Membership Card","Paper Crane","Bandage Up","Infinite Blades"],"campfire_rested":1,"item_purchase_floors":[19,19,19,19],"current_hp_per_floor":[56,44,43,43,43,43,39,39,39,31,31,32,32,14,33,21,55,33,33,33,34,11,17,17],"gold":46,"neow_bonus":"ONE_RANDOM_RARE_CARD","is_daily":false,"chose_seed":false,"campfire_upgraded":3,"win_rate":0.0,"timestamp":1612720906,"path_taken":["M","?","M","?","M","R","E","M","T","M","R","E","R","?","R","BOSS","M","$","?","M","M","E"],"items_purchased_type":["Relic","Relic","Card","Card"],"build_version":"2020-12-22","purchased_purges":0,"victory":false,"max_hp_per_floor":[66,66,66,66,66,66,66,66,66,66,66,66,66,66,66,66,66,66,66,66,66,66,66,66],"card_choices":[{"not_picked":["All Out Attack","Deadly Poison"],"picked":"Backflip","floor":1.0},{"not_picked":["Cloak And Dagger","Dagger Throw"],"picked":"Backstab","floor":2.0},{"not_picked":["Deflect","Flying Knee"],"picked":"Blade Dance","floor":3.0},{"not_picked":["Underhanded Strike","Bane"],"picked":"After Image","floor":5.0},{"not_picked":["Cloak And Dagger","Crippling Poison"],"picked":"Riddle With Holes","floor":7.0},{"not_picked":["Cloak And Dagger","Deflect"],"picked":"Caltrops","floor":8.0},{"not_picked":["Catalyst","Blur"],"picked":"Blade Dance","floor":10.0},{"not_picked":["Blade Dance","Flying Knee"],"picked":"Storm of Steel","floor":12.0},{"not_picked":["Unload","Grand Finale"],"picked":"Phantasmal Killer","floor":16.0},{"not_picked":["Slice","Dodge and Roll","Sucker Punch"],"picked":"SKIP","floor":18.0},{"not_picked":["Eviscerate","Bouncing Flask"],"picked":"Cloak And Dagger","floor":21.0},{"not_picked":["Quick Slash","Dagger Spray+1"],"picked":"PiercingWail","floor":22}],"player_experience":87949,"relics_obtained":[{"floor":7.0,"key":"Snake Skull"},{"floor":9.0,"key":"Blood Vial"},{"floor":12.0,"key":"Bottled Lightning"}],"event_choices":[{"cards_removed":["Strike_G"],"damage_healed":0.0,"max_hp_gain":0.0,"max_hp_loss":0.0,"gold_gain":0.0,"event_name":"Living Wall","player_choice":"Forget","floor":4.0,"gold_loss":0.0,"damage_taken":0.0},{"damage_healed":0.0,"max_hp_gain":0.0,"max_hp_loss":0.0,"gold_gain":0.0,"event_name":"Scrap Ooze","player_choice":"Success","floor":14.0,"gold_loss":0.0,"damage_taken":18.0,"relics_obtained":["War Paint"]},{"damage_healed":0.0,"max_hp_gain":0.0,"max_hp_loss":0.0,"gold_gain":0.0,"event_name":"FaceTrader","player_choice":"Trade","floor":20.0,"gold_loss":0.0,"damage_taken":0.0,"relics_obtained":["CultistMask"]}],"is_beta":false,"boss_relics":[{"not_picked":["Sozu","Coffee Dripper"],"picked":"SlaversCollar"}],"items_purged_floors":[],"is_endless":false,"potions_floor_spawned":[1,3,7,10,21],"killed_by":"Gremlin Leader","ascension_level":20}}