{"host":"ggy1mjjy92c62u6a","time":1612678285,"event":{"mods":["10 clothes from DAL","ATMod(∞¢Ë™Mod)","Act Like it!","BaseMod","Colored Powertips","GifTheSpireLib","Library of Ruina","Library of Ruina Extra","Lobotomy","LobotomyExtend","Minty Spire (QoL Compilation)","Quick Restart","Relic Filter Mod","Relic Stats","Shop Mod","Spicy Shops","StSLib","TestMod","°æπ¶ƒ‹Mod°øªÏ„Á÷Æª∑–ﬁ∏¥≤π∂°","°æ“≈ŒÔMod°øÀ¿¡È∑® ¶NEW","°æ“≈ŒÔø®≈∆°øREMEMod"],"gold_per_floor":[112,112,122,139,139,139,172,191,214,57,73,84,115,115,115,215,215,235,235,235,235,246,246,274,284,284,284,309,321,321,321,321],"floor_reached":31,"language":"ZHS","playtime":688,"items_purged":[],"score":519,"play_id":"c90463a6-bb54-4b95-8498-634a076766be","local_time":"20210207141125","is_ascension_mode":true,"campfire_choices":[{"data":"Unlock1","floor":6.0,"key":"SMITH"},{"data":"testmod-PowerStrike","floor":15.0,"key":"SMITH"},{"floor":23.0,"key":"REST"},{"floor":30,"key":"REST"}],"circlet_count":0,"master_deck":["Dodge","LightDefense","LightAttack","LightAttack","LightDefense","LightDefense","LightDefense","ChargeAndCover","FocusedStrikes","AT_RealColorLess","Unlock1","Porccubus","Scorched","Unlock1+1","Freischutz","DespairKnight","testmod-PowerStrike+2","RushDown","FieryBird"],"relics":["PageOfLibrarian","REME_ComplimentaryCards","AT_ATBox","testmod-TestBox","CogitoBucket","testmod-Brilliant","LetterFromLob","MagicBullet_r","InspiredRelic","Happy Flower","REME_PuzzleBoxRelic","testmod-AssaultLearning","AspirationHeart","Bronze Scales","Philosopher\u0027s Stone","BackwardClock","PageOfSpiderBud","Tiny Chest","Kunai"],"acts_visited":["Exordium","TheCity"],"potions_floor_usage":[29,29],"damage_taken":[{"damage":0.0,"enemies":"2 Louse","floor":1.0,"turns":1.0},{"damage":0.0,"enemies":"Cultist","floor":3.0,"turns":2.0},{"damage":0.0,"enemies":"Small Slimes","floor":4.0,"turns":1.0},{"damage":0.0,"enemies":"3 Louse","floor":5.0,"turns":1.0},{"damage":0.0,"enemies":"3 Sentries","floor":7.0,"turns":2.0},{"damage":0.0,"enemies":"3 Louse","floor":8.0,"turns":1.0},{"damage":16.0,"enemies":"2 Fungi Beasts","floor":11.0,"turns":3.0},{"damage":0.0,"enemies":"Looter","floor":12.0,"turns":1.0},{"damage":0.0,"enemies":"Gremlin Nob","floor":13.0,"turns":2.0},{"damage":20.0,"enemies":"Hexaghost","floor":16.0,"turns":2.0},{"damage":0.0,"enemies":"Spheric Guardian","floor":18.0,"turns":1.0},{"damage":29.0,"enemies":"2 Thieves","floor":22.0,"turns":2.0},{"damage":36.0,"enemies":"Slavers","floor":24.0,"turns":2.0},{"damage":0.0,"enemies":"Sentry and Sphere","floor":25.0,"turns":2.0},{"damage":14.0,"enemies":"Gremlin Leader","floor":28.0,"turns":2.0},{"damage":20,"enemies":"Centurion and Healer","floor":29,"turns":2},{"damage":51,"enemies":"Chosen and Byrds","floor":31,"turns":2}],"seed_played":"8135963018440864524","potions_obtained":[{"floor":2.0,"key":"testmod-EscapePotion"},{"floor":2.0,"key":"DuplicationPotion"},{"floor":2.0,"key":"SmokeBomb"},{"floor":7.0,"key":"AttackPotion"},{"floor":11.0,"key":"Fruit Juice"},{"floor":18.0,"key":"SpeedPotion"}],"is_trial":false,"path_per_floor":["M","?","M","M","M","R","E","M","T","$","M","M","E","?","R","B",null,"M","?","?","?","M","R","E","M","T","?","E","M","R","M"],"character_chosen":"Librarian","items_purchased":["testmod-AssaultLearning"],"campfire_rested":2,"item_purchase_floors":[10],"current_hp_per_floor":[54,54,61,63,64,64,67,67,67,67,61,61,61,66,66,46,179,55,55,63,63,26,92,23,29,29,29,30,16,47,0,0],"gold":321,"neow_bonus":"","is_daily":false,"chose_seed":false,"campfire_upgraded":2,"win_rate":0.0,"timestamp":1612678285,"path_taken":["M","?","?","M","?","R","E","M","T","$","M","M","E","?","R","BOSS","M","?","?","?","?","R","E","M","T","?","E","M","R","M"],"items_purchased_type":["Relic"],"build_version":"2020-12-22","purchased_purges":0,"victory":false,"max_hp_per_floor":[74,74,74,74,74,74,91,91,91,91,101,101,101,106,106,216,221,221,221,221,221,221,221,221,221,221,221,221,104,104,104,104],"relic_stats":{"Happy Flower":[8],"counters":[20,32],"Bronze Scales":[57],"Tiny Chest":0,"Kunai":[2],"obtain_stats":[{"BackwardClock":22,"AT_ATBox":0,"testmod-TestBox":0,"MagicBullet_r":5,"Happy Flower":7,"AspirationHeart":11,"PageOfSpiderBud":24,"PageOfLibrarian":0,"testmod-Brilliant":0,"CogitoBucket":0,"testmod-AssaultLearning":10,"Bronze Scales":13,"Philosopher\u0027s Stone":17,"Tiny Chest":26,"LetterFromLob":1,"Kunai":28,"REME_PuzzleBoxRelic":9,"InspiredRelic":5,"REME_ComplimentaryCards":0},{"BackwardClock":14,"AT_ATBox":0,"testmod-TestBox":0,"MagicBullet_r":4,"Happy Flower":5,"AspirationHeart":8,"PageOfSpiderBud":15,"PageOfLibrarian":0,"testmod-Brilliant":0,"CogitoBucket":0,"testmod-AssaultLearning":6,"Bronze Scales":10,"Philosopher\u0027s Stone":11,"Tiny Chest":16,"LetterFromLob":1,"Kunai":17,"REME_PuzzleBoxRelic":6,"InspiredRelic":4,"REME_ComplimentaryCards":0},{"BackwardClock":21,"AT_ATBox":0,"testmod-TestBox":0,"MagicBullet_r":5,"Happy Flower":7,"AspirationHeart":12,"PageOfSpiderBud":23,"PageOfLibrarian":0,"testmod-Brilliant":0,"CogitoBucket":0,"testmod-AssaultLearning":8,"Bronze Scales":15,"Philosopher\u0027s Stone":17,"Tiny Chest":25,"LetterFromLob":1,"Kunai":27,"REME_PuzzleBoxRelic":8,"InspiredRelic":5,"REME_ComplimentaryCards":0}]},"card_choices":[{"not_picked":["SmokingPipe","Bvapour","DesperateStruggle","SetFire","SharpNails","IronWall","Reload","FendThisOffIfYouCan"],"picked":"Unlock1","floor":1.0},{"not_picked":["CherryBlossoms","PunishingBird"],"picked":"Porccubus","floor":1.0},{"not_picked":["Murderer","HeroicMonk"],"picked":"Scorched","floor":3.0},{"not_picked":["SpearedSweep","Quickness","Faith","FocusFire","HandleRequest","TendonChords","GrazeTheGrass","MultiHit"],"picked":"Unlock1","floor":3.0},{"not_picked":["CrumblingArmor","OSAHOGD","UniverseFragment"],"picked":"Singing Bowl","floor":4.0},{"not_picked":["ShyLook","UniverseFragment"],"picked":"Freischutz","floor":4.0},{"not_picked":["ScratchThat","EnergyCycle","MindPrepared","Standoff","UpbeatPerformance","TheArtOfRapidSteps","QuickSuppression","Pound","FlashOfSunup"],"picked":"SKIP","floor":4.0},{"not_picked":["QuickSuppression","Execute_lor","Parry","SuppressingShot","Leap_lor","ViolentFlame","Multislash","FleetFootsteps","SharpSwipe"],"picked":"SKIP","floor":7.0},{"not_picked":["HeroicMonk","LittleHelper"],"picked":"DespairKnight","floor":8.0},{"not_picked":["SparkingSpear","PuppetBlockade","RatsGuideToSurvival","ExtractFuel","UnavoidableGaze","EnergyStrike","Transpierce","WillOfThePrescript","SpearedSweep"],"picked":"SKIP","floor":8.0},{"not_picked":["SparkingSpear","PuppetBlockade","RatsGuideToSurvival","ExtractFuel","UnavoidableGaze","EnergyStrike","Transpierce","WillOfThePrescript","SpearedSweep"],"picked":"SKIP","floor":8.0},{"not_picked":["EnergyStrike","FierceCharge","ClassAndRespect","Retaliate","QuickAttack","YoureTooSlow","Thirst","FervidEmotions","EndlessBattle"],"picked":"SKIP","floor":11.0},{"not_picked":["AutonomousRush","TimeForALittleTest","BurningFlash","Transpierce","QuickSuppression","RapidGashes","SpearedSweep","BackstreetsDash","BizarreAttack"],"picked":"SKIP","floor":12.0},{"not_picked":["DefenseOrder","Wallop_lor","DeepDrag","PreemptiveStrike","BiteOff","SharpSwipe","Leap_lor","TendonChords","AlloutWar"],"picked":"SKIP","floor":13.0},{"not_picked":["Pound","CrackOfDawn","FocusFire","HandleRequest","ButterflySlash","DesperateStruggle","AutonomousRush","StructuralAnalysis+1","QuickAttack"],"picked":"SKIP","floor":18.0},{"not_picked":["SmokingPipe","Pound","BulkyImpact","ClassAndRespect","FrontalAssault","Wallop_lor","FaintMemories","FleetFootsteps"],"picked":"RushDown","floor":22.0},{"not_picked":["EnergyStrike+1","ShockingBlow","WillProduceFineSilk","Thirst","GuidanceOfTheGears","GuardingStance","Reload","GaleKick+1","ChargeUp"],"picked":"SKIP","floor":24.0},{"not_picked":["Wellcheers","CherryBlossoms"],"picked":"FieryBird","floor":25.0},{"not_picked":["Diversion","StrongStrike+1","EnergyStrike+1","DestructiveImpact+1","Thirst+1","Thrust","LeRegole","PreemptiveStrike","FaintMemories"],"picked":"SKIP","floor":25.0},{"not_picked":["IllEndYou","FleetEdge+1","RepressedFlesh","YouOnlyLiveOnce+1","HiddenBlade","Quickness","PreparedMind","GuardingStance","ClassAndRespect+1"],"picked":"SKIP","floor":28.0},{"not_picked":["Gamble+1","ChopItOff","MultiHit","QuickSuppression+1","DarkCloud","MultiBlock","HardRehearsal+1","SharpenedBlade","FieryWaltz+1"],"picked":"SKIP","floor":29}],"player_experience":104921,"relics_obtained":[{"floor":1.0,"key":"LetterFromLob"},{"floor":7.0,"key":"Happy Flower"},{"floor":9.0,"key":"REME_PuzzleBoxRelic"},{"floor":13.0,"key":"Bronze Scales"},{"floor":24.0,"key":"PageOfSpiderBud"},{"floor":26.0,"key":"Tiny Chest"},{"floor":28.0,"key":"Kunai"}],"event_choices":[{"damage_healed":0.0,"max_hp_gain":0.0,"max_hp_loss":0.0,"gold_gain":0.0,"event_name":"Lab","player_choice":"Got Potions","floor":2.0,"gold_loss":0.0,"damage_taken":0.0},{"damage_healed":0.0,"max_hp_gain":5.0,"max_hp_loss":0.0,"gold_gain":0.0,"event_name":"Big Fish","player_choice":"Donut","floor":14.0,"gold_loss":0.0,"damage_taken":0.0},{"damage_healed":0.0,"max_hp_gain":0.0,"max_hp_loss":0.0,"gold_gain":0.0,"event_name":"Vampires","player_choice":"Ignored","floor":19.0,"gold_loss":0.0,"damage_taken":0.0},{"damage_healed":0.0,"max_hp_gain":0.0,"max_hp_loss":0.0,"gold_gain":0.0,"event_name":"Accursed Blacksmith","player_choice":"Forge","floor":21.0,"gold_loss":0.0,"damage_taken":0.0,"cards_upgraded":["testmod-PowerStrike"]},{"cards_removed":["LightAttack"],"damage_healed":0.0,"max_hp_gain":0.0,"max_hp_loss":0.0,"gold_gain":0.0,"event_name":"Back to Basics","player_choice":"Elegance","floor":27.0,"gold_loss":0.0,"damage_taken":0.0}],"is_beta":false,"boss_relics":[{"not_picked":["Coffee Dripper","Astrolabe"],"picked":"Philosopher\u0027s Stone"}],"items_purged_floors":[],"is_endless":false,"potions_floor_spawned":[3,4,7,11,16,18,24,29],"killed_by":"Chosen and Byrds","ascension_level":8}}