{"host":"88gqw5ki7llrf2bp","time":1612713754,"event":{"mods":["BaseMod","Downfall","Duelist Mod","Friendly Minions","Hubris","Jorbs\u0027s Wanderer Trilogy","Minty Spire (QoL Compilation)","Quick Restart","Railgun Mod","Rare Cards Sparkle","StSLib","The Animator","The Construct","The Cursed","The Gatherer","slay the spire mod where everything is the same but ironclad has a cowboy hat"],"gold_per_floor":[99,112,126,126,137,47,125,142,142,173,173,73,99,115,133,133,133,133],"floor_reached":16,"language":"ENG","playtime":1151,"items_purged":["bronze:Strike"],"score":162,"play_id":"ede6e786-5117-46eb-a802-543203e46775","local_time":"20210207100234","is_ascension_mode":false,"campfire_choices":[{"data":"bronze:Replicate","floor":1,"key":"SMITH"},{"data":"bronze:Frontload","floor":9,"key":"SMITH"},{"data":"bronze:ChosenStrike","floor":12,"key":"SMITH"}],"circlet_count":0,"master_deck":["bronze:Strike","bronze:Strike","bronze:Strike","bronze:Defend","bronze:Defend","bronze:Defend","bronze:Defend","bronze:Replicate+1","bronze:Goto","bronze:GetLatest","bronze:Branch","bronze:Spike","bronze:Frontload+1","bronze:Explode","bronze:ChosenStrike+1","bronze:Overheat","bronze:Overload","bronze:ClassDefault","bronze:ForLoop","bronze:DigitalCarnage"],"relics":["hubris:CrackedHourglass","HornCleat","PreservedInsect","bronze:BottledCode","downfall:HeartBlessingGreen","Ornamental Fan"],"acts_visited":["Exordium"],"potions_floor_usage":[6,10,16,16],"damage_taken":[{"damage":1,"enemies":"2 Louse","floor":2,"turns":3},{"damage":2,"enemies":"Small Slimes","floor":3,"turns":2},{"damage":30,"enemies":"Small Slimes","floor":4,"turns":4},{"damage":0,"enemies":"Jaw Worm","floor":5,"turns":3},{"damage":10,"enemies":"downfall:FleeingMerchant","floor":6,"turns":4},{"damage":6,"enemies":"Large Slime","floor":8,"turns":5},{"damage":0,"enemies":"3 Sentries","floor":10,"turns":7},{"damage":0,"enemies":"Lagavulin","floor":13,"turns":4},{"damage":0,"enemies":"Red Slaver","floor":14,"turns":3},{"damage":0,"enemies":"Blue Slaver","floor":15,"turns":2},{"damage":14,"enemies":"DF_ARCHETYPE_STREAMLINE","floor":16,"turns":9}],"seed_played":"4465262184930304484","potions_obtained":[{"floor":2,"key":"LiquidBronze"},{"floor":4,"key":"SteroidPotion"},{"floor":8,"key":"GamblersBrew"},{"floor":13,"key":"bronze:CleanCodePotion"},{"floor":15,"key":"Guardian:BlockOnCardUsePotion"}],"is_trial":false,"path_per_floor":["R","M","M","?","M","$","T","M","R","E","?","R","E","M","M","B"],"character_chosen":"THE_AUTOMATON","items_purchased":[],"campfire_rested":0,"item_purchase_floors":[],"current_hp_per_floor":[70,69,67,37,37,27,27,21,21,21,21,21,21,21,21,0,0,0],"gold":133,"neow_bonus":"BOSS_RELIC","is_daily":false,"chose_seed":false,"campfire_upgraded":3,"win_rate":0.0,"timestamp":1612713754,"path_taken":["R","M","M","?","M","$","T","M","R","E","?","R","E","M","M","BOSS"],"items_purchased_type":[],"build_version":"2020-12-22","purchased_purges":1,"victory":false,"max_hp_per_floor":[70,70,70,70,70,70,70,70,70,70,60,60,60,60,60,60,60,60],"card_choices":[{"not_picked":["bronze:ClassDefault","bronze:Repulsor"],"picked":"bronze:GetLatest","floor":2},{"not_picked":["bronze:OilSpill","bronze:MaxOutput"],"picked":"bronze:Branch","floor":3},{"not_picked":[],"picked":"bronze:Spike","floor":4},{"not_picked":["bronze:OilSpill","bronze:CutThrough"],"picked":"bronze:Frontload","floor":4},{"not_picked":[],"picked":"bronze:Explode","floor":4},{"not_picked":["bronze:DelayedGuard","bronze:BugBarrage"],"picked":"bronze:ChosenStrike","floor":5},{"not_picked":["bronze:FindAndReplace","bronze:Return"],"picked":"bronze:Overheat","floor":6},{"not_picked":["bronze:Invalidate","bronze:BuggyMess"],"picked":"bronze:Overload","floor":8},{"not_picked":["bronze:WildBeam","bronze:BitShift"],"picked":"bronze:ClassDefault","floor":10},{"not_picked":["bronze:BitShift","bronze:Overheat"],"picked":"bronze:ForLoop","floor":13},{"not_picked":["bronze:BuggyMess","bronze:DelayedGuard"],"picked":"bronze:DigitalCarnage","floor":14},{"not_picked":["bronze:Philosophize","bronze:Frontload","bronze:Invalidate"],"picked":"SKIP","floor":15}],"player_experience":1868291,"relics_obtained":[{"floor":7,"key":"HornCleat"},{"floor":10,"key":"PreservedInsect"},{"floor":13,"key":"Ornamental Fan"}],"event_choices":[],"is_beta":false,"boss_relics":[],"items_purged_floors":[6],"is_endless":false,"potions_floor_spawned":[2,4,8,13,15],"killed_by":"DF_ARCHETYPE_STREAMLINE","ascension_level":0}}