{"host":"utqe55yv0jihe4d6","time":1612728556,"event":{"mods":["2.2 Compatiblity","AchievementEnabler","BaseMod","Block Reminder","Colored Map","Colored Powertips","Minty Spire (QoL Compilation)","Quick Restart","Rare Cards Sparkle","Relic Stats","SuperFastMode"],"gold_per_floor":[366,18,18,32,46,46,65,91,91,123,33,33,49,62,62,133,133,144,144,144,144,144,144,169,94,94,113,126,126,152,171,171,248,248,260,260,260,309,329,329,346,346,371,371,401,75,75,88,88,88,88],"floor_reached":50,"language":"ENG","playtime":2270,"items_purged":["Doubt","Strike_G"],"score":1336,"play_id":"9f666811-242e-4a89-8778-97c451cad028","local_time":"20210207150916","is_ascension_mode":true,"campfire_choices":[{"data":"Dagger Spray","floor":6.0,"key":"SMITH"},{"floor":12.0,"key":"REST"},{"data":"Well Laid Plans","floor":15.0,"key":"SMITH"},{"data":"Night Terror","floor":23.0,"key":"SMITH"},{"data":"Ghostly","floor":32.0,"key":"SMITH"},{"data":"Ghostly","floor":40,"key":"SMITH"},{"data":"Ghostly","floor":42,"key":"SMITH"},{"floor":49,"key":"RECALL"}],"circlet_count":0,"master_deck":["AscendersBane","Defend_G","Defend_G","Defend_G","Defend_G","Defend_G","Survivor","Neutralize+1","Blade Dance","Dagger Spray+1","Poisoned Stab","Infinite Blades","Cloak And Dagger","Endless Agony","Night Terror+1","Well Laid Plans+1","Blade Dance","Backflip","Adrenaline","Backflip+1","Infinite Blades+1","Adrenaline+1","Skewer","Ghostly+1","Ghostly+1","Ghostly+1","Prepared","Burst","Acrobatics","Acrobatics+1","Phantasmal Killer"],"relics":["Ring of the Snake","Orichalcum","Juzu Bracelet","Pen Nib","Matryoshka","Astrolabe","Blood Vial","Gremlin Horn","Happy Flower","Shuriken","Runic Dome","Thread and Needle","Smiling Mask","Omamori","Ornamental Fan","Toxic Egg 2"],"acts_visited":["Exordium","TheCity","TheBeyond"],"potions_floor_usage":[],"damage_taken":[{"damage":10.0,"enemies":"Jaw Worm","floor":1.0,"turns":8.0},{"damage":0.0,"enemies":"Cultist","floor":4.0,"turns":3.0},{"damage":0.0,"enemies":"Small Slimes","floor":5.0,"turns":3.0},{"damage":10.0,"enemies":"Exordium Thugs","floor":7.0,"turns":4.0},{"damage":23.0,"enemies":"Lagavulin","floor":8.0,"turns":7.0},{"damage":6.0,"enemies":"3 Sentries","floor":10.0,"turns":5.0},{"damage":3.0,"enemies":"Blue Slaver","floor":13.0,"turns":3.0},{"damage":5.0,"enemies":"Looter","floor":14.0,"turns":4.0},{"damage":18.0,"enemies":"The Guardian","floor":16.0,"turns":15.0},{"damage":15.0,"enemies":"Chosen","floor":18.0,"turns":5.0},{"damage":0.0,"enemies":"Slavers","floor":24.0,"turns":5.0},{"damage":0.0,"enemies":"Shell Parasite","floor":27.0,"turns":5.0},{"damage":0.0,"enemies":"3 Cultists","floor":28.0,"turns":3.0},{"damage":0.0,"enemies":"Book of Stabbing","floor":30.0,"turns":5.0},{"damage":0.0,"enemies":"Cultist and Chosen","floor":31.0,"turns":6.0},{"damage":0,"enemies":"Collector","floor":33,"turns":9},{"damage":0,"enemies":"3 Darklings","floor":35,"turns":3},{"damage":0,"enemies":"2 Orb Walkers","floor":38,"turns":4},{"damage":0,"enemies":"Orb Walker","floor":39,"turns":3},{"damage":0,"enemies":"Spire Growth","floor":41,"turns":5},{"damage":0,"enemies":"Giant Head","floor":45,"turns":7},{"damage":0,"enemies":"4 Shapes","floor":48,"turns":4},{"damage":32,"enemies":"Time Eater","floor":50,"turns":7}],"seed_played":"2236659693707722710","potions_obtained":[{"floor":4.0,"key":"SpeedPotion"},{"floor":7.0,"key":"SkillPotion"},{"floor":8.0,"key":"SkillPotion"},{"floor":13.0,"key":"SpeedPotion"},{"floor":16.0,"key":"CunningPotion"},{"floor":18.0,"key":"LiquidMemories"},{"floor":27.0,"key":"FearPotion"},{"floor":30.0,"key":"Block Potion"},{"floor":48,"key":"PowerPotion"}],"is_trial":false,"path_per_floor":["M","$","?","M","M","R","M","E","T","E","$","R","M","M","R","B",null,"M","?","$","?","?","R","E","?","T","M","M","?","E","M","R","B",null,"M","?","?","?","M","R","M","R","T","?","E","$","T","M","R","B"],"character_chosen":"THE_SILENT","items_purchased":["Orichalcum","BlessingOfTheForge","Dagger Spray","Well Laid Plans","Ornamental Fan"],"campfire_rested":1,"item_purchase_floors":[2,2,2,11,46],"current_hp_per_floor":[49,49,49,49,49,49,39,16,16,10,10,29,26,21,21,3,50,35,29,29,29,29,29,29,29,29,31,33,33,33,33,33,33,33,33,33,31,31,31,31,31,31,31,31,31,31,31,31,31,0,0],"gold":88,"neow_bonus":"TWO_FIFTY_GOLD","is_daily":false,"chose_seed":false,"campfire_upgraded":6,"win_rate":0.0,"timestamp":1612728556,"path_taken":["M","$","?","M","?","R","M","E","T","E","?","R","M","M","R","BOSS","M","?","?","?","?","R","E","?","T","M","M","?","E","M","R","BOSS","M","?","?","?","M","R","M","R","T","?","E","$","?","M","R","BOSS"],"items_purchased_type":["Relic","Potion","Card","Card","Relic"],"build_version":"2020-12-22","purchased_purges":2,"victory":false,"max_hp_per_floor":[66,66,66,66,66,66,66,66,66,66,66,66,66,66,66,66,66,66,66,66,66,33,33,33,33,33,33,33,33,33,33,33,33,33,33,33,31,31,31,31,31,31,31,31,31,31,31,31,31,31,31],"relic_stats":{"Gremlin Horn":[13,13],"Happy Flower":[20],"counters":[23,123],"Astrolabe":["Backflip","Infinite Blades","Adrenaline"],"Pen Nib":[40],"Juzu Bracelet":2,"Orichalcum":[234],"Smiling Mask":50,"Blood Vial":4,"Shuriken":[54],"Ornamental Fan":[28],"obtain_stats":[{"Gremlin Horn":26,"Happy Flower":26,"Astrolabe":17,"Thread and Needle":38,"Pen Nib":9,"Juzu Bracelet":8,"Omamori":45,"Orichalcum":2,"Smiling Mask":43,"Blood Vial":24,"Runic Dome":34,"Matryoshka":10,"Shuriken":30,"Ornamental Fan":46,"Toxic Egg 2":47,"Ring of the Snake":0},{"Gremlin Horn":11,"Happy Flower":11,"Astrolabe":9,"Thread and Needle":18,"Pen Nib":5,"Juzu Bracelet":5,"Omamori":21,"Orichalcum":1,"Smiling Mask":20,"Blood Vial":11,"Runic Dome":16,"Matryoshka":6,"Shuriken":14,"Ornamental Fan":21,"Toxic Egg 2":21,"Ring of the Snake":0},{"Gremlin Horn":62,"Happy Flower":62,"Astrolabe":52,"Thread and Needle":97,"Pen Nib":25,"Juzu Bracelet":25,"Omamori":112,"Orichalcum":8,"Smiling Mask":105,"Blood Vial":62,"Runic Dome":90,"Matryoshka":30,"Shuriken":75,"Ornamental Fan":112,"Toxic Egg 2":112,"Ring of the Snake":0}],"Ring of the Snake":[54]},"card_choices":[{"not_picked":["Flechettes","Caltrops"],"picked":"Blade Dance","floor":1.0},{"not_picked":["Escape Plan","Flying Knee"],"picked":"Poisoned Stab","floor":4.0},{"not_picked":["PiercingWail","Deflect"],"picked":"Infinite Blades","floor":5.0},{"not_picked":["Poisoned Stab","Prepared"],"picked":"Cloak And Dagger","floor":7.0},{"not_picked":["Expertise","Underhanded Strike"],"picked":"Endless Agony","floor":8.0},{"not_picked":["Dodge and Roll","Deflect"],"picked":"Night Terror","floor":10.0},{"not_picked":["Acrobatics","Cloak And Dagger"],"picked":"Blade Dance","floor":13.0},{"not_picked":["Flying Knee","Well Laid Plans"],"picked":"Backflip","floor":14.0},{"not_picked":["Burst","Tools of the Trade"],"picked":"Adrenaline","floor":16.0},{"not_picked":["Blur","Deadly Poison"],"picked":"Skewer","floor":18.0},{"not_picked":["Underhanded Strike","Deflect","Blade Dance"],"picked":"SKIP","floor":24.0},{"not_picked":["Dash","Sucker Punch"],"picked":"Prepared","floor":27.0},{"not_picked":["Flying Knee","Blade Dance","Deadly Poison"],"picked":"SKIP","floor":28.0},{"not_picked":["Expertise","Quick Slash","Dagger Throw"],"picked":"SKIP","floor":30.0},{"not_picked":["Blade Dance+1","Dodge and Roll","Poisoned Stab"],"picked":"SKIP","floor":31.0},{"not_picked":["Unload","Storm of Steel"],"picked":"Burst","floor":33},{"not_picked":["Flying Knee","Flechettes"],"picked":"Acrobatics","floor":35},{"not_picked":["Well Laid Plans","Dash"],"picked":"Acrobatics+1","floor":38},{"not_picked":["Quick Slash","Setup","Infinite Blades"],"picked":"SKIP","floor":39},{"not_picked":["Well Laid Plans","Underhanded Strike","Slice"],"picked":"SKIP","floor":41},{"not_picked":["All Out Attack","Outmaneuver"],"picked":"Phantasmal Killer","floor":45},{"not_picked":["Slice+1","Riddle With Holes","Reflex+1"],"picked":"SKIP","floor":48}],"player_experience":3048484,"relics_obtained":[{"floor":8.0,"key":"Juzu Bracelet"},{"floor":9.0,"key":"Pen Nib"},{"floor":10.0,"key":"Matryoshka"},{"floor":24.0,"key":"Blood Vial"},{"floor":26.0,"key":"Gremlin Horn"},{"floor":26.0,"key":"Happy Flower"},{"floor":30.0,"key":"Shuriken"},{"floor":38,"key":"Thread and Needle"},{"floor":43,"key":"Smiling Mask"},{"floor":45,"key":"Omamori"},{"floor":47,"key":"Toxic Egg 2"}],"event_choices":[{"damage_healed":0.0,"max_hp_gain":0.0,"max_hp_loss":0.0,"gold_gain":0.0,"event_name":"Upgrade Shrine","player_choice":"Upgraded","floor":3.0,"gold_loss":0.0,"damage_taken":0.0,"cards_upgraded":["Neutralize"]},{"damage_healed":0.0,"max_hp_gain":0.0,"max_hp_loss":0.0,"gold_gain":0.0,"event_name":"Knowing Skull","player_choice":"","floor":19.0,"potions_obtained":[],"gold_loss":0.0,"damage_taken":6.0,"cards_obtained":[]},{"damage_healed":0.0,"max_hp_gain":0.0,"max_hp_loss":0.0,"gold_gain":0.0,"event_name":"Vampires","player_choice":"Ignored","floor":21.0,"gold_loss":0.0,"damage_taken":0.0},{"damage_healed":0.0,"max_hp_gain":0.0,"max_hp_loss":33.0,"gold_gain":0.0,"event_name":"Ghosts","player_choice":"Became a Ghost","floor":22.0,"gold_loss":0.0,"damage_taken":0.0,"cards_obtained":["Ghostly","Ghostly","Ghostly"]},{"cards_removed":["Strike_G"],"damage_healed":0.0,"max_hp_gain":0.0,"max_hp_loss":0.0,"gold_gain":0.0,"event_name":"Beggar","player_choice":"Gave Gold","floor":25.0,"gold_loss":75.0,"damage_taken":0.0},{"damage_healed":0.0,"max_hp_gain":0.0,"max_hp_loss":0.0,"gold_gain":0.0,"event_name":"The Mausoleum","player_choice":"Ignored","floor":29.0,"gold_loss":0.0,"damage_taken":0.0},{"damage_healed":0,"gold_gain":0,"player_choice":"Ignored","damage_taken":0,"max_hp_gain":0,"max_hp_loss":0,"event_name":"Tomb of Lord Red Mask","floor":36,"gold_loss":0},{"damage_healed":0,"gold_gain":0,"player_choice":"Max HP","damage_taken":0,"max_hp_gain":0,"max_hp_loss":2,"event_name":"Winding Halls","floor":37,"gold_loss":0},{"damage_healed":0,"gold_gain":0,"player_choice":"Fight","damage_taken":0,"max_hp_gain":0,"max_hp_loss":0,"event_name":"Mysterious Sphere","floor":38,"gold_loss":0},{"damage_healed":0,"gold_gain":0,"player_choice":"Ignored","damage_taken":0,"max_hp_gain":0,"max_hp_loss":0,"event_name":"SecretPortal","floor":44,"gold_loss":0}],"is_beta":false,"boss_relics":[{"not_picked":["Sozu","Coffee Dripper"],"picked":"Astrolabe"},{"not_picked":["Snecko Eye","Ring of the Serpent"],"picked":"Runic Dome"}],"items_purged_floors":[2,46],"is_endless":false,"potions_floor_spawned":[4,7,8,13,16,18,27,30,31,38,45,48],"killed_by":"Time Eater","ascension_level":20}}