{"host":"m4wbcutj3xdd6hl7","time":1612668043,"event":{"mods":["Act Like it!","BaseMod","Colored Map","Downfall","Gensokyo","Lobotomy","Marisa£®ÏF”Í°°ƒß¿Ì…≥£©","Minty Spire (QoL Compilation)","Quick Restart","Shop Mod","StSLib","The Hierophant","WarShipGirlsR/’ΩΩ¢…Ÿ≈ÆR mod","[IsaacMod]“‘»ˆº‚À˛","noobMod","°æ“≈ŒÔø®≈∆°øREMEMod"],"gold_per_floor":[119,138,188,263,263,263,297,297,297,312,327,346,360,374,374,469,469,479,479,499,424,436,436,471,471,545,557,243,231,305,323,323,323,323,336,236,236,236,236,236,236,1,1,1,21,21,41,41,41,41],"floor_reached":51,"language":"ZHS","playtime":6915,"items_purged":["SpecialBullet","SpecialBullet","SpecialBullet"],"score":823,"play_id":"117bf8df-34d7-47b8-8dc9-a6a6b67c1e30","local_time":"20210207112043","is_ascension_mode":false,"campfire_choices":[{"floor":41,"key":"RECALL"}],"circlet_count":0,"master_deck":["SpecialBullet","SpecialBullet","SpecialBullet","SpecialBullet","SpecialBullet","expansioncontent:DashGenerateEvil+1","SpecialBullet","VoidDream","LifeForTheDareDevil+1","SpecialBullet","OSAHOGD","SpecialBullet","SpiderBud","TrainingCode","BlackSwan_ego+1","SpecialBullet","SingingMachine","Soda+1","SpecialBullet","Wellcheers","Penitence+1","SpecialBullet","Laetitia_ego+1","SpecialBullet","Apotheosis+1","Scarecrow","WelfareCode","Woodsman","InformationCode","GalaxyChild","OldLady","Beak+1","MeatLantern","Scorched","SpecialBullet","SpecialBullet","GrinderMk4+1","Horn+1","DisciplinaryCode","RecordCode","ExtractionCode"],"relics":["CogitoBucket","ice","REME_ComplimentaryCards","HushsDoor","NeowsBlessing","MaYiHuaBei","Pantograph","REME_HandOfSuture","Prayer Wheel","Ornamental Fan","FleshIdol","bronze:MakeshiftBattery","GuppysPaw","GuppysTail","ChangeAnything","Akabeko","Regal Pillow","The Courier","Torii","AdjustmentMirror","REME_DemonsWealth","Peace Pipe","TungstenRod","Mark of the Bloom"],"acts_visited":["Exordium","TheCity","TheBeyond"],"potions_floor_usage":[29,50,50,50],"damage_taken":[{"damage":0,"enemies":"2 Louse","floor":1,"turns":1},{"damage":0,"enemies":"Cultist","floor":2,"turns":1},{"damage":10,"enemies":"Hiden Room Battle","floor":3,"turns":2},{"damage":22,"enemies":"3 Sentries","floor":7,"turns":7},{"damage":0,"enemies":"Small Slimes","floor":10,"turns":1},{"damage":42,"enemies":"2 Fungi Beasts","floor":11,"turns":6},{"damage":8,"enemies":"Blue Slaver","floor":12,"turns":2},{"damage":0,"enemies":"3 Louse","floor":13,"turns":1},{"damage":10,"enemies":"Red Slaver","floor":14,"turns":3},{"damage":18,"enemies":"The Guardian","floor":16,"turns":5},{"damage":89,"enemies":"Spheric Guardian","floor":18,"turns":7},{"damage":0,"enemies":"2 Thieves","floor":20,"turns":2},{"damage":4,"enemies":"Cultist and Chosen","floor":22,"turns":2},{"damage":46,"enemies":"Slavers","floor":24,"turns":2},{"damage":18,"enemies":"Centurion and Healer","floor":27,"turns":4},{"damage":86,"enemies":"3 Cultists","floor":29,"turns":6},{"damage":0,"enemies":"Snake Plant","floor":31,"turns":1},{"damage":30,"enemies":"Collector","floor":33,"turns":4},{"damage":4,"enemies":"Orb Walker","floor":35,"turns":1},{"damage":0,"enemies":"3 Darklings","floor":38,"turns":2},{"damage":56,"enemies":"Sphere and 2 Shapes","floor":40,"turns":2},{"damage":0,"enemies":"Spire Growth","floor":45,"turns":1},{"damage":0,"enemies":"3 Darklings","floor":47,"turns":1},{"damage":23,"enemies":"4 Shapes","floor":48,"turns":2},{"damage":65,"enemies":"FixerMidnight","floor":50,"turns":3}],"seed_played":"-3102430075054048925","potions_obtained":[{"floor":1,"key":"AttackPotion"},{"floor":3,"key":"Weak Potion"},{"floor":11,"key":"EssenceOfSteel"},{"floor":33,"key":"SpeedPotion"}],"is_trial":false,"path_per_floor":["M","M","?","?","?","R","E","?","T","M","M","M","M","M","R","B",null,"M","?","M","$","M","R","E","R","T","M","$","M","T","M","R","B",null,"M","$","$","M","$","M","R","$","T","?","M","R","M","M","R","B",null],"character_chosen":"Angela","items_purchased":["GuppysPaw","GuppysTail","Apotheosis","Torii","Peace Pipe"],"campfire_rested":0,"item_purchase_floors":[17,17,17,28,42],"current_hp_per_floor":[70,70,60,49,49,49,27,27,27,27,53,45,45,36,36,46,59,47,47,50,50,65,65,37,37,37,38,38,112,112,112,112,113,116,116,116,116,116,116,91,91,91,91,91,91,91,91,68,68,3],"gold":41,"neow_bonus":"THREE_ENEMY_KILL","is_daily":false,"chose_seed":false,"campfire_upgraded":0,"win_rate":0.0,"timestamp":1612668043,"path_taken":["M","M","?","?","?","R","E","?","T","M","M","?","M","M","R","BOSS","M","?","M","$","M","R","E","R","T","M","$","M","?","M","R","BOSS","M","?","$","M","$","M","R","$","T","?","?","R","M","?","R","BOSS"],"items_purchased_type":["Relic","Relic","Card","Relic","Relic"],"build_version":"2020-12-22","purchased_purges":3,"victory":true,"max_hp_per_floor":[70,70,70,70,70,70,70,70,70,70,73,74,74,76,76,84,59,80,80,81,81,83,83,86,86,86,87,87,112,112,112,112,116,116,116,116,116,116,116,116,116,116,116,116,116,116,116,116,116,153],"card_choices":[{"not_picked":[],"picked":"ChaosCard","floor":0},{"not_picked":["CrumblingArmor","UniverseFragment"],"picked":"VoidDream","floor":1},{"not_picked":["BlackSwan_ego"],"picked":"LifeForTheDareDevil","floor":1},{"not_picked":["LittlePrince","FairyFestival"],"picked":"OSAHOGD","floor":2},{"not_picked":["RapturousDream"],"picked":"Bomb","floor":2},{"not_picked":["WallGazer","NakedNest"],"picked":"SpiderBud","floor":3},{"not_picked":["Regret_ego","Noise"],"picked":"SKIP","floor":7},{"not_picked":["Ecstasy"],"picked":"BlackSwan_ego","floor":10},{"not_picked":["Horn","CrimsonScar"],"picked":"SKIP","floor":10},{"not_picked":["SomewhereSpear","Pleasure"],"picked":"SKIP","floor":11},{"not_picked":["Beak","Reverberation"],"picked":"SKIP","floor":11},{"not_picked":["BlackSwan","Bloodbath"],"picked":"SingingMachine","floor":12},{"not_picked":["CherryBlossom"],"picked":"Soda","floor":12},{"not_picked":["Laetitia_ego","Reverberation"],"picked":"SKIP","floor":12},{"not_picked":["Laetitia_ego","Reverberation"],"picked":"SKIP","floor":12},{"not_picked":["UniverseFragment","FieryBird"],"picked":"Wellcheers","floor":13},{"not_picked":["BloodyDesire"],"picked":"Penitence","floor":13},{"not_picked":["Horn","Hypocrisy"],"picked":"SKIP","floor":13},{"not_picked":["InTheNameOfLoveAndHate"],"picked":"Laetitia_ego","floor":14},{"not_picked":["Discord","Tough"],"picked":"SKIP","floor":14},{"not_picked":["HeroicMonk","SnowQueen"],"picked":"Scarecrow","floor":18},{"not_picked":["Adoration","CrimsonScar"],"picked":"SKIP","floor":18},{"not_picked":["Wingbeat+1","SomewhereSpear+1"],"picked":"SKIP","floor":18},{"not_picked":["Funeral","Murderer"],"picked":"Woodsman","floor":20},{"not_picked":["Hornet+1","CUTE"],"picked":"SKIP","floor":20},{"not_picked":["RedEyes+1","Regret_ego"],"picked":"SKIP","floor":20},{"not_picked":["Noise","Pleasure+1"],"picked":"SKIP","floor":22},{"not_picked":["CUTE","Hypocrisy"],"picked":"SKIP","floor":22},{"not_picked":["LittlePrince","FieryBird"],"picked":"GalaxyChild","floor":24},{"not_picked":["FourthMatchFlame","Reverberation"],"picked":"SKIP","floor":24},{"not_picked":["PunishingBird","Scorched"],"picked":"OldLady","floor":27},{"not_picked":["LifeForTheDareDevil+1"],"picked":"Beak","floor":27},{"not_picked":["CrimsonScar","Loneliness"],"picked":"SKIP","floor":27},{"not_picked":["BlueStar","Yin"],"picked":"MeatLantern","floor":29},{"not_picked":["Wingbeat","Heaven"],"picked":"SKIP","floor":29},{"not_picked":["Tough","BloodyDesire+1"],"picked":"SKIP","floor":29},{"not_picked":["RedShoes","Yin"],"picked":"Scorched","floor":31},{"not_picked":["FrostShard","Galaxy+1"],"picked":"SKIP","floor":31},{"not_picked":["Harvest+1","Beak"],"picked":"SKIP","floor":31},{"not_picked":["BearPaw+1","downfall:Aged"],"picked":"GrinderMk4+1","floor":35},{"not_picked":["Harvest+1","SomewhereSpear+1","Injury"],"picked":"SKIP","floor":35},{"not_picked":["Harmony","downfall:Icky"],"picked":"Horn","floor":38},{"not_picked":["Wingbeat","FourthMatchFlame+1","Clumsy"],"picked":"SKIP","floor":38},{"not_picked":["Galaxy","Regret_ego+1","Injury"],"picked":"SKIP","floor":40},{"not_picked":["GoldRush","Hornet","Decay"],"picked":"SKIP","floor":40},{"not_picked":["Noise+1","ParadiseLost","downfall:Icky"],"picked":"SKIP","floor":45},{"not_picked":["Harvest+1","RapturousDream","Injury"],"picked":"SKIP","floor":45},{"not_picked":["Loneliness","Penitence","Injury"],"picked":"SKIP","floor":47},{"not_picked":["Ecstasy+1","Harvest","Gensokyo:AllTheWorldsEvil"],"picked":"SKIP","floor":47},{"not_picked":["RedEyes","Harvest+1","Gensokyo:AllTheWorldsEvil"],"picked":"SKIP","floor":48},{"not_picked":["ShedSkin","MagicBullet+1","Writhe"],"picked":"SKIP","floor":48}],"player_experience":866892,"relics_obtained":[{"floor":3,"key":"Pantograph"},{"floor":3,"key":"REME_HandOfSuture"},{"floor":7,"key":"Prayer Wheel"},{"floor":9,"key":"Ornamental Fan"},{"floor":24,"key":"Regal Pillow"},{"floor":26,"key":"The Courier"},{"floor":43,"key":"TungstenRod"}],"event_choices":[{"damage_healed":0,"gold_gain":0,"player_choice":"Fight","damage_taken":0,"max_hp_gain":0,"max_hp_loss":0,"event_name":"HidenRoomEvent","floor":3,"gold_loss":0},{"damage_healed":0,"gold_gain":75,"player_choice":"Gather Gold","damage_taken":11,"max_hp_gain":0,"max_hp_loss":0,"event_name":"World of Goop","floor":4,"gold_loss":0},{"damage_healed":0,"gold_gain":0,"player_choice":"Grow","damage_taken":0,"max_hp_gain":0,"max_hp_loss":0,"event_name":"Living Wall","floor":5,"gold_loss":0,"cards_upgraded":["expansioncontent:DashGenerateEvil"]},{"damage_healed":0,"gold_gain":0,"player_choice":"Ignored","damage_taken":0,"max_hp_gain":0,"max_hp_loss":0,"event_name":"Shining Light","floor":8,"gold_loss":0},{"damage_healed":0,"gold_gain":0,"player_choice":"Opened","damage_taken":0,"relics_obtained":["Akabeko"],"max_hp_gain":0,"max_hp_loss":0,"event_name":"The Mausoleum","floor":19,"gold_loss":0},{"damage_healed":0,"gold_gain":0,"player_choice":"Upgrade","damage_taken":0,"relics_obtained":["Mark of the Bloom"],"max_hp_gain":0,"max_hp_loss":0,"event_name":"MindBloom","floor":44,"gold_loss":0,"cards_upgraded":["LifeForTheDareDevil","BlackSwan_ego","Soda","Penitence","Laetitia_ego","Apotheosis","Beak","Horn"]}],"is_beta":false,"boss_relics":[{"not_picked":["Cursed Key","Velvet Choker"],"picked":"bronze:MakeshiftBattery"},{"not_picked":[]},{"not_picked":["Runic Pyramid","Calling Bell"],"picked":"REME_DemonsWealth"},{"not_picked":[]}],"items_purged_floors":[21,28,36],"is_endless":false,"potions_floor_spawned":[1,3,11,12,16,18,20,24,33,35,38,40,48],"ascension_level":0}}