{"host":"rq7gz685gkaokql0","time":1612679569,"event":{"mods":["BaseMod","Hubris","Infinite Spire","Minty Spire (QoL Compilation)","Replay The Spire","StSLib"],"gold_per_floor":[113,125,125,125,125,125,158,173,224,224,263,276,276,319,319,413,413,427,72,91,109,459,494,494,512,589,620,638,672,672,702,617,694,694,713,730,10,10,27,27,142,142,166,166,66,81,91,91,91,170,170,170],"floor_reached":51,"language":"ENG","playtime":2488,"items_purged":["Injury","ReplayTheSpireMod:Doomed","Normality","ReplayTheSpireMod:Doomed"],"score":1615,"play_id":"e3f3de01-05ef-442a-8083-43013a52d990","local_time":"20210206203249","is_ascension_mode":true,"campfire_choices":[{"floor":6.0,"key":"REST"},{"floor":13.0,"key":"DIG"},{"floor":15.0,"key":"DIG"},{"floor":40,"key":"DIG"},{"floor":49,"key":"DIG"}],"circlet_count":0,"master_deck":["AscendersBane","Strike_G","Strike_G","Strike_G","Strike_G","Strike_G","Defend_G","Defend_G","Defend_G+1","Defend_G","Defend_G","Survivor","Neutralize","Dagger Throw","Predator","hubris:Fate","Dagger Spray","Poisoned Stab","PiercingWail","Distraction","Replay:Poison Smokescreen","Corpse Explosion","Midas Touch","Blade Dance","Flying Knee","CommonCold","infinitespire:Gouge","Poison Darts","Languid","Parasite","Clumsy","Shame","Glass Knife","hubris:SlightOfHand","PiercingWail+1","Dagger Throw","hubris:Compulsion","Clumsy","Decay","Spreading Infection","Malaise","Concentrate","Flying Knee","ReplayUltimateDefense+1","Madness","Madness","Finisher","infinitespire:Fortify","Deadly Poison+1","Replay:Dark Deal","Replay:BasicMightCard+1","Shame","Wraith Form v2+1"],"relics":["Ring of the Snake","NeowsBlessing","hubris:KleinBottle","Sling","Gremlin Food","infinitespire:Beetle Shell","Anchor","Bloody Idol","Shovel","Tiny Chest","Frozen Egg 2","Replay:Ringing Soul","Busted Crown","Omamori","Ring of Hypnosis","Ring of Greed","hubris:MobiusCoin","Old Coin","hubris:Spice","Durian","Ninja Scroll","Toy Ornithopter","Orichalcum","Chameleon Ring","Regal Pillow","Pen Nib"],"acts_visited":["Exordium","TheCity","TheBeyond"],"potions_floor_usage":[41,50,50],"damage_taken":[{"damage":0.0,"enemies":"Cultist","floor":1.0,"turns":1.0},{"damage":0.0,"enemies":"2 Louse","floor":2.0,"turns":1.0},{"damage":0.0,"enemies":"Lagavulin","floor":7.0,"turns":1.0},{"damage":0.0,"enemies":"Small Slimes","floor":8.0,"turns":2.0},{"damage":0.0,"enemies":"Gremlin Nob","floor":11.0,"turns":4.0},{"damage":0.0,"enemies":"3 Louse","floor":12.0,"turns":4.0},{"damage":0.0,"enemies":"Replay:BlueRogue","floor":14.0,"turns":2.0},{"damage":27.0,"enemies":"Hexaghost","floor":16.0,"turns":11.0},{"damage":12.0,"enemies":"Spheric Guardian","floor":18.0,"turns":4.0},{"damage":0.0,"enemies":"Chosen","floor":20.0,"turns":4.0},{"damage":14.0,"enemies":"Centurion and Healer","floor":21.0,"turns":4.0},{"damage":9.0,"enemies":"Replay:Snechameleon","floor":23.0,"turns":5.0},{"damage":0.0,"enemies":"3 Cultists","floor":25.0,"turns":2.0},{"damage":2.0,"enemies":"Nightmare","floor":27.0,"turns":4.0},{"damage":0.0,"enemies":"Snake Plant","floor":28.0,"turns":1.0},{"damage":10.0,"enemies":"Replay:Snechameleon","floor":29.0,"turns":5.0},{"damage":0.0,"enemies":"Gremlin Leader","floor":31.0,"turns":2.0},{"damage":12,"enemies":"Collector","floor":33,"turns":5},{"damage":1,"enemies":"3 Shapes","floor":35,"turns":4},{"damage":4,"enemies":"Orb Walker","floor":36,"turns":4},{"damage":10,"enemies":"4 Shapes","floor":39,"turns":4},{"damage":27,"enemies":"Jaw Worm Horde","floor":41,"turns":5},{"damage":0,"enemies":"3 Darklings","floor":46,"turns":3},{"damage":16,"enemies":"Sphere and 2 Shapes","floor":47,"turns":4},{"damage":54,"enemies":"Replay:Hell Engine","floor":50,"turns":10},{"damage":76,"enemies":"Awakened One","floor":51,"turns":13}],"seed_played":"6052681917709367122","potions_obtained":[{"floor":2.0,"key":"Venom Potion"},{"floor":7.0,"key":"Venom Potion"},{"floor":16.0,"key":"SkillPotion"},{"floor":23.0,"key":"SkillPotion"},{"floor":25.0,"key":"EssenceOfSteel"},{"floor":28.0,"key":"CunningPotion"},{"floor":33,"key":"SneckoOil"},{"floor":35,"key":"Swift Potion"},{"floor":46,"key":"AttackPotion"},{"floor":47,"key":"PowerPotion"}],"is_trial":false,"path_per_floor":["M","M","?","$","$","R","E","M","T","?","E","M","R","E","R","B",null,"M","$","M","M","?","E","AVR","M","T","NM","M","E","?","E","R","B",null,"M","M","$","?","M","R","M","AVR","T","T","$","M","M","?","R","B","B"],"character_chosen":"THE_SILENT","items_purchased":["hubris:KleinBottle","Sling","Gremlin Food","Omamori","Midas Touch","ReplayUltimateDefense+1","Chameleon Ring","Regal Pillow"],"campfire_rested":1,"item_purchase_floors":[4,4,4,19,19,37,37,37],"current_hp_per_floor":[59,59,66,27,27,46,46,46,46,46,46,61,61,61,61,37,61,49,52,55,44,47,46,54,57,60,69,72,65,65,78,78,74,107,114,118,121,101,99,99,95,98,103,103,103,111,103,101,101,65,0,0],"gold":170,"neow_bonus":"THREE_ENEMY_KILL","is_daily":false,"chose_seed":false,"campfire_upgraded":0,"win_rate":0.0,"timestamp":1612679569,"path_taken":["M","M","?","?","$","R","E","M","T","?","E","M","R","E","R","BOSS","M","$","M","M","?","E","AVR","M","T","NM","M","E","?","E","R","BOSS","M","M","$","?","M","R","M","AVR","T","?","$","M","?","?","R","BOSS","BOSS"],"items_purchased_type":["Relic","Relic","Relic","Relic","Card","Card","Relic","Relic"],"build_version":"2020-12-22","purchased_purges":4,"victory":false,"max_hp_per_floor":[66,66,66,66,66,66,66,66,66,66,66,66,66,66,66,69,69,69,72,75,78,81,89,97,100,103,114,117,120,120,123,115,118,118,121,124,127,130,133,133,128,131,123,115,115,118,113,116,108,111,111,111],"card_choices":[{"not_picked":["Acrobatics","hubris:SlightOfHand"],"picked":"Dagger Throw","floor":1.0},{"not_picked":["Tactician","Sneak Up"],"picked":"Predator","floor":2.0},{"not_picked":["infinitespire:Gouge","ReplayTheSpireMod:??????????????????????"],"picked":"hubris:Fate","floor":4.0},{"not_picked":["Blade Dance","Dagger Throw"],"picked":"Dagger Spray","floor":7.0},{"not_picked":["Dodge and Roll","Flying Knee"],"picked":"Poisoned Stab","floor":8.0},{"not_picked":["Adrenaline","Dodge and Roll"],"picked":"PiercingWail","floor":11.0},{"not_picked":["Deflect","Flying Knee"],"picked":"Distraction","floor":12.0},{"not_picked":["Deadly Poison","PiercingWail"],"picked":"Replay:Poison Smokescreen","floor":14.0},{"not_picked":["Venomology","Unload"],"picked":"Corpse Explosion","floor":16.0},{"not_picked":["Sneak Up"],"picked":"SKIP","floor":18.0},{"not_picked":[],"picked":"Blade Dance","floor":20.0},{"not_picked":[],"picked":"Flying Knee","floor":21.0},{"not_picked":["Underhanded Strike"],"picked":"SKIP","floor":23.0},{"not_picked":[],"picked":"Poison Darts","floor":25.0},{"not_picked":[],"picked":"Glass Knife","floor":27.0},{"not_picked":[],"picked":"hubris:SlightOfHand","floor":28.0},{"not_picked":[],"picked":"PiercingWail+1","floor":29.0},{"not_picked":[],"picked":"Dagger Throw","floor":31.0},{"not_picked":[],"picked":"Malaise","floor":33},{"not_picked":[],"picked":"Concentrate","floor":35},{"not_picked":[],"picked":"Flying Knee","floor":36},{"not_picked":[],"picked":"Finisher","floor":39},{"not_picked":[],"picked":"hubris:SpiceAddiction","floor":41},{"not_picked":[],"picked":"Deadly Poison+1","floor":46},{"not_picked":[],"picked":"hubris:SpiceAddiction","floor":47},{"not_picked":[],"picked":"Replay:Dark Deal","floor":48},{"not_picked":[],"picked":"Replay:BasicMightCard+1","floor":48},{"not_picked":[],"picked":"Wraith Form v2+1","floor":50}],"player_experience":1256976,"relics_obtained":[{"floor":7.0,"key":"infinitespire:Beetle Shell"},{"floor":9.0,"key":"Anchor"},{"floor":11.0,"key":"Shovel"},{"floor":13.0,"key":"Tiny Chest"},{"floor":14.0,"key":"Frozen Egg 2"},{"floor":15.0,"key":"Replay:Ringing Soul"},{"floor":22.0,"key":"Ring of Hypnosis"},{"floor":22.0,"key":"Ring of Greed"},{"floor":22.0,"key":"hubris:MobiusCoin"},{"floor":22.0,"key":"Old Coin"},{"floor":23.0,"key":"hubris:Spice"},{"floor":26.0,"key":"Ninja Scroll"},{"floor":27.0,"key":"hubris:Spice"},{"floor":29.0,"key":"Toy Ornithopter"},{"floor":31.0,"key":"Orichalcum"},{"floor":40,"key":"Pen Nib"},{"floor":43,"key":"hubris:Spice"},{"floor":44,"key":"hubris:Spice"},{"floor":49,"key":"hubris:Spice"}],"event_choices":[{"damage_healed":7.0,"max_hp_gain":0.0,"max_hp_loss":0.0,"gold_gain":0.0,"event_name":"Wheel of Change","player_choice":"Full Heal","floor":3.0,"gold_loss":0.0,"damage_taken":0.0},{"damage_healed":0.0,"max_hp_gain":0.0,"max_hp_loss":0.0,"gold_gain":0.0,"event_name":"Golden Idol","player_choice":"Take Wound","floor":10.0,"gold_loss":0.0,"damage_taken":0.0,"relics_obtained":["Golden Idol"],"cards_obtained":["Injury"]},{"damage_healed":0.0,"max_hp_gain":0.0,"max_hp_loss":0.0,"gold_gain":0.0,"event_name":"Forgotten Altar","player_choice":"Gave Idol","floor":30.0,"relics_lost":["Golden Idol"],"gold_loss":0.0,"damage_taken":0.0,"relics_obtained":["Bloody Idol"]},{"damage_healed":0.0,"max_hp_gain":0.0,"max_hp_loss":0.0,"gold_gain":0.0,"event_name":"Addict","player_choice":"Obtained Relic","floor":32.0,"gold_loss":85.0,"damage_taken":0.0,"relics_obtained":["hubris:Spice"]},{"damage_healed":0,"gold_gain":0,"player_choice":"Embrace Madness","damage_taken":23,"max_hp_gain":0,"max_hp_loss":0,"event_name":"Winding Halls","floor":38,"gold_loss":0,"cards_obtained":["Madness","Madness"]},{"damage_healed":0,"gold_gain":0,"player_choice":"Memory 2","damage_taken":5,"max_hp_gain":0,"max_hp_loss":0,"event_name":"SensoryStone","floor":48,"gold_loss":0}],"is_beta":false,"boss_relics":[{"not_picked":["Painkiller Herb","Philosopher\u0027s Stone"],"picked":"Busted Crown"},{"not_picked":["hubris:Spice","hubris:Spice","hubris:Spice"]}],"items_purged_floors":[24,37,42,45],"is_endless":true,"potions_floor_spawned":[2,7,14,16,21,23,25,28,33,35,46,47],"killed_by":"Awakened One","ascension_level":20}}