{"host":"7qoz5gmva6til3yp","time":1612683536,"event":{"mods":["2.2 Compatiblity","Astrologer","BaseMod","Marisa£¨Ùöéë¡¡Øª×âÞÞ£©","Minty Spire (QoL Compilation)","StSLib","SuperFastMode"],"gold_per_floor":[110,110,110,28,28,66,66,85,85,160,160,6,22,65,65,65,65],"floor_reached":16,"language":"KOR","playtime":660,"items_purged":[],"score":138,"play_id":"7de1ebd2-4220-47ab-bee8-93cc4ef7ebab","local_time":"20210207163856","is_ascension_mode":true,"campfire_choices":[{"data":"astrologer:CometStrike","floor":7.0,"key":"SMITH"},{"data":"astrologer:TheFool","floor":11.0,"key":"SMITH"},{"floor":15.0,"key":"REST"}],"circlet_count":0,"master_deck":["astrologer:Strike","astrologer:Strike","astrologer:Strike","astrologer:Defend+1","astrologer:Defend","astrologer:Defend","astrologer:Defend","astrologer:NorthStar+1","astrologer:TheFool+1","astrologer:Radiance","astrologer:CometStrike+1","astrologer:TheEmperor","astrologer:TheSun","astrologer:Sunrise","astrologer:HeatDeath"],"relics":["astrologer:SkyMirror","NeowsBlessing","Golden Idol","War Paint","Dead Branch","Lantern","Boot"],"acts_visited":["Exordium"],"potions_floor_usage":[16],"damage_taken":[{"damage":0.0,"enemies":"Small Slimes","floor":1.0,"turns":1.0},{"damage":0.0,"enemies":"3 Sentries","floor":6.0,"turns":1.0},{"damage":0.0,"enemies":"Jaw Worm","floor":8.0,"turns":1.0},{"damage":0.0,"enemies":"Cultist","floor":13.0,"turns":3.0},{"damage":14.0,"enemies":"Lagavulin","floor":14.0,"turns":6.0},{"damage":44,"enemies":"Slime Boss","floor":16,"turns":11}],"seed_played":"-2153243623130232407","potions_obtained":[{"floor":6.0,"key":"Energy Potion"}],"is_trial":false,"path_per_floor":["M","?","?","?","$","E","R","M","T","?","R","$","M","E","R","B"],"character_chosen":"ASTROLOGER","items_purchased":["astrologer:TheSun"],"campfire_rested":1,"item_purchase_floors":[12],"current_hp_per_floor":[70,53,46,46,46,46,46,46,46,35,35,35,35,21,42,0,0],"gold":65,"neow_bonus":"THREE_ENEMY_KILL","is_daily":false,"chose_seed":false,"campfire_upgraded":2,"win_rate":0.0,"timestamp":1612683536,"path_taken":["M","?","?","?","$","E","R","?","T","?","R","?","M","E","R","BOSS"],"items_purchased_type":["Card"],"build_version":"2020-12-22","purchased_purges":0,"victory":false,"max_hp_per_floor":[70,70,70,70,70,70,70,70,70,70,70,70,70,70,70,70,70],"card_choices":[{"not_picked":["astrologer:Still","astrologer:TheDevil"],"picked":"astrologer:Radiance","floor":1.0},{"not_picked":["astrologer:Opposition","astrologer:ShootingStar"],"picked":"astrologer:CometStrike","floor":6.0},{"not_picked":["astrologer:FrozenStar","astrologer:Stardust"],"picked":"astrologer:TheEmperor","floor":8.0},{"not_picked":["astrologer:TheTower","astrologer:Moonlight"],"picked":"astrologer:Sunrise","floor":13.0},{"not_picked":["astrologer:Opposition","astrologer:MeteorShower"],"picked":"astrologer:HeatDeath","floor":14.0}],"player_experience":486524,"relics_obtained":[{"floor":6.0,"key":"Dead Branch"},{"floor":9.0,"key":"Lantern"},{"floor":14.0,"key":"Boot"}],"event_choices":[{"damage_healed":0.0,"max_hp_gain":0.0,"max_hp_loss":0.0,"gold_gain":0.0,"event_name":"Golden Idol","player_choice":"Take Damage","floor":2.0,"gold_loss":0.0,"damage_taken":17.0,"relics_obtained":["Golden Idol"]},{"cards_removed":["astrologer:Strike"],"damage_healed":0.0,"max_hp_gain":0.0,"max_hp_loss":0.0,"gold_gain":0.0,"event_name":"Golden Wing","player_choice":"Card Removal","floor":3.0,"gold_loss":0.0,"damage_taken":7.0},{"damage_healed":0.0,"max_hp_gain":0.0,"max_hp_loss":0.0,"gold_gain":0.0,"event_name":"WeMeetAgain","player_choice":"Paid Gold","floor":4.0,"gold_loss":82.0,"damage_taken":0.0,"relics_obtained":["War Paint"]},{"damage_healed":0.0,"max_hp_gain":0.0,"max_hp_loss":0.0,"gold_gain":75.0,"event_name":"World of Goop","player_choice":"Gather Gold","floor":10.0,"gold_loss":0.0,"damage_taken":11.0}],"is_beta":false,"boss_relics":[],"items_purged_floors":[],"is_endless":false,"potions_floor_spawned":[6],"killed_by":"Slime Boss","ascension_level":1}}