{"host":"23qk1co0p3p8qz56","time":1612678000,"event":{"mods":["100% Spire Juice","AchievementEnabler","Act Like it!","Arknights","BaseMod","Better Note","Better Third Choice","BetterRewards","CapriCore","Chen","Colored Map","Downfall","Friendly Minions","Gensokyo","Gold Saver","KinomotoSakuraMod(木之本?)","Koishi","Lobotomy","LobotomyExtend","Marisa（霧雨　魔理沙）","Minty Spire (QoL Compilation)","Prisma Mod","Reimu（博??梦）","Remilia（蕾米莉?）","StSLib","The Administrix","The Alterego","The Animator","The Gatherer","The Immortal","The Senshi","TheSwordswoman","Waifu the Spire","WarShipGirlsR/??少女R mod","Yakumo Yukari mod","Yohane!","Yuyuko"],"gold_per_floor":[655,655,669,669,679,679,679,679,679,679,699,713,713,723,723,826,826,826,826,836,936,958,958,974,990,1061,976,976,976,987,999,999,999,999],"floor_reached":33,"language":"ENG","playtime":1630,"items_purged":[],"score":239,"play_id":"d4efef4b-9283-45f1-a6ec-4eed209ed4fc","local_time":"20210206230640","is_ascension_mode":false,"campfire_choices":[{"data":"animator:Benimaru","floor":6,"key":"SMITH"},{"data":"animator:Shuna","floor":8,"key":"SMITH"},{"data":"animator:IzunaHatsuse","floor":10,"key":"SMITH"},{"data":"animator:DolaStephanie","floor":15,"key":"SMITH"},{"data":"animator:Millim","floor":23,"key":"SMITH"},{"data":"animator:Millim+1","floor":29,"key":"SMITH"},{"data":"animator:Millim+2","floor":32,"key":"SMITH"}],"circlet_count":0,"master_deck":["animator:Strike_TenSura","animator:Defend_TenSura","animator:Strike","animator:Strike","animator:Defend","animator:Defend","animator:Defend","animator:Benimaru+1","animator:Shuna+1","animator:HomuraAkemi","animator:Shion+1","animator:Hakurou+1","animator:IzunaHatsuse+1","animator:DolaStephanie+1","animator:Millim+3"],"relics":["animator:LivingPicture","animator:TheMissingPiece","animator:PurgingStone","LetterFromLob","Whetstone","Black Star","Sundial","Happy Flower"],"acts_visited":["Exordium","TheCity"],"potions_floor_usage":[16,16,31,31,31],"damage_taken":[{"damage":0,"enemies":"Jaw Worm","floor":1,"turns":5},{"damage":0,"enemies":"Small Slimes","floor":3,"turns":3},{"damage":0,"enemies":"Cultist","floor":5,"turns":4},{"damage":5,"enemies":"3 Louse","floor":11,"turns":3},{"damage":3,"enemies":"2 Fungi Beasts","floor":12,"turns":5},{"damage":8,"enemies":"Lots of Slimes","floor":14,"turns":5},{"damage":20,"enemies":"Hexaghost","floor":16,"turns":9},{"damage":37,"enemies":"3 Byrds","floor":20,"turns":8},{"damage":3,"enemies":"Chosen","floor":22,"turns":6},{"damage":24,"enemies":"Snecko","floor":24,"turns":5},{"damage":16,"enemies":"Centurion and Healer","floor":25,"turns":5},{"damage":12,"enemies":"Chosen and Byrds","floor":30,"turns":4},{"damage":12,"enemies":"Shelled Parasite and Fungi","floor":31,"turns":3},{"damage":15,"enemies":"Champ","floor":33,"turns":2}],"seed_played":"2081269788086564842","potions_obtained":[{"floor":1,"key":"GrandPatriotsElixir:ReiMu"},{"floor":11,"key":"animator:FalseLifePotion"},{"floor":14,"key":"Energy Potion"},{"floor":22,"key":"Weak Potion"},{"floor":24,"key":"BlessingOfTheForge"}],"is_trial":false,"path_per_floor":["M","?","M","?","M","R","$","R","T","R","M","M","?","M","R","B",null,"M","?","M","?","M","R","M","M","T","?","$","R","M","M","R","B"],"character_chosen":"THE_ANIMATOR","items_purchased":[],"campfire_rested":0,"item_purchase_floors":[],"current_hp_per_floor":[66,66,67,67,67,67,67,67,67,67,62,59,64,56,56,36,72,72,72,38,38,35,35,11,13,13,13,13,13,13,7,7,0,0],"gold":999,"neow_bonus":"TRANSFORM_CARD","is_daily":false,"chose_seed":false,"campfire_upgraded":7,"win_rate":0.0,"timestamp":1612678000,"path_taken":["M","?","M","?","?","R","$","R","T","R","M","M","?","M","R","BOSS","M","?","M","?","M","R","M","?","T","?","$","R","M","M","R","BOSS"],"items_purchased_type":[],"build_version":"2020-12-22","purchased_purges":0,"victory":false,"max_hp_per_floor":[66,66,67,67,67,67,67,67,67,67,67,67,72,72,72,72,72,72,72,72,72,72,72,72,72,72,72,72,72,72,72,72,72,72],"card_choices":[{"not_picked":["animator:Chris","animator:NarberalGamma"],"picked":"animator:Shion","floor":1},{"not_picked":["animator:MumenRider","animator:RoryMercury"],"picked":"animator:Hakurou","floor":3},{"not_picked":["animator:YaoHaDucy","animator:LeleiLaLalena"],"picked":"animator:IzunaHatsuse","floor":5},{"not_picked":["animator:Witch","animator:SakuraMatou","animator:Shichika"],"picked":"SKIP","floor":12},{"not_picked":["animator:Darkness","animator:ShinjiMatou"],"picked":"animator:DolaStephanie","floor":14},{"not_picked":["animator:HomuraAkemi","animator:Saber"],"picked":"animator:Eris","floor":16},{"not_picked":["animator:PandorasActor","animator:DolaRiku","animator:Kuribayashi"],"picked":"SKIP","floor":20},{"not_picked":["animator:Souei","animator:Vesta"],"picked":"animator:Millim","floor":22},{"not_picked":["animator:Mitsurugi","animator:Togame","animator:GuildGirl"],"picked":"SKIP","floor":24},{"not_picked":["animator:Shigure","animator:KyokoSakura+1","animator:YaoHaDucy+1"],"picked":"SKIP","floor":25},{"not_picked":["animator:SayakaMiki","animator:Azekura","animator:TukaLunaMarceau+1"],"picked":"SKIP","floor":30}],"player_experience":117500,"relics_obtained":[{"floor":1,"key":"LetterFromLob"},{"floor":9,"key":"Whetstone"},{"floor":26,"key":"Sundial"}],"event_choices":[{"damage_healed":0,"gold_gain":0,"player_choice":"Ignored","damage_taken":0,"max_hp_gain":0,"max_hp_loss":0,"event_name":"betterNote:BetterNote","floor":4,"gold_loss":0,"cards_obtained":["animator:Megumin"]},{"damage_healed":0,"gold_gain":0,"player_choice":"Donut","damage_taken":0,"max_hp_gain":5,"max_hp_loss":0,"event_name":"Big Fish","floor":13,"gold_loss":0},{"damage_healed":0,"gold_gain":0,"player_choice":"Ignored","damage_taken":0,"max_hp_gain":0,"max_hp_loss":0,"event_name":"Beggar","floor":19,"gold_loss":0},{"damage_healed":0,"gold_gain":100,"player_choice":"Pray","damage_taken":0,"max_hp_gain":0,"max_hp_loss":0,"event_name":"Golden Shrine","floor":21,"gold_loss":0},{"damage_healed":0,"gold_gain":0,"player_choice":"Obtained Relic","damage_taken":0,"relics_obtained":["Happy Flower"],"max_hp_gain":0,"max_hp_loss":0,"event_name":"Addict","floor":27,"gold_loss":85}],"is_beta":false,"boss_relics":[{"not_picked":["Velvet Choker","Mark of Pain"],"picked":"Black Star"}],"items_purged_floors":[],"is_endless":false,"potions_floor_spawned":[1,11,14,22,24,25],"killed_by":"Champ","ascension_level":0}}