{"host":"ggy1mjjy92c62u6a","time":1612678689,"event":{"mods":["10 clothes from DAL","ATMod(∞¢Ë™Mod)","Act Like it!","BaseMod","Colored Powertips","GifTheSpireLib","Library of Ruina","Library of Ruina Extra","Lobotomy","LobotomyExtend","Minty Spire (QoL Compilation)","Quick Restart","Relic Filter Mod","Relic Stats","Shop Mod","Spicy Shops","StSLib","TestMod","°æπ¶ƒ‹Mod°øªÏ„Á÷Æª∑–ﬁ∏¥≤π∂°","°æ“≈ŒÔMod°øÀ¿¡È∑® ¶NEW","°æ“≈ŒÔø®≈∆°øREMEMod"],"gold_per_floor":[280,328,344,359,374,374,374],"floor_reached":6,"language":"ZHS","playtime":220,"items_purged":[],"score":228,"play_id":"55fb840f-7aa1-4d34-8593-14a60266c1a8","local_time":"20210207141809","is_ascension_mode":true,"campfire_choices":[],"circlet_count":0,"master_deck":["Dodge","LightDefense","LightAttack","LightAttack","LightAttack","LightDefense","LightDefense","LightDefense","ChargeAndCover","FocusedStrikes","AT_ChampionStep","Pride","testmod-Lust","testmod-Wrath","testmod-Sloth","testmod-Envy","testmod-Greed","testmod-Gluttony","testmod-Gluttony","testmod-Gluttony","testmod-Gluttony"],"relics":["PageOfLibrarian","REME_ComplimentaryCards","AT_ATBox","testmod-TestBox","CogitoBucket","testmod-SevenDeadlySins","Du-Vu Doll","Darkstone Periapt","Blue Candle","LetterFromLob","AT_ChloranthyRing"],"acts_visited":["Exordium"],"potions_floor_usage":[],"damage_taken":[{"damage":10,"enemies":"Cultist","floor":1,"turns":4},{"damage":0,"enemies":"2 Louse","floor":3,"turns":1},{"damage":0,"enemies":"Jaw Worm","floor":4,"turns":1},{"damage":44,"enemies":"Gremlin Gang","floor":5,"turns":7},{"damage":75,"enemies":"Lagavulin","floor":6,"turns":6}],"seed_played":"5405993607950128792","potions_obtained":[{"floor":4,"key":"BlessingOfTheForge"}],"is_trial":false,"path_per_floor":["M","T","M","M","M","E"],"character_chosen":"Librarian","items_purchased":[],"campfire_rested":0,"item_purchase_floors":[],"current_hp_per_floor":[92,92,98,98,60,0,0],"gold":374,"neow_bonus":"","is_daily":false,"chose_seed":false,"campfire_upgraded":0,"win_rate":0.0,"timestamp":1612678689,"path_taken":["M","?","M","?","M","E"],"items_purchased_type":[],"build_version":"2020-12-22","purchased_purges":0,"victory":false,"max_hp_per_floor":[108,108,122,122,151,151,151],"relic_stats":{"Darkstone Periapt":60,"counters":[5,19],"Blue Candle":[14],"obtain_stats":[{"PageOfLibrarian":0,"Du-Vu Doll":0,"Darkstone Periapt":0,"AT_ChloranthyRing":2,"CogitoBucket":0,"AT_ATBox":0,"testmod-TestBox":0,"Blue Candle":0,"testmod-SevenDeadlySins":0,"LetterFromLob":1,"REME_ComplimentaryCards":0},{"PageOfLibrarian":0,"Du-Vu Doll":0,"Darkstone Periapt":0,"AT_ChloranthyRing":1,"CogitoBucket":0,"AT_ATBox":0,"testmod-TestBox":0,"Blue Candle":0,"testmod-SevenDeadlySins":0,"LetterFromLob":1,"REME_ComplimentaryCards":0},{"PageOfLibrarian":0,"Du-Vu Doll":0,"Darkstone Periapt":0,"AT_ChloranthyRing":4,"CogitoBucket":0,"AT_ATBox":0,"testmod-TestBox":0,"Blue Candle":0,"testmod-SevenDeadlySins":0,"LetterFromLob":4,"REME_ComplimentaryCards":0}]},"card_choices":[{"not_picked":["ClassAndRespect","PreemptiveStrike","QuickAttack","SomberProcuration","AsThePrescriptOrders","FierceCharge","UnavoidableGaze","StayCalm","Gigigig"],"picked":"SKIP","floor":1},{"not_picked":["HiddenBlade","WillBeTasty","BlowItUp","DeepDrag","ShockingBlow","FaintMemories","Thrust","EnergyCycle","ScatteringSlash"],"picked":"SKIP","floor":3},{"not_picked":["GrazeTheGrass","Multislash","AGoldenOpportunity","Transpierce","DirtyBlow","SunsetBlade","BindingChains","Standoff","MultiBlock"],"picked":"SKIP","floor":4},{"not_picked":["SinglePointStab","GrazeTheGrass","CleanUp","EnergyShield","TendonChords","Ripple","HighKick","YouOnlyLiveOnce","HeavyPeaks"],"picked":"SKIP","floor":5}],"player_experience":105773,"relics_obtained":[{"floor":1,"key":"LetterFromLob"},{"floor":2,"key":"AT_ChloranthyRing"}],"event_choices":[],"is_beta":false,"boss_relics":[],"items_purged_floors":[],"is_endless":false,"potions_floor_spawned":[4,5],"killed_by":"Lagavulin","ascension_level":8}}