{"host":"syozzdlzcqop4jia","time":1612726118,"event":{"mods":["BaseMod","Colored Map","Colored Powertips","Minty Spire (QoL Compilation)","Quick Restart"],"gold_per_floor":[110,126,19,19,30,30,30,49,103,132,148,173,11,11,11,114,114,125,145,156,11,11,11,46,65,65,83,98,98,98,16,16,117,117,134,0,50,62,8,8,25,25,25,41,41,52,86,86,86],"floor_reached":48,"language":"ENG","playtime":2577,"items_purged":[],"score":644,"play_id":"6bcf5795-33ca-4020-ab16-508dfde36a08","local_time":"20210207202838","is_ascension_mode":true,"campfire_choices":[{"floor":6,"key":"REST"},{"floor":15,"key":"REST"},{"floor":23,"key":"REST"},{"floor":29,"key":"REST"},{"data":"Creative AI","floor":32,"key":"SMITH"},{"floor":40,"key":"REST"},{"data":"Biased Cognition","floor":42,"key":"SMITH"},{"data":"The Bomb","floor":45,"key":"SMITH"}],"circlet_count":0,"master_deck":["Defend_B","Defend_B+1","Defend_B+1","Defend_B","Zap+1","Dualcast+1","Ball Lightning","Ball Lightning","Sunder","Doom and Gloom","Static Discharge","Steam+1","Ball Lightning","Self Repair","The Bomb+1","Creative AI+1","Steam+1","Rebound","Ball Lightning","Amplify","Storm+1","Redo","Turbo+1","Bite","Bite","Bite","Bite","Bite","Ball Lightning","Self Repair","Biased Cognition+1","Ball Lightning","Conserve Battery+1","Leap+1","Ball Lightning","Writhe","Ball Lightning+1","Thunder Strike"],"relics":["Cracked Core","Nunchaku","War Paint","Happy Flower","Turnip","Sozu","Bag of Preparation","DataDisk","Regal Pillow","Cursed Key","Red Mask","StoneCalendar","Darkstone Periapt","Anchor"],"acts_visited":["Exordium","TheCity","TheBeyond"],"potions_floor_usage":[8,12,18,24,24],"damage_taken":[{"damage":1,"enemies":"Jaw Worm","floor":1,"turns":2},{"damage":0,"enemies":"Cultist","floor":2,"turns":2},{"damage":2,"enemies":"Small Slimes","floor":5,"turns":2},{"damage":11,"enemies":"Exordium Wildlife","floor":8,"turns":2},{"damage":29,"enemies":"Gremlin Nob","floor":10,"turns":4},{"damage":0,"enemies":"2 Fungi Beasts","floor":11,"turns":2},{"damage":7,"enemies":"Lagavulin","floor":12,"turns":4},{"damage":0,"enemies":"Slime Boss","floor":16,"turns":7},{"damage":10,"enemies":"Chosen","floor":18,"turns":3},{"damage":24,"enemies":"2 Thieves","floor":19,"turns":4},{"damage":3,"enemies":"Sentry and Sphere","floor":20,"turns":3},{"damage":31,"enemies":"Gremlin Leader","floor":24,"turns":5},{"damage":22,"enemies":"Shelled Parasite and Fungi","floor":25,"turns":4},{"damage":0,"enemies":"Cultist and Chosen","floor":27,"turns":4},{"damage":10,"enemies":"3 Cultists","floor":28,"turns":3},{"damage":22,"enemies":"Automaton","floor":33,"turns":7},{"damage":8,"enemies":"3 Shapes","floor":35,"turns":4},{"damage":22,"enemies":"Mind Bloom Boss Battle","floor":37,"turns":3},{"damage":7,"enemies":"3 Darklings","floor":38,"turns":3},{"damage":5,"enemies":"Sphere and 2 Shapes","floor":41,"turns":3},{"damage":0,"enemies":"Transient","floor":44,"turns":5},{"damage":19,"enemies":"Spire Growth","floor":46,"turns":4},{"damage":51,"enemies":"Nemesis","floor":47,"turns":3},{"damage":13,"enemies":"Sphere and 2 Shapes","floor":48,"turns":2}],"seed_played":"-3861021081244059412","potions_obtained":[{"floor":5,"key":"LiquidBronze"},{"floor":7,"key":"DistilledChaos"},{"floor":7,"key":"Fire Potion"},{"floor":10,"key":"SkillPotion"},{"floor":11,"key":"Explosive Potion"},{"floor":16,"key":"PowerPotion"}],"is_trial":false,"path_per_floor":["M","M","$","?","M","R","?","M","T","E","M","E","$","?","R","B",null,"M","M","M","$","?","R","E","M","T","M","M","R","?","$","R","B",null,"M","?","?","M","$","R","M","R","T","M","R","M","E","M"],"character_chosen":"DEFECT","items_purchased":["Sunder","Doom and Gloom","The Bomb","Bag of Preparation","Ball Lightning","Self Repair","Ball Lightning"],"campfire_rested":5,"item_purchase_floors":[3,3,13,21,31,31,39],"current_hp_per_floor":[74,74,74,59,57,75,75,64,64,35,35,35,35,35,57,64,75,72,55,59,59,45,69,45,30,30,44,41,80,56,56,56,56,56,56,56,41,36,36,56,56,56,56,56,56,50,8,0,0],"gold":86,"neow_bonus":"UPGRADE_CARD","is_daily":false,"chose_seed":false,"campfire_upgraded":3,"win_rate":0.0,"timestamp":1612726118,"path_taken":["M","M","$","?","M","R","?","?","T","E","M","E","$","?","R","BOSS","M","M","?","$","?","R","E","M","T","M","M","R","?","$","R","BOSS","M","?","?","M","$","R","M","R","T","M","R","M","E","M"],"items_purchased_type":["Card","Card","Card","Relic","Card","Card","Card"],"build_version":"2020-12-22","purchased_purges":0,"victory":false,"max_hp_per_floor":[75,75,75,75,75,75,75,75,75,75,75,75,75,75,75,75,75,75,75,75,75,80,80,80,80,80,80,80,80,56,56,56,56,56,56,56,56,56,56,56,56,56,56,56,56,56,56,56,56],"card_choices":[{"not_picked":["Gash","Loop"],"picked":"Ball Lightning","floor":1},{"not_picked":["Leap","Defragment"],"picked":"Ball Lightning","floor":2},{"not_picked":["Gash","Chaos"],"picked":"Static Discharge","floor":5},{"not_picked":["Reinforced Body","Coolheaded"],"picked":"Steam","floor":8},{"not_picked":["Chaos","Melter"],"picked":"Ball Lightning","floor":10},{"not_picked":["Cold Snap","Coolheaded"],"picked":"Self Repair","floor":11},{"not_picked":["Steam Power","Scrape"],"picked":"Conserve Battery","floor":12},{"not_picked":["Rainbow","Multi-Cast"],"picked":"Creative AI","floor":16},{"not_picked":["Rebound","Streamline"],"picked":"Steam+1","floor":18},{"not_picked":["Auto Shields","Leap"],"picked":"Rebound","floor":19},{"not_picked":["Leap+1","Consume"],"picked":"Ball Lightning","floor":20},{"not_picked":["Redo","Streamline"],"picked":"Amplify","floor":24},{"not_picked":["Scrape","Blizzard"],"picked":"Storm+1","floor":25},{"not_picked":["Glacier","Hologram"],"picked":"Redo","floor":27},{"not_picked":["Gash","Chill"],"picked":"Turbo+1","floor":28},{"not_picked":["Multi-Cast","All For One"],"picked":"Biased Cognition","floor":33},{"not_picked":["Beam Cell","Barrage+1"],"picked":"Ball Lightning","floor":35},{"not_picked":["Rebound+1","Go for the Eyes"],"picked":"Conserve Battery+1","floor":37},{"not_picked":["Sweeping Beam+1","White Noise"],"picked":"Leap+1","floor":38},{"not_picked":["Darkness","Cold Snap","Genetic Algorithm"],"picked":"SKIP","floor":41},{"not_picked":["Machine Learning","Gash"],"picked":"Ball Lightning+1","floor":44},{"not_picked":["Hologram+1","Barrage+1","Go for the Eyes+1"],"picked":"SKIP","floor":46},{"not_picked":["Steam+1","Beam Cell"],"picked":"Thunder Strike","floor":47}],"player_experience":599959,"relics_obtained":[{"floor":9,"key":"Nunchaku"},{"floor":10,"key":"War Paint"},{"floor":12,"key":"Happy Flower"},{"floor":24,"key":"DataDisk"},{"floor":26,"key":"Regal Pillow"},{"floor":37,"key":"StoneCalendar"},{"floor":43,"key":"Darkstone Periapt"},{"floor":47,"key":"Anchor"}],"event_choices":[{"damage_healed":0,"gold_gain":0,"player_choice":"Entered Light","damage_taken":15,"max_hp_gain":0,"max_hp_loss":0,"event_name":"Shining Light","floor":4,"gold_loss":0,"cards_upgraded":["Defend_B","Zap"]},{"damage_healed":0,"gold_gain":0,"player_choice":"Got Potions","damage_taken":0,"max_hp_gain":0,"max_hp_loss":0,"event_name":"Lab","floor":7,"gold_loss":0},{"cards_removed":["Conserve Battery"],"damage_healed":0,"gold_gain":0,"player_choice":"Gave Card","damage_taken":0,"relics_obtained":["Turnip"],"max_hp_gain":0,"max_hp_loss":0,"event_name":"WeMeetAgain","floor":14,"gold_loss":0},{"damage_healed":0,"gold_gain":0,"player_choice":"Shed Blood","damage_taken":19,"max_hp_gain":5,"max_hp_loss":0,"event_name":"Forgotten Altar","floor":22,"gold_loss":0},{"damage_healed":0,"gold_gain":0,"player_choice":"Became a vampire","damage_taken":0,"max_hp_gain":0,"max_hp_loss":24,"event_name":"Vampires","floor":30,"gold_loss":0,"cards_obtained":["Bite","Bite","Bite","Bite","Bite"]},{"damage_healed":0,"gold_gain":0,"player_choice":"Paid","damage_taken":0,"relics_obtained":["Red Mask"],"max_hp_gain":0,"max_hp_loss":0,"event_name":"Tomb of Lord Red Mask","floor":36,"gold_loss":134},{"damage_healed":0,"gold_gain":0,"player_choice":"Fight","damage_taken":0,"max_hp_gain":0,"max_hp_loss":0,"event_name":"MindBloom","floor":37,"gold_loss":0}],"is_beta":false,"boss_relics":[{"not_picked":["Runic Dome","SacredBark"],"picked":"Sozu"},{"not_picked":["Astrolabe","SlaversCollar"],"picked":"Cursed Key"}],"items_purged_floors":[],"is_endless":false,"potions_floor_spawned":[5,10,11,16,19,25,27,33,35,38,46,47],"killed_by":"Sphere and 2 Shapes","ascension_level":1}}