{"host":"mqhvlr3kpxebko0t","time":1612684714,"event":{"mods":["AchievementEnabler","BaseMod","Colored Map","Colored Powertips","KOR Keyword Fix","Keyboard Shortcuts","Minty Spire (QoL Compilation)","StSLib","SuperFastMode"],"gold_per_floor":[110,110,110,185,185,216,86,102,102,102,136,136,159,175,175,175,175],"floor_reached":16,"language":"KOR","playtime":209,"items_purged":["Strike_G"],"score":221,"play_id":"c3d83ca5-add8-4a51-9b9b-65b107a1fbeb","local_time":"20210207165834","is_ascension_mode":true,"campfire_choices":[{"data":"Prepared","floor":10.0,"key":"SMITH"},{"data":"Prepared","floor":15,"key":"SMITH"}],"circlet_count":0,"master_deck":["AscendersBane","Strike_G","Strike_G","Strike_G","Defend_G","Defend_G","Defend_G","Defend_G","Defend_G","Survivor","Neutralize","Prepared+1","Grand Finale","Backflip","Prepared+1","Expertise","Dagger Throw"],"relics":["Ring of the Snake","NeowsBlessing","Golden Idol","Blue Candle","Prayer Wheel","The Specimen","Odd Mushroom"],"acts_visited":["Exordium"],"potions_floor_usage":[16,16],"damage_taken":[{"damage":0.0,"enemies":"Small Slimes","floor":1.0,"turns":1.0},{"damage":0.0,"enemies":"Lagavulin","floor":6.0,"turns":1.0},{"damage":0.0,"enemies":"2 Louse","floor":8.0,"turns":1.0},{"damage":0.0,"enemies":"The Mushroom Lair","floor":11.0,"turns":2.0},{"damage":1,"enemies":"Jaw Worm","floor":13,"turns":2},{"damage":5,"enemies":"Exordium Wildlife","floor":14,"turns":5},{"damage":37,"enemies":"Slime Boss","floor":16,"turns":9}],"seed_played":"-4925045661087813931","potions_obtained":[{"floor":8.0,"key":"Block Potion"},{"floor":11.0,"key":"Weak Potion"}],"is_trial":false,"path_per_floor":["M","?","?","?","?","E","$","M","T","R","?","?","M","M","R","B"],"character_chosen":"THE_SILENT","items_purchased":["Backflip"],"campfire_rested":0,"item_purchase_floors":[7],"current_hp_per_floor":[59,52,52,41,36,36,36,36,36,36,36,36,35,30,30,0,0],"gold":175,"neow_bonus":"THREE_ENEMY_KILL","is_daily":false,"chose_seed":false,"campfire_upgraded":2,"win_rate":0.0,"timestamp":1612684714,"path_taken":["M","?","?","?","?","E","?","?","T","R","?","?","M","M","R","BOSS"],"items_purchased_type":["Card"],"build_version":"2020-12-22","purchased_purges":1,"victory":false,"max_hp_per_floor":[66,66,60,60,60,60,60,60,60,60,60,60,60,60,60,60,60],"card_choices":[{"not_picked":["Flying Knee","Slice"],"picked":"Prepared","floor":1.0},{"not_picked":["Blade Dance","Leg Sweep"],"picked":"Grand Finale","floor":6.0},{"not_picked":["Skewer","Catalyst"],"picked":"Prepared","floor":8.0},{"not_picked":["Eviscerate","Cloak And Dagger","Underhanded Strike"],"picked":"SKIP","floor":8.0},{"not_picked":["Backflip","Blade Dance"],"picked":"Expertise","floor":11.0},{"not_picked":["Skewer","Sucker Punch"],"picked":"Dagger Throw","floor":13},{"not_picked":["Bane","Dash","Heel Hook"],"picked":"SKIP","floor":13},{"not_picked":["Flying Knee","All Out Attack","Skewer"],"picked":"SKIP","floor":14},{"not_picked":["Malaise","Crippling Poison","Flying Knee"],"picked":"SKIP","floor":14}],"player_experience":692703,"relics_obtained":[{"floor":6.0,"key":"Prayer Wheel"},{"floor":9.0,"key":"The Specimen"},{"floor":11.0,"key":"Odd Mushroom"}],"event_choices":[{"cards_removed":["Strike_G"],"damage_healed":0.0,"max_hp_gain":0.0,"max_hp_loss":0.0,"gold_gain":0.0,"event_name":"Golden Wing","player_choice":"Card Removal","floor":2.0,"gold_loss":0.0,"damage_taken":7.0},{"damage_healed":0.0,"max_hp_gain":0.0,"max_hp_loss":6.0,"gold_gain":0.0,"event_name":"Golden Idol","player_choice":"Lose Max HP","floor":3.0,"gold_loss":0.0,"damage_taken":0.0,"relics_obtained":["Golden Idol"]},{"damage_healed":0.0,"max_hp_gain":0.0,"max_hp_loss":0.0,"gold_gain":75.0,"event_name":"World of Goop","player_choice":"Gather Gold","floor":4.0,"gold_loss":0.0,"damage_taken":11.0},{"damage_healed":0.0,"max_hp_gain":0.0,"max_hp_loss":0.0,"gold_gain":0.0,"event_name":"Scrap Ooze","player_choice":"Success","floor":5.0,"gold_loss":0.0,"damage_taken":5.0,"relics_obtained":["Blue Candle"]},{"damage_healed":0.0,"max_hp_gain":0.0,"max_hp_loss":0.0,"gold_gain":0.0,"event_name":"Mushrooms","player_choice":"Fought Mushrooms","floor":11.0,"gold_loss":0.0,"damage_taken":0.0},{"damage_healed":0.0,"max_hp_gain":0.0,"max_hp_loss":0.0,"gold_gain":0.0,"event_name":"Dead Adventurer","player_choice":"Searched \u00270\u0027 times","floor":12.0,"gold_loss":0.0,"damage_taken":0.0}],"is_beta":false,"boss_relics":[],"items_purged_floors":[7],"is_endless":false,"potions_floor_spawned":[8,11],"killed_by":"Slime Boss","ascension_level":16}}