{"host":"vumwfieg2b2mnrfl","time":1612738355,"event":{"mods":["AchievementEnabler","BaseMod","Minty Spire (QoL Compilation)","Rare Cards Sparkle","Relic Stats"],"gold_per_floor":[113,113,132,147,158,158,193,193,193,193,223,223,239,76,76,76,76],"floor_reached":16,"language":"ENG","playtime":398,"items_purged":["Strike_G"],"score":220,"play_id":"46f17b24-576c-45b3-b64b-c4899b8a0dd7","local_time":"20210207165235","is_ascension_mode":true,"campfire_choices":[{"data":"Cloak And Dagger","floor":6,"key":"SMITH"},{"floor":10,"key":"REST"},{"floor":12,"key":"REST"},{"data":"Malaise","floor":15,"key":"SMITH"}],"circlet_count":0,"master_deck":["AscendersBane","Strike_G","Strike_G","Strike_G","Strike_G","Defend_G","Defend_G","Defend_G","Defend_G","Defend_G","Survivor","Neutralize+1","All Out Attack","PiercingWail","Blade Dance","Cloak And Dagger+1","Footwork","Malaise+1","Accuracy"],"relics":["Ring of the Snake","Du-Vu Doll","Blue Candle","Letter Opener","Bottled Flame"],"acts_visited":["Exordium"],"potions_floor_usage":[],"damage_taken":[{"damage":4,"enemies":"Jaw Worm","floor":1,"turns":4},{"damage":0,"enemies":"Cultist","floor":3,"turns":3},{"damage":7,"enemies":"Small Slimes","floor":4,"turns":4},{"damage":6,"enemies":"Looter","floor":5,"turns":3},{"damage":23,"enemies":"Gremlin Nob","floor":7,"turns":4},{"damage":28,"enemies":"Lagavulin","floor":11,"turns":7},{"damage":11,"enemies":"3 Louse","floor":13,"turns":3},{"damage":17,"enemies":"Hexaghost","floor":16,"turns":11}],"seed_played":"4413856441500130943","potions_obtained":[{"floor":1,"key":"EssenceOfSteel"},{"floor":11,"key":"LiquidBronze"}],"is_trial":false,"path_per_floor":["M","?","M","M","M","R","E","?","T","R","E","R","M","$","R","B"],"character_chosen":"THE_SILENT","items_purchased":["Accuracy"],"campfire_rested":2,"item_purchase_floors":[14],"current_hp_per_floor":[55,55,55,48,42,42,19,19,19,37,9,27,16,16,16,0,0],"gold":76,"neow_bonus":"ONE_RARE_RELIC","is_daily":false,"chose_seed":false,"campfire_upgraded":2,"win_rate":0.0,"timestamp":1612738355,"path_taken":["M","?","M","?","M","R","E","?","T","R","E","R","M","$","R","BOSS"],"items_purchased_type":["Card"],"build_version":"2020-12-22","purchased_purges":1,"victory":false,"max_hp_per_floor":[60,60,60,60,60,60,60,60,60,60,60,60,60,60,60,60,60],"relic_stats":{"counters":[8,39],"Blue Candle":[0],"Letter Opener":[5],"obtain_stats":[{"Du-Vu Doll":0,"Bottled Flame":11,"Blue Candle":7,"Letter Opener":9,"Ring of the Snake":0},{"Du-Vu Doll":0,"Bottled Flame":6,"Blue Candle":5,"Letter Opener":5,"Ring of the Snake":0},{"Du-Vu Doll":0,"Bottled Flame":25,"Blue Candle":18,"Letter Opener":18,"Ring of the Snake":0}],"Ring of the Snake":[16]},"card_choices":[{"not_picked":["Backstab","Backflip"],"picked":"All Out Attack","floor":1},{"not_picked":["Distraction","Masterful Stab"],"picked":"PiercingWail","floor":3},{"not_picked":["Dagger Throw","Choke"],"picked":"Blade Dance","floor":4},{"not_picked":["Finisher","Crippling Poison"],"picked":"Cloak And Dagger","floor":5},{"not_picked":["Tools of the Trade","Skewer"],"picked":"Footwork","floor":7},{"not_picked":["Masterful Stab","Blade Dance"],"picked":"Malaise","floor":11},{"not_picked":["Underhanded Strike","Sucker Punch","Flying Knee"],"picked":"SKIP","floor":13}],"player_experience":534764,"relics_obtained":[{"floor":7,"key":"Blue Candle"},{"floor":9,"key":"Letter Opener"},{"floor":11,"key":"Bottled Flame"}],"event_choices":[{"damage_healed":0,"gold_gain":0,"player_choice":"Upgraded","damage_taken":0,"max_hp_gain":0,"max_hp_loss":0,"event_name":"Upgrade Shrine","floor":2,"gold_loss":0,"cards_upgraded":["Neutralize"]},{"damage_healed":0,"gold_gain":0,"player_choice":"Ignored","damage_taken":0,"max_hp_gain":0,"max_hp_loss":0,"event_name":"Shining Light","floor":8,"gold_loss":0}],"is_beta":false,"boss_relics":[],"items_purged_floors":[14],"is_endless":false,"potions_floor_spawned":[1,11,13],"killed_by":"Hexaghost","ascension_level":20}}