{"host":"1poy056mauca3bbh","time":1612730821,"event":{"mods":["Ascension Unlocker","BaseMod","Bestiary","Block Reminder","Colored Map","Colored Powertips","Curses Come First","Highlight Path","Minty Spire (QoL Compilation)","Permanent Neow","Quick Restart","Rare Cards Sparkle","Relic Stats","Smile Girya","StSLib","UnlockEverythingMod"],"gold_per_floor":[115,128,143,143,156,156,176,176,203,213,233,290,58,76,76,76,76],"floor_reached":16,"language":"ENG","playtime":668,"items_purged":[],"score":192,"play_id":"79ce5f83-2a36-4c1e-8948-e4075756207e","local_time":"20210207154701","is_ascension_mode":true,"campfire_choices":[{"floor":6.0,"key":"REST"},{"data":"Gash","floor":8.0,"key":"SMITH"},{"floor":15.0,"key":"REST"}],"circlet_count":0,"master_deck":["AscendersBane","Strike_B","Strike_B","Strike_B","Defend_B","Defend_B","Defend_B","Defend_B","Zap","Dualcast","Gash+1","Rip and Tear","Doom and Gloom","Go for the Eyes","Auto Shields","Reprogram","Loop","Hyperbeam","Loop","Multi-Cast"],"relics":["Sozu","Oddly Smooth Stone","Bag of Preparation"],"acts_visited":["Exordium"],"potions_floor_usage":[],"damage_taken":[{"damage":1.0,"enemies":"Cultist","floor":1.0,"turns":3.0},{"damage":6.0,"enemies":"Small Slimes","floor":2.0,"turns":3.0},{"damage":4.0,"enemies":"2 Louse","floor":3.0,"turns":2.0},{"damage":13.0,"enemies":"Large Slime","floor":5.0,"turns":3.0},{"damage":11.0,"enemies":"2 Fungi Beasts","floor":7.0,"turns":3.0},{"damage":6.0,"enemies":"3 Louse","floor":10.0,"turns":2.0},{"damage":4.0,"enemies":"Looter","floor":11.0,"turns":4.0},{"damage":23.0,"enemies":"Gremlin Nob","floor":12.0,"turns":4.0},{"damage":14.0,"enemies":"Exordium Thugs","floor":14.0,"turns":2.0},{"damage":25,"enemies":"The Guardian","floor":16,"turns":8}],"seed_played":"-7412935976587486076","potions_obtained":[],"is_trial":false,"path_per_floor":["M","M","M","?","M","R","M","R","T","M","M","?","$","M","R","B"],"character_chosen":"DEFECT","items_purchased":["Hyperbeam","Loop"],"campfire_rested":2,"item_purchase_floors":[13,13],"current_hp_per_floor":[63,57,53,53,40,61,50,50,50,44,40,17,17,3,24,0,0],"gold":76,"neow_bonus":"BOSS_RELIC","is_daily":false,"chose_seed":false,"campfire_upgraded":1,"win_rate":0.0,"timestamp":1612730821,"path_taken":["M","M","?","?","?","R","M","R","T","M","?","?","$","M","R","BOSS"],"items_purchased_type":["Card","Card"],"build_version":"2020-12-22","purchased_purges":0,"victory":false,"max_hp_per_floor":[71,71,71,71,71,71,71,71,71,71,71,71,71,71,71,71,71],"relic_stats":{"Sozu":4,"counters":[10,34],"Bag of Preparation":[6],"obtain_stats":[{"Sozu":0,"Oddly Smooth Stone":9,"Bag of Preparation":12,"Cracked Core":0},{"Sozu":0,"Oddly Smooth Stone":5,"Bag of Preparation":7,"Cracked Core":0},{"Sozu":0,"Oddly Smooth Stone":14,"Bag of Preparation":20,"Cracked Core":0}]},"card_choices":[{"not_picked":["Leap","Lockon"],"picked":"Gash","floor":1.0},{"not_picked":["Sweeping Beam","Steam"],"picked":"Rip and Tear","floor":2.0},{"not_picked":["Hello World","Melter"],"picked":"Doom and Gloom","floor":3.0},{"not_picked":["Hologram","Beam Cell","FTL"],"picked":"SKIP","floor":5.0},{"not_picked":["Rebound","Barrage"],"picked":"Go for the Eyes","floor":7.0},{"not_picked":["Rebound","Go for the Eyes"],"picked":"Auto Shields","floor":10.0},{"not_picked":["Aggregate","Turbo"],"picked":"Reprogram","floor":11.0},{"not_picked":["Streamline","Doom and Gloom"],"picked":"Loop","floor":12.0},{"not_picked":["Compile Driver","Hologram"],"picked":"Multi-Cast","floor":14.0}],"player_experience":133043,"relics_obtained":[{"floor":9.0,"key":"Oddly Smooth Stone"}],"event_choices":[{"cards_removed":["Strike_B"],"damage_healed":0.0,"max_hp_gain":0.0,"max_hp_loss":0.0,"gold_gain":0.0,"event_name":"Purifier","player_choice":"Purged","floor":4.0,"gold_loss":0.0,"damage_taken":0.0},{"damage_healed":0.0,"max_hp_gain":0.0,"max_hp_loss":0.0,"gold_gain":0.0,"event_name":"Dead Adventurer","player_choice":"Searched \u00273\u0027 times","floor":12.0,"gold_loss":0.0,"damage_taken":0.0,"relics_obtained":["Bag of Preparation"]}],"is_beta":false,"boss_relics":[],"items_purged_floors":[],"is_endless":false,"potions_floor_spawned":[2,3,10,12],"killed_by":"The Guardian","ascension_level":20}}