{"host":"tzyzz5n7hg2ni9q2","time":1612727935,"event":{"mods":["BaseMod","Minty Spire (QoL Compilation)","Quick Restart"],"gold_per_floor":[26,217,217,227,227,152,182,182,182,182,257,268,268,287,34,34,129,129,143,162,162,262,275,275,290,309,309,309,234,234,252,279,279,375,375,385,403,403,413,263,263,289,302,302,302,322,322,86,99,99,99],"floor_reached":51,"language":"ENG","playtime":2142,"items_purged":["Regret","Defend_G"],"score":956,"play_id":"8d287bd5-2488-480d-8a88-2683dbd8d8cc","local_time":"20210207205855","is_ascension_mode":true,"campfire_choices":[{"floor":7.0,"key":"REST"},{"floor":12.0,"key":"REST"},{"data":"Cloak And Dagger","floor":15.0,"key":"SMITH"},{"floor":23.0,"key":"REST"},{"data":"Bullet Time","floor":29.0,"key":"SMITH"},{"data":"Accuracy","floor":32.0,"key":"SMITH"},{"floor":40.0,"key":"REST"},{"floor":46,"key":"REST"},{"floor":49,"key":"REST"}],"circlet_count":0,"master_deck":["Strike_G+1","Strike_G","Strike_G","Strike_G","Defend_G","Defend_G+1","Defend_G+1","Defend_G","Survivor+1","Neutralize","Dash","Cloak And Dagger+1","Backflip","Bullet Time+1","Backflip+1","Accuracy+1","Blade Dance+1","Dodge and Roll+1","Footwork","Quick Slash"],"relics":["Ring of the Serpent","StrikeDummy","Matryoshka","Juzu Bracelet","Gremlin Horn","War Paint","Kunai","Nloth\u0027s Gift","Lantern","Fusion Hammer","Vajra","Mercury Hourglass","Singing Bowl"],"acts_visited":["Exordium","TheCity","TheBeyond"],"potions_floor_usage":[41,50,50,50],"damage_taken":[{"damage":0.0,"enemies":"2 Louse","floor":1.0,"turns":4.0},{"damage":0.0,"enemies":"Jaw Worm","floor":3.0,"turns":5.0},{"damage":28.0,"enemies":"Lagavulin","floor":6.0,"turns":6.0},{"damage":0.0,"enemies":"Small Slimes","floor":11.0,"turns":2.0},{"damage":0.0,"enemies":"2 Fungi Beasts","floor":13.0,"turns":3.0},{"damage":15.0,"enemies":"Hexaghost","floor":16.0,"turns":16.0},{"damage":12.0,"enemies":"Chosen","floor":18.0,"turns":6.0},{"damage":6.0,"enemies":"Spheric Guardian","floor":19.0,"turns":6.0},{"damage":3.0,"enemies":"Chosen and Byrds","floor":22.0,"turns":8.0},{"damage":0.0,"enemies":"Cultist and Chosen","floor":24.0,"turns":10.0},{"damage":0.0,"enemies":"Snecko","floor":25.0,"turns":7.0},{"damage":3.0,"enemies":"Centurion and Healer","floor":30.0,"turns":7.0},{"damage":1.0,"enemies":"Book of Stabbing","floor":31.0,"turns":6.0},{"damage":25.0,"enemies":"Champ","floor":33.0,"turns":13.0},{"damage":0.0,"enemies":"Orb Walker","floor":35.0,"turns":3.0},{"damage":0.0,"enemies":"3 Shapes","floor":36.0,"turns":3.0},{"damage":3.0,"enemies":"Writhing Mass","floor":38.0,"turns":11.0},{"damage":11,"enemies":"Giant Head","floor":41,"turns":11},{"damage":9,"enemies":"Maw","floor":42,"turns":8},{"damage":22,"enemies":"Transient","floor":45,"turns":5},{"damage":0,"enemies":"4 Shapes","floor":48,"turns":3},{"damage":0,"enemies":"Awakened One","floor":50,"turns":18}],"seed_played":"6698342063475923576","potions_obtained":[{"floor":1.0,"key":"EssenceOfSteel"},{"floor":3.0,"key":"PowerPotion"},{"floor":16.0,"key":"Fire Potion"},{"floor":22.0,"key":"Energy Potion"},{"floor":41,"key":"SkillPotion"},{"floor":48,"key":"ColorlessPotion"}],"is_trial":false,"path_per_floor":["M","?","M","?","$","E","R","T","T","?","M","R","M","$","R","B",null,"M","M","?","?","M","R","M","M","T","?","?","R","M","E","R","B",null,"M","M","?","M","$","R","E","M","T","?","M","R","$","M","R","B",null],"character_chosen":"THE_SILENT","items_purchased":["Kunai","Vajra","Footwork","Quick Slash","Dexterity Potion"],"campfire_rested":6,"item_purchase_floors":[14,39,47,47,47],"current_hp_per_floor":[1,63,49,49,49,49,21,42,42,42,31,31,52,52,52,52,37,62,50,44,31,31,28,50,50,50,50,50,50,50,47,46,46,21,62,62,62,62,59,59,71,60,51,51,51,31,52,52,54,75,75],"gold":99,"neow_bonus":"HUNDRED_GOLD","is_daily":false,"chose_seed":false,"campfire_upgraded":3,"win_rate":0.0,"timestamp":1612727935,"path_taken":["M","?","M","?","$","E","R","?","T","?","M","R","M","$","R","BOSS","M","M","?","?","M","R","M","M","T","?","?","R","M","E","R","BOSS","M","M","?","M","$","R","E","M","T","?","M","R","$","M","R","BOSS"],"items_purchased_type":["Relic","Relic","Card","Card","Potion"],"build_version":"2020-12-22","purchased_purges":2,"victory":true,"max_hp_per_floor":[74,70,70,70,70,70,70,70,70,70,70,70,70,70,70,70,70,70,70,70,75,75,75,75,75,75,75,75,75,75,75,75,75,75,75,75,75,71,71,71,71,71,71,71,71,73,73,73,75,75,75],"card_choices":[{"not_picked":["Dagger Spray","Cloak And Dagger"],"picked":"Dash","floor":1.0},{"not_picked":["Reflex","Prepared"],"picked":"Cloak And Dagger","floor":3.0},{"not_picked":["Acrobatics","Prepared","Glass Knife"],"picked":"SKIP","floor":6.0},{"not_picked":["Bouncing Flask","Crippling Poison"],"picked":"Backflip","floor":11.0},{"not_picked":["Sucker Punch","Bane","PiercingWail"],"picked":"SKIP","floor":13.0},{"not_picked":["Burst","Unload"],"picked":"Bullet Time","floor":16.0},{"not_picked":["Poisoned Stab+1","Backstab"],"picked":"Backflip+1","floor":18.0},{"not_picked":["Sucker Punch","Cloak And Dagger"],"picked":"Accuracy","floor":19.0},{"not_picked":["Finisher","Bane","Dagger Throw"],"picked":"SKIP","floor":22.0},{"not_picked":["Quick Slash","Eviscerate","Prepared"],"picked":"SKIP","floor":24.0},{"not_picked":["Outmaneuver","Prepared+1","Endless Agony+1"],"picked":"SKIP","floor":25.0},{"not_picked":["Flying Knee+1","Prepared+1"],"picked":"Blade Dance","floor":30.0},{"not_picked":["Grand Finale","Dash+1","Eviscerate+1"],"picked":"SKIP","floor":31.0},{"not_picked":["Prepared+1","Distraction","Quick Slash"],"picked":"SKIP","floor":35.0},{"not_picked":["Bouncing Flask","Backflip"],"picked":"Dodge and Roll+1","floor":36.0},{"not_picked":["Eviscerate+1","Riddle With Holes+1","PiercingWail+1"],"picked":"SKIP","floor":38.0},{"not_picked":["Dash+1","Sucker Punch+1","Deflect+1"],"picked":"SKIP","floor":41},{"not_picked":["Bane+1","Dagger Throw+1","Outmaneuver"],"picked":"SKIP","floor":42},{"not_picked":["Blade Dance","Grand Finale","Cloak And Dagger"],"picked":"Singing Bowl","floor":45},{"not_picked":["Deflect+1","Tools of the Trade","Quick Slash"],"picked":"Singing Bowl","floor":48}],"player_experience":305905,"relics_obtained":[{"floor":6.0,"key":"Matryoshka"},{"floor":8.0,"key":"Juzu Bracelet"},{"floor":8.0,"key":"Gremlin Horn"},{"floor":9.0,"key":"War Paint"},{"floor":26.0,"key":"Frozen Egg 2"},{"floor":31.0,"key":"Lantern"},{"floor":41,"key":"Mercury Hourglass"},{"floor":43,"key":"Singing Bowl"}],"event_choices":[{"damage_healed":0.0,"max_hp_gain":0.0,"max_hp_loss":0.0,"gold_gain":0.0,"event_name":"Shining Light","player_choice":"Entered Light","floor":2.0,"gold_loss":0.0,"damage_taken":14.0,"cards_upgraded":["Strike_G","Defend_G"]},{"damage_healed":0.0,"max_hp_gain":0.0,"max_hp_loss":0.0,"gold_gain":0.0,"event_name":"Big Fish","player_choice":"Box","floor":4.0,"gold_loss":0.0,"damage_taken":0.0,"relics_obtained":["StrikeDummy"],"cards_obtained":["Regret"]},{"damage_healed":0.0,"max_hp_gain":0.0,"max_hp_loss":0.0,"gold_gain":75.0,"event_name":"World of Goop","player_choice":"Gather Gold","floor":10.0,"gold_loss":0.0,"damage_taken":11.0},{"damage_healed":0.0,"max_hp_gain":5.0,"max_hp_loss":0.0,"gold_gain":0.0,"event_name":"Forgotten Altar","player_choice":"Shed Blood","floor":20.0,"gold_loss":0.0,"damage_taken":18.0},{"damage_healed":0.0,"max_hp_gain":0.0,"max_hp_loss":0.0,"gold_gain":100.0,"event_name":"Golden Shrine","player_choice":"Pray","floor":21.0,"gold_loss":0.0,"damage_taken":0.0},{"damage_healed":0.0,"max_hp_gain":0.0,"max_hp_loss":0.0,"gold_gain":0.0,"event_name":"N\u0027loth","player_choice":"Traded Relic","floor":27.0,"relics_lost":["Frozen Egg 2"],"gold_loss":0.0,"damage_taken":0.0,"relics_obtained":["Nloth\u0027s Gift"]},{"cards_removed":["Strike_G"],"damage_healed":0.0,"max_hp_gain":0.0,"max_hp_loss":0.0,"gold_gain":0.0,"event_name":"Beggar","player_choice":"Gave Gold","floor":28.0,"gold_loss":75.0,"damage_taken":0.0},{"damage_healed":0.0,"max_hp_gain":0.0,"max_hp_loss":4.0,"gold_gain":0.0,"event_name":"Winding Halls","player_choice":"Max HP","floor":37.0,"gold_loss":0.0,"damage_taken":0.0},{"damage_healed":0,"gold_gain":0,"player_choice":"Upgraded","damage_taken":0,"max_hp_gain":0,"max_hp_loss":0,"event_name":"Upgrade Shrine","floor":44,"gold_loss":0,"cards_upgraded":["Blade Dance"]}],"is_beta":false,"boss_relics":[{"not_picked":["Snecko Eye","Coffee Dripper"],"picked":"Ring of the Serpent"},{"not_picked":["Astrolabe","Calling Bell"],"picked":"Fusion Hammer"}],"items_purged_floors":[5,47],"is_endless":false,"potions_floor_spawned":[1,3,16,22,30,31,33,41,42,45,48],"ascension_level":6}}