{"host":"takgv9cv6xf64vhq","time":1612674814,"event":{"mods":["BaseMod","Colored Powertips","Conspire","Decade(王小明)","Downfall","Energized Spire","Hermit","Hubris","LagranYue(拉格朗・月)","Marisa（F雨　魔理沙）","Minty Spire (QoL Compilation)","Replay The Spire","StSLib","The Cursed","The Hierophant","The Jungle","The Servant 0.9.4","TheHeartMod"],"gold_per_floor":[109,109,125,144,67,67,86,96,96,96,96,96,171,61,61,158,158,174,187,97,107,118,118,143,254,266,313,325,347,376,417,534,546,546],"floor_reached":33,"language":"ZHS","playtime":1430,"items_purged":["Shame"],"score":297,"play_id":"318e1c16-4ef2-40f8-8b36-fc1602d70dd9","local_time":"20210207131334","is_ascension_mode":false,"campfire_choices":[{"data":"Beam Cell","floor":6,"key":"SMITH"},{"data":"Gash","floor":11,"key":"SMITH"},{"data":"Dualcast","floor":15,"key":"SMITH"},{"data":"Go for the Eyes","floor":23,"key":"SMITH"}],"circlet_count":0,"master_deck":["Strike_B+1","Strike_B","Strike_B","Defend_B","Defend_B","Defend_B","Defend_B","Dualcast+1","Beam Cell+1","Cold Snap","Compile Driver","hubris:PowerSurge","Gash+1","hubris:PowerSurge","FTL","Turbo","Go for the Eyes+1","Turbo+1","ReplayTheSpireMod:Dual Polarity+1","Aggregate","Core Surge","conspire:SharedLibrary","Beam Cell","Barrage+1","Cold Snap+1","ReplayTheSpireMod:Splinters","Gash+1","hubris:PowerSurge+1","Undo+1"],"relics":["FrozenCore","Strawberry","Slimebound:PreparedRelic","Ring of Fury","ReplayTheSpireMod:Ring of Sloth","MawBank","Akabeko","Vajra","LagranYue:WskJewelryRelic"],"acts_visited":["Exordium","TheCity"],"potions_floor_usage":[16,16,21,29,31],"damage_taken":[{"damage":0,"enemies":"Small Slimes","floor":1,"turns":3},{"damage":0,"enemies":"Cultist","floor":3,"turns":2},{"damage":5,"enemies":"2 Louse","floor":4,"turns":2},{"damage":2,"enemies":"Blue Slaver","floor":7,"turns":2},{"damage":6,"enemies":"Large Slime","floor":8,"turns":4},{"damage":39,"enemies":"The Guardian","floor":16,"turns":4},{"damage":0,"enemies":"Chosen","floor":18,"turns":4},{"damage":0,"enemies":"Spheric Guardian","floor":19,"turns":4},{"damage":0,"enemies":"3 Cultists","floor":21,"turns":6},{"damage":4,"enemies":"Shelled Parasite and Fungi","floor":22,"turns":7},{"damage":26,"enemies":"Slavers","floor":24,"turns":13},{"damage":9,"enemies":"Book of Stabbing","floor":27,"turns":8},{"damage":0,"enemies":"Centurion and Healer","floor":29,"turns":7},{"damage":3,"enemies":"3 Cultists","floor":30,"turns":7},{"damage":26,"enemies":"Gremlin Leader","floor":31,"turns":6},{"damage":34,"enemies":"Champ","floor":33,"turns":10}],"seed_played":"-5367750774643190963","potions_obtained":[{"floor":3,"key":"champ:CounterPotion"},{"floor":8,"key":"Death Potion"},{"floor":18,"key":"Swift Potion"},{"floor":27,"key":"Strength Potion"},{"floor":30,"key":"AttackPotion"}],"is_trial":false,"path_per_floor":["M","?","M","M","$","R","M","M","T","?","R","?","?","$","R","B",null,"M","M","?","M","M","R","E","?","T","E","?","M","M","E","R","B"],"character_chosen":"DEFECT","items_purchased":["hubris:PowerSurge","FTL"],"campfire_rested":0,"item_purchase_floors":[5,14],"current_hp_per_floor":[82,82,82,77,77,77,75,69,69,69,69,69,58,58,58,19,82,82,82,82,82,78,78,52,52,52,43,43,43,40,14,14,0,0],"gold":546,"neow_bonus":"RANDOM_COMMON_RELIC","is_daily":false,"chose_seed":false,"campfire_upgraded":4,"win_rate":0.0,"timestamp":1612674814,"path_taken":["M","?","M","?","$","R","M","M","T","?","R","?","?","$","R","BOSS","M","M","?","?","M","R","E","?","T","E","?","M","M","E","R","BOSS"],"items_purchased_type":["Card","Card"],"build_version":"2020-12-22","purchased_purges":1,"victory":false,"max_hp_per_floor":[82,82,82,82,82,82,82,82,82,82,82,82,82,82,82,82,82,82,82,82,82,82,82,82,82,82,82,82,82,82,82,82,82,82],"card_choices":[{"not_picked":["Panic Button","Hologram"],"picked":"Beam Cell","floor":1},{"not_picked":["Hello World","Leap"],"picked":"Cold Snap","floor":3},{"not_picked":["Crystallizer","ReplayTheSpireMod:Reroute Power"],"picked":"Compile Driver","floor":4},{"not_picked":["Capacitor","Sweeping Beam"],"picked":"Gash","floor":7},{"not_picked":["Stack","Hologram"],"picked":"hubris:PowerSurge","floor":8},{"not_picked":["Barrage","Steam"],"picked":"Turbo","floor":18},{"not_picked":["ReplayTheSpireMod:Repulse","ReplaySolidLightProjector"],"picked":"Go for the Eyes","floor":19},{"not_picked":["Chaos","Stack+1"],"picked":"Turbo+1","floor":21},{"not_picked":["Reinforced Body","Redo"],"picked":"ReplayTheSpireMod:Dual Polarity+1","floor":22},{"not_picked":["ReplayTheSpireMod:GoodbyeWorld","Loop+1"],"picked":"Aggregate","floor":24},{"not_picked":["Loop","Redo"],"picked":"Core Surge","floor":27},{"not_picked":["Coolheaded","Go for the Eyes"],"picked":"Beam Cell","floor":29},{"not_picked":["Steam Power","Conserve Battery"],"picked":"Barrage+1","floor":30},{"not_picked":["ReplayTheSpireMod:Omega Cannon","Coolheaded"],"picked":"Cold Snap+1","floor":31},{"not_picked":["Beam Cell","Panic Button+1"],"picked":"Gash+1","floor":32},{"not_picked":["Barrage","hubris:SpecializedCircuitry"],"picked":"hubris:PowerSurge+1","floor":32},{"not_picked":["Conserve Battery","Barrage"],"picked":"Undo+1","floor":32}],"player_experience":463732,"relics_obtained":[{"floor":9,"key":"Slimebound:PreparedRelic"},{"floor":12,"key":"Ring of Fury"},{"floor":12,"key":"ReplayTheSpireMod:Ring of Sloth"},{"floor":24,"key":"MawBank"},{"floor":26,"key":"Akabeko"},{"floor":27,"key":"Vajra"},{"floor":31,"key":"LagranYue:WskJewelryRelic"}],"event_choices":[{"cards_removed":["Strike_B"],"damage_healed":0,"gold_gain":0,"player_choice":"Purged","damage_taken":0,"max_hp_gain":0,"max_hp_loss":0,"event_name":"Purifier","floor":2,"gold_loss":0},{"damage_healed":0,"gold_gain":0,"player_choice":"Leave","damage_taken":0,"max_hp_gain":0,"max_hp_loss":0,"event_name":"conspire:Investor","floor":10,"gold_loss":0},{"damage_healed":0,"gold_gain":75,"player_choice":"Gather Gold","damage_taken":11,"max_hp_gain":0,"max_hp_loss":0,"event_name":"World of Goop","floor":13,"gold_loss":0},{"cards_removed":["Zap"],"damage_healed":0,"gold_gain":0,"player_choice":"Upgrade and Remove","damage_taken":0,"max_hp_gain":0,"max_hp_loss":0,"event_name":"Designer","floor":20,"gold_loss":90,"cards_upgraded":["Strike_B"]},{"damage_healed":0,"gold_gain":99,"player_choice":"Stole From Cult","damage_taken":0,"max_hp_gain":0,"max_hp_loss":0,"event_name":"Nest","floor":25,"gold_loss":0}],"is_beta":false,"boss_relics":[{"not_picked":["Sozu","energizedSpire:HugeHouse"],"picked":"FrozenCore"}],"items_purged_floors":[14],"is_endless":false,"potions_floor_spawned":[3,8,18,27,30],"killed_by":"Champ","ascension_level":0}}