{"host":"gj3450u0c4def4mj","time":1612728375,"event":{"mods":["Act Like it!","BaseMod","Gensokyo","Koishi","Minty Spire (QoL Compilation)","StSLib"],"gold_per_floor":[109,72,89,13,13,46,46,56,56,56,56],"floor_reached":10,"language":"ENG","playtime":354,"items_purged":[],"score":140,"play_id":"c6244fe3-90a3-4f24-83c7-7228f927960f","local_time":"20210207150615","is_ascension_mode":true,"campfire_choices":[{"data":"Koishi:Untouchable","floor":7,"key":"SMITH"}],"circlet_count":0,"master_deck":["AscendersBane","Koishi:BasicStrike","Koishi:BasicStrike","Koishi:BasicStrike","Koishi:BasicStrike","Koishi:BasicDefend","Koishi:BasicDefend","Koishi:BasicDefend","Koishi:BasicDefend","Koishi:Provoke","Koishi:HauntingSlash","Koishi:DanmakuParanoia","Koishi:Untouchable+1","Koishi:JumpScare","Koishi:Whimsy","Gensokyo:CrescentMoonSlash","Koishi:VengefulSpirit"],"relics":["Koishi:ImaginaryFriend","NeowsBlessing","Meat on the Bone","Koishi:BloodstainedWhiteRose"],"acts_visited":["Gensokyo:Gensokyo"],"potions_floor_usage":[10,10],"damage_taken":[{"damage":0,"enemies":"Gensokyo:2_Kodama","floor":1,"turns":1},{"damage":0,"enemies":"Gensokyo:Gryphon","floor":3,"turns":1},{"damage":0,"enemies":"Gensokyo:Cirno","floor":6,"turns":2},{"damage":0,"enemies":"Gensokyo:Python","floor":8,"turns":5},{"damage":52,"enemies":"Gensokyo:Aya","floor":10,"turns":9}],"seed_played":"-1928794044717512034","potions_obtained":[{"floor":1,"key":"BlessingOfTheForge"},{"floor":6,"key":"LiquidMemories"}],"is_trial":false,"path_per_floor":["M","$","M","$","?","E","R","M","T","E"],"character_chosen":"KOISHI","items_purchased":["Koishi:Untouchable","Koishi:Whimsy"],"campfire_rested":0,"item_purchase_floors":[2,4],"current_hp_per_floor":[54,54,54,54,45,45,45,49,49,0,0],"gold":56,"neow_bonus":"THREE_ENEMY_KILL","is_daily":false,"chose_seed":false,"campfire_upgraded":1,"win_rate":0.0,"timestamp":1612728375,"path_taken":["M","$","M","$","?","E","R","M","T","E"],"items_purchased_type":["Card","Card"],"build_version":"2020-12-22","purchased_purges":0,"victory":false,"max_hp_per_floor":[60,60,60,60,60,60,60,60,60,60,60],"card_choices":[{"not_picked":["Koishi:FleetingPhantom","Koishi:DreadfulBlow"],"picked":"Koishi:DanmakuParanoia","floor":1},{"not_picked":["Koishi:FleetingPhantom","Koishi:HeartfeltFancy"],"picked":"Koishi:JumpScare","floor":3},{"not_picked":["Koishi:Heartbroken","Koishi:PhilosophyOfTheDespised"],"picked":"Koishi:VengefulSpirit","floor":6},{"not_picked":["Koishi:ReflexRadar","Koishi:GhostParty","Koishi:EmbryosDream"],"picked":"SKIP","floor":8}],"player_experience":105158,"relics_obtained":[{"floor":6,"key":"Meat on the Bone"},{"floor":9,"key":"Koishi:BloodstainedWhiteRose"}],"event_choices":[],"is_beta":false,"boss_relics":[],"items_purged_floors":[],"is_endless":false,"potions_floor_spawned":[1,6],"killed_by":"Gensokyo:Aya","ascension_level":12}}