{"host":"04hh9gplt9wkfmr1","time":1612710460,"event":{"mods":["AchievementEnabler","BaseMod","Colored Map","KOR Keyword Fix","Minty Spire (QoL Compilation)","Rare Cards Sparkle","SuperFastMode"],"gold_per_floor":[11,27,46,121,121,151,151,177,204,217,217,233,233,244,244,349,399,410,41,52,151,163,163,178,204,227,241,156,156,156,174,174,273,273,284,284,334,83,137,137,151,151,178,178,192,192,203,217,217,217],"floor_reached":51,"language":"KOR","playtime":1887,"items_purged":["Strike_P"],"score":729,"play_id":"5a3fce94-ffde-43a4-8140-500ce12d49cb","local_time":"20210208000740","is_ascension_mode":false,"campfire_choices":[{"data":"Eruption","floor":7.0,"key":"SMITH"},{"floor":13.0,"key":"REST"},{"data":"LikeWater","floor":15.0,"key":"SMITH"},{"data":"Ragnarok","floor":23.0,"key":"SMITH"},{"floor":29.0,"key":"REST"},{"data":"Metamorphosis","floor":32.0,"key":"SMITH"},{"floor":40.0,"key":"REST"},{"data":"DeusExMachina","floor":44.0,"key":"SMITH"},{"floor":46.0,"key":"REST"},{"floor":49.0,"key":"REST"}],"circlet_count":0,"master_deck":["Strike_P","Strike_P","Defend_P","Eruption+1","Vigilance","FlurryOfBlows","ClearTheMind","Adaptation","LikeWater+1","EmptyFist","EmptyBody","WreathOfFlame","Ragnarok+1","Perseverance","Indignation+1","Crescendo","Ragnarok+1","Metamorphosis+1","Indignation+1","Perseverance+1","FlurryOfBlows+1","Halt","FollowUp+1","Tantrum","DeusExMachina+1","CurseOfTheBell","Halt+1","DeusExMachina","Panache","FollowUp+1","Tantrum+1","ClearTheMind"],"relics":["PureWater","Pen Nib","Tiny Chest","Strawberry","Tiny House","Bag of Preparation","Lantern","Ancient Tea Set","GoldenEye","Calling Bell","Potion Belt","White Beast Statue","StoneCalendar","Unceasing Top","Centennial Puzzle","MealTicket"],"acts_visited":["Exordium","TheCity","TheCity","TheBeyond"],"potions_floor_usage":[50,50,50,50],"damage_taken":[{"damage":0.0,"enemies":"Cultist","floor":1.0,"turns":2.0},{"damage":5.0,"enemies":"Jaw Worm","floor":2.0,"turns":4.0},{"damage":1.0,"enemies":"2 Louse","floor":3.0,"turns":2.0},{"damage":18.0,"enemies":"Gremlin Nob","floor":6.0,"turns":3.0},{"damage":5.0,"enemies":"Lagavulin","floor":8.0,"turns":5.0},{"damage":4.0,"enemies":"Blue Slaver","floor":10.0,"turns":3.0},{"damage":0.0,"enemies":"Exordium Wildlife","floor":12.0,"turns":1.0},{"damage":10.0,"enemies":"Looter","floor":14.0,"turns":2.0},{"damage":52.0,"enemies":"The Guardian","floor":16.0,"turns":17.0},{"damage":6.0,"enemies":"3 Byrds","floor":18.0,"turns":3.0},{"damage":2.0,"enemies":"Shell Parasite","floor":20.0,"turns":2.0},{"damage":7.0,"enemies":"Snecko","floor":22.0,"turns":3.0},{"damage":8.0,"enemies":"Shelled Parasite and Fungi","floor":24.0,"turns":3.0},{"damage":21.0,"enemies":"Slavers","floor":25.0,"turns":6.0},{"damage":16.0,"enemies":"Snake Plant","floor":27.0,"turns":3.0},{"damage":10.0,"enemies":"Centurion and Healer","floor":31.0,"turns":3.0},{"damage":0.0,"enemies":"Collector","floor":33.0,"turns":2.0},{"damage":5.0,"enemies":"3 Darklings","floor":35.0,"turns":4.0},{"damage":52.0,"enemies":"Mind Bloom Boss Battle","floor":37.0,"turns":6.0},{"damage":0.0,"enemies":"Orb Walker","floor":41.0,"turns":2.0},{"damage":0.0,"enemies":"Writhing Mass","floor":45.0,"turns":2.0},{"damage":38.0,"enemies":"4 Shapes","floor":47.0,"turns":3.0},{"damage":3.0,"enemies":"Transient","floor":48.0,"turns":5.0},{"damage":18,"enemies":"Awakened One","floor":50,"turns":7}],"seed_played":"-3526601392702505657","potions_obtained":[{"floor":2.0,"key":"LiquidBronze"},{"floor":8.0,"key":"FairyPotion"},{"floor":10.0,"key":"Fire Potion"},{"floor":12.0,"key":"Dexterity Potion"},{"floor":16.0,"key":"Block Potion"},{"floor":17.0,"key":"Strength Potion"},{"floor":18.0,"key":"AttackPotion"},{"floor":20.0,"key":"StancePotion"},{"floor":25.0,"key":"SpeedPotion"},{"floor":35.0,"key":"SpeedPotion"},{"floor":37.0,"key":"ColorlessPotion"},{"floor":41.0,"key":"GamblersBrew"},{"floor":45.0,"key":"BlessingOfTheForge"},{"floor":47.0,"key":"LiquidMemories"},{"floor":48.0,"key":"GamblersBrew"}],"is_trial":false,"path_per_floor":["M","M","M","?","$","E","R","E","T","M","?","M","R","M","R","B",null,"M","$","M","?","M","R","M","E","T","M","?","R","T","M","R","B",null,"M","?","?","$","T","R","M","?","T","R","M","R","M","M","R","B",null],"character_chosen":"WATCHER","items_purchased":["Crescendo","Ragnarok","Metamorphosis","Panache"],"campfire_rested":5,"item_purchase_floors":[19,19,19,38],"current_hp_per_floor":[72,67,66,55,55,37,37,32,39,35,28,28,51,41,41,15,84,78,78,76,76,69,69,61,40,40,24,24,49,49,39,39,39,84,79,79,27,27,27,52,52,52,52,52,52,77,39,36,61,43],"gold":217,"neow_bonus":"REMOVE_TWO","is_daily":false,"chose_seed":false,"campfire_upgraded":5,"win_rate":0.0,"timestamp":1612710460,"path_taken":["M","M","M","?","?","E","R","E","T","M","?","M","R","M","R","BOSS","M","$","M","?","M","R","M","E","T","M","?","R","?","?","R","BOSS","M","?","?","$","?","R","M","?","T","R","?","R","M","M","R","BOSS"],"items_purchased_type":["Card","Card","Card","Card"],"build_version":"2020-12-22","purchased_purges":1,"victory":true,"max_hp_per_floor":[72,72,72,72,72,72,72,72,79,79,79,79,79,79,79,79,84,84,84,84,84,84,84,84,84,84,84,84,84,84,84,84,84,84,84,84,84,84,84,84,84,84,84,84,84,84,84,84,84,84],"card_choices":[{"not_picked":["Crescendo","Vengeance"],"picked":"FlurryOfBlows","floor":1.0},{"not_picked":["SashWhip","BowlingBash","FlyingSleeves"],"picked":"SKIP","floor":2.0},{"not_picked":["FlyingSleeves","Protect"],"picked":"ClearTheMind","floor":3.0},{"not_picked":["Swivel","EmptyFist"],"picked":"Adaptation","floor":6.0},{"not_picked":["TalkToTheHand","Establishment"],"picked":"LikeWater","floor":8.0},{"not_picked":["Prostrate","SashWhip"],"picked":"EmptyFist","floor":10.0},{"not_picked":["SashWhip","ThirdEye"],"picked":"EmptyBody","floor":12.0},{"not_picked":["Prostrate","CrushJoints"],"picked":"WreathOfFlame","floor":14.0},{"not_picked":["Blasphemy","Scrawl"],"picked":"Ragnarok","floor":16.0},{"not_picked":["ThirdEye","FlyingSleeves"],"picked":"Perseverance","floor":17.0},{"not_picked":["Swivel+1","JustLucky"],"picked":"Indignation+1","floor":18.0},{"not_picked":["Protect","Tantrum"],"picked":"Indignation+1","floor":20.0},{"not_picked":["WheelKick","BowlingBash"],"picked":"Perseverance+1","floor":22.0},{"not_picked":["SashWhip","WaveOfTheHand"],"picked":"FlurryOfBlows+1","floor":24.0},{"not_picked":["PathToVictory+1","WaveOfTheHand"],"picked":"Halt","floor":25.0},{"not_picked":["Blasphemy","ThirdEye"],"picked":"FollowUp+1","floor":27.0},{"not_picked":["Protect","ThirdEye"],"picked":"Tantrum","floor":31.0},{"not_picked":["Establishment","MasterReality"],"picked":"DeusExMachina","floor":33.0},{"not_picked":["WheelKick","CutThroughFate"],"picked":"Halt+1","floor":35.0},{"not_picked":["FlyingSleeves","Vengeance"],"picked":"DeusExMachina","floor":37.0},{"not_picked":["Crescendo","EmptyBody"],"picked":"FollowUp+1","floor":41.0},{"not_picked":["Nirvana","ThirdEye+1"],"picked":"Tantrum+1","floor":45.0},{"not_picked":["JustLucky","EmptyFist+1","SashWhip"],"picked":"SKIP","floor":47.0},{"not_picked":["Blasphemy","Pray+1"],"picked":"ClearTheMind","floor":48.0}],"player_experience":135984,"relics_obtained":[{"floor":6.0,"key":"Pen Nib"},{"floor":8.0,"key":"Tiny Chest"},{"floor":9.0,"key":"Strawberry"},{"floor":25.0,"key":"Bag of Preparation"},{"floor":26.0,"key":"Lantern"},{"floor":30.0,"key":"GoldenEye"},{"floor":34.0,"key":"Potion Belt"},{"floor":34.0,"key":"White Beast Statue"},{"floor":34.0,"key":"StoneCalendar"},{"floor":37.0,"key":"Unceasing Top"},{"floor":39.0,"key":"Centennial Puzzle"},{"floor":43.0,"key":"MealTicket"}],"event_choices":[{"damage_healed":0.0,"max_hp_gain":0.0,"max_hp_loss":0.0,"gold_gain":75.0,"event_name":"World of Goop","player_choice":"Gather Gold","floor":4.0,"gold_loss":0.0,"damage_taken":11.0},{"cards_removed":["Defend_P"],"damage_healed":0.0,"max_hp_gain":0.0,"max_hp_loss":0.0,"gold_gain":0.0,"event_name":"Golden Wing","player_choice":"Card Removal","floor":11.0,"gold_loss":0.0,"damage_taken":7.0},{"damage_healed":0.0,"max_hp_gain":0.0,"max_hp_loss":0.0,"gold_gain":99.0,"event_name":"Nest","player_choice":"Stole From Cult","floor":21.0,"gold_loss":0.0,"damage_taken":0.0},{"damage_healed":0.0,"max_hp_gain":0.0,"max_hp_loss":0.0,"gold_gain":0.0,"event_name":"Addict","player_choice":"Obtained Relic","floor":28.0,"gold_loss":85.0,"damage_taken":0.0,"relics_obtained":["Ancient Tea Set"]},{"damage_healed":0.0,"max_hp_gain":0.0,"max_hp_loss":0.0,"gold_gain":0.0,"event_name":"Tomb of Lord Red Mask","player_choice":"Ignored","floor":36.0,"gold_loss":0.0,"damage_taken":0.0},{"damage_healed":0.0,"max_hp_gain":0.0,"max_hp_loss":0.0,"gold_gain":0.0,"event_name":"MindBloom","player_choice":"Fight","floor":37.0,"gold_loss":0.0,"damage_taken":0.0},{"cards_removed":["Strike_P"],"damage_healed":0.0,"max_hp_gain":0.0,"max_hp_loss":0.0,"gold_gain":0.0,"event_name":"Bonfire Elementals","player_choice":"Offered Basic","floor":42.0,"gold_loss":0.0,"damage_taken":0.0}],"is_beta":false,"boss_relics":[{"not_picked":["Empty Cage","Runic Dome"],"picked":"Tiny House"},{"not_picked":["Black Star","Pandora\u0027s Box"],"picked":"Calling Bell"}],"items_purged_floors":[38],"is_endless":false,"potions_floor_spawned":[2,8,10,12,16,18,20,25,35,37,41,45,47,48],"ascension_level":0}}