{"host":"zwezhz46a5cjkxff","time":1612671250,"event":{"mods":["AchievementEnabler","BaseMod","Colored Map","Colored Powertips","DeckTracker","Minty Spire (QoL Compilation)","Permanent Neow","Quick Restart","Rare Cards Sparkle","Relic Stats","StSLib","SuperFastMode"],"gold_per_floor":[113,113,38,54,66,101,101,134,160,172,172,172],"floor_reached":11,"language":"ENG","playtime":319,"items_purged":["Defend_G"],"score":91,"play_id":"31cb21bc-3f7f-4b18-b31c-bc5af71cd04d","local_time":"20210206221410","is_ascension_mode":true,"campfire_choices":[{"floor":7,"key":"RECALL"}],"circlet_count":0,"master_deck":["Strike_G","Strike_G","Strike_G","Strike_G","Defend_G","Defend_G","Defend_G","Survivor","Neutralize","Choke","Venomology","Caltrops","PiercingWail","Finisher","Well Laid Plans","Accuracy"],"relics":["Ring of the Snake","Centennial Puzzle","Omamori"],"acts_visited":["Exordium"],"potions_floor_usage":[5,6,6,6,6,8,10,11,11],"damage_taken":[{"damage":7,"enemies":"Jaw Worm","floor":1,"turns":4},{"damage":0,"enemies":"Cultist","floor":4,"turns":3},{"damage":1,"enemies":"2 Louse","floor":5,"turns":2},{"damage":6,"enemies":"3 Sentries","floor":6,"turns":6},{"damage":19,"enemies":"Gremlin Nob","floor":8,"turns":4},{"damage":0,"enemies":"2 Fungi Beasts","floor":10,"turns":2},{"damage":22,"enemies":"3 Sentries","floor":11,"turns":4}],"seed_played":"180437283134593835","potions_obtained":[{"floor":1,"key":"SkillPotion"},{"floor":4,"key":"Dexterity Potion"},{"floor":10,"key":"FearPotion"}],"is_trial":false,"path_per_floor":["M","?","$","M","M","E","R","E","T","M","E"],"character_chosen":"THE_SILENT","items_purchased":[],"campfire_rested":0,"item_purchase_floors":[],"current_hp_per_floor":[42,42,42,42,41,35,35,16,16,16,0,0],"gold":172,"neow_bonus":"TRANSFORM_TWO_CARDS","is_daily":false,"chose_seed":false,"campfire_upgraded":0,"win_rate":0.0,"timestamp":1612671250,"path_taken":["M","?","$","M","?","E","R","E","T","M","E"],"items_purchased_type":[],"build_version":"2020-12-22","purchased_purges":1,"victory":false,"max_hp_per_floor":[70,70,70,70,70,70,70,70,70,70,70,70],"relic_stats":{"Centennial Puzzle":[6],"counters":[7,25],"obtain_stats":[{"Centennial Puzzle":6,"Omamori":8,"Ring of the Snake":0},{"Centennial Puzzle":4,"Omamori":5,"Ring of the Snake":0},{"Centennial Puzzle":15,"Omamori":19,"Ring of the Snake":0}],"Ring of the Snake":[14]},"card_choices":[{"not_picked":["Backflip","Dagger Spray"],"picked":"Caltrops","floor":1},{"not_picked":["Finisher","Quick Slash"],"picked":"PiercingWail","floor":4},{"not_picked":["Deadly Poison","Slice","Flechettes"],"picked":"SKIP","floor":5},{"not_picked":["Quick Slash","Dash"],"picked":"Finisher","floor":6},{"not_picked":["Tactician","Catalyst"],"picked":"Well Laid Plans","floor":8},{"not_picked":["Expertise","Cloak And Dagger"],"picked":"Accuracy","floor":10}],"player_experience":78693,"relics_obtained":[{"floor":6,"key":"Centennial Puzzle"},{"floor":8,"key":"Omamori"}],"event_choices":[{"damage_healed":0,"gold_gain":0,"player_choice":"Bought 0 Potions","damage_taken":0,"max_hp_gain":0,"max_hp_loss":0,"event_name":"The Woman in Blue","floor":2,"gold_loss":0}],"is_beta":false,"boss_relics":[],"items_purged_floors":[3],"is_endless":false,"potions_floor_spawned":[1,4,10],"killed_by":"3 Sentries","ascension_level":2}}