{"host":"2ty4h143nj8vwezc","time":1612675627,"event":{"mods":["BaseMod","Colored Map","Googly Eyes","Highlight Path","Minty Spire (QoL Compilation)","Quick Restart","StSLib"],"gold_per_floor":[112,112,37,37,37,75,75,108,180,204,228,56,56,70,70,70,70],"floor_reached":16,"language":"ENG","playtime":461,"items_purged":["Injury"],"score":316,"play_id":"de843f65-f433-480b-be8f-8066b962ab66","local_time":"20210207002707","is_ascension_mode":true,"campfire_choices":[{"data":"1","floor":7,"key":"LIFT"},{"floor":13,"key":"RECALL"},{"data":"2","floor":15,"key":"LIFT"}],"circlet_count":0,"master_deck":["AscendersBane","Strike_G","Strike_G","Strike_G","Strike_G","Strike_G","Defend_G","Defend_G","Defend_G","Defend_G","Defend_G","Survivor","Neutralize","Bullet Time","Deflect","Escape Plan","Footwork"],"relics":["Ring of the Snake","NeowsBlessing","Golden Idol","Girya","Pen Nib","MealTicket"],"acts_visited":["Exordium"],"potions_floor_usage":[16,16],"damage_taken":[{"damage":0,"enemies":"Jaw Worm","floor":1,"turns":1},{"damage":0,"enemies":"3 Sentries","floor":6,"turns":1},{"damage":0,"enemies":"Lagavulin","floor":8,"turns":1},{"damage":0,"enemies":"2 Louse","floor":10,"turns":3},{"damage":0,"enemies":"Cultist","floor":11,"turns":3},{"damage":0,"enemies":"Red Slaver","floor":14,"turns":4},{"damage":64,"enemies":"Slime Boss","floor":16,"turns":11}],"seed_played":"1156194772773609874","potions_obtained":[{"floor":6,"key":"GamblersBrew"},{"floor":10,"key":"ColorlessPotion"},{"floor":14,"key":"BlessingOfTheForge"}],"is_trial":false,"path_per_floor":["M","?","$","?","?","E","R","E","T","M","M","$","R","M","R","B"],"character_chosen":"THE_SILENT","items_purchased":["MealTicket"],"campfire_rested":0,"item_purchase_floors":[12],"current_hp_per_floor":[59,59,59,59,59,59,59,59,59,59,59,59,59,59,59,0,0],"gold":70,"neow_bonus":"THREE_ENEMY_KILL","is_daily":false,"chose_seed":false,"campfire_upgraded":0,"win_rate":0.0,"timestamp":1612675627,"path_taken":["M","?","$","?","?","E","R","E","T","M","M","$","R","M","R","BOSS"],"items_purchased_type":["Relic"],"build_version":"2020-12-22","purchased_purges":1,"victory":false,"max_hp_per_floor":[66,66,66,66,66,66,66,66,66,66,66,66,66,66,66,66,66],"card_choices":[{"not_picked":["Slice","Dagger Spray","Reflex"],"picked":"SKIP","floor":1},{"not_picked":["Crippling Poison","Tools of the Trade"],"picked":"Bullet Time","floor":6},{"not_picked":["Deflect","Masterful Stab","Distraction"],"picked":"SKIP","floor":8},{"not_picked":["Masterful Stab","Distraction"],"picked":"Deflect","floor":8},{"not_picked":["Calculated Gamble","Distraction"],"picked":"Escape Plan","floor":10},{"not_picked":["Underhanded Strike","Bane"],"picked":"Footwork","floor":11},{"not_picked":["Noxious Fumes","Acrobatics","Slice"],"picked":"SKIP","floor":14}],"player_experience":363270,"relics_obtained":[{"floor":6,"key":"Girya"},{"floor":8,"key":"Pen Nib"}],"event_choices":[{"damage_healed":0,"gold_gain":0,"player_choice":"Take Wound","damage_taken":0,"relics_obtained":["Golden Idol"],"max_hp_gain":0,"max_hp_loss":0,"event_name":"Golden Idol","floor":2,"gold_loss":0,"cards_obtained":["Injury"]},{"damage_healed":0,"gold_gain":0,"player_choice":"Ignored","damage_taken":0,"max_hp_gain":0,"max_hp_loss":0,"event_name":"Shining Light","floor":4,"gold_loss":0},{"damage_healed":0,"gold_gain":0,"player_choice":"Leave","damage_taken":0,"max_hp_gain":0,"max_hp_loss":0,"event_name":"The Cleric","floor":5,"gold_loss":0}],"is_beta":false,"boss_relics":[],"items_purged_floors":[3],"is_endless":false,"potions_floor_spawned":[6,10,14],"killed_by":"Slime Boss","ascension_level":20}}