{"host":"iyj530209nkhhjuz","time":1612662602,"event":{"mods":["AchievementEnabler","BaseMod","Better Match","Better Note","Better Third Choice","BetterRewards","Colored Map","Colored Powertips","Dark Map","Fox Events","Highlight Path","Minty Spire (QoL Compilation)","Permanent Neow","Random Character Button","Rare Cards Sparkle","Relic Stats","StSLib","Waifu the Spire"],"gold_per_floor":[113,35,35,54,31,31,10,36,36,65,99,201,26,26,26,98,175,192,192,205,205,205,236,236,246,323,336,336,354,366,6,6,83,160,171,189,189,189,114,141,141,8,85,85,110,127,157,166,166,166,166,166,3,38,38],"floor_reached":56,"language":"ENG","playtime":4194,"items_purged":["Strike_R","Defend_R","Bash","Strike_R","Strike_R","Doubt"],"score":2358,"play_id":"b2c8f5bc-7f39-4518-8b38-bd934ceb4028","local_time":"20210207025002","is_ascension_mode":true,"campfire_choices":[{"floor":6.0,"key":"REST"},{"data":"Whirlwind","floor":15.0,"key":"SMITH"},{"data":"Rampage","floor":24.0,"key":"SMITH"},{"data":"Metallicize","floor":28.0,"key":"SMITH"},{"data":"Dark Embrace","floor":32.0,"key":"SMITH"},{"data":"Offering","floor":41.0,"key":"SMITH"},{"data":"Metallicize","floor":44.0,"key":"SMITH"},{"floor":49.0,"key":"RECALL"},{"data":"Sentinel","floor":52.0,"key":"SMITH"}],"circlet_count":0,"master_deck":["AscendersBane","Strike_R+1","Defend_R","Defend_R","Defend_R","Whirlwind+1","Pommel Strike","Rampage+1","Shrug It Off","Metallicize+1","Clash+1","Double Tap","Seek+1","Dark Embrace+1","Second Wind","Burning Pact","Bandage Up","Feel No Pain","Fire Breathing","Offering+1","Sentinel+1","Battle Trance","Metallicize+1"],"relics":["Burning Blood","Pantograph","Juzu Bracelet","Vajra","Regal Pillow","betterThird:SlimedRelic","Lantern","Sundial","foxEvents:LuckyCharm","Strawberry","FaceOfCleric","Mark of Pain","PreservedInsect","The Courier","Bag of Preparation","Runic Pyramid","Pen Nib","Membership Card","Torii","Boot","CeramicFish","Chemical X","Whetstone"],"acts_visited":["Exordium","TheCity","TheBeyond","TheEnding"],"potions_floor_usage":[55],"damage_taken":[{"damage":10.0,"enemies":"Small Slimes","floor":1.0,"turns":3.0},{"damage":0.0,"enemies":"Jaw Worm","floor":4.0,"turns":3.0},{"damage":16.0,"enemies":"Lagavulin","floor":8.0,"turns":10.0},{"damage":4.0,"enemies":"Colosseum Slavers","floor":10.0,"turns":2.0},{"damage":12.0,"enemies":"3 Sentries","floor":11.0,"turns":6.0},{"damage":31.0,"enemies":"Hexaghost","floor":16.0,"turns":13.0},{"damage":19.0,"enemies":"2 Thieves","floor":18.0,"turns":4.0},{"damage":7.0,"enemies":"Chosen","floor":20.0,"turns":6.0},{"damage":16.0,"enemies":"Book of Stabbing","floor":23.0,"turns":7.0},{"damage":17.0,"enemies":"Snake Plant","floor":25.0,"turns":4.0},{"damage":0.0,"enemies":"Sentry and Sphere","floor":27.0,"turns":3.0},{"damage":5.0,"enemies":"Snecko","floor":29.0,"turns":5.0},{"damage":26.0,"enemies":"Snake Plant","floor":30.0,"turns":4.0},{"damage":41.0,"enemies":"Collector","floor":33.0,"turns":7.0},{"damage":6.0,"enemies":"3 Shapes","floor":35.0,"turns":3.0},{"damage":11.0,"enemies":"Orb Walker","floor":36.0,"turns":3.0},{"damage":6.0,"enemies":"Giant Head","floor":40.0,"turns":5.0},{"damage":43.0,"enemies":"Nemesis","floor":45.0,"turns":3.0},{"damage":43.0,"enemies":"4 Shapes","floor":46.0,"turns":2.0},{"damage":7.0,"enemies":"Giant Head","floor":47.0,"turns":4.0},{"damage":27.0,"enemies":"Awakened One","floor":50.0,"turns":8.0},{"damage":7.0,"enemies":"Shield and Spear","floor":54.0,"turns":2.0},{"damage":64,"enemies":"The Heart","floor":55,"turns":6}],"seed_played":"919362092910705582","potions_obtained":[{"floor":16.0,"key":"FearPotion"},{"floor":20.0,"key":"SkillPotion"},{"floor":23.0,"key":"EssenceOfSteel"},{"floor":27.0,"key":"Strength Potion"},{"floor":29.0,"key":"HeartOfIron"},{"floor":54.0,"key":"PowerPotion"}],"is_trial":false,"path_per_floor":["M","$","?","M","$","R","?","E","T","?","E","T","$","?","R","B",null,"M","?","M","?","?","E","R","M","T","M","R","M","M","$","R","B",null,"M","M","?","?","?","E","R","$","T","R","E","M","E","?","R","B",null,"R","$","E","B",null],"character_chosen":"IRONCLAD","items_purchased":["Regen Potion","Pantograph","True Grit","Juzu Bracelet","Vajra","Fruit Juice","Whirlwind","Regal Pillow","Weak Potion","Rampage","Shrug It Off","FairyPotion","Bag of Preparation","Bandage Up","Feel No Pain","Fire Breathing","Membership Card","Metallicize","Chemical X"],"campfire_rested":1,"item_purchase_floors":[0,0,0,0,0,0,0,0,0,2,5,31,31,31,31,31,42,42,53],"current_hp_per_floor":[41,41,41,47,47,85,74,64,64,66,67,67,67,67,67,68,87,87,87,87,78,78,69,69,59,59,66,66,68,49,49,49,44,87,92,92,92,82,82,87,87,87,87,87,55,19,23,107,107,91,104,104,104,108,56],"gold":38,"neow_bonus":"","is_daily":false,"chose_seed":false,"campfire_upgraded":7,"win_rate":0.0,"timestamp":1612662602,"path_taken":["M","$","?","M","?","R","?","E","T","?","E","?","$","?","R","BOSS","M","?","M","?","?","E","R","M","T","M","R","M","M","$","R","BOSS","M","M","?","?","?","E","R","?","T","R","E","M","E","?","R","BOSS","R","$","E","BOSS"],"items_purchased_type":["Potion","Relic","Card","Relic","Relic","Potion","Card","Relic","Potion","Card","Card","Potion","Relic","Card","Card","Card","Relic","Card","Relic"],"build_version":"2020-12-22","purchased_purges":6,"victory":true,"max_hp_per_floor":[85,85,85,85,85,85,85,85,85,85,92,92,92,92,92,93,93,94,94,95,95,95,96,96,97,97,98,98,99,100,100,100,101,101,102,103,103,103,103,104,104,104,104,104,105,106,107,107,107,108,108,108,108,109,110],"relic_stats":{"Regal Pillow":28,"Torii":33,"counters":[144,706],"CeramicFish":162,"PreservedInsect":1559,"Pen Nib":[6],"Juzu Bracelet":4,"Bag of Preparation":[48],"Whetstone":["Strike_R","Bash","Searing Blow","Strike_R","Clash"],"Boot":[0],"Burning Blood":795,"FaceOfCleric":18,"Sundial":[48],"Pantograph":51,"Chemical X":[6],"obtain_stats":[{"Mark of the Bloom":45,"Calipers":0,"Tiny House":17,"CeramicFish":10,"Vajra":0,"Ginger":46,"Whetstone":0,"Boot":45,"Lizard Tail":0,"Centennial Puzzle":6,"HornCleat":19,"FaceOfCleric":14,"DollysMirror":0,"Sundial":42,"Strawberry":31,"Prayer Wheel":8,"Fusion Hammer":34,"HandDrill":0,"Toxic Egg 2":0,"Pear":0,"Happy Flower":54,"Dead Branch":0,"Blue Candle":31,"Astrolabe":17,"Oddly Smooth Stone":0,"Charon\u0027s Ashes":12,"Pen Nib":54,"Letter Opener":21,"War Paint":48,"Question Card":0,"Akabeko":27,"SlaversCollar":0,"OrangePellets":36,"Bottled Flame":43,"Bronze Scales":0,"Bird Faced Urn":34,"Mark of Pain":34,"foxEvents:LuckyCharm":14,"StrikeDummy":43,"Unceasing Top":43,"Pocketwatch":7,"Darkstone Periapt":25,"Lantern":0,"Regal Pillow":0,"Singing Bowl":0,"Torii":38,"SacredBark":17,"Magic Flower":23,"StoneCalendar":40,"Bag of Preparation":6,"Juzu Bracelet":48,"Ancient Tea Set":14,"Smiling Mask":24,"Burning Blood":0,"SsserpentHead":28,"Nunchaku":45,"Dream Catcher":12,"Pantograph":0,"Red Mask":0,"Chemical X":53,"Red Skull":34,"InkBottle":6,"Runic Pyramid":0,"Golden Idol":0,"Self Forming Clay":10,"Thread and Needle":9,"The Courier":0,"PreservedInsect":26,"Orichalcum":0,"Frozen Egg 2":0,"MawBank":45,"Medical Kit":53,"White Beast Statue":9,"Mercury Hourglass":22,"Calling Bell":34,"Anchor":53,"CaptainsWheel":36,"Ornamental Fan":23,"betterThird:SlimedRelic":2,"Orrery":0,"Turnip":41,"Art of War":0,"Bag of Marbles":54,"Bottled Lightning":41,"Membership Card":39,"Toy Ornithopter":12,"FossilizedHelix":47},{"Mark of the Bloom":116,"Calipers":0,"Tiny House":44,"CeramicFish":100,"Vajra":95,"Ginger":2,"Whetstone":61,"Boot":139,"Lizard Tail":95,"Centennial Puzzle":98,"HornCleat":17,"FaceOfCleric":126,"DollysMirror":0,"Sundial":55,"Strawberry":50,"Prayer Wheel":39,"Fusion Hammer":81,"HandDrill":61,"Toxic Egg 2":0,"Pear":7,"Happy Flower":6,"Dead Branch":7,"Blue Candle":80,"Astrolabe":104,"Oddly Smooth Stone":33,"Charon\u0027s Ashes":70,"Pen Nib":94,"Letter Opener":46,"War Paint":92,"Question Card":0,"Akabeko":22,"SlaversCollar":0,"OrangePellets":25,"Bottled Flame":55,"Bronze Scales":0,"Bird Faced Urn":24,"Mark of Pain":111,"foxEvents:LuckyCharm":43,"StrikeDummy":28,"Unceasing Top":115,"Pocketwatch":10,"Darkstone Periapt":21,"Lantern":0,"Regal Pillow":0,"Singing Bowl":33,"Torii":53,"SacredBark":16,"Magic Flower":77,"StoneCalendar":54,"Bag of Preparation":38,"Juzu Bracelet":58,"Ancient Tea Set":15,"Smiling Mask":77,"Burning Blood":0,"SsserpentHead":49,"Nunchaku":29,"Dream Catcher":102,"Pantograph":121,"Red Mask":0,"Chemical X":142,"Red Skull":24,"InkBottle":66,"Runic Pyramid":0,"Golden Idol":0,"Self Forming Clay":12,"Thread and Needle":39,"The Courier":0,"PreservedInsect":109,"Orichalcum":0,"Frozen Egg 2":61,"MawBank":1,"Medical Kit":93,"White Beast Statue":11,"Mercury Hourglass":19,"Calling Bell":24,"Anchor":93,"CaptainsWheel":113,"Ornamental Fan":20,"betterThird:SlimedRelic":96,"Orrery":61,"Turnip":114,"Art of War":0,"Bag of Marbles":32,"Bottled Lightning":28,"Membership Card":113,"Toy Ornithopter":14,"FossilizedHelix":117},{"Mark of the Bloom":573,"Calipers":0,"Tiny House":204,"CeramicFish":488,"Vajra":474,"Ginger":13,"Whetstone":295,"Boot":684,"Lizard Tail":474,"Centennial Puzzle":483,"HornCleat":93,"FaceOfCleric":617,"DollysMirror":0,"Sundial":259,"Strawberry":233,"Prayer Wheel":182,"Fusion Hammer":394,"HandDrill":295,"Toxic Egg 2":0,"Pear":52,"Happy Flower":44,"Dead Branch":52,"Blue Candle":385,"Astrolabe":510,"Oddly Smooth Stone":157,"Charon\u0027s Ashes":333,"Pen Nib":461,"Letter Opener":214,"War Paint":448,"Question Card":0,"Akabeko":110,"SlaversCollar":0,"OrangePellets":123,"Bottled Flame":259,"Bronze Scales":0,"Bird Faced Urn":122,"Mark of Pain":550,"foxEvents:LuckyCharm":195,"StrikeDummy":132,"Unceasing Top":565,"Pocketwatch":64,"Darkstone Periapt":106,"Lantern":0,"Regal Pillow":0,"Singing Bowl":157,"Torii":250,"SacredBark":88,"Magic Flower":367,"StoneCalendar":255,"Bag of Preparation":178,"Juzu Bracelet":274,"Ancient Tea Set":81,"Smiling Mask":367,"Burning Blood":0,"SsserpentHead":227,"Nunchaku":136,"Dream Catcher":495,"Pantograph":593,"Red Mask":0,"Chemical X":698,"Red Skull":122,"InkBottle":312,"Runic Pyramid":0,"Golden Idol":0,"Self Forming Clay":71,"Thread and Needle":182,"The Courier":0,"PreservedInsect":538,"Orichalcum":0,"Frozen Egg 2":295,"MawBank":7,"Medical Kit":455,"White Beast Statue":66,"Mercury Hourglass":99,"Calling Bell":122,"Anchor":455,"CaptainsWheel":557,"Ornamental Fan":105,"betterThird:SlimedRelic":477,"Orrery":295,"Turnip":562,"Art of War":0,"Bag of Marbles":151,"Bottled Lightning":132,"Membership Card":557,"Toy Ornithopter":78,"FossilizedHelix":577}]},"card_choices":[{"not_picked":["Heavy Blade","Disarm"],"picked":"Pommel Strike","floor":1.0},{"not_picked":["Carnage","Havoc","Anger"],"picked":"SKIP","floor":4.0},{"not_picked":["Bloodletting","Pommel Strike"],"picked":"Metallicize","floor":8.0},{"not_picked":["Havoc","Dual Wield"],"picked":"Clash","floor":11.0},{"not_picked":["Corruption","Exhume"],"picked":"Double Tap","floor":16.0},{"not_picked":["Heavy Blade","Sword Boomerang","Clash+1"],"picked":"SKIP","floor":18.0},{"not_picked":["Combust","Dual Wield"],"picked":"Dark Embrace","floor":20.0},{"not_picked":["Warcry","Armaments","Cleave"],"picked":"SKIP","floor":23.0},{"not_picked":["Heavy Blade","Spot Weakness"],"picked":"Second Wind","floor":25.0},{"not_picked":["Perfected Strike","Thunderclap","Carnage"],"picked":"SKIP","floor":27.0},{"not_picked":["Blood for Blood","Dual Wield","Wild Strike"],"picked":"SKIP","floor":29.0},{"not_picked":["Inflame","Feed"],"picked":"Burning Pact","floor":30.0},{"not_picked":["Feed","Immolate"],"picked":"Offering","floor":33.0},{"not_picked":["Inflame","Second Wind","Hemokinesis"],"picked":"SKIP","floor":35.0},{"not_picked":["Sword Boomerang+1","Iron Wave+1"],"picked":"Sentinel","floor":36.0},{"not_picked":["Hemokinesis","Entrench"],"picked":"Battle Trance","floor":39.0},{"not_picked":["Cleave","Iron Wave","Impervious"],"picked":"SKIP","floor":40.0},{"not_picked":["Pommel Strike","Searing Blow","Sword Boomerang"],"picked":"SKIP","floor":45.0},{"not_picked":["Anger","Headbutt","Cleave"],"picked":"SKIP","floor":46.0},{"not_picked":["Warcry","Headbutt","Cleave"],"picked":"SKIP","floor":47.0},{"not_picked":["Pommel Strike","Bludgeon","Flame Barrier"],"picked":"SKIP","floor":54.0}],"player_experience":501108,"relics_obtained":[{"floor":8.0,"key":"Lantern"},{"floor":9.0,"key":"Sundial"},{"floor":10.0,"key":"foxEvents:LuckyCharm"},{"floor":11.0,"key":"Strawberry"},{"floor":23.0,"key":"PreservedInsect"},{"floor":26.0,"key":"The Courier"},{"floor":40.0,"key":"Pen Nib"},{"floor":43.0,"key":"Torii"},{"floor":45.0,"key":"Boot"},{"floor":47.0,"key":"CeramicFish"},{"floor":54.0,"key":"Whetstone"}],"event_choices":[{"damage_healed":0.0,"max_hp_gain":0.0,"max_hp_loss":0.0,"gold_gain":0.0,"event_name":"Living Wall","player_choice":"Grow","floor":3.0,"gold_loss":0.0,"damage_taken":0.0,"cards_upgraded":["True Grit"]},{"damage_healed":0.0,"max_hp_gain":0.0,"max_hp_loss":0.0,"gold_gain":0.0,"event_name":"betterThird:BetterGoop","player_choice":"Slimed","floor":7.0,"gold_loss":21.0,"damage_taken":11.0},{"damage_healed":0.0,"max_hp_gain":0.0,"max_hp_loss":0.0,"gold_gain":0.0,"event_name":"FaceTrader","player_choice":"Trade","floor":14.0,"gold_loss":0.0,"damage_taken":0.0,"relics_obtained":["FaceOfCleric"]},{"cards_removed":["Seek"],"damage_healed":0.0,"max_hp_gain":0.0,"max_hp_loss":0.0,"gold_gain":0.0,"event_name":"betterNote:BetterNote","player_choice":"Take \u0026 Give","floor":19.0,"gold_loss":0.0,"damage_taken":0.0,"cards_obtained":["Seek"]},{"damage_healed":0.0,"max_hp_gain":0.0,"max_hp_loss":0.0,"gold_gain":0.0,"event_name":"Wheel of Change","player_choice":"Damaged","floor":21.0,"gold_loss":0.0,"damage_taken":9.0},{"cards_removed":["Strike_R"],"damage_healed":0.0,"max_hp_gain":0.0,"max_hp_loss":0.0,"gold_gain":0.0,"event_name":"betterThird:BetterWriting","player_choice":"Elegance","floor":22.0,"gold_loss":0.0,"damage_taken":0.0},{"cards_removed":["True Grit"],"damage_healed":0.0,"max_hp_gain":0.0,"max_hp_loss":0.0,"gold_gain":0.0,"event_name":"Falling","player_choice":"Removed Skill","floor":37.0,"gold_loss":0.0,"damage_taken":0.0},{"damage_healed":0.0,"max_hp_gain":0.0,"max_hp_loss":0.0,"gold_gain":0.0,"event_name":"Wheel of Change","player_choice":"Damaged","floor":38.0,"gold_loss":0.0,"damage_taken":10.0},{"damage_healed":0.0,"max_hp_gain":0.0,"max_hp_loss":0.0,"gold_gain":0.0,"event_name":"betterMatch:BetterMatch","player_choice":"1","floor":39.0,"gold_loss":0.0,"damage_taken":0.0,"cards_obtained":["betterMatch:CommonCard","betterMatch:UncommonCard","betterMatch:UncommonCard"]},{"damage_healed":84.0,"max_hp_gain":0.0,"max_hp_loss":0.0,"gold_gain":0.0,"event_name":"MindBloom","player_choice":"Heal","floor":48.0,"gold_loss":0.0,"damage_taken":0.0,"cards_obtained":["Doubt"]}],"is_beta":false,"boss_relics":[{"not_picked":["Cursed Key","Coffee Dripper"],"picked":"Mark of Pain"},{"not_picked":["Velvet Choker","Snecko Eye"],"picked":"Runic Pyramid"}],"items_purged_floors":[0,0,0,0,13,53],"is_endless":false,"potions_floor_spawned":[1,11,16,20,23,27,29,30,33,36,45,54],"ascension_level":13}}