{"host":"36qke0usa4c48kdx","time":1612727618,"event":{"mods":["AchievementEnabler","BaseMod","Colored Map","Downfall","Hermit","Marisa????????","Minty Spire (QoL Compilation)","READ ME - Guardian Mod","Replay The Spire","StSLib","The Bug Knight","The Cursed","The Disciple","The Jungle","The Servant 0.9.4"],"gold_per_floor":[115,290,290,304,319,345,345,345,345,345,345],"floor_reached":10,"language":"ENG","playtime":387,"items_purged":[],"score":76,"play_id":"1594d767-e252-4916-ab66-c0e50628c1f7","local_time":"20210207205338","is_ascension_mode":true,"campfire_choices":[],"circlet_count":0,"master_deck":["Strike_S","Strike_S","Strike_S","Strike_S","Defend_S","Defend_S","Defend_S","Defend_S","KidneyShot","Exchange","BottledTime","Doubt","ShatteredReality","Ricochet","SilverBlades","Injury"],"relics":["Uniform","NeowsBlessing","PaperSwan","Golden Idol"],"acts_visited":["Exordium"],"potions_floor_usage":[10],"damage_taken":[{"damage":0,"enemies":"Jaw Worm","floor":1,"turns":1},{"damage":0,"enemies":"Cultist","floor":4,"turns":1},{"damage":5,"enemies":"Small Slimes","floor":5,"turns":2},{"damage":39,"enemies":"Replay:BlueRogue","floor":6,"turns":7},{"damage":33,"enemies":"Gremlin Nob","floor":10,"turns":4}],"seed_played":"3374533135668619677","potions_obtained":[{"floor":5,"key":"Elixir"}],"is_trial":false,"path_per_floor":["M","?","?","M","M","E","?","PTL","PTL","E"],"character_chosen":"THE_SERVANT","items_purchased":[],"campfire_rested":0,"item_purchase_floors":[],"current_hp_per_floor":[65,65,65,65,60,21,21,21,21,0,0],"gold":345,"neow_bonus":"THREE_ENEMY_KILL","is_daily":false,"chose_seed":false,"campfire_upgraded":0,"win_rate":0.0,"timestamp":1612727618,"path_taken":["M","?","?","M","?","E","?","PTL","PTL","E"],"items_purchased_type":[],"build_version":"2020-12-22","purchased_purges":0,"victory":false,"max_hp_per_floor":[65,65,65,65,65,65,65,65,65,65,65],"card_choices":[{"not_picked":["Revamp","Shuttle"],"picked":"BottledTime","floor":1},{"not_picked":["TimeWarp","Manipulate"],"picked":"ShatteredReality","floor":4},{"not_picked":["Foresight","Collapse"],"picked":"Ricochet","floor":5},{"not_picked":["Defy","Deadline"],"picked":"SilverBlades","floor":6}],"player_experience":743930,"relics_obtained":[{"floor":6,"key":"PaperSwan"}],"event_choices":[{"damage_healed":0,"gold_gain":175,"player_choice":"AGREE","damage_taken":0,"max_hp_gain":0,"max_hp_loss":0,"event_name":"Liars Game","floor":2,"gold_loss":0,"cards_obtained":["Doubt"]},{"damage_healed":0,"gold_gain":0,"player_choice":"Full Heal","damage_taken":0,"max_hp_gain":0,"max_hp_loss":0,"event_name":"Wheel of Change","floor":3,"gold_loss":0},{"damage_healed":0,"gold_gain":0,"player_choice":"Take Wound","damage_taken":0,"relics_obtained":["Golden Idol"],"max_hp_gain":0,"max_hp_loss":0,"event_name":"Golden Idol","floor":7,"gold_loss":0,"cards_obtained":["Injury"]}],"is_beta":false,"boss_relics":[],"items_purged_floors":[],"is_endless":false,"potions_floor_spawned":[5],"killed_by":"Gremlin Nob","ascension_level":3}}