{"host":"0luxfixkkfk9wck3","time":1612729528,"event":{"mods":["BaseMod","DeckTracker","Downfall","Highlight Path","Minty Spire (QoL Compilation)","StSLib"],"gold_per_floor":[99,99,99,99,99,99,122,122,32,32,52,68,68,86,101,199,199,199,211,227,243,257,257,257,257,357,357,37,37,53,63,113,217,217,217,230,214,228,1227,1227,1227,285,285,285,70,70,70,70,85,85],"floor_reached":51,"language":"ENG","playtime":7592,"items_purged":["Pain","sneckomod:Defend","sneckomod:Defend","Normality","Normality"],"score":957,"play_id":"d0776f5e-5495-43da-9c40-9ec5e4905a59","local_time":"20210207142528","is_ascension_mode":true,"campfire_choices":[{"data":"sneckomod:TailWhip","floor":1,"key":"SMITH"},{"floor":23,"key":"REST"}],"circlet_count":0,"master_deck":["sneckomod:TailWhip+1","sneckomod:SnekBite+1","sneckomod:Unknown","sneckomod:WideSting","sneckomod:TailWhip+1","Feel No Pain","sneckomod:UnknownCommonAttack+1","sneckomod:MixItUp","sneckomod:UnknownCommonAttack","Battle Trance","sneckomod:QuickBite","sneckomod:SlitherStrike","Corpse Explosion","sneckomod:UnknownClassGREEN","Malaise","sneckomod:UnknownStrength","Envenom","sneckomod:UnknownClassPURPLE+1","sneckomod:TrashToTreasure+1","Bludgeon","sneckomod:UnendingSupply","expansioncontent:QuickStudy","Evolve+1","sneckomod:SlitherStrike","expansioncontent:AwakenDeath","ConjureBlade","Parasite","sneckomod:UnknownBlock+1"],"relics":["sneckomod:SneckoSoul","downfall:HeartsMalice","Lantern","Fusion Hammer","Letter Opener","TungstenRod","Pear","Toy Ornithopter","SlaversCollar","Whetstone","Happy Flower","Lizard Tail","CaptainsWheel","Bottled Flame"],"acts_visited":["Exordium","TheCity","TheBeyond"],"potions_floor_usage":[12,12,12,14,16,30,30,30,49,50,50,50],"damage_taken":[{"damage":0,"enemies":"2 Louse","floor":2,"turns":1},{"damage":0,"enemies":"Cultist","floor":4,"turns":1},{"damage":0,"enemies":"Jaw Worm","floor":5,"turns":1},{"damage":5,"enemies":"downfall:FleeingMerchant","floor":9,"turns":4},{"damage":22,"enemies":"Exordium Thugs","floor":11,"turns":4},{"damage":4,"enemies":"Blue Slaver","floor":12,"turns":3},{"damage":0,"enemies":"Gremlin Gang","floor":14,"turns":1},{"damage":0,"enemies":"Blue Slaver","floor":15,"turns":2},{"damage":47,"enemies":"DF_ARCHETYPE_STREAMLINE","floor":16,"turns":10},{"damage":0,"enemies":"3 Byrds","floor":19,"turns":2},{"damage":17,"enemies":"Snake Plant","floor":20,"turns":3},{"damage":3,"enemies":"Sentry and Sphere","floor":21,"turns":3},{"damage":11,"enemies":"Shelled Parasite and Fungi","floor":22,"turns":3},{"damage":8,"enemies":"SI_SHIV_ARCHETYPE","floor":26,"turns":5},{"damage":2,"enemies":"downfall:FleeingMerchant","floor":28,"turns":4},{"damage":29,"enemies":"Chosen and Byrds","floor":30,"turns":6},{"damage":12,"enemies":"Centurion and Healer","floor":31,"turns":4},{"damage":0,"enemies":"Snecko","floor":32,"turns":3},{"damage":21,"enemies":"IC_MUSHROOM_ARCHETYPE","floor":33,"turns":8},{"damage":19,"enemies":"3 Shapes","floor":36,"turns":5},{"damage":6,"enemies":"downfall:FleeingMerchant","floor":37,"turns":5},{"damage":0,"enemies":"Orb Walker","floor":38,"turns":2},{"damage":22,"enemies":"Writhing Mass","floor":49,"turns":6},{"damage":33,"enemies":"SI_POISON_ARCHETYPE","floor":50,"turns":11}],"seed_played":"-834155830132724092","potions_obtained":[{"floor":11,"key":"EntropicBrew"},{"floor":12,"key":"DuplicationPotion"},{"floor":15,"key":"Guardian:BlockOnCardUsePotion"},{"floor":22,"key":"SmokeBomb"},{"floor":49,"key":"sneckomod:CheatPotion"}],"is_trial":false,"path_per_floor":["R","M","?","M","M","?","T","R","$","?","M","M","R","M","M","B",null,"R","M","M","M","M","R","T","?","?","R","$","R","M","M","M","B",null,"R","M","$","M","?","?","T","$","R","?","$","?","R","T","M","B",null],"character_chosen":"THE_SNECKO","items_purchased":["Toy Ornithopter","Explosive Potion","sneckomod:UnendingSupply","Whetstone","Lizard Tail","CaptainsWheel","expansioncontent:QuickStudy","sneckomod:SlitherStrike"],"campfire_rested":1,"item_purchase_floors":[28,28,37,37,42,42,42,45],"current_hp_per_floor":[81,81,81,81,81,81,81,81,76,76,54,60,60,60,60,13,78,78,78,61,58,47,77,77,100,102,102,100,100,86,74,74,53,96,96,77,71,71,71,71,71,71,71,71,71,71,71,71,59,46],"gold":85,"neow_bonus":"THREE_ENEMY_KILL","is_daily":false,"chose_seed":false,"campfire_upgraded":1,"win_rate":0.0,"timestamp":1612729528,"path_taken":["R","M","?","?","?","?","T","R","?","?","M","M","R","M","M","BOSS","R","M","?","M","M","R","T","?","?","R","$","R","M","M","M","BOSS","R","M","$","M","?","?","T","$","R","?","$","?","R","?","M","BOSS"],"items_purchased_type":["Relic","Potion","Card","Relic","Relic","Relic","Card","Card"],"build_version":"2020-12-22","purchased_purges":5,"victory":true,"max_hp_per_floor":[90,90,90,90,90,90,90,90,90,90,90,100,100,100,100,100,100,100,100,100,100,100,100,100,100,110,110,110,110,110,110,110,110,110,110,110,110,110,110,110,110,110,110,110,110,110,110,110,115,120],"card_choices":[{"not_picked":["sneckomod:DiceCrush","sneckomod:QuickBite"],"picked":"sneckomod:UnknownDraw","floor":2},{"not_picked":["sneckomod:UnknownCommonSkill","sneckomod:DiceCrush"],"picked":"sneckomod:UnknownX","floor":4},{"not_picked":["sneckomod:UnknownDraw","sneckomod:DiceCrush"],"picked":"sneckomod:WideSting","floor":5},{"not_picked":["sneckomod:Transmogrify","sneckomod:SoulCleanse"],"picked":"sneckomod:UnknownCommonAttack","floor":9},{"not_picked":["sneckomod:Nope","sneckomod:UnknownBlock"],"picked":"sneckomod:Unknown2Cost","floor":11},{"not_picked":["sneckomod:Rotation","sneckomod:DiceBlock"],"picked":"sneckomod:UnknownCommonAttack","floor":12},{"not_picked":["sneckomod:CheapStock","sneckomod:Nope"],"picked":"sneckomod:QuickBite","floor":14},{"not_picked":["sneckomod:QuickMove","sneckomod:Unknown1Cost"],"picked":"sneckomod:SlitherStrike","floor":15},{"not_picked":["sneckomod:Restock","sneckomod:UnknownBoss"],"picked":"sneckomod:UnknownRarePower","floor":16},{"not_picked":["sneckomod:SoulDraw","sneckomod:DiceCrush"],"picked":"sneckomod:Unknown1Cost+1","floor":19},{"not_picked":["sneckomod:CheapStock+1","sneckomod:WideSting"],"picked":"sneckomod:UnknownClassGREEN","floor":20},{"not_picked":["sneckomod:CheapStock","sneckomod:SoulDraw","sneckomod:ImprovisedAttack"],"picked":"SKIP","floor":21},{"not_picked":["sneckomod:UnknownClassRED","sneckomod:UnknownCommonSkill"],"picked":"sneckomod:UnknownRareSkill","floor":22},{"not_picked":["sneckomod:UnknownDraw","sneckomod:UnknownExhaust"],"picked":"sneckomod:UnknownStrength","floor":28},{"not_picked":["sneckomod:Rotation","sneckomod:UnknownCommonAttack"],"picked":"sneckomod:UnknownClassPURPLE+1","floor":30},{"not_picked":["sneckomod:IronFang","sneckomod:SoulDraw"],"picked":"sneckomod:TrashToTreasure+1","floor":31},{"not_picked":["sneckomod:UnknownColorless","sneckomod:SoulDraw"],"picked":"sneckomod:UnknownClassRED+1","floor":32},{"not_picked":["sneckomod:Restock","sneckomod:Mudshield"],"picked":"sneckomod:UnknownRareAttack","floor":33},{"not_picked":["sneckomod:Unknown2Cost","sneckomod:SnekBeam+1","sneckomod:UnknownCommonAttack+1"],"picked":"SKIP","floor":36},{"not_picked":["sneckomod:MasterEye+1","sneckomod:TrashToTreasure","sneckomod:Unknown0Cost"],"picked":"SKIP","floor":37},{"not_picked":["sneckomod:DiceBoulder","sneckomod:UnknownUncommonAttack+1","sneckomod:DiceCrush"],"picked":"SKIP","floor":38},{"not_picked":["expansioncontent:InvincibleStrength","expansioncontent:GuardianWhirl"],"picked":"expansioncontent:AwakenDeath","floor":46},{"not_picked":["sneckomod:UnknownUncommonSkill","sneckomod:TrashToTreasure"],"picked":"sneckomod:UnknownBlock+1","floor":49}],"player_experience":11605856,"relics_obtained":[{"floor":7,"key":"Lantern"},{"floor":24,"key":"Letter Opener"},{"floor":26,"key":"TungstenRod"},{"floor":26,"key":"Pear"},{"floor":41,"key":"Happy Flower"},{"floor":48,"key":"Bottled Flame"}],"event_choices":[{"damage_healed":33,"gold_gain":0,"player_choice":"Heal","damage_taken":0,"max_hp_gain":0,"max_hp_loss":0,"event_name":"The Library","floor":25,"gold_loss":0},{"cards_removed":["sneckomod:Unknown1Cost"],"damage_healed":0,"gold_gain":0,"player_choice":"Removed Skill","damage_taken":0,"max_hp_gain":0,"max_hp_loss":0,"event_name":"Falling","floor":40,"gold_loss":0}],"is_beta":false,"boss_relics":[{"not_picked":["sneckomod:SneckoBoss","bronze:MakeshiftBattery"],"picked":"Fusion Hammer"},{"not_picked":["Runic Dome","Pandora\u0027s Box"],"picked":"SlaversCollar"}],"items_purged_floors":[9,28,37,42,45],"is_endless":false,"potions_floor_spawned":[11,12,15,22,31,32,33,36,38,49],"ascension_level":9}}