{"host":"18ybagvpjbhxblmx","time":1612730199,"event":{"mods":["BaseMod","BetterRewards","Colored Map","Conspire","Friendly Minions","Hermit","Hubris","Infinite Spire","Koishi","Marisa????????","Minty Spire (QoL Compilation)","Quick Restart","Replay The Spire","StSLib","The Administrix","The Cursed","The Runesmith","The Servant 0.9.4"],"gold_per_floor":[110,10,20,20,36,36,70,70,97,110,145,163,183,209,209,314,314,329,329,346,66,66,66,77,77,77,77,109,109,142,154,154,258,258,271,121,140,158,158,158,171,198,198,198,233,248,73,73,73,73],"floor_reached":51,"language":"ENG","playtime":7075,"items_purged":["Runesmith:Strike_RS","Runesmith:Strike_RS","Runesmith:Strike_RS","Runesmith:Strike_RS","Runesmith:Defend_RS","Runesmith:Defend_RS"],"score":1055,"play_id":"46afcd17-dc50-4286-bd80-491a91293fb2","local_time":"20210207213639","is_ascension_mode":true,"campfire_choices":[{"floor":6.0,"key":"REST"},{"data":"Runesmith:FrozenChisel","floor":8.0,"key":"SMITH"},{"floor":15.0,"key":"REST"},{"data":"Runesmith:Grindstone","floor":23.0,"key":"SMITH"},{"data":"Runesmith:Fortify","floor":25.0,"key":"SMITH"},{"data":"Runesmith:ChaoticBlast","floor":27.0,"key":"SMITH"},{"data":"Runesmith:BackupBattery","floor":32,"key":"SMITH"},{"data":"Survey Options","floor":40,"key":"SMITH"},{"data":"conspire:Banana","floor":49,"key":"SMITH"}],"circlet_count":0,"master_deck":["Runesmith:Defend_RS","Runesmith:Defend_RS+1","Runesmith:CraftFirestone","Runesmith:Fortify+1","Runesmith:FrozenChisel+1","infinitespire:FutureSight","Runesmith:ChaoticBlast+1","Runesmith:BackupBattery+1","Runesmith:Terraform","Runesmith:DuctTape","Runesmith:Grindstone+1","Runesmith:Terraform","Runesmith:BackupBattery+1","Survey Options+1","conspire:Banana+1"],"relics":["Runesmith:BrokenRuby","Chemical X","conspire:GlowingRock","hubris:Potato","Runesmith:AutoHammer","Pen Nib","Iron Hammer","Gremlin Food","Philosopher\u0027s Stone","PreservedInsect","conspire:TreasureMap","Kunai","hubris:BottledHeart","Gremlin Horn","SacredBark","Runesmith:EmergencyProvisions","infinitespire:Bottled Soul","Runic Pyramid","BargainBundle","Prayer Wheel"],"acts_visited":["Exordium","TheCity","TheBeyond"],"potions_floor_usage":[33,50],"damage_taken":[{"damage":0.0,"enemies":"Small Slimes","floor":1.0,"turns":4.0},{"damage":0.0,"enemies":"Cultist","floor":3.0,"turns":4.0},{"damage":0.0,"enemies":"Jaw Worm","floor":5.0,"turns":4.0},{"damage":16.0,"enemies":"Lagavulin","floor":7.0,"turns":7.0},{"damage":8.0,"enemies":"Exordium Thugs","floor":10.0,"turns":7.0},{"damage":3.0,"enemies":"conspire:MimicChest","floor":11.0,"turns":6.0},{"damage":0.0,"enemies":"2 Fungi Beasts","floor":12.0,"turns":2.0},{"damage":0.0,"enemies":"Exordium Wildlife","floor":13.0,"turns":2.0},{"damage":10.0,"enemies":"Gremlin Nob","floor":14.0,"turns":4.0},{"damage":0.0,"enemies":"Slime Boss","floor":16.0,"turns":7.0},{"damage":7.0,"enemies":"2 Thieves","floor":18.0,"turns":5.0},{"damage":4.0,"enemies":"Shell Parasite","floor":20.0,"turns":4.0},{"damage":0.0,"enemies":"3 Cultists","floor":24.0,"turns":4.0},{"damage":10,"enemies":"Gremlin Leader","floor":28,"turns":5},{"damage":0,"enemies":"conspire:SneckoGhost","floor":30,"turns":10},{"damage":0,"enemies":"Shelled Parasite and Fungi","floor":31,"turns":6},{"damage":0,"enemies":"Champ","floor":33,"turns":10},{"damage":0,"enemies":"Orb Walker","floor":35,"turns":7},{"damage":0,"enemies":"3 Darklings","floor":37,"turns":3},{"damage":0,"enemies":"Spire Growth","floor":38,"turns":6},{"damage":0,"enemies":"4 Shapes","floor":41,"turns":5},{"damage":0,"enemies":"Giant Head","floor":42,"turns":8},{"damage":0,"enemies":"R_Hoarder","floor":45,"turns":7},{"damage":0,"enemies":"Maw","floor":46,"turns":5},{"damage":0,"enemies":"Awakened One","floor":50,"turns":8}],"seed_played":"-3793251298350573029","potions_obtained":[{"floor":1.0,"key":"ColorlessPotion"},{"floor":5.0,"key":"Elixir"},{"floor":7.0,"key":"DuplicationPotion"},{"floor":16.0,"key":"Toxic Potion"},{"floor":18.0,"key":"FearPotion"},{"floor":30,"key":"Ancient Potion"},{"floor":31,"key":"Block Potion"},{"floor":38,"key":"Energy Potion"}],"is_trial":false,"path_per_floor":["M","$","M","?","M","R","E","R","T","M","?","M","M","E","R","B",null,"M","?","M","$","$","R","M","R","T","R","E","?","E","M","R","B",null,"M","$","M","M","?","R","M","E","T","AVR","E","M","$","?","R","B",null],"character_chosen":"RUNESMITH_CLASS","items_purchased":["Chemical X","conspire:TreasureMap"],"campfire_rested":2,"item_purchase_floors":[0,21],"current_hp_per_floor":[38,38,38,21,21,42,26,26,26,18,15,15,15,5,26,26,70,63,63,59,59,59,59,59,59,59,59,49,1,1,1,1,1,1,1,1,1,1,1,1,1,1,1,1,1,1,1,1,1,1],"gold":73,"neow_bonus":"","is_daily":false,"chose_seed":false,"campfire_upgraded":7,"win_rate":0.0,"timestamp":1612730199,"path_taken":["M","$","M","?","M","R","E","R","T","M","?","M","M","E","R","BOSS","M","?","M","?","$","R","M","R","T","R","E","?","E","M","R","BOSS","M","$","M","M","?","R","M","E","T","AVR","E","M","?","?","R","BOSS"],"items_purchased_type":["Relic","Relic"],"build_version":"2020-12-22","purchased_purges":6,"victory":true,"max_hp_per_floor":[70,70,70,70,70,70,70,70,70,70,70,70,70,70,70,70,70,70,70,70,70,70,70,70,70,70,70,70,1,1,1,1,1,1,1,1,1,1,1,1,1,1,1,1,1,1,1,1,1,1],"card_choices":[{"not_picked":["Runesmith:Retool","Runesmith:MakeshiftArmor"],"picked":"Runesmith:FrozenChisel","floor":1.0},{"not_picked":["Runesmith:CraftMagma","Runesmith:CraftReservo","Runesmith:CraftVitae"],"picked":"SKIP","floor":3.0},{"not_picked":["infinitespire:UltimateForm","ReplayTheSpireMod:Echoes of Time"],"picked":"infinitespire:FutureSight","floor":4.0},{"not_picked":["Runesmith:ChiselStab","Runesmith:HeatedChisel","Runesmith:Electrocute"],"picked":"SKIP","floor":5.0},{"not_picked":["Runesmith:MakeshiftArmor","Runesmith:CraftReservo","Runesmith:CraftMagma"],"picked":"SKIP","floor":7.0},{"not_picked":["Runesmith:Retool","Runesmith:ShiftingStrike"],"picked":"Runesmith:ChaoticBlast","floor":10.0},{"not_picked":["Runesmith:UnstableHammer","Runesmith:EnergizedChisel"],"picked":"Runesmith:BackupBattery","floor":11.0},{"not_picked":["Runesmith:ChiselStab","Runesmith:FieryHammer"],"picked":"Runesmith:Terraform","floor":12.0},{"not_picked":["Runesmith:CraftVitae","Runesmith:Reinforce","Runesmith:Grindstone"],"picked":"SKIP","floor":13.0},{"not_picked":["Runesmith:EnergizedChisel","Runesmith:ChaoticBlast","Runesmith:RuneHurl"],"picked":"SKIP","floor":14.0},{"not_picked":["Runesmith:UnlimitedPower","Runesmith:CraftIndustria"],"picked":"Runesmith:DuctTape","floor":16.0},{"not_picked":["Runesmith:CraftMagma+1","Runesmith:ChiselStab"],"picked":"Runesmith:Grindstone","floor":18.0},{"not_picked":["Runesmith:Overpower","Runesmith:HammerThrow","Runesmith:MakeshiftArmor+1"],"picked":"SKIP","floor":20.0},{"not_picked":["Runesmith:PerfectChisel","Runesmith:MakeshiftArmor","Runesmith:Overpower"],"picked":"SKIP","floor":24.0},{"not_picked":["Runesmith:LightningRod","Runesmith:HeatedChisel"],"picked":"Runesmith:Terraform","floor":28},{"not_picked":["Runesmith:ArcReactor","Runesmith:Overpower","Runesmith:CraftSpiculum"],"picked":"SKIP","floor":30},{"not_picked":["Runesmith:Permafrost","Runesmith:PerfectChisel+1","Runesmith:ChiselStab"],"picked":"SKIP","floor":31},{"not_picked":["Runesmith:ChargedHammer+1","Runesmith:CraftMagma","Runesmith:HammerTime+1"],"picked":"SKIP","floor":35},{"not_picked":["Runesmith:Accelerate","Runesmith:Repurpose+1","Runesmith:NegativeSpace+1"],"picked":"SKIP","floor":37},{"not_picked":["Runesmith:CraftProtectio","Runesmith:ChargedHammer"],"picked":"Runesmith:BackupBattery+1","floor":38},{"not_picked":["Runesmith:HammerAndChisel+1","Runesmith:HammerThrow","Runesmith:Repurpose+1"],"picked":"SKIP","floor":41},{"not_picked":["Runesmith:NanitesCloud","Runesmith:HammerThrow+1","Runesmith:LightningRod"],"picked":"SKIP","floor":42},{"not_picked":["Runesmith:EarthShield","Runesmith:CraftIncendium+1","Runesmith:CraftProtectio+1"],"picked":"SKIP","floor":45},{"not_picked":["Runesmith:HeatExchange","Runesmith:Prism","Runesmith:CraftMagma+1"],"picked":"SKIP","floor":46},{"not_picked":["Runesmith:EnergizedChisel+1","Runesmith:RuneHurl","Runesmith:UnstableHammer+1"],"picked":"SKIP","floor":46},{"not_picked":["Blind","Replay:Bootleg Shield Generator"],"picked":"conspire:Banana","floor":48}],"player_experience":317637,"relics_obtained":[{"floor":7.0,"key":"Runesmith:AutoHammer"},{"floor":9.0,"key":"Pen Nib"},{"floor":11.0,"key":"Iron Hammer"},{"floor":14.0,"key":"Gremlin Food"},{"floor":26.0,"key":"Kunai"},{"floor":30,"key":"Gremlin Horn"},{"floor":42,"key":"Runesmith:EmergencyProvisions"},{"floor":43,"key":"infinitespire:Bottled Soul"},{"floor":45,"key":"Prayer Wheel"}],"event_choices":[{"damage_healed":0.0,"max_hp_gain":0.0,"max_hp_loss":0.0,"gold_gain":0.0,"event_name":"WeMeetAgain","player_choice":"Gave Potion","floor":19.0,"gold_loss":0.0,"damage_taken":0.0,"relics_obtained":["PreservedInsect"]},{"damage_healed":0,"gold_gain":0,"player_choice":"1 cards matched","damage_taken":0,"max_hp_gain":0,"max_hp_loss":0,"event_name":"Match and Keep!","floor":39,"gold_loss":0,"cards_obtained":["Survey Options"]},{"damage_healed":0,"gold_gain":0,"player_choice":"Memory 1","damage_taken":0,"max_hp_gain":0,"max_hp_loss":0,"event_name":"SensoryStone","floor":48,"gold_loss":0}],"is_beta":false,"boss_relics":[{"not_picked":["Cursed Key","hubris:ScarierMask"],"picked":"Philosopher\u0027s Stone"},{"not_picked":["infinitespire:Cupcake","hubris:HollowSoul"],"picked":"SacredBark"}],"items_purged_floors":[0,2,21,36,44,47],"is_endless":false,"potions_floor_spawned":[1,5,7,10,16,18,24,30,31,35,38,42],"ascension_level":1}}