{"host":"92wx9z21c4p52du4","time":1612657737,"event":{"mods":["Arknights","BaseMod","Infinite Spire","Lobotomy","Minty Spire (QoL Compilation)","Reliquary","Robot Space Explorer","StSLib","The Blue Laboratory","The Disciple","The Jungle","The Runesmith","TheSurvivalist"],"gold_per_floor":[113,113,113,36,53,53,53,53,53,88,163,180,105,121,121,220,220,233,233,3,0,0],"floor_reached":21,"language":"ENG","playtime":958,"items_purged":["Regret"],"score":175,"play_id":"7ee4005c-f194-4a1c-bacb-4bd45f0c2d84","local_time":"20210206182857","is_ascension_mode":false,"campfire_choices":[{"data":"infinitespire:SevenWalls","floor":6,"key":"SMITH"},{"data":"RobotSpaceExplorer:MiniLasers","floor":8,"key":"SMITH"},{"data":"RobotSpaceExplorer:ImprovisedAttack","floor":15,"key":"SMITH"}],"circlet_count":0,"master_deck":["RobotSpaceExplorer:Strike","RobotSpaceExplorer:Strike","RobotSpaceExplorer:Strike","RobotSpaceExplorer:Defend","RobotSpaceExplorer:Defend","RobotSpaceExplorer:Defend","RobotSpaceExplorer:Defend","RobotSpaceExplorer:Scan","RobotSpaceExplorer:MiniLasers+1","SpiderBud","RobotSpaceExplorer:SurgingStrike","infinitespire:SevenWalls+1","RobotSpaceExplorer:PowerGlove","FairyFestival","RobotSpaceExplorer:ScrapToss","WallGazer","RobotSpaceExplorer:ImprovisedAttack+1","DreamingCurrent","RobotSpaceExplorer:Discharger","RobotSpaceExplorer:HighVoltage","MeatLantern","RobotSpaceExplorer:ShovelStrike+1","infinitespire:SevenWalls+1","Finesse"],"relics":["RobotSpaceExplorer:TurboCore","CogitoBucket","Bag of Preparation","reliquary:NewFriend","TreeSap","Strange Spoon"],"acts_visited":["Exordium","TheCity"],"potions_floor_usage":[10],"damage_taken":[{"damage":0,"enemies":"2 Louse","floor":1,"turns":2},{"damage":0,"enemies":"Small Slimes","floor":5,"turns":3},{"damage":7,"enemies":"Lagavulin","floor":10,"turns":4},{"damage":0,"enemies":"Jaw Worm","floor":12,"turns":2},{"damage":17,"enemies":"Exordium Thugs","floor":14,"turns":4},{"damage":98,"enemies":"The Guardian","floor":16,"turns":11},{"damage":46,"enemies":"Chosen","floor":18,"turns":4},{"damage":39,"enemies":"2 Thieves","floor":21,"turns":1}],"seed_played":"-3512267532937593087","potions_obtained":[{"floor":1,"key":"Regen Potion"},{"floor":12,"key":"blueLaboratory:BottledHope"},{"floor":16,"key":"blueLaboratory:HorrorPotion"}],"is_trial":false,"path_per_floor":["M","?","?","$","M","R","?","R","T","E","?","M","$","M","R","B",null,"M","?","$","M"],"character_chosen":"RobotSpaceExplorer","items_purchased":["RobotSpaceExplorer:PowerGlove","Strange Spoon","Finesse"],"campfire_rested":0,"item_purchase_floors":[4,20,20],"current_hp_per_floor":[75,68,51,51,51,51,51,51,51,61,50,52,52,59,59,14,75,32,32,32,0,0],"gold":0,"neow_bonus":"","is_daily":false,"chose_seed":false,"campfire_upgraded":3,"win_rate":0.0,"timestamp":1612657737,"path_taken":["M","?","?","?","?","R","?","R","T","E","?","M","?","M","R","BOSS","M","?","?","M"],"items_purchased_type":["Card","Relic","Card"],"build_version":"2020-12-22","purchased_purges":1,"victory":false,"max_hp_per_floor":[75,75,75,75,75,75,75,75,75,75,75,75,75,75,75,75,75,75,75,75,75,75],"card_choices":[{"not_picked":["WallGazer","ShyLook"],"picked":"SpiderBud","floor":1},{"not_picked":["RobotSpaceExplorer:MiniDrones","RobotSpaceExplorer:Ammunition"],"picked":"RobotSpaceExplorer:SurgingStrike","floor":1},{"not_picked":["infinitespire:FutureSight","infinitespire:UltimateForm"],"picked":"infinitespire:SevenWalls","floor":3},{"not_picked":["WallGazer","Scorched"],"picked":"FairyFestival","floor":5},{"not_picked":["RobotSpaceExplorer:ExhaustFan","RobotSpaceExplorer:Probe"],"picked":"RobotSpaceExplorer:ScrapToss","floor":5},{"not_picked":["BlackSwan","CherryBlossoms","UniverseFragment"],"picked":"Singing Bowl","floor":10},{"not_picked":["LaLuna","BodiesMountain"],"picked":"WallGazer","floor":10},{"not_picked":["RobotSpaceExplorer:Probe","RobotSpaceExplorer:LaserBurst"],"picked":"RobotSpaceExplorer:ImprovisedAttack","floor":10},{"not_picked":["Porccubus","GreedKing"],"picked":"DreamingCurrent","floor":12},{"not_picked":["RobotSpaceExplorer:MetalStrike","RobotSpaceExplorer:StunGrenade"],"picked":"RobotSpaceExplorer:Discharger","floor":12},{"not_picked":["SingingMachine","BeautyBeast"],"picked":"MHz","floor":14},{"not_picked":["RobotSpaceExplorer:DoubleBlock","RobotSpaceExplorer:Counterblock","RobotSpaceExplorer:ScrapShield"],"picked":"SKIP","floor":14},{"not_picked":["RobotSpaceExplorer:DroneSwarm","RobotSpaceExplorer:Asteroid"],"picked":"RobotSpaceExplorer:HighVoltage","floor":16},{"not_picked":["OSAHOGD","BlackSwan"],"picked":"MeatLantern","floor":18},{"not_picked":["RobotSpaceExplorer:Ammunition","RobotSpaceExplorer:FranticSearch"],"picked":"RobotSpaceExplorer:ShovelStrike+1","floor":18}],"player_experience":190617,"relics_obtained":[{"floor":10,"key":"reliquary:NewFriend"}],"event_choices":[{"cards_removed":["RobotSpaceExplorer:Strike"],"damage_healed":0,"gold_gain":0,"player_choice":"Card Removal","damage_taken":7,"max_hp_gain":0,"max_hp_loss":0,"event_name":"Golden Wing","floor":2,"gold_loss":0},{"damage_healed":0,"gold_gain":0,"player_choice":"Box","damage_taken":0,"relics_obtained":["Bag of Preparation"],"max_hp_gain":0,"max_hp_loss":0,"event_name":"Big Fish","floor":7,"gold_loss":0,"cards_obtained":["Regret"]},{"damage_healed":0,"gold_gain":75,"player_choice":"Gather Gold","damage_taken":11,"max_hp_gain":0,"max_hp_loss":0,"event_name":"World of Goop","floor":11,"gold_loss":0},{"damage_healed":0,"gold_gain":0,"player_choice":"Copied","damage_taken":0,"max_hp_gain":0,"max_hp_loss":0,"event_name":"Duplicator","floor":19,"gold_loss":0,"cards_obtained":["infinitespire:SevenWalls"]}],"is_beta":false,"boss_relics":[{"not_picked":["Fusion Hammer","Philosopher\u0027s Stone"],"picked":"RobotSpaceExplorer:TurboCore"}],"items_purged_floors":[13],"is_endless":false,"potions_floor_spawned":[1,12,16],"killed_by":"2 Thieves","ascension_level":0}}