{"host":"51dweoxrcspgw6ri","time":1612702054,"event":{"mods":["BaseMod","Colored Map","Colored Powertips","Minty Spire (QoL Compilation)","Rare Cards Sparkle","Relic Stats","StSLib","SuperFastMode","The Bug Knight"],"gold_per_floor":[118,293,116,184,204,54,68,103,129,156,173,198,198,211,211,316,316,335,260,279,289,8,8,43,43,43,6,6,34,34,34,34],"floor_reached":31,"language":"ENG","playtime":1037,"items_purged":["Doubt","Strike_R"],"score":349,"play_id":"5eab06cd-fea4-400f-ab6e-1125909b039a","local_time":"20210207134734","is_ascension_mode":true,"campfire_choices":[{"data":"Fiend Fire","floor":13,"key":"SMITH"},{"data":"Bludgeon","floor":15,"key":"SMITH"},{"floor":23,"key":"RECALL"},{"floor":30,"key":"REST"}],"circlet_count":0,"master_deck":["Strike_R","Strike_R","Strike_R","Strike_R","Defend_R","Defend_R","Defend_R","Defend_R","Bash","Cleave","Uppercut","Clothesline","Cleave","Bludgeon+1","Fiend Fire+1","Hemokinesis","Battle Trance","Feed","Dropkick","Armaments+1","Decay"],"relics":["Black Blood","PreservedInsect","Pantograph","Nunchaku","Membership Card","Juzu Bracelet","Red Skull","Tiny Chest","Question Card"],"acts_visited":["Exordium","TheCity"],"potions_floor_usage":[8,10,18,20,29,29,29,29,29,29],"damage_taken":[{"damage":8,"enemies":"2 Louse","floor":1,"turns":3},{"damage":4,"enemies":"Jaw Worm","floor":5,"turns":3},{"damage":4,"enemies":"Cultist","floor":7,"turns":3},{"damage":16,"enemies":"Gremlin Nob","floor":8,"turns":3},{"damage":25,"enemies":"Lagavulin","floor":10,"turns":5},{"damage":5,"enemies":"Blue Slaver","floor":11,"turns":3},{"damage":16,"enemies":"Gremlin Nob","floor":12,"turns":3},{"damage":8,"enemies":"Large Slime","floor":14,"turns":4},{"damage":43,"enemies":"The Guardian","floor":16,"turns":9},{"damage":16,"enemies":"Shell Parasite","floor":18,"turns":2},{"damage":11,"enemies":"Spheric Guardian","floor":20,"turns":3},{"damage":24,"enemies":"3 Cultists","floor":21,"turns":4},{"damage":59,"enemies":"Book of Stabbing","floor":24,"turns":5},{"damage":31,"enemies":"Slavers","floor":29,"turns":4},{"damage":44,"enemies":"Centurion and Healer","floor":31,"turns":5}],"seed_played":"6091973564615795529","potions_obtained":[{"floor":5,"key":"SkillPotion"},{"floor":7,"key":"Swift Potion"},{"floor":10,"key":"Explosive Potion"},{"floor":16,"key":"SpeedPotion"},{"floor":18,"key":"BlessingOfTheForge"},{"floor":24,"key":"Weak Potion"},{"floor":25,"key":"EntropicBrew"}],"is_trial":false,"path_per_floor":["M","?","$","?","M","$","M","E","T","E","M","E","R","M","R","B",null,"M","?","M","M","$","R","E","?","T","$","?","E","R","M"],"character_chosen":"IRONCLAD","items_purchased":["Uppercut","Clothesline","Bludgeon","Membership Card","Juzu Bracelet","Regen Potion"],"campfire_rested":1,"item_purchase_floors":[3,3,6,22,22,27],"current_hp_per_floor":[78,78,78,78,80,80,80,70,70,51,52,42,42,40,40,28,80,76,76,81,69,69,69,22,22,22,22,22,18,44,0,0],"gold":34,"neow_bonus":"THREE_CARDS","is_daily":false,"chose_seed":false,"campfire_upgraded":2,"win_rate":0.0,"timestamp":1612702054,"path_taken":["M","?","$","?","M","$","M","E","T","E","M","E","R","M","R","BOSS","M","?","M","M","$","R","E","?","T","$","?","E","R","M"],"items_purchased_type":["Card","Card","Card","Relic","Relic","Potion"],"build_version":"2020-12-22","purchased_purges":2,"victory":false,"max_hp_per_floor":[80,80,80,80,80,80,80,80,80,80,80,80,80,80,80,80,80,80,80,84,84,84,84,84,84,84,84,84,87,87,87,87],"relic_stats":{"Nunchaku":[5],"counters":[15,59],"Pantograph":25,"Black Blood":112,"Tiny Chest":0,"PreservedInsect":131,"Juzu Bracelet":1,"Question Card":0,"obtain_stats":[{"Nunchaku":12,"Pantograph":10,"Black Blood":17,"Tiny Chest":26,"PreservedInsect":8,"Juzu Bracelet":22,"Membership Card":22,"Question Card":29,"Burning Blood":0,"Red Skull":24},{"Nunchaku":7,"Pantograph":5,"Black Blood":9,"Tiny Chest":13,"PreservedInsect":4,"Juzu Bracelet":12,"Membership Card":12,"Question Card":14,"Burning Blood":0,"Red Skull":13},{"Nunchaku":23,"Pantograph":17,"Black Blood":36,"Tiny Chest":50,"PreservedInsect":12,"Juzu Bracelet":45,"Membership Card":45,"Question Card":54,"Burning Blood":0,"Red Skull":50}]},"card_choices":[{"not_picked":["Wild Strike","Clash"],"picked":"Second Wind","floor":0},{"not_picked":["Havoc","Shrug It Off"],"picked":"Cleave","floor":1},{"not_picked":["Warcry","Fire Breathing"],"picked":"Cleave","floor":5},{"not_picked":["Spot Weakness","Anger"],"picked":"Fiend Fire","floor":7},{"not_picked":["Sentinel","Sword Boomerang","Pommel Strike"],"picked":"SKIP","floor":8},{"not_picked":["Metallicize","True Grit","Anger"],"picked":"SKIP","floor":10},{"not_picked":["Pummel","Sword Boomerang","Anger"],"picked":"SKIP","floor":11},{"not_picked":["Brutality","Seeing Red"],"picked":"Hemokinesis","floor":12},{"not_picked":["Twin Strike","Infernal Blade"],"picked":"Battle Trance","floor":14},{"not_picked":["Juggernaut","Offering"],"picked":"Feed","floor":16},{"not_picked":["Dark Embrace","Clash"],"picked":"Dropkick","floor":18},{"not_picked":["Power Through","Clash","Twin Strike+1"],"picked":"SKIP","floor":20},{"not_picked":["Rampage+1","Searing Blow","Flame Barrier"],"picked":"SKIP","floor":21},{"not_picked":["Ghostly Armor","Heavy Blade+1"],"picked":"Armaments+1","floor":24},{"not_picked":["Spot Weakness","Carnage","Seeing Red"],"picked":"SKIP","floor":29}],"player_experience":555182,"relics_obtained":[{"floor":8,"key":"PreservedInsect"},{"floor":10,"key":"Pantograph"},{"floor":12,"key":"Nunchaku"},{"floor":24,"key":"Red Skull"},{"floor":26,"key":"Tiny Chest"},{"floor":29,"key":"Question Card"}],"event_choices":[{"damage_healed":0,"gold_gain":175,"player_choice":"AGREE","damage_taken":0,"max_hp_gain":0,"max_hp_loss":0,"event_name":"Liars Game","floor":2,"gold_loss":0,"cards_obtained":["Doubt"]},{"damage_healed":0,"gold_gain":68,"player_choice":"Gained Gold","damage_taken":0,"max_hp_gain":0,"max_hp_loss":0,"event_name":"Golden Wing","floor":4,"gold_loss":0},{"cards_removed":["Second Wind"],"damage_healed":0,"gold_gain":0,"player_choice":"Gave Gold","damage_taken":0,"max_hp_gain":0,"max_hp_loss":0,"event_name":"Beggar","floor":19,"gold_loss":75},{"damage_healed":0,"gold_gain":0,"player_choice":"Got Potions","damage_taken":0,"max_hp_gain":0,"max_hp_loss":0,"event_name":"Lab","floor":25,"gold_loss":0},{"damage_healed":0,"gold_gain":0,"player_choice":"Smashed Altar","damage_taken":0,"max_hp_gain":0,"max_hp_loss":0,"event_name":"Forgotten Altar","floor":28,"gold_loss":0,"cards_obtained":["Decay"]}],"is_beta":false,"boss_relics":[{"not_picked":["Calling Bell","Tiny House"],"picked":"Black Blood"}],"items_purged_floors":[3,22],"is_endless":false,"potions_floor_spawned":[5,7,10,16,18,24],"killed_by":"Centurion and Healer","ascension_level":4}}