{"host":"p0hktren06injwdf","time":1612725896,"event":{"mods":["AchievementEnabler","BaseMod","Colored Map","DeckTracker","Minty Spire (QoL Compilation)","Permanent Neow","StSLib","SuperFastMode"],"gold_per_floor":[110,130,146,146,68,103,122,122,122,26,56,68,68,68,68,68,68],"floor_reached":16,"language":"KOR","playtime":220,"items_purged":[],"score":220,"play_id":"026fe554-f913-46e3-a8f7-cbaf410fd571","local_time":"20210208042456","is_ascension_mode":true,"campfire_choices":[{"data":"Ragnarok","floor":8.0,"key":"SMITH"},{"data":"Eruption","floor":13,"key":"SMITH"},{"floor":15,"key":"REST"}],"circlet_count":0,"master_deck":["AscendersBane","Strike_P","Strike_P","Strike_P","Strike_P","Defend_P","Defend_P","Defend_P","Defend_P","Eruption+1","Vigilance","Ragnarok+1","Halt","WheelKick","Adaptation","FlurryOfBlows","Flash of Steel"],"relics":["PureWater","Tiny Chest","Dream Catcher","Singing Bowl"],"acts_visited":["Exordium"],"potions_floor_usage":[12,16],"damage_taken":[{"damage":1.0,"enemies":"2 Louse","floor":1.0,"turns":2.0},{"damage":0.0,"enemies":"Cultist","floor":2.0,"turns":4.0},{"damage":7.0,"enemies":"Small Slimes","floor":3.0,"turns":3.0},{"damage":27.0,"enemies":"Lagavulin","floor":6.0,"turns":5.0},{"damage":3.0,"enemies":"3 Louse","floor":7.0,"turns":4.0},{"damage":8.0,"enemies":"Gremlin Nob","floor":11.0,"turns":3.0},{"damage":24,"enemies":"Exordium Thugs","floor":12,"turns":4},{"damage":33,"enemies":"The Guardian","floor":16,"turns":7}],"seed_played":"-5592586513020073357","potions_obtained":[{"floor":1.0,"key":"SpeedPotion"},{"floor":3.0,"key":"Energy Potion"},{"floor":7.0,"key":"Dexterity Potion"}],"is_trial":false,"path_per_floor":["M","M","M","?","$","E","M","R","T","$","E","M","R","?","R","B"],"character_chosen":"WATCHER","items_purchased":["Adaptation","Flash of Steel"],"campfire_rested":1,"item_purchase_floors":[5,10],"current_hp_per_floor":[60,60,53,68,68,41,38,38,38,38,32,10,10,10,33,0,0],"gold":68,"neow_bonus":"ONE_RANDOM_RARE_CARD","is_daily":false,"chose_seed":false,"campfire_upgraded":2,"win_rate":0.0,"timestamp":1612725896,"path_taken":["M","M","M","?","$","E","M","R","T","$","E","?","R","?","R","BOSS"],"items_purchased_type":["Card","Card"],"build_version":"2020-12-22","purchased_purges":0,"victory":false,"max_hp_per_floor":[68,68,68,68,68,68,68,68,68,68,70,72,72,72,74,74,74],"card_choices":[{"not_picked":["Worship","Crescendo","Pray"],"picked":"SKIP","floor":1.0},{"not_picked":["Prostrate","PathToVictory"],"picked":"Halt","floor":2.0},{"not_picked":["WindmillStrike","FlyingSleeves"],"picked":"WheelKick","floor":3.0},{"not_picked":["Crescendo","ClearTheMind"],"picked":"FlurryOfBlows","floor":6.0},{"not_picked":["LikeWater","Weave","PathToVictory"],"picked":"SKIP","floor":7.0},{"not_picked":["ThirdEye","EmptyMind","DevaForm"],"picked":"Singing Bowl","floor":11.0},{"not_picked":["FollowUp","Crescendo","Collect"],"picked":"Singing Bowl","floor":12},{"not_picked":["CrushJoints","Meditate","Evaluate"],"picked":"Singing Bowl","floor":15}],"player_experience":1032415,"relics_obtained":[{"floor":6.0,"key":"Tiny Chest"},{"floor":9.0,"key":"Dream Catcher"},{"floor":11.0,"key":"Singing Bowl"}],"event_choices":[{"damage_healed":15.0,"max_hp_gain":0.0,"max_hp_loss":0.0,"gold_gain":0.0,"event_name":"Wheel of Change","player_choice":"Full Heal","floor":4.0,"gold_loss":0.0,"damage_taken":0.0},{"damage_healed":0,"gold_gain":0,"player_choice":"Fled","damage_taken":0,"max_hp_gain":0,"max_hp_loss":0,"event_name":"Scrap Ooze","floor":14,"gold_loss":0}],"is_beta":false,"boss_relics":[],"items_purged_floors":[],"is_endless":false,"potions_floor_spawned":[1,3,7],"killed_by":"The Guardian","ascension_level":20}}