{"host":"6q94iy5iz6612v89","time":1612739369,"event":{"mods":["2.2 Compatiblity","AchievementEnabler","BaseMod","Colored Map","DeckTracker","Keyboard Shortcuts","Minty Spire (QoL Compilation)","Permanent Neow","StSLib","SuperFastMode"],"gold_per_floor":[366,366,384,395,409,435,435,446,446,481,501,101,26,26,26,124,124,138,99,117,117,117,117],"floor_reached":22,"language":"KOR","playtime":505,"items_purged":["Strike_G"],"score":492,"play_id":"a9e630e1-c817-43e6-9c0f-7b37883354fc","local_time":"20210208080929","is_ascension_mode":true,"campfire_choices":[{"data":"Predator","floor":7.0,"key":"SMITH"},{"data":"Catalyst","floor":15.0,"key":"SMITH"}],"circlet_count":0,"master_deck":["AscendersBane","Strike_G","Strike_G","Strike_G","Defend_G","Defend_G","Defend_G","Defend_G","Defend_G","Survivor","Neutralize","Poisoned Stab","Leg Sweep","Predator+1","Calculated Gamble","Deadly Poison","Catalyst+1","Tactician","Footwork","Acrobatics","Adrenaline","Concentrate","Catalyst"],"relics":["Ring of the Snake","Nunchaku","StoneCalendar","Bottled Flame","The Specimen","Golden Idol","Runic Pyramid"],"acts_visited":["Exordium","TheCity"],"potions_floor_usage":[],"damage_taken":[{"damage":5.0,"enemies":"Small Slimes","floor":1.0,"turns":7.0},{"damage":4.0,"enemies":"Cultist","floor":3.0,"turns":5.0},{"damage":0.0,"enemies":"2 Louse","floor":4.0,"turns":3.0},{"damage":1.0,"enemies":"Blue Slaver","floor":5.0,"turns":4.0},{"damage":24.0,"enemies":"Gremlin Nob","floor":6.0,"turns":4.0},{"damage":6.0,"enemies":"Exordium Wildlife","floor":8.0,"turns":3.0},{"damage":31.0,"enemies":"Lagavulin","floor":10.0,"turns":7.0},{"damage":0.0,"enemies":"2 Fungi Beasts","floor":11.0,"turns":4.0},{"damage":0.0,"enemies":"Hexaghost","floor":16.0,"turns":8.0},{"damage":0.0,"enemies":"Chosen","floor":18.0,"turns":5.0},{"damage":28.0,"enemies":"2 Thieves","floor":20.0,"turns":5.0},{"damage":31,"enemies":"Cultist and Chosen","floor":22,"turns":5}],"seed_played":"7061079025611384831","potions_obtained":[{"floor":1.0,"key":"AttackPotion"},{"floor":3.0,"key":"FairyPotion"},{"floor":11.0,"key":"BlessingOfTheForge"},{"floor":20.0,"key":"Dexterity Potion"}],"is_trial":false,"path_per_floor":["M","?","M","M","M","E","R","M","T","E","M","$","?","?","R","B",null,"M","$","M","?","M"],"character_chosen":"THE_SILENT","items_purchased":["The Specimen","Concentrate"],"campfire_rested":0,"item_purchase_floors":[12,19],"current_hp_per_floor":[54,54,50,50,49,25,25,19,19,9,9,9,9,9,9,9,43,43,43,15,15,0,0],"gold":117,"neow_bonus":"TWO_FIFTY_GOLD","is_daily":false,"chose_seed":false,"campfire_upgraded":2,"win_rate":0.0,"timestamp":1612739369,"path_taken":["M","?","M","M","M","E","R","?","T","E","M","$","?","?","R","BOSS","M","$","M","?","M"],"items_purchased_type":["Relic","Card"],"build_version":"2020-12-22","purchased_purges":1,"victory":false,"max_hp_per_floor":[60,60,60,60,60,60,60,60,60,60,60,60,60,54,54,54,54,54,54,54,54,54,54],"card_choices":[{"not_picked":["Infinite Blades","Expertise"],"picked":"Poisoned Stab","floor":1.0},{"not_picked":["Dodge and Roll","Acrobatics"],"picked":"Predator","floor":3.0},{"not_picked":["Expertise","Setup"],"picked":"Calculated Gamble","floor":4.0},{"not_picked":["Deflect","Blade Dance"],"picked":"Deadly Poison","floor":5.0},{"not_picked":["Adrenaline","Noxious Fumes"],"picked":"Catalyst","floor":6.0},{"not_picked":["Backstab","Quick Slash"],"picked":"Tactician","floor":8.0},{"not_picked":["Catalyst","Finisher"],"picked":"Footwork","floor":10.0},{"not_picked":["Underhanded Strike","Outmaneuver"],"picked":"Acrobatics","floor":11.0},{"not_picked":["Venomology","Doppelganger"],"picked":"Adrenaline","floor":16.0},{"not_picked":["Skewer","Crippling Poison","Heel Hook"],"picked":"SKIP","floor":18.0},{"not_picked":["PiercingWail+1","Dagger Throw"],"picked":"Catalyst","floor":20.0}],"player_experience":1475012,"relics_obtained":[{"floor":6.0,"key":"Nunchaku"},{"floor":9.0,"key":"StoneCalendar"},{"floor":10.0,"key":"Bottled Flame"}],"event_choices":[{"damage_healed":0.0,"max_hp_gain":0.0,"max_hp_loss":0.0,"gold_gain":0.0,"event_name":"Match and Keep!","player_choice":"1 cards matched","floor":2.0,"gold_loss":0.0,"damage_taken":0.0,"cards_obtained":["Leg Sweep"]},{"cards_removed":["Strike_G"],"damage_healed":0.0,"max_hp_gain":0.0,"max_hp_loss":0.0,"gold_gain":0.0,"event_name":"The Cleric","player_choice":"Card Removal","floor":13.0,"gold_loss":75.0,"damage_taken":0.0},{"damage_healed":0.0,"max_hp_gain":0.0,"max_hp_loss":6.0,"gold_gain":0.0,"event_name":"Golden Idol","player_choice":"Lose Max HP","floor":14.0,"gold_loss":0.0,"damage_taken":0.0,"relics_obtained":["Golden Idol"]},{"damage_healed":0,"gold_gain":0,"player_choice":"Ignored","damage_taken":0,"max_hp_gain":0,"max_hp_loss":0,"event_name":"The Mausoleum","floor":21,"gold_loss":0}],"is_beta":false,"boss_relics":[{"not_picked":["Ectoplasm","HoveringKite"],"picked":"Runic Pyramid"}],"items_purged_floors":[12],"is_endless":false,"potions_floor_spawned":[1,3,5,11,20],"killed_by":"Cultist and Chosen","ascension_level":20}}