{"host":"49pjgf1q9ev52n8z","time":1612671025,"event":{"mods":["BaseMod","Bestiary","Colored Map","Keyboard Shortcuts","Minty Spire (QoL Compilation)","Practice Mode","Relic Stats","StSLib"],"gold_per_floor":[114,131,151,151,165,165,165,165],"floor_reached":7,"language":"ENG","playtime":341,"items_purged":[],"score":52,"play_id":"da4b9b14-ee02-4652-8021-9cd987010d8c","local_time":"20210206201025","is_ascension_mode":true,"campfire_choices":[{"data":"Sweeping Beam","floor":6,"key":"SMITH"}],"circlet_count":0,"master_deck":["Strike_B","Strike_B","Strike_B","Strike_B","Defend_B","Defend_B","Defend_B","Defend_B","Zap","Dualcast","Normality","Chaos","Sweeping Beam+1","Madness","Genetic Algorithm"],"relics":["Cracked Core"],"acts_visited":["Exordium"],"potions_floor_usage":[7],"damage_taken":[{"damage":6,"enemies":"Cultist","floor":1,"turns":3},{"damage":6,"enemies":"2 Louse","floor":2,"turns":3},{"damage":4,"enemies":"Jaw Worm","floor":3,"turns":3},{"damage":12,"enemies":"3 Louse","floor":5,"turns":3},{"damage":75,"enemies":"Gremlin Nob","floor":7,"turns":5}],"seed_played":"5469104935582484754","potions_obtained":[{"floor":3,"key":"LiquidMemories"}],"is_trial":false,"path_per_floor":["M","M","M","?","M","R","E"],"character_chosen":"DEFECT","items_purchased":[],"campfire_rested":0,"item_purchase_floors":[],"current_hp_per_floor":[69,63,59,59,47,47,0,0],"gold":165,"neow_bonus":"RANDOM_COLORLESS_2","is_daily":false,"chose_seed":false,"campfire_upgraded":1,"win_rate":0.0,"timestamp":1612671025,"path_taken":["M","M","M","?","M","R","E"],"items_purchased_type":[],"build_version":"2020-12-22","purchased_purges":0,"victory":false,"max_hp_per_floor":[75,75,75,75,75,75,75,75],"relic_stats":{"counters":[5,17],"obtain_stats":[{"Cracked Core":0},{"Cracked Core":0},{"Cracked Core":0}]},"card_choices":[{"not_picked":["Sadistic Nature","Secret Weapon"],"picked":"Mayhem","floor":0},{"not_picked":["Hologram","Conserve Battery"],"picked":"Chaos","floor":1},{"not_picked":["Chaos","Streamline"],"picked":"Sweeping Beam","floor":2},{"not_picked":["Consume","Double Energy","Redo"],"picked":"SKIP","floor":3},{"not_picked":["Stack","FTL"],"picked":"Genetic Algorithm","floor":5}],"player_experience":759400,"relics_obtained":[],"event_choices":[{"damage_healed":0,"gold_gain":0,"cards_transformed":["Mayhem"],"player_choice":"Transformed","damage_taken":0,"max_hp_gain":0,"max_hp_loss":0,"event_name":"Transmorgrifier","floor":4,"gold_loss":0,"cards_obtained":["Madness"]}],"is_beta":false,"boss_relics":[],"items_purged_floors":[],"is_endless":false,"potions_floor_spawned":[3],"killed_by":"Gremlin Nob","ascension_level":4}}