{"host":"zs3tguvuxkh90jf4","time":1612724305,"event":{"mods":["AchievementEnabler","BaseMod","Better-Laid Plans","BetterRewards","Block Reminder","Colored Map","Colored Powertips","Gold Saver","Minty Spire (QoL Compilation)","Shop Mod","StSLib","Transform Curses"],"gold_per_floor":[3025,3043,1891,1891,1891,1927,1940,1978,1978,1978,1978,1978,2017,2038,2038,2132,2132,2148,2073,2073,2073],"floor_reached":20,"language":"ENG","playtime":1022,"items_purged":["Defend_G"],"score":360,"play_id":"21b49f82-4baf-4b07-b5a6-ee3dd755cc96","local_time":"20210207105825","is_ascension_mode":true,"campfire_choices":[{"floor":10,"key":"REST"},{"floor":12,"key":"REST"},{"floor":15,"key":"REST"}],"circlet_count":0,"master_deck":["AscendersBane","Strike_G","Strike_G","Strike_G","Defend_G","Defend_G","Defend_G","Survivor","Neutralize","Dash","Deadly Poison","Crippling Poison","Blur","Poisoned Stab","Dagger Throw","Blur","PiercingWail","After Image","Adrenaline","Blade Dance"],"relics":["Ring of the Snake","FossilizedHelix","Blue Candle","Strange Spoon","MerchantsRug","Golden Idol","Lantern","The Specimen","Spirit Poop","Singing Bowl","Black Star"],"acts_visited":["Exordium","TheCity"],"potions_floor_usage":[8,13,13,20],"damage_taken":[{"damage":0,"enemies":"Cultist","floor":1,"turns":4},{"damage":0,"enemies":"Jaw Worm","floor":2,"turns":4},{"damage":43,"enemies":"Gremlin Nob","floor":6,"turns":5},{"damage":0,"enemies":"Small Slimes","floor":7,"turns":3},{"damage":4,"enemies":"3 Sentries","floor":8,"turns":12},{"damage":34,"enemies":"Gremlin Nob","floor":13,"turns":5},{"damage":0,"enemies":"2 Fungi Beasts","floor":14,"turns":4},{"damage":7,"enemies":"The Guardian","floor":16,"turns":13},{"damage":11,"enemies":"Spheric Guardian","floor":18,"turns":5},{"damage":51,"enemies":"Masked Bandits","floor":20,"turns":4}],"seed_played":"4691093129290594606","potions_obtained":[{"floor":1,"key":"ColorlessPotion"},{"floor":6,"key":"Block Potion"},{"floor":8,"key":"Block Potion"},{"floor":13,"key":"Weak Potion"}],"is_trial":false,"path_per_floor":["M","M","$","?","?","E","M","E","T","R","?","R","E","M","R","B",null,"M","?","?"],"character_chosen":"THE_SILENT","items_purchased":["FossilizedHelix","Blue Candle","Strange Spoon","Blur","Poisoned Stab","MerchantsRug"],"campfire_rested":3,"item_purchase_floors":[3,3,3,3,3,3],"current_hp_per_floor":[59,59,59,52,52,9,9,5,5,24,24,43,9,11,31,24,57,46,46,0,0],"gold":2073,"neow_bonus":"TRANSFORM_CARD","is_daily":false,"chose_seed":false,"campfire_upgraded":0,"win_rate":0.0,"timestamp":1612724305,"path_taken":["M","M","$","?","?","E","M","E","T","R","?","R","E","?","R","BOSS","M","?","?"],"items_purchased_type":["Relic","Relic","Relic","Card","Card","Relic"],"build_version":"2020-12-22","purchased_purges":1,"victory":false,"max_hp_per_floor":[66,66,66,66,66,66,66,66,66,66,66,66,66,68,68,68,68,68,68,68,68],"card_choices":[{"not_picked":["Setup","Sucker Punch"],"picked":"Deadly Poison","floor":1},{"not_picked":["Slice","Underhanded Strike"],"picked":"Crippling Poison","floor":2},{"not_picked":["Sucker Punch","Flying Knee"],"picked":"Dagger Throw","floor":6},{"not_picked":["Tactician","Glass Knife"],"picked":"Blur","floor":7},{"not_picked":["Poisoned Stab","Underhanded Strike"],"picked":"PiercingWail","floor":8},{"not_picked":["Well Laid Plans","Noxious Fumes"],"picked":"After Image","floor":13},{"not_picked":["Deflect","Slice","Crippling Poison"],"picked":"Singing Bowl","floor":14},{"not_picked":["Phantasmal Killer","Bullet Time"],"picked":"Adrenaline","floor":16},{"not_picked":["Escape Plan","All Out Attack"],"picked":"Blade Dance","floor":18}],"player_experience":543795,"relics_obtained":[{"floor":6,"key":"Lantern"},{"floor":8,"key":"The Specimen"},{"floor":13,"key":"Singing Bowl"}],"event_choices":[{"cards_removed":["Strike_G"],"damage_healed":0,"gold_gain":0,"player_choice":"Card Removal","damage_taken":7,"max_hp_gain":0,"max_hp_loss":0,"event_name":"Golden Wing","floor":4,"gold_loss":0},{"damage_healed":0,"gold_gain":0,"player_choice":"Take Wound","damage_taken":0,"relics_obtained":["Golden Idol"],"max_hp_gain":0,"max_hp_loss":0,"event_name":"Golden Idol","floor":5,"gold_loss":0,"cards_obtained":["Injury"]},{"cards_removed":["Injury"],"damage_healed":0,"gold_gain":0,"player_choice":"Offered Curse","damage_taken":0,"relics_obtained":["Spirit Poop"],"max_hp_gain":0,"max_hp_loss":0,"event_name":"Bonfire Elementals","floor":11,"gold_loss":0},{"cards_removed":["Defend_G"],"damage_healed":0,"gold_gain":0,"player_choice":"Gave Gold","damage_taken":0,"max_hp_gain":0,"max_hp_loss":0,"event_name":"Beggar","floor":19,"gold_loss":75},{"damage_healed":0,"gold_gain":0,"player_choice":"Fought Bandits","damage_taken":0,"max_hp_gain":0,"max_hp_loss":0,"event_name":"Masked Bandits","floor":20,"gold_loss":0}],"is_beta":false,"boss_relics":[{"not_picked":["HoveringKite","Snecko Eye"],"picked":"Black Star"}],"items_purged_floors":[3],"is_endless":false,"potions_floor_spawned":[1,6,8,13],"killed_by":"Masked Bandits","ascension_level":18}}