{"host":"w7pthw6r6331n954","time":1612673933,"event":{"mods":["AchievementEnabler","BaseMod","BetterRewards","Colored Map","Colored Powertips","Custom Start","Duelist Mod","GifTheSpireLib","Hermit","Jorbs\u0027s Wanderer Trilogy","Minty Spire (QoL Compilation)","Replay The Spire","Shop Mod","StSLib","SuperFastMode"],"gold_per_floor":[117,154,229,249,264,334,15,15,60,114,147,147,322,322,322,420,420,463,508,351,351,394,394,411,411,411,477,496,531,564,577,577,577,577],"floor_reached":33,"language":"ENG","playtime":5168,"items_purged":["Strike_B"],"score":431,"play_id":"917616fa-ccab-406c-a3bd-86d95d1c92e7","local_time":"20210206235853","is_ascension_mode":false,"campfire_choices":[{"floor":12,"key":"REST"},{"floor":15,"key":"REST"},{"floor":23,"key":"RECALL"},{"data":"ReplayRNGCard","floor":25,"key":"SMITH"},{"floor":32,"key":"REST"}],"circlet_count":0,"master_deck":["Strike_B","Strike_B","Strike_B","Defend_B","Defend_B","Defend_B","Defend_B","Zap","Dualcast","Barrage","Gash","Redo","Redo","Self Repair","Steam Power","Dramatic Entrance","HandOfGreed+1","Go for the Eyes","Crystallizer","Steam","Hologram","ReplayGash","Melter","Gash","ReplayRNGCard+1","Doubt","Meteor Strike","Sweeping Beam","Stack","Coolheaded","Beam Cell","Streamline+1","Conserve Battery+1","Sunder+1","ReplayTheSpireMod:Omega Cannon+1","Streamline+1"],"relics":["Cracked Core","MerchantsRug","Lantern","Carrot","Divine Protection","Anchor","Nuclear Battery","Membership Card","Molten Egg 2","Potion Belt"],"acts_visited":["Exordium","TheCity"],"potions_floor_usage":[6,6,6,6,6,16,22,27,29,33],"damage_taken":[{"damage":0,"enemies":"2 Louse","floor":1,"turns":1},{"damage":0,"enemies":"Cultist","floor":2,"turns":2},{"damage":3,"enemies":"Jaw Worm","floor":4,"turns":2},{"damage":9,"enemies":"Red Slaver","floor":5,"turns":3},{"damage":12,"enemies":"3 Sentries","floor":6,"turns":8},{"damage":0,"enemies":"Exordium Thugs","floor":10,"turns":3},{"damage":23,"enemies":"Lagavulin","floor":11,"turns":5},{"damage":34,"enemies":"Hexaghost","floor":16,"turns":10},{"damage":11,"enemies":"Spheric Guardian","floor":18,"turns":4},{"damage":0,"enemies":"3 Byrds","floor":19,"turns":5},{"damage":0,"enemies":"Snake Plant","floor":22,"turns":4},{"damage":19,"enemies":"Snecko","floor":24,"turns":6},{"damage":2,"enemies":"Cultist and Chosen","floor":27,"turns":6},{"damage":15,"enemies":"Centurion and Healer","floor":28,"turns":6},{"damage":0,"enemies":"Snake Plant","floor":29,"turns":2},{"damage":15,"enemies":"theDuelist:KaibaA2","floor":30,"turns":5},{"damage":2,"enemies":"Snecko","floor":31,"turns":4},{"damage":76,"enemies":"Pondfish","floor":33,"turns":10}],"seed_played":"2424035526216941939","potions_obtained":[{"floor":2,"key":"AttackPotion"},{"floor":6,"key":"LiquidMemories"},{"floor":11,"key":"GamblersBrew"},{"floor":19,"key":"DistilledChaos"},{"floor":24,"key":"Dexterity Potion"},{"floor":27,"key":"PotionOfCapacity"},{"floor":28,"key":"EssenceOfSteel"}],"is_trial":false,"path_per_floor":["M","M","?","M","M","E","$","$","T","M","E","R","?","?","R","B",null,"M","M","$","?","M","R","M","R","T","M","M","M","E","M","R","B"],"character_chosen":"DEFECT","items_purchased":["MerchantsRug","BargainBundle","LifebloodPotion","FocusPotion","EntropicBrew","Barrage","Gash","Redo","Self Repair","Steam Power","Dramatic Entrance","HandOfGreed","Lantern","Divine Protection","Melter","Membership Card"],"campfire_rested":3,"item_purchase_floors":[0,0,0,0,0,0,0,0,0,0,0,0,0,7,7,20],"current_hp_per_floor":[52,52,45,49,47,42,42,42,42,42,26,48,48,48,70,43,75,71,75,75,75,75,75,63,63,63,68,60,60,52,50,72,0,0],"gold":577,"neow_bonus":"","is_daily":false,"chose_seed":false,"campfire_upgraded":1,"win_rate":0.0,"timestamp":1612673933,"path_taken":["M","M","?","M","?","E","?","$","T","M","E","R","?","?","R","BOSS","M","M","$","?","M","R","M","R","T","?","M","?","E","M","R","BOSS"],"items_purchased_type":["Relic","Relic","Potion","Potion","Potion","Card","Card","Card","Card","Card","Card","Card","Relic","Relic","Card","Relic"],"build_version":"2020-12-22","purchased_purges":1,"victory":false,"max_hp_per_floor":[75,75,75,75,75,75,75,75,75,75,75,75,75,75,75,75,75,75,75,75,75,75,75,75,75,75,75,75,75,75,75,75,75,75],"card_choices":[{"not_picked":["Panic Button","Self Repair"],"picked":"Go for the Eyes","floor":1},{"not_picked":["Leap","Thunder Strike"],"picked":"Crystallizer","floor":2},{"not_picked":["Barrage","Rebound"],"picked":"Steam","floor":4},{"not_picked":["Chill","Leap"],"picked":"Hologram","floor":5},{"not_picked":["ReplayTheSpireMod:Reroute Power","Streamline"],"picked":"ReplayGash","floor":6},{"not_picked":["Leap","ReplayGash"],"picked":"Gash","floor":10},{"not_picked":["Hologram","Chaos"],"picked":"ReplayRNGCard","floor":11},{"not_picked":["Hyperbeam","Mirror Shield"],"picked":"Meteor Strike","floor":16},{"not_picked":["Coolheaded","FIFO Queue"],"picked":"Sweeping Beam","floor":18},{"not_picked":["Ball Lightning","Sweeping Beam+1"],"picked":"Stack","floor":19},{"not_picked":["BasicCrystalCard","Steam Power"],"picked":"Coolheaded","floor":22},{"not_picked":["FTL","Steam"],"picked":"Beam Cell","floor":24},{"not_picked":["Ball Lightning+1","Panic Button"],"picked":"Streamline+1","floor":27},{"not_picked":["Defragment","Panic Button"],"picked":"Conserve Battery+1","floor":28},{"not_picked":["Coolheaded+1","Darkness"],"picked":"Sunder+1","floor":29},{"not_picked":["Sweeping Beam+1","Coolheaded"],"picked":"ReplayTheSpireMod:Omega Cannon+1","floor":30},{"not_picked":["Compile Driver+1","BootSequence+1"],"picked":"Streamline+1","floor":31}],"player_experience":1210263,"relics_obtained":[{"floor":6,"key":"Carrot"},{"floor":11,"key":"Anchor"},{"floor":26,"key":"Molten Egg 2"},{"floor":30,"key":"Potion Belt"}],"event_choices":[{"damage_healed":0,"gold_gain":75,"player_choice":"Touch","damage_taken":7,"max_hp_gain":0,"max_hp_loss":0,"event_name":"FaceTrader","floor":3,"gold_loss":0},{"damage_healed":0,"gold_gain":175,"player_choice":"AGREE","damage_taken":0,"max_hp_gain":0,"max_hp_loss":0,"event_name":"Liars Game","floor":13,"gold_loss":0,"cards_obtained":["Doubt"]},{"damage_healed":0,"gold_gain":0,"player_choice":"Upgraded","damage_taken":0,"max_hp_gain":0,"max_hp_loss":0,"event_name":"Upgrade Shrine","floor":14,"gold_loss":0,"cards_upgraded":["HandOfGreed"]},{"damage_healed":0,"gold_gain":0,"player_choice":"Ignored","damage_taken":0,"max_hp_gain":0,"max_hp_loss":0,"event_name":"N\u0027loth","floor":21,"gold_loss":0}],"is_beta":false,"boss_relics":[{"not_picked":["Busted Crown","SacredBark"],"picked":"Nuclear Battery"}],"items_purged_floors":[0],"is_endless":false,"potions_floor_spawned":[2,5,6,11,19,24,27,28],"killed_by":"Pondfish","ascension_level":0}}