{"host":"dcj2yvrgcvh5dl2s","time":1612673190,"event":{"mods":["BaseMod","Bestiary","Better Note","Block Reminder","Colored Powertips","Curses Come First","DeckTracker","Minty Spire (QoL Compilation)","Quick Restart","Rare Cards Sparkle","Relic Stats","StSLib"],"gold_per_floor":[16,16,32,32,32,32,68,68,115,115,136,185,185,185,185,278,278,299,299,299,282,16,16,16],"floor_reached":23,"language":"ENG","playtime":672,"items_purged":["Writhe"],"score":370,"play_id":"66b660c1-4b2d-45b0-861f-88d1ec4e3304","local_time":"20210207144630","is_ascension_mode":true,"campfire_choices":[{"floor":6,"key":"REST"},{"data":"Armaments","floor":8,"key":"SMITH"},{"floor":10,"key":"REST"},{"data":"Bash","floor":13,"key":"SMITH"},{"data":"Disarm","floor":15,"key":"SMITH"}],"circlet_count":0,"master_deck":["AscendersBane","Strike_R","Strike_R","Defend_R","Defend_R","Defend_R+1","Defend_R","Bash+1","Rage","Thunderclap","Ghostly Armor+1","Dropkick","Armaments+1","Disarm+1","Berserk","Whirlwind","Fire Breathing","Flex","Thunderclap"],"relics":["Burning Blood","Golden Idol","Potion Belt","War Paint","Anchor","Fusion Hammer","Dream Catcher"],"acts_visited":["Exordium","TheCity"],"potions_floor_usage":[7,14,16,16,23],"damage_taken":[{"damage":24,"enemies":"Jaw Worm","floor":1,"turns":4},{"damage":0,"enemies":"2 Louse","floor":3,"turns":3},{"damage":13,"enemies":"3 Sentries","floor":7,"turns":8},{"damage":3,"enemies":"Small Slimes","floor":11,"turns":4},{"damage":85,"enemies":"Slime Boss","floor":16,"turns":14},{"damage":8,"enemies":"Shell Parasite","floor":18,"turns":7},{"damage":22,"enemies":"2 Thieves","floor":21,"turns":4},{"damage":74,"enemies":"Slavers","floor":23,"turns":4}],"seed_played":"4952344910810642856","potions_obtained":[{"floor":1,"key":"FairyPotion"},{"floor":3,"key":"DistilledChaos"},{"floor":7,"key":"Weak Potion"},{"floor":14,"key":"AttackPotion"},{"floor":14,"key":"Fruit Juice"}],"is_trial":false,"path_per_floor":["M","?","M","?","?","R","E","R","T","R","M","T","R","?","R","B",null,"M","?","?","M","$","E"],"character_chosen":"IRONCLAD","items_purchased":["Flex","Regen Potion","Thunderclap"],"campfire_rested":2,"item_purchase_floors":[22,22,22],"current_hp_per_floor":[50,24,30,23,23,45,38,38,38,60,63,63,63,68,68,18,65,63,63,63,47,47,0,0],"gold":16,"neow_bonus":"TRANSFORM_TWO_CARDS","is_daily":false,"chose_seed":false,"campfire_upgraded":3,"win_rate":0.0,"timestamp":1612673190,"path_taken":["M","?","M","?","?","R","E","R","T","R","M","?","R","?","R","BOSS","M","?","?","?","?","E"],"items_purchased_type":["Card","Potion","Card"],"build_version":"2020-12-22","purchased_purges":1,"victory":false,"max_hp_per_floor":[75,75,75,75,75,75,75,75,75,75,75,75,75,80,80,80,80,80,80,80,80,80,80,80],"relic_stats":{"Dream Catcher":0,"counters":[8,48],"Golden Idol":42,"War Paint":["Ghostly Armor","Defend_R"],"obtain_stats":[{"Potion Belt":7,"Anchor":12,"Dream Catcher":20,"Golden Idol":2,"Fusion Hammer":17,"War Paint":9,"Burning Blood":0},{"Potion Belt":3,"Anchor":4,"Dream Catcher":6,"Golden Idol":1,"Fusion Hammer":5,"War Paint":3,"Burning Blood":0},{"Potion Belt":15,"Anchor":19,"Dream Catcher":40,"Golden Idol":4,"Fusion Hammer":33,"War Paint":15,"Burning Blood":0}],"Burning Blood":42},"card_choices":[{"not_picked":["Rage","Havoc"],"picked":"Ghostly Armor","floor":1},{"not_picked":["Inflame","Entrench"],"picked":"Dropkick","floor":3},{"not_picked":["Corruption","Hemokinesis"],"picked":"Armaments","floor":7},{"not_picked":["True Grit","Wild Strike"],"picked":"Disarm","floor":11},{"not_picked":["Feed","Bludgeon"],"picked":"Berserk","floor":16},{"not_picked":["Sever Soul","Anger","Wild Strike"],"picked":"SKIP","floor":18},{"not_picked":["Searing Blow","Bloodletting"],"picked":"Fire Breathing","floor":21}],"player_experience":2331235,"relics_obtained":[{"floor":7,"key":"Potion Belt"},{"floor":9,"key":"War Paint"},{"floor":12,"key":"Anchor"}],"event_choices":[{"damage_healed":0,"gold_gain":0,"player_choice":"Take Damage","damage_taken":26,"relics_obtained":["Golden Idol"],"max_hp_gain":0,"max_hp_loss":0,"event_name":"Golden Idol","floor":2,"gold_loss":0},{"cards_removed":["Strike_R"],"damage_healed":0,"gold_gain":0,"player_choice":"Card Removal","damage_taken":7,"max_hp_gain":0,"max_hp_loss":0,"event_name":"Golden Wing","floor":4,"gold_loss":0},{"damage_healed":0,"gold_gain":0,"player_choice":"Ignored","damage_taken":0,"max_hp_gain":0,"max_hp_loss":0,"event_name":"Shining Light","floor":5,"gold_loss":0},{"damage_healed":0,"gold_gain":0,"player_choice":"Got Potions","damage_taken":0,"max_hp_gain":0,"max_hp_loss":0,"event_name":"Lab","floor":14,"gold_loss":0},{"damage_healed":0,"gold_gain":0,"player_choice":"Read","damage_taken":0,"max_hp_gain":0,"max_hp_loss":0,"event_name":"The Library","floor":19,"gold_loss":0,"cards_obtained":["Whirlwind"]},{"damage_healed":0,"gold_gain":0,"player_choice":"Opened","damage_taken":0,"relics_obtained":["Dream Catcher"],"max_hp_gain":0,"max_hp_loss":0,"event_name":"The Mausoleum","floor":20,"gold_loss":0,"cards_obtained":["Writhe"]}],"is_beta":false,"boss_relics":[{"not_picked":["Astrolabe","Runic Dome"],"picked":"Fusion Hammer"}],"items_purged_floors":[22],"is_endless":false,"potions_floor_spawned":[1,3,7],"killed_by":"Slavers","ascension_level":20}}