{"host":"eaiphzh066bwqdh7","time":1612737022,"event":{"mods":["BaseMod","Better Note","Halation","Hubris","Minty Spire (QoL Compilation)","Reliquary","Replay The Spire","StSLib"],"gold_per_floor":[119,69,69,80,93,93,128,145,145,145,165,194,194,212,212,317,317,332,332,332,66,66,66,80,98,98,98,98],"floor_reached":27,"language":"ENG","playtime":643,"items_purged":[],"score":268,"play_id":"23c65c8b-c157-4aab-b86c-335f4390cf23","local_time":"20210207173022","is_ascension_mode":true,"campfire_choices":[{"data":"Survivor","floor":6,"key":"SMITH"},{"floor":10,"key":"REST"},{"floor":13,"key":"REST"},{"floor":15,"key":"REST"},{"floor":23,"key":"REST"}],"circlet_count":0,"master_deck":["Strike_G","Strike_G","Strike_G","Strike_G","Defend_G","Defend_G","Defend_G","Defend_G","Defend_G","Survivor+1","Neutralize","Slice","Slice","Corpse Explosion","Crippling Poison","Backflip","Deadly Poison","Corpse Explosion","Unload+1"],"relics":["NeowsBlessing","Sizzling Blood","reliquary:Aerogel","Omamori","HornCleat","WristBlade","MutagenicStrength","reliquary:PorcupineQuills","Orichalcum"],"acts_visited":["Exordium","TheCity"],"potions_floor_usage":[12,16,27,27],"damage_taken":[{"damage":0,"enemies":"Jaw Worm","floor":1,"turns":1},{"damage":0,"enemies":"Small Slimes","floor":4,"turns":1},{"damage":0,"enemies":"Cultist","floor":5,"turns":1},{"damage":60,"enemies":"3 Sentries","floor":7,"turns":15},{"damage":0,"enemies":"Lots of Slimes","floor":8,"turns":1},{"damage":10,"enemies":"Exordium Thugs","floor":11,"turns":3},{"damage":13,"enemies":"Gremlin Nob","floor":12,"turns":4},{"damage":0,"enemies":"Large Slime","floor":14,"turns":6},{"damage":52,"enemies":"Hexaghost","floor":16,"turns":10},{"damage":33,"enemies":"3 Byrds","floor":18,"turns":3},{"damage":19,"enemies":"2 Thieves","floor":24,"turns":2},{"damage":47,"enemies":"Shelled Parasite and Fungi","floor":25,"turns":7},{"damage":12,"enemies":"Snake Plant","floor":27,"turns":1}],"seed_played":"4932041632834770468","potions_obtained":[{"floor":4,"key":"Dexterity Potion"},{"floor":11,"key":"Strength Potion"},{"floor":12,"key":"PowerPotion"},{"floor":25,"key":"SpeedPotion"}],"is_trial":false,"path_per_floor":["M","?","?","M","M","R","E","M","T","R","M","E","R","M","R","B",null,"M","?","?","$","$","R","M","M","T","M"],"character_chosen":"THE_SILENT","items_purchased":["reliquary:PorcupineQuills","Unload+1"],"campfire_rested":4,"item_purchase_floors":[21,21],"current_hp_per_floor":[70,70,74,74,74,74,18,22,22,44,38,29,51,55,74,26,74,45,45,45,45,45,67,52,9,9,0,0],"gold":98,"neow_bonus":"THREE_ENEMY_KILL","is_daily":false,"chose_seed":false,"campfire_upgraded":1,"win_rate":0.0,"timestamp":1612737022,"path_taken":["M","?","?","M","M","R","E","M","T","R","M","E","R","M","R","BOSS","M","?","?","?","$","R","M","M","T","?"],"items_purchased_type":["Relic","Card"],"build_version":"2020-12-22","purchased_purges":0,"victory":false,"max_hp_per_floor":[70,70,74,74,74,74,74,74,74,74,74,74,74,74,74,74,74,74,74,74,74,74,74,74,74,74,74,74],"card_choices":[{"not_picked":["Bane","Heel Hook"],"picked":"Slice","floor":1},{"not_picked":["Reflex","ReplayTheSpireMod:Exploit Weakness"],"picked":"Slice","floor":4},{"not_picked":["Dagger Spray","Underhanded Strike","Deadly Poison"],"picked":"SKIP","floor":5},{"not_picked":["Calculated Gamble","Dagger Spray"],"picked":"Corpse Explosion","floor":7},{"not_picked":["Bane","PiercingWail"],"picked":"Crippling Poison","floor":8},{"not_picked":["Footwork","Blur"],"picked":"Backflip","floor":11},{"not_picked":["Tools of the Trade","Predator"],"picked":"Deadly Poison","floor":12},{"not_picked":["PiercingWail","Terror","Dagger Spray"],"picked":"SKIP","floor":14},{"not_picked":["Night Terror","ReplayTheSpireMod:From All Sides"],"picked":"Corpse Explosion","floor":16},{"not_picked":["Dodge and Roll","Dagger Throw","Accuracy"],"picked":"SKIP","floor":18},{"not_picked":["Accuracy","Acrobatics","hubris:SlightOfHand"],"picked":"SKIP","floor":24},{"not_picked":["Masterful Stab","Distraction","ReplayTheSpireMod:Exploit Weakness+1"],"picked":"SKIP","floor":25}],"player_experience":275483,"relics_obtained":[{"floor":7,"key":"reliquary:Aerogel"},{"floor":9,"key":"Omamori"},{"floor":12,"key":"HornCleat"},{"floor":26,"key":"Orichalcum"}],"event_choices":[{"cards_removed":["Strike_G"],"damage_healed":0,"gold_gain":0,"player_choice":"Card Removal","damage_taken":0,"max_hp_gain":0,"max_hp_loss":0,"event_name":"The Cleric","floor":2,"gold_loss":50},{"damage_healed":0,"gold_gain":0,"player_choice":"Inject Mutagens","damage_taken":0,"relics_obtained":["MutagenicStrength"],"max_hp_gain":0,"max_hp_loss":0,"event_name":"Drug Dealer","floor":20,"gold_loss":0}],"is_beta":false,"boss_relics":[{"not_picked":["halation:LoveArrow","ChewingGum"],"picked":"WristBlade"}],"items_purged_floors":[],"is_endless":false,"potions_floor_spawned":[4,11,12,25],"killed_by":"Snake Plant","ascension_level":4}}