{"host":"hjajo0rafoe1e6c4","time":1612674320,"event":{"mods":["AchievementEnabler","BaseMod","Bestiary","Colored Map","Colored Powertips","Downfall","Highlight Path","Minty Spire (QoL Compilation)","Relic Stats","StSLib"],"gold_per_floor":[116,129,79,96,96,96,96,96,119,138,138,152,166,166,166,290,290,311,13,27,27,27,27,62,62,62,86,109,109,109],"floor_reached":29,"language":"ENG","playtime":596,"items_purged":[],"score":235,"play_id":"ae353069-d58e-44f6-bec1-500679e38e0a","local_time":"20210207000520","is_ascension_mode":false,"campfire_choices":[{"data":"Bash","floor":6,"key":"SMITH"},{"data":"Anger","floor":15,"key":"SMITH"},{"data":"Sword Boomerang","floor":23,"key":"SMITH"}],"circlet_count":0,"master_deck":["Strike_R","Strike_R","Strike_R","Strike_R","Defend_R","Defend_R+1","Defend_R","Defend_R+1","Bash+1","Rage+1","Iron Wave","Anger+1","Pummel+1","Feed","Combust+1","Sword Boomerang+1","Shame","Writhe","Pummel","Blood for Blood","Reckless Charge"],"relics":["Black Blood","NeowsBlessing","Golden Idol","Dream Catcher","MealTicket","Sling","Strawberry","Toy Ornithopter","War Paint","Bag of Marbles","Matryoshka"],"acts_visited":["Exordium","TheCity"],"potions_floor_usage":[10,16,24,27,28],"damage_taken":[{"damage":0,"enemies":"Small Slimes","floor":1,"turns":1},{"damage":0,"enemies":"2 Louse","floor":2,"turns":1},{"damage":0,"enemies":"Jaw Worm","floor":4,"turns":1},{"damage":4,"enemies":"Gremlin Gang","floor":10,"turns":3},{"damage":5,"enemies":"Looter","floor":12,"turns":3},{"damage":11,"enemies":"Lots of Slimes","floor":13,"turns":5},{"damage":23,"enemies":"Slime Boss","floor":16,"turns":7},{"damage":21,"enemies":"Chosen","floor":18,"turns":5},{"damage":23,"enemies":"3 Byrds","floor":20,"turns":4},{"damage":49,"enemies":"Slavers","floor":24,"turns":5},{"damage":27,"enemies":"Snecko","floor":27,"turns":6},{"damage":48,"enemies":"Centurion and Healer","floor":28,"turns":7},{"damage":23,"enemies":"3 Cultists","floor":29,"turns":4}],"seed_played":"4071433882135811853","potions_obtained":[{"floor":4,"key":"Explosive Potion"},{"floor":12,"key":"Strength Potion"},{"floor":13,"key":"Block Potion"},{"floor":16,"key":"ElixirPotion"},{"floor":20,"key":"sneckomod:MuddlingPotion"},{"floor":28,"key":"SpeedPotion"}],"is_trial":false,"path_per_floor":["M","M","?","M","?","R","?","$","T","M","?","M","M","?","R","B",null,"M","$","M","?","?","R","E","$","T","M","M","M"],"character_chosen":"IRONCLAD","items_purchased":["Sling","Strawberry"],"campfire_rested":0,"item_purchase_floors":[19,19],"current_hp_per_floor":[80,80,80,80,60,60,60,60,60,62,59,60,55,55,55,38,80,71,87,79,79,79,79,47,62,62,52,21,0,0],"gold":109,"neow_bonus":"THREE_ENEMY_KILL","is_daily":false,"chose_seed":false,"campfire_upgraded":3,"win_rate":0.0,"timestamp":1612674320,"path_taken":["M","M","?","M","?","R","?","$","T","M","?","?","?","?","R","BOSS","M","$","?","?","?","R","E","?","T","M","M","?"],"items_purchased_type":["Relic","Relic"],"build_version":"2020-12-22","purchased_purges":0,"victory":false,"max_hp_per_floor":[80,80,80,80,80,80,80,80,80,80,80,80,80,80,80,80,80,80,87,90,90,90,90,90,90,90,90,90,90,90],"relic_stats":{"Dream Catcher":0,"counters":[13,52],"Golden Idol":59,"Black Blood":84,"MealTicket":24,"War Paint":["Defend_R","Defend_R"],"obtain_stats":[{"Dream Catcher":9,"Matryoshka":26,"NeowsBlessing":0,"Golden Idol":5,"Strawberry":19,"Black Blood":17,"MealTicket":11,"Bag of Marbles":24,"War Paint":22,"Sling":19,"Burning Blood":0,"Toy Ornithopter":21},{"Dream Catcher":3,"Matryoshka":10,"NeowsBlessing":0,"Golden Idol":3,"Strawberry":8,"Black Blood":7,"MealTicket":4,"Bag of Marbles":10,"War Paint":9,"Sling":8,"Burning Blood":0,"Toy Ornithopter":9},{"Dream Catcher":3,"Matryoshka":35,"NeowsBlessing":0,"Golden Idol":3,"Strawberry":26,"Black Blood":21,"MealTicket":6,"Bag of Marbles":35,"War Paint":30,"Sling":26,"Burning Blood":0,"Toy Ornithopter":30}],"Toy Ornithopter":15},"card_choices":[{"not_picked":["Clash","Rupture"],"picked":"Rage","floor":1},{"not_picked":["Twin Strike","Power Through","Heavy Blade"],"picked":"SKIP","floor":2},{"not_picked":["Body Slam","Thunderclap"],"picked":"Iron Wave","floor":4},{"not_picked":["Iron Wave","Rage"],"picked":"Anger","floor":10},{"not_picked":["Heavy Blade","Thunderclap","Dual Wield"],"picked":"SKIP","floor":12},{"not_picked":["Entrench","True Grit"],"picked":"Pummel","floor":13},{"not_picked":["Juggernaut","Reaper"],"picked":"Feed","floor":16},{"not_picked":["Body Slam","Wild Strike"],"picked":"Combust+1","floor":18},{"not_picked":["Blood for Blood","Headbutt"],"picked":"Sword Boomerang","floor":20},{"not_picked":["Reckless Charge+1","Shrug It Off+1"],"picked":"Pummel","floor":24},{"not_picked":["Heavy Blade+1","Metallicize+1"],"picked":"Blood for Blood","floor":27},{"not_picked":["Twin Strike","Dual Wield+1"],"picked":"Reckless Charge","floor":28}],"player_experience":252971,"relics_obtained":[{"floor":9,"key":"Dream Catcher"},{"floor":24,"key":"Bag of Marbles"},{"floor":26,"key":"Matryoshka"}],"event_choices":[{"cards_removed":["Strike_R"],"damage_healed":0,"gold_gain":0,"player_choice":"Card Removal","damage_taken":0,"max_hp_gain":0,"max_hp_loss":0,"event_name":"The Cleric","floor":3,"gold_loss":50},{"damage_healed":0,"gold_gain":0,"player_choice":"Take Damage","damage_taken":20,"relics_obtained":["Golden Idol"],"max_hp_gain":0,"max_hp_loss":0,"event_name":"Golden Idol","floor":5,"gold_loss":0},{"damage_healed":0,"gold_gain":0,"player_choice":"Grow","damage_taken":0,"max_hp_gain":0,"max_hp_loss":0,"event_name":"Living Wall","floor":7,"gold_loss":0,"cards_upgraded":["Rage"]},{"damage_healed":0,"gold_gain":0,"player_choice":"Success","damage_taken":3,"relics_obtained":["MealTicket"],"max_hp_gain":0,"max_hp_loss":0,"event_name":"Scrap Ooze","floor":11,"gold_loss":0},{"damage_healed":0,"gold_gain":0,"player_choice":"Forge","damage_taken":0,"max_hp_gain":0,"max_hp_loss":0,"event_name":"Accursed Blacksmith","floor":14,"gold_loss":0,"cards_upgraded":["Pummel"]},{"damage_healed":0,"gold_gain":0,"player_choice":"Stole Relic","damage_taken":0,"relics_obtained":["Toy Ornithopter"],"max_hp_gain":0,"max_hp_loss":0,"event_name":"Addict","floor":21,"gold_loss":0,"cards_obtained":["Shame"]},{"damage_healed":0,"gold_gain":0,"player_choice":"Opened","damage_taken":0,"relics_obtained":["War Paint"],"max_hp_gain":0,"max_hp_loss":0,"event_name":"The Mausoleum","floor":22,"gold_loss":0,"cards_obtained":["Writhe"]}],"is_beta":false,"boss_relics":[{"not_picked":["Philosopher\u0027s Stone","Mark of Pain"],"picked":"Black Blood"}],"items_purged_floors":[],"is_endless":false,"potions_floor_spawned":[4,12,13,16,20,28],"killed_by":"3 Cultists","ascension_level":0}}