{"host":"06e3yyzgn8o619wl","time":1612711170,"event":{"mods":["BaseMod","Block Reminder","Colored Map","Colored Powertips","DeckTracker","Minty Spire (QoL Compilation)","Permanent Neow","Relic Stats","StSLib"],"gold_per_floor":[111,122,133,35,55,86,86,120,120,154,154,54,86,86,86,189,189,199,199,212,223,243,243,44,61,112,112,123,151,151,181,181,284,284,301,301,261,279,289,289,9,20,47,47,47,57,73,89,89,89],"floor_reached":51,"language":"JPN","playtime":3818,"items_purged":["Defend_P","Strike_P","Strike_P"],"score":1191,"play_id":"fc1d0444-1f3d-460f-b6c0-cec91d9d513f","local_time":"20210208001930","is_ascension_mode":true,"campfire_choices":[{"data":"Eruption","floor":7.0,"key":"SMITH"},{"data":"1","floor":15.0,"key":"LIFT"},{"data":"2","floor":23.0,"key":"LIFT"},{"floor":27.0,"key":"REST"},{"data":"3","floor":30.0,"key":"LIFT"},{"data":"ThirdEye","floor":32.0,"key":"SMITH"},{"data":"Protect","floor":40.0,"key":"SMITH"},{"floor":44.0,"key":"REST"},{"floor":49,"key":"REST"}],"circlet_count":0,"master_deck":["AscendersBane","Strike_P","Defend_P","Eruption+1","Vigilance+1","CurseOfTheBell","CrushJoints+1","JustLucky","Wireheading","CutThroughFate","Judgement+1","FlurryOfBlows","Protect+1","Vault","FearNoEvil+1","SpiritShield+1","Collect+1","FlurryOfBlows+1","ThirdEye+1","CutThroughFate","Tantrum","DeceiveReality+1","Meditate","ClearTheMind+1","EmptyBody","Wallop"],"relics":["Calling Bell","PreservedInsect","HornCleat","CaptainsWheel","Ancient Tea Set","CloakClasp","Calipers","Girya","Pocketwatch","Astrolabe","Bag of Preparation","The Courier","Omamori","SlaversCollar","Oddly Smooth Stone","Damaru","Vajra"],"acts_visited":["Exordium","TheCity","TheBeyond"],"potions_floor_usage":[50,50,50],"damage_taken":[{"damage":0.0,"enemies":"2 Louse","floor":1.0,"turns":4.0},{"damage":0.0,"enemies":"Cultist","floor":2.0,"turns":3.0},{"damage":0.0,"enemies":"Jaw Worm","floor":3.0,"turns":3.0},{"damage":0.0,"enemies":"Blue Slaver","floor":5.0,"turns":3.0},{"damage":5.0,"enemies":"3 Sentries","floor":6.0,"turns":6.0},{"damage":2.0,"enemies":"Lagavulin","floor":8.0,"turns":4.0},{"damage":0.0,"enemies":"3 Sentries","floor":10.0,"turns":3.0},{"damage":0.0,"enemies":"Lagavulin","floor":13.0,"turns":4.0},{"damage":5.0,"enemies":"Hexaghost","floor":16.0,"turns":7.0},{"damage":0.0,"enemies":"Spheric Guardian","floor":18.0,"turns":2.0},{"damage":2.0,"enemies":"Chosen","floor":20.0,"turns":3.0},{"damage":10.0,"enemies":"Centurion and Healer","floor":21.0,"turns":5.0},{"damage":4.0,"enemies":"Shelled Parasite and Fungi","floor":22.0,"turns":3.0},{"damage":22.0,"enemies":"Snake Plant","floor":25.0,"turns":2.0},{"damage":0.0,"enemies":"3 Cultists","floor":28.0,"turns":3.0},{"damage":0.0,"enemies":"Slavers","floor":29.0,"turns":2.0},{"damage":7.0,"enemies":"Gremlin Leader","floor":31.0,"turns":2.0},{"damage":21.0,"enemies":"Collector","floor":33.0,"turns":10.0},{"damage":22.0,"enemies":"3 Shapes","floor":35.0,"turns":3.0},{"damage":0.0,"enemies":"Orb Walker","floor":38.0,"turns":2.0},{"damage":0.0,"enemies":"Sphere and 2 Shapes","floor":39.0,"turns":3.0},{"damage":0.0,"enemies":"Spire Growth","floor":42.0,"turns":3.0},{"damage":0.0,"enemies":"4 Shapes","floor":46.0,"turns":2.0},{"damage":0.0,"enemies":"Sphere and 2 Shapes","floor":47.0,"turns":3.0},{"damage":0.0,"enemies":"Jaw Worm Horde","floor":48.0,"turns":3.0},{"damage":0,"enemies":"Time Eater","floor":50,"turns":5}],"seed_played":"-1844195851801316438","potions_obtained":[{"floor":1.0,"key":"Ancient Potion"},{"floor":5.0,"key":"Strength Potion"},{"floor":8.0,"key":"Dexterity Potion"},{"floor":33.0,"key":"LiquidMemories"},{"floor":39.0,"key":"PowerPotion"},{"floor":46.0,"key":"Strength Potion"}],"is_trial":false,"path_per_floor":["M","M","M","$","M","E","R","E","T","E","?","$","E","?","R","B",null,"M","?","M","M","M","R","$","M","T","R","M","E","R","E","R","B",null,"M","?","?","M","M","R","$","M","T","R","$","M","M","M","R","B",null],"character_chosen":"WATCHER","items_purchased":["CutThroughFate","Tantrum","Oddly Smooth Stone","EmptyBody","Damaru"],"campfire_rested":3,"item_purchase_floors":[4,24,41,41,41],"current_hp_per_floor":[65,65,65,65,65,60,60,58,58,58,58,58,58,58,58,53,67,67,67,65,55,51,51,51,29,29,50,50,50,50,43,43,22,60,38,38,38,38,38,38,38,38,38,59,59,59,59,59,72,72],"gold":89,"neow_bonus":"BOSS_RELIC","is_daily":false,"chose_seed":false,"campfire_upgraded":3,"win_rate":0.0,"timestamp":1612711170,"path_taken":["M","M","M","$","M","E","R","E","T","E","?","?","E","?","R","BOSS","M","?","?","?","M","R","$","M","T","R","M","E","R","E","R","BOSS","M","?","?","?","M","R","$","M","T","R","$","M","M","M","R","BOSS"],"items_purchased_type":["Card","Card","Relic","Card","Relic"],"build_version":"2020-12-22","purchased_purges":3,"victory":true,"max_hp_per_floor":[72,72,72,72,72,72,72,72,72,72,72,72,72,72,72,72,72,72,72,72,72,72,72,72,72,72,72,72,72,72,72,72,72,72,72,72,72,72,72,72,72,72,72,72,72,72,72,72,72,72],"relic_stats":{"counters":[26,93],"Astrolabe":["FearNoEvil","SpiritShield","Collect"],"PreservedInsect":212,"CloakClasp":[140],"Bag of Preparation":[24],"obtain_stats":[{"Girya":10,"Calipers":9,"Astrolabe":17,"Oddly Smooth Stone":41,"Damaru":41,"Vajra":43,"PreservedInsect":0,"The Courier":29,"CloakClasp":8,"Bag of Preparation":26,"Omamori":31,"Ancient Tea Set":6,"Calling Bell":0,"SlaversCollar":34,"CaptainsWheel":0,"HornCleat":0,"PureWater":0,"Pocketwatch":13},{"Girya":7,"Calipers":6,"Astrolabe":9,"Oddly Smooth Stone":21,"Damaru":21,"Vajra":22,"PreservedInsect":0,"The Courier":16,"CloakClasp":6,"Bag of Preparation":14,"Omamori":17,"Ancient Tea Set":5,"Calling Bell":0,"SlaversCollar":18,"CaptainsWheel":0,"HornCleat":0,"PureWater":0,"Pocketwatch":8},{"Girya":26,"Calipers":23,"Astrolabe":37,"Oddly Smooth Stone":77,"Damaru":77,"Vajra":80,"PreservedInsect":0,"The Courier":57,"CloakClasp":23,"Bag of Preparation":52,"Omamori":59,"Ancient Tea Set":19,"Calling Bell":0,"SlaversCollar":69,"CaptainsWheel":0,"HornCleat":0,"PureWater":0,"Pocketwatch":30}],"Pocketwatch":[39]},"card_choices":[{"not_picked":["Protect","WindmillStrike"],"picked":"CrushJoints","floor":1.0},{"not_picked":["Worship","Prostrate"],"picked":"JustLucky","floor":2.0},{"not_picked":["FlyingSleeves","WreathOfFlame"],"picked":"Wireheading","floor":3.0},{"not_picked":["Perseverance","PathToVictory"],"picked":"EmptyFist","floor":5.0},{"not_picked":["FlyingSleeves","FollowUp"],"picked":"Judgement","floor":6.0},{"not_picked":["InnerPeace","JustLucky"],"picked":"FlurryOfBlows","floor":8.0},{"not_picked":["Consecrate","Establishment","CrushJoints"],"picked":"SKIP","floor":10.0},{"not_picked":["SashWhip","Fasting2"],"picked":"Protect","floor":13.0},{"not_picked":["Blasphemy","Alpha"],"picked":"Vault","floor":16.0},{"not_picked":["CutThroughFate","Prostrate"],"picked":"FlurryOfBlows+1","floor":18.0},{"not_picked":["Protect","PathToVictory"],"picked":"ThirdEye","floor":20.0},{"not_picked":["Alpha","Crescendo"],"picked":"CutThroughFate","floor":21.0},{"not_picked":["Evaluate","ThirdEye","Crescendo+1"],"picked":"SKIP","floor":22.0},{"not_picked":["Consecrate+1","EmptyBody","ThirdEye"],"picked":"SKIP","floor":25.0},{"not_picked":["LikeWater+1","Wireheading","Fasting2+1"],"picked":"SKIP","floor":28.0},{"not_picked":["Crescendo","JustLucky"],"picked":"DeceiveReality+1","floor":29.0},{"not_picked":["JustLucky+1","CrushJoints"],"picked":"Meditate","floor":31.0},{"not_picked":["CutThroughFate","FlurryOfBlows+1"],"picked":"ClearTheMind+1","floor":35.0},{"not_picked":["Vault","Protect","Consecrate"],"picked":"SKIP","floor":38.0},{"not_picked":["JustLucky","Halt","WindmillStrike+1"],"picked":"SKIP","floor":39.0},{"not_picked":["PathToVictory+1","CutThroughFate","SpiritShield"],"picked":"SKIP","floor":42.0},{"not_picked":["FlyingSleeves","Collect"],"picked":"Wallop","floor":46.0},{"not_picked":["EmptyBody","FlurryOfBlows","Nirvana+1"],"picked":"SKIP","floor":47.0},{"not_picked":["Worship","Conclude","Evaluate+1"],"picked":"SKIP","floor":48.0}],"player_experience":169583,"relics_obtained":[{"floor":0.0,"key":"PreservedInsect"},{"floor":0.0,"key":"HornCleat"},{"floor":0.0,"key":"CaptainsWheel"},{"floor":6.0,"key":"Ancient Tea Set"},{"floor":8.0,"key":"CloakClasp"},{"floor":9.0,"key":"Calipers"},{"floor":10.0,"key":"Girya"},{"floor":13.0,"key":"Pocketwatch"},{"floor":26.0,"key":"Bag of Preparation"},{"floor":29.0,"key":"The Courier"},{"floor":31.0,"key":"Omamori"},{"floor":43.0,"key":"Vajra"}],"event_choices":[{"damage_healed":0.0,"max_hp_gain":0.0,"max_hp_loss":0.0,"gold_gain":0.0,"event_name":"Accursed Blacksmith","player_choice":"Forge","floor":11.0,"gold_loss":0.0,"damage_taken":0.0,"cards_upgraded":["Judgement"]},{"damage_healed":0.0,"max_hp_gain":0.0,"max_hp_loss":0.0,"gold_gain":0.0,"event_name":"Liars Game","player_choice":"Ignored","floor":14.0,"gold_loss":0.0,"damage_taken":0.0},{"damage_healed":0.0,"max_hp_gain":0.0,"max_hp_loss":0.0,"gold_gain":0.0,"event_name":"N\u0027loth","player_choice":"Ignored","floor":19.0,"gold_loss":0.0,"damage_taken":0.0},{"cards_removed":["EmptyFist"],"damage_healed":0.0,"max_hp_gain":0.0,"max_hp_loss":0.0,"gold_gain":0.0,"event_name":"Falling","player_choice":"Removed Attack","floor":36.0,"gold_loss":0.0,"damage_taken":0.0},{"damage_healed":0.0,"max_hp_gain":0.0,"max_hp_loss":0.0,"gold_gain":0.0,"event_name":"Designer","player_choice":"Upgraded Two","floor":37.0,"gold_loss":40.0,"damage_taken":0.0,"cards_upgraded":["Vigilance","CrushJoints"]}],"is_beta":false,"boss_relics":[{"not_picked":["Pandora\u0027s Box","Empty Cage"],"picked":"Astrolabe"},{"not_picked":["Philosopher\u0027s Stone","Tiny House"],"picked":"SlaversCollar"}],"items_purged_floors":[4,12,24],"is_endless":false,"potions_floor_spawned":[1,5,8,13,20,21,25,33,39,46,48],"ascension_level":10}}