{"host":"cxvb37eaaiijvrl4","time":1612671776,"event":{"mods":["ATMod(°¢èªMod)","BaseMod","Better Third Choice","Minty Spire (QoL Compilation)","MostiFishMod","Quick Restart","Rare Cards Sparkle","Shop Mod","Spicy Shops","StSLib","TestMod","Uncapped","²ÐÁôÖ®Îï"],"gold_per_floor":[112,112,123,143,153,182,182,209,209,209,209],"floor_reached":10,"language":"ZHS","playtime":313,"items_purged":[],"score":156,"play_id":"23e52237-9e4b-4b7b-abba-be8f52d4c2f8","local_time":"20210206202256","is_ascension_mode":true,"campfire_choices":[{"data":"AT_DivineConfetti","floor":7.0,"key":"SMITH"}],"circlet_count":0,"master_deck":["AscendersBane","Strike_R","Strike_R","Strike_R","Defend_R","Defend_R","Defend_R","Defend_R","AT_DivineConfetti+1","Sword Boomerang","Evolve","AT_BodySlamDance","Pommel Strike","Shrug It Off"],"relics":["Burning Blood","testmod-TestBox","DaveBox","AT_ATBox","JellyFishMachine","testmod-TimeTraveler","SynthV:TestCard","AT_BellDemon","Smiling Mask","Bottled Flame","Oddly Smooth Stone"],"acts_visited":["Exordium"],"potions_floor_usage":[],"damage_taken":[{"damage":2.0,"enemies":"Jaw Worm","floor":1.0,"turns":2.0},{"damage":0.0,"enemies":"Cultist","floor":3.0,"turns":3.0},{"damage":0.0,"enemies":"2 Louse","floor":4.0,"turns":1.0},{"damage":7.0,"enemies":"Exordium Thugs","floor":5.0,"turns":4.0},{"damage":30.0,"enemies":"Lagavulin","floor":6.0,"turns":5.0},{"damage":20.0,"enemies":"3 Sentries","floor":8.0,"turns":3.0},{"damage":0,"enemies":"Gremlin Nob","floor":10,"turns":2}],"seed_played":"-4078983891329691276","potions_obtained":[{"floor":4.0,"key":"SteroidPotion"},{"floor":5.0,"key":"EssenceOfSteel"}],"is_trial":false,"path_per_floor":["M","?","M","M","M","E","R","E","T","E"],"character_chosen":"IRONCLAD","items_purchased":[],"campfire_rested":0,"item_purchase_floors":[],"current_hp_per_floor":[54,54,60,66,65,41,41,27,27,27,27],"gold":209,"neow_bonus":"REMOVE_TWO","is_daily":false,"chose_seed":false,"campfire_upgraded":1,"win_rate":0.0,"timestamp":1612671776,"path_taken":["M","?","M","M","M","E","R","E","T","E"],"items_purchased_type":[],"build_version":"2020-12-22","purchased_purges":0,"victory":false,"max_hp_per_floor":[75,75,75,75,75,75,75,75,75,75,75],"card_choices":[{"not_picked":["Cleave","Anger","Warcry"],"picked":"SKIP","floor":1.0},{"not_picked":["AT_BodySlamDance","Body Slam","Bloodletting","Blood for Blood"],"picked":"Sword Boomerang","floor":3.0},{"not_picked":["AT_BodySlamDance","Sever Soul","Infernal Blade","Wild Strike"],"picked":"Evolve","floor":4.0},{"not_picked":["True Grit","Flame Barrier","Perfected Strike","Rage"],"picked":"AT_BodySlamDance","floor":5.0},{"not_picked":["Heavy Blade","Iron Wave","Intimidate","AT_DiedThrough"],"picked":"Pommel Strike","floor":6.0},{"not_picked":["Reaper","Anger","MostiFishMod:BrandingRite","AT_CaressingTears"],"picked":"Shrug It Off","floor":8.0}],"player_experience":752436,"relics_obtained":[{"floor":1.0,"key":"SynthV:TestCard"},{"floor":6.0,"key":"AT_BellDemon"},{"floor":8.0,"key":"Smiling Mask"},{"floor":8.0,"key":"Bottled Flame"},{"floor":9.0,"key":"Oddly Smooth Stone"}],"event_choices":[{"cards_removed":["Bash"],"damage_healed":0.0,"max_hp_gain":0.0,"max_hp_loss":0.0,"gold_gain":0.0,"event_name":"Bonfire Elementals","player_choice":"Offered Basic","floor":2.0,"gold_loss":0.0,"damage_taken":0.0}],"is_beta":false,"boss_relics":[],"items_purged_floors":[],"is_endless":false,"potions_floor_spawned":[4,5],"killed_by":"Gremlin Nob","ascension_level":20}}