{"host":"7s9cy3ihj997zbmc","time":1612692265,"event":{"mods":["Act Like it!","BaseMod","Card Filter","Custom Start","Downfall","Highlight Path","Minty Spire (QoL Compilation)","Permanent Neow","Quick Restart","Relic Filter","Relic Sorter","StSLib","SuperFastMode"],"gold_per_floor":[99,117,217,232,232,245,245,245,272,298,312,326,352,369,279,179,195,195,221,233,244,340,340,240,240,253,264,283,302,315,315,315,315,327,327,251,251,251,251],"floor_reached":37,"language":"ZHS","playtime":1309,"items_purged":["bronze:Replicate","bronze:GetLatest"],"score":285,"play_id":"a7281c57-5c2a-439f-9c27-08140c194a60","local_time":"20210207180425","is_ascension_mode":false,"campfire_choices":[{"data":"bronze:Goto","floor":1.0,"key":"SMITH"},{"data":"bronze:Iterate","floor":16.0,"key":"SMITH"},{"data":"bronze:FineTuning","floor":18.0,"key":"SMITH"},{"data":"bronze:GetLatest","floor":24.0,"key":"SMITH"},{"data":"bronze:FineTuning","floor":33,"key":"SMITH"}],"circlet_count":0,"master_deck":["bronze:Goto+1","bronze:Verify","bronze:Iterate+1","bronze:Assembly","bronze:Iterate","bronze:FineTuning+1","bronze:Verify+1","bronze:Virus","bronze:Assembly","bronze:BronzeOrb","bronze:WhirlingStrike","bronze:GetLatest+1","bronze:MaxOutput+1","bronze:DelayedGuard+1","bronze:FineTuning+1","bronze:ChildClass+1","bronze:Return"],"relics":["bronze:BronzeCore","Nunchaku","Lantern","Shuriken","downfall:HeartBlessingBlue","Frozen Egg 2","Pandora\u0027s Box","downfall:HeartBlessingGreen","Happy Flower","Mummified Hand","ClockworkSouvenir"],"acts_visited":["Exordium","TheCity"],"potions_floor_usage":[],"damage_taken":[{"damage":4.0,"enemies":"2 Louse","floor":2.0,"turns":3.0},{"damage":0.0,"enemies":"Small Slimes","floor":4.0,"turns":3.0},{"damage":5.0,"enemies":"Jaw Worm","floor":6.0,"turns":5.0},{"damage":6.0,"enemies":"Blue Slaver","floor":11.0,"turns":4.0},{"damage":5.0,"enemies":"3 Louse","floor":12.0,"turns":3.0},{"damage":3.0,"enemies":"Lagavulin","floor":13.0,"turns":4.0},{"damage":5.0,"enemies":"2 Fungi Beasts","floor":14.0,"turns":3.0},{"damage":0.0,"enemies":"downfall:FleeingMerchant","floor":15.0,"turns":4.0},{"damage":11.0,"enemies":"Gremlin Gang","floor":17.0,"turns":4.0},{"damage":18.0,"enemies":"Gremlin Nob","floor":19.0,"turns":3.0},{"damage":0.0,"enemies":"Red Slaver","floor":20.0,"turns":1.0},{"damage":11.0,"enemies":"3 Louse","floor":21.0,"turns":4.0},{"damage":4.0,"enemies":"SI_SHIV_ARCHETYPE","floor":22.0,"turns":5.0},{"damage":0.0,"enemies":"Chosen","floor":25.0,"turns":1.0},{"damage":3.0,"enemies":"Shell Parasite","floor":26.0,"turns":4.0},{"damage":9.0,"enemies":"Shelled Parasite and Fungi","floor":27.0,"turns":2.0},{"damage":28.0,"enemies":"Centurion and Healer","floor":28.0,"turns":3.0},{"damage":6,"enemies":"Cultist and Chosen","floor":29,"turns":4},{"damage":0,"enemies":"Sentry and Sphere","floor":30,"turns":2},{"damage":0,"enemies":"Snecko","floor":34,"turns":2},{"damage":15,"enemies":"downfall:FleeingMerchant","floor":36,"turns":4}],"seed_played":"-7425338284519061699","potions_obtained":[{"floor":11.0,"key":"PowerPotion"},{"floor":12.0,"key":"LiquidBronze"},{"floor":14.0,"key":"Slimebound:ThreeZeroPotion"},{"floor":19.0,"key":"bronze:BurnAndBuffPotion"},{"floor":20.0,"key":"SpeedPotion"},{"floor":27.0,"key":"Explosive Potion"},{"floor":30,"key":"Strength Potion"}],"is_trial":false,"path_per_floor":["R","M","?","M","?","M","?","T","T","T","M","M","E","M","$","R","M","R","E","M","M","B",null,"R","M","M","M","M","M","M","T","T","R","M","?","$","?"],"character_chosen":"THE_AUTOMATON","items_purchased":["ClockworkSouvenir","CultistPotion","bronze:Return"],"campfire_rested":0,"item_purchase_floors":[36,36,36],"current_hp_per_floor":[63,59,59,59,59,54,54,54,54,54,48,43,40,35,35,45,34,34,16,16,5,1,73,73,73,70,61,33,27,27,27,27,27,27,27,12,0,0,0],"gold":251,"neow_bonus":"THREE_RARE_CARDS","is_daily":false,"chose_seed":false,"campfire_upgraded":5,"win_rate":0.0,"timestamp":1612692265,"path_taken":["R","M","?","M","?","M","?","?","T","T","M","M","E","M","$","R","?","R","E","M","M","BOSS","R","M","M","M","M","M","M","T","T","R","M","?","$","?"],"items_purchased_type":["Relic","Potion","Card"],"build_version":"2020-12-22","purchased_purges":2,"victory":false,"max_hp_per_floor":[63,63,63,63,63,63,63,63,63,63,63,63,63,63,63,73,73,73,73,73,73,73,73,73,73,73,73,73,73,73,73,73,73,73,73,73,73,73,73],"card_choices":[{"not_picked":["bronze:Assembly","bronze:Mutator"],"picked":"bronze:Verify","floor":0.0},{"not_picked":["bronze:FineTuning","bronze:Deprecate","bronze:Shield"],"picked":"SKIP","floor":2.0},{"not_picked":["bronze:Overload","bronze:WildBeam"],"picked":"bronze:Iterate","floor":4.0},{"not_picked":["bronze:OilSpill","bronze:FollowUp"],"picked":"bronze:Assembly","floor":6.0},{"not_picked":["bronze:BitShift","bronze:BugBarrage","bronze:ItsAFeature"],"picked":"SKIP","floor":11.0},{"not_picked":["bronze:Turbo","bronze:FollowUp"],"picked":"bronze:Iterate","floor":12.0},{"not_picked":["bronze:DarkDash","bronze:Overload","bronze:Backtrace"],"picked":"SKIP","floor":13.0},{"not_picked":["bronze:ItsAFeature","bronze:OilSpill","bronze:Iterate"],"picked":"SKIP","floor":14.0},{"not_picked":["bronze:WhirlingStrike","bronze:RecursiveStrike","bronze:OilSpill"],"picked":"SKIP","floor":15.0},{"not_picked":["bronze:BugBarrage","bronze:WhirlingStrike"],"picked":"bronze:FineTuning","floor":17.0},{"not_picked":["bronze:BitShift","bronze:Philosophize","bronze:GetLatest"],"picked":"SKIP","floor":19.0},{"not_picked":["bronze:Overheat","bronze:HyperBeam","bronze:Branch"],"picked":"SKIP","floor":20.0},{"not_picked":["bronze:OilSpill","bronze:BugBarrage","bronze:Frontload"],"picked":"SKIP","floor":21.0},{"not_picked":["bronze:ShipIt","bronze:Mutator+1"],"picked":"bronze:Verify+1","floor":22.0},{"not_picked":["bronze:OilSpill","bronze:BitShift"],"picked":"bronze:DelayedGuard+1","floor":25.0},{"not_picked":["bronze:OilSpill+1","bronze:Fortify"],"picked":"bronze:FineTuning","floor":26.0},{"not_picked":["bronze:OilSpill+1","bronze:BronzeArmor","bronze:DelayedGuard"],"picked":"SKIP","floor":27.0},{"not_picked":["bronze:Overheat+1","bronze:DigitalCarnage","bronze:ForceShield"],"picked":"SKIP","floor":28.0},{"not_picked":["bronze:BitShift","bronze:Overheat+1","bronze:Invalidate+1"],"picked":"SKIP","floor":29},{"not_picked":["bronze:Optimize+1","bronze:RecursiveStrike"],"picked":"bronze:ChildClass+1","floor":30},{"not_picked":["bronze:BronzeOrb","bronze:WildBeam","bronze:OilSpill"],"picked":"SKIP","floor":34},{"not_picked":["bronze:Overload","bronze:Allocate+1","bronze:Flail+1"],"picked":"SKIP","floor":36}],"player_experience":395746,"relics_obtained":[{"floor":8.0,"key":"Nunchaku"},{"floor":9.0,"key":"Lantern"},{"floor":13.0,"key":"Shuriken"},{"floor":19.0,"key":"Frozen Egg 2"},{"floor":31,"key":"Happy Flower"},{"floor":32,"key":"Mummified Hand"}],"event_choices":[],"is_beta":false,"boss_relics":[{"not_picked":["Astrolabe","bronze:PlatinumCore"],"picked":"Pandora\u0027s Box"}],"items_purged_floors":[15,36],"is_endless":false,"potions_floor_spawned":[11,12,14,19,20,21,27,30],"ascension_level":0}}