{"host":"wttmrzzrx8nzm6lv","time":1612680461,"event":{"mods":["Arknights","BaseMod","Marisa£®ÏF”Í°°ƒß¿Ì…≥£©","Minty Spire (QoL Compilation)","Remilia£®¿Ÿ√◊¿Ú—«£©","StSLib","Youmu£®ªÍ∆«—˝√Œ£©"],"gold_per_floor":[118,132,132,307,307,307,342,357,383,237,237,94,118,154,154,154,154],"floor_reached":16,"language":"ZHS","playtime":303,"items_purged":["Doubt"],"score":158,"play_id":"fdc0ce27-f8f0-4d19-bdc3-390fb37d9239","local_time":"20210207144741","is_ascension_mode":false,"campfire_choices":[{"data":"Feed","floor":6,"key":"SMITH"},{"data":"Whirlwind","floor":11,"key":"SMITH"},{"data":"Bash","floor":15,"key":"SMITH"}],"circlet_count":0,"master_deck":["Strike_R","Strike_R","Strike_R","Strike_R","Defend_R","Defend_R","Defend_R","Defend_R","Bash+1","Feed+1","Whirlwind+1"],"relics":["Burning Blood","NeowsBlessing","Golden Idol","Strawberry","Bag of Marbles","Medical Kit","CeramicFish"],"acts_visited":["Exordium"],"potions_floor_usage":[16,16,16],"damage_taken":[{"damage":0,"enemies":"Cultist","floor":1,"turns":1},{"damage":0,"enemies":"2 Louse","floor":2,"turns":1},{"damage":0,"enemies":"Gremlin Nob","floor":7,"turns":2},{"damage":3,"enemies":"Small Slimes","floor":8,"turns":3},{"damage":10,"enemies":"Looter","floor":13,"turns":4},{"damage":36,"enemies":"Lagavulin","floor":14,"turns":6},{"damage":55,"enemies":"Hexaghost","floor":16,"turns":9}],"seed_played":"-6618466105303666931","potions_obtained":[{"floor":2,"key":"DuplicationPotion"},{"floor":8,"key":"Swift Potion"},{"floor":14,"key":"LiquidMemories"}],"is_trial":false,"path_per_floor":["M","M","?","?","?","R","E","M","T","$","R","$","M","E","R","B"],"character_chosen":"IRONCLAD","items_purchased":["Whirlwind","Medical Kit"],"campfire_rested":0,"item_purchase_floors":[10,12],"current_hp_per_floor":[80,80,80,80,60,60,77,84,84,84,84,84,84,58,58,3,3],"gold":154,"neow_bonus":"THREE_ENEMY_KILL","is_daily":false,"chose_seed":false,"campfire_upgraded":3,"win_rate":0.0,"timestamp":1612680461,"path_taken":["M","?","?","?","?","R","E","M","T","$","R","$","M","E","R","BOSS"],"items_purchased_type":["Card","Relic"],"build_version":"2020-12-22","purchased_purges":1,"victory":false,"max_hp_per_floor":[80,80,80,80,80,80,91,95,95,95,95,95,99,103,103,103,103],"card_choices":[{"not_picked":["Body Slam","Iron Wave","Perfected Strike"],"picked":"SKIP","floor":1},{"not_picked":["Heavy Blade","Shrug It Off","Perfected Strike"],"picked":"SKIP","floor":2},{"not_picked":["Dropkick","Burning Pact","Sword Boomerang"],"picked":"SKIP","floor":7},{"not_picked":["Twin Strike","Heavy Blade","Armaments"],"picked":"SKIP","floor":8},{"not_picked":["Wild Strike","Anger","Uppercut"],"picked":"SKIP","floor":13},{"not_picked":["Seeing Red","Exhume","Shrug It Off"],"picked":"SKIP","floor":14}],"player_experience":748430,"relics_obtained":[{"floor":7,"key":"Strawberry"},{"floor":9,"key":"Bag of Marbles"},{"floor":14,"key":"CeramicFish"}],"event_choices":[{"damage_healed":0,"gold_gain":0,"cards_transformed":["Strike_R"],"player_choice":"Change","damage_taken":0,"max_hp_gain":0,"max_hp_loss":0,"event_name":"Living Wall","floor":3,"gold_loss":0,"cards_obtained":["Feed"]},{"damage_healed":0,"gold_gain":175,"player_choice":"AGREE","damage_taken":0,"max_hp_gain":0,"max_hp_loss":0,"event_name":"Liars Game","floor":4,"gold_loss":0,"cards_obtained":["Doubt"]},{"damage_healed":0,"gold_gain":0,"player_choice":"Take Damage","damage_taken":20,"relics_obtained":["Golden Idol"],"max_hp_gain":0,"max_hp_loss":0,"event_name":"Golden Idol","floor":5,"gold_loss":0}],"is_beta":false,"boss_relics":[],"items_purged_floors":[10],"is_endless":false,"potions_floor_spawned":[2,8,14],"killed_by":"Hexaghost","ascension_level":0}}