{"host":"7wi4qgm5yw4j7oz0","time":1612706413,"event":{"mods":["AchievementEnabler","BaseMod","Block Reminder","Colored Map","Colored Powertips","Highlight Path","Minty Spire (QoL Compilation)","Permanent Neow","Quick Restart","Random Character Button","Rare Cards Sparkle","StSLib","everything is the same but u backflip on backflip"],"gold_per_floor":[119,134,153,167,117,117,117,148,174,57,88,88,99,112,112,217,217,227,227,247,121,141,141,141,141,166,197,211,311,311,110,110,206,206,222,242,252,252,57,92,106,121,146,146,146,96,112,125,125,125,125],"floor_reached":50,"language":"KOR","playtime":3424,"items_purged":["Strike_R","Strike_R","Strike_R","Wild Strike","Madness","Anger+1"],"score":753,"play_id":"375d86ab-ae6e-46c8-8d59-03f9aa8b01e4","local_time":"20210207230013","is_ascension_mode":true,"campfire_choices":[{"data":"Anger","floor":6.0,"key":"SMITH"},{"data":"Bash","floor":12.0,"key":"SMITH"},{"data":"Warcry","floor":15.0,"key":"SMITH"},{"data":"Dual Wield","floor":23.0,"key":"SMITH"},{"data":"Warcry","floor":25.0,"key":"SMITH"},{"data":"Offering","floor":30.0,"key":"SMITH"},{"floor":32.0,"key":"REST"},{"data":"Dark Embrace","floor":44,"key":"SMITH"},{"data":"Madness","floor":49,"key":"SMITH"}],"circlet_count":0,"master_deck":["Defend_R","Defend_R","Bash+1","Dropkick","Shrug It Off","Juggernaut","Dropkick","Flame Barrier","Warcry+1","Offering+1","Burning Pact","Dual Wield+1","Warcry+1","Feed","Dropkick","Bloodletting","Fiend Fire","Dark Embrace+1","Madness+1"],"relics":["Black Blood","Smiling Mask","Red Skull","Dream Catcher","Centennial Puzzle","Ancient Tea Set","WingedGreaves","Anchor","Sozu","Bag of Preparation","Oddly Smooth Stone","Akabeko"],"acts_visited":["Exordium","TheCity","TheBeyond"],"potions_floor_usage":[],"damage_taken":[{"damage":6.0,"enemies":"Cultist","floor":1.0,"turns":3.0},{"damage":0.0,"enemies":"2 Louse","floor":2.0,"turns":3.0},{"damage":9.0,"enemies":"Jaw Worm","floor":3.0,"turns":3.0},{"damage":10.0,"enemies":"Lots of Slimes","floor":4.0,"turns":4.0},{"damage":8.0,"enemies":"Gremlin Nob","floor":8.0,"turns":3.0},{"damage":25.0,"enemies":"Lagavulin","floor":11.0,"turns":4.0},{"damage":0.0,"enemies":"Large Slime","floor":13.0,"turns":6.0},{"damage":6.0,"enemies":"3 Louse","floor":14.0,"turns":2.0},{"damage":0.0,"enemies":"Slime Boss","floor":16.0,"turns":4.0},{"damage":4.0,"enemies":"3 Byrds","floor":18.0,"turns":4.0},{"damage":10.0,"enemies":"Shell Parasite","floor":20.0,"turns":3.0},{"damage":33.0,"enemies":"Snake Plant","floor":22.0,"turns":5.0},{"damage":56.0,"enemies":"Book of Stabbing","floor":27.0,"turns":5.0},{"damage":13.0,"enemies":"Chosen and Byrds","floor":28.0,"turns":3.0},{"damage":23.0,"enemies":"Automaton","floor":33.0,"turns":6.0},{"damage":6.0,"enemies":"Orb Walker","floor":35.0,"turns":1.0},{"damage":21.0,"enemies":"3 Darklings","floor":36.0,"turns":4.0},{"damage":9.0,"enemies":"Maw","floor":37.0,"turns":2.0},{"damage":29,"enemies":"Reptomancer","floor":40,"turns":5},{"damage":9,"enemies":"Spire Growth","floor":41,"turns":1},{"damage":12,"enemies":"3 Darklings","floor":42,"turns":2},{"damage":24,"enemies":"Transient","floor":47,"turns":5},{"damage":9,"enemies":"Sphere and 2 Shapes","floor":48,"turns":2},{"damage":56,"enemies":"Time Eater","floor":50,"turns":3}],"seed_played":"-4669294158825803467","potions_obtained":[{"floor":3.0,"key":"Explosive Potion"},{"floor":4.0,"key":"Fire Potion"},{"floor":13.0,"key":"AttackPotion"},{"floor":14.0,"key":"Block Potion"},{"floor":22.0,"key":"ColorlessPotion"},{"floor":27.0,"key":"Strength Potion"},{"floor":33.0,"key":"ColorlessPotion"}],"is_trial":false,"path_per_floor":["M","M","M","M","$","R","?","E","T","$","E","R","M","M","R","B",null,"M","?","M","$","M","R","?","R","T","E","M","?","R","$","R","B",null,"M","M","M","?","$","E","M","M","T","R","?","$","M","M","R","B"],"character_chosen":"IRONCLAD","items_purchased":["Dropkick","Dual Wield","Anchor","Bag of Preparation"],"campfire_rested":1,"item_purchase_floors":[10,21,31,39],"current_hp_per_floor":[72,78,75,71,71,71,64,62,62,62,43,43,49,49,49,55,74,80,80,80,80,59,59,59,59,59,15,14,14,14,14,38,27,67,73,64,67,57,57,40,43,43,43,43,43,43,31,34,34,0,0],"gold":125,"neow_bonus":"RANDOM_COMMON_RELIC","is_daily":false,"chose_seed":false,"campfire_upgraded":8,"win_rate":0.0,"timestamp":1612706413,"path_taken":["M","M","M","M","?","R","?","E","T","$","E","R","M","M","R","BOSS","M","?","M","$","?","R","?","R","T","E","M","?","R","$","R","BOSS","M","M","?","?","$","E","M","M","T","R","?","$","M","?","R","BOSS"],"items_purchased_type":["Card","Card","Relic","Relic"],"build_version":"2020-12-22","purchased_purges":6,"victory":false,"max_hp_per_floor":[80,80,80,80,80,80,80,80,80,80,80,80,80,80,80,80,80,80,80,80,80,80,80,80,80,80,80,80,80,80,80,80,80,80,80,80,80,80,80,80,80,80,80,80,80,80,80,80,80,80,80],"card_choices":[{"not_picked":["Fire Breathing","Battle Trance"],"picked":"Wild Strike","floor":1.0},{"not_picked":["Dual Wield","Blood for Blood"],"picked":"Anger","floor":2.0},{"not_picked":["Clash","Shrug It Off"],"picked":"Dropkick","floor":3.0},{"not_picked":["Reaper","Metallicize"],"picked":"Shrug It Off","floor":4.0},{"not_picked":["Clash","Clothesline"],"picked":"Juggernaut","floor":8.0},{"not_picked":["Bludgeon","Hemokinesis"],"picked":"Flame Barrier","floor":11.0},{"not_picked":["Perfected Strike","Clash","Infernal Blade"],"picked":"SKIP","floor":13.0},{"not_picked":["Headbutt","Thunderclap"],"picked":"Warcry","floor":14.0},{"not_picked":["Berserk","Impervious"],"picked":"Offering","floor":16.0},{"not_picked":["Cleave","Shrug It Off"],"picked":"Burning Pact","floor":18.0},{"not_picked":["Carnage","Heavy Blade","Havoc"],"picked":"SKIP","floor":20.0},{"not_picked":["Clash+1","Thunderclap","Perfected Strike"],"picked":"SKIP","floor":22.0},{"not_picked":["Warcry","Twin Strike","Feed"],"picked":"SKIP","floor":27.0},{"not_picked":["Intimidate","Carnage"],"picked":"Dropkick","floor":28.0},{"not_picked":["Iron Wave","Wild Strike"],"picked":"Bloodletting","floor":32.0},{"not_picked":["Feed","Exhume"],"picked":"Fiend Fire","floor":33.0},{"not_picked":["True Grit+1","Burning Pact+1","Perfected Strike"],"picked":"SKIP","floor":35.0},{"not_picked":["Twin Strike+1","Body Slam","Thunderclap+1"],"picked":"SKIP","floor":36.0},{"not_picked":["Clothesline","Rupture+1"],"picked":"Dark Embrace","floor":37.0},{"not_picked":["Sword Boomerang+1","Armaments+1","Perfected Strike"],"picked":"SKIP","floor":40},{"not_picked":["Perfected Strike","Blood for Blood","Exhume"],"picked":"SKIP","floor":41},{"not_picked":["Clash+1","Armaments+1","Shrug It Off+1"],"picked":"SKIP","floor":42},{"not_picked":["Warcry+1","Rupture","Sword Boomerang+1"],"picked":"SKIP","floor":47},{"not_picked":["Dark Embrace+1","Anger+1","Armaments"],"picked":"SKIP","floor":48}],"player_experience":251065,"relics_obtained":[{"floor":8.0,"key":"Red Skull"},{"floor":9.0,"key":"Dream Catcher"},{"floor":11.0,"key":"Centennial Puzzle"},{"floor":26.0,"key":"Ancient Tea Set"},{"floor":27.0,"key":"WingedGreaves"},{"floor":40,"key":"Oddly Smooth Stone"},{"floor":43,"key":"Akabeko"}],"event_choices":[{"cards_removed":["Strike_R"],"damage_healed":0.0,"max_hp_gain":0.0,"max_hp_loss":0.0,"gold_gain":0.0,"event_name":"Golden Wing","player_choice":"Card Removal","floor":7.0,"gold_loss":0.0,"damage_taken":7.0},{"cards_removed":["Strike_R"],"damage_healed":0.0,"max_hp_gain":0.0,"max_hp_loss":0.0,"gold_gain":0.0,"event_name":"Purifier","player_choice":"Purged","floor":19.0,"gold_loss":0.0,"damage_taken":0.0},{"damage_healed":0.0,"max_hp_gain":0.0,"max_hp_loss":0.0,"gold_gain":0.0,"cards_transformed":["Defend_R","Defend_R"],"event_name":"Drug Dealer","player_choice":"Became Test Subject","floor":24.0,"gold_loss":0.0,"damage_taken":0.0,"cards_obtained":["Warcry","Feed"]},{"damage_healed":0.0,"max_hp_gain":0.0,"max_hp_loss":0.0,"gold_gain":100.0,"event_name":"Golden Shrine","player_choice":"Pray","floor":29.0,"gold_loss":0.0,"damage_taken":0.0},{"damage_healed":0.0,"max_hp_gain":0.0,"max_hp_loss":0.0,"gold_gain":0.0,"event_name":"Winding Halls","player_choice":"Embrace Madness","floor":38.0,"gold_loss":0.0,"damage_taken":10.0,"cards_obtained":["Madness","Madness"]},{"damage_healed":0,"gold_gain":0,"player_choice":"Got Potions","damage_taken":0,"max_hp_gain":0,"max_hp_loss":0,"event_name":"Lab","floor":45,"gold_loss":0}],"is_beta":false,"boss_relics":[{"not_picked":["Pandora\u0027s Box","Cursed Key"],"picked":"Black Blood"},{"not_picked":["Philosopher\u0027s Stone","Coffee Dripper"],"picked":"Sozu"}],"items_purged_floors":[5,10,21,31,39,46],"is_endless":false,"potions_floor_spawned":[3,4,13,14,22,27,33,37,40],"killed_by":"Time Eater","ascension_level":6}}