{"host":"l029r2dqxfiqiq5i","time":1612718420,"event":{"mods":["Act Like it!","Arknights","BaseMod","Minty Spire (QoL Compilation)","StSLib","óô»ðÖ¸ÄÏ"],"gold_per_floor":[113,113,128,128,144,178,206,221,245,270,270,299,308,342,351,351,351],"floor_reached":16,"language":"ZHS","playtime":601,"items_purged":[],"score":114,"play_id":"877b7308-6d8e-49ea-bca0-5789c0af6cbe","local_time":"20210208012020","is_ascension_mode":false,"campfire_choices":[{"data":"ats:Charging Defense","floor":11,"key":"SMITH"},{"floor":13,"key":"REST"},{"floor":15,"key":"REST"}],"circlet_count":0,"master_deck":["ats:Strike C","ats:Strike G","ats:Strike S","ats:Strike V","ats:Armor Crushing Shot","ats:Defend","ats:Defend","ats:Defend","ats:Defend","ats:Emotion Absorption","ats:Closed Bolt Burst Fire","ats:Hammer On","ats:Leaping Hammer","ats:Automatic Cover","ats:Charging Defense+1","ats:Composite Medical Shells","ats:Soul Rend","ats:Blood Oath","ats:Healing Strengthening"],"relics":["ats:Sanity","NeowsBlessing","Blood Vial","ats:Originium","CeramicFish","Dream Catcher","Pen Nib"],"acts_visited":["Exordium"],"potions_floor_usage":[16],"damage_taken":[{"damage":0.0,"enemies":"2 Louse","floor":1.0,"turns":2.0},{"damage":0,"enemies":"Jaw Worm","floor":3,"turns":1},{"damage":0,"enemies":"Small Slimes","floor":5,"turns":1},{"damage":27,"enemies":"Gremlin Nob","floor":6,"turns":4},{"damage":15,"enemies":"Exordium Wildlife","floor":7,"turns":6},{"damage":0,"enemies":"Red Slaver","floor":8,"turns":5},{"damage":0,"enemies":"Blue Slaver","floor":10,"turns":5},{"damage":6,"enemies":"2 Fungi Beasts","floor":12,"turns":4},{"damage":18,"enemies":"3 Sentries","floor":14,"turns":9},{"damage":82,"enemies":"Hexaghost","floor":16,"turns":14}],"seed_played":"3982239378132773706","potions_obtained":[{"floor":1.0,"key":"ats:Top Emergency Sanity Potion"},{"floor":3,"key":"SkillPotion"},{"floor":5,"key":"BlessingOfTheForge"},{"floor":10,"key":"ats:Burn Big Potion"},{"floor":14,"key":"Dexterity Potion"}],"is_trial":false,"path_per_floor":["M","?","M","?","M","E","M","M","T","M","R","M","R","E","R","B"],"character_chosen":"DOCTOR_CLASS","items_purchased":[],"campfire_rested":2,"item_purchase_floors":[],"current_hp_per_floor":[72,72,72,60,62,37,24,26,26,28,28,24,45,41,62,9,9],"gold":351,"neow_bonus":"THREE_ENEMY_KILL","is_daily":false,"chose_seed":false,"campfire_upgraded":1,"win_rate":0.0,"timestamp":1612718420,"path_taken":["M","?","M","?","M","E","M","M","T","M","R","M","R","E","R","BOSS"],"items_purchased_type":[],"build_version":"2020-12-22","purchased_purges":0,"victory":false,"max_hp_per_floor":[72,72,72,72,72,72,72,72,72,72,72,72,72,72,72,72,72],"card_choices":[{"not_picked":["ats:Closed Bolt Burst Fire","ats:Support Order","ats:Sword Rain"],"picked":"SKIP","floor":1.0},{"not_picked":["ats:Support Order","ats:Sword Rain"],"picked":"ats:Closed Bolt Burst Fire","floor":1.0},{"not_picked":["ats:Mental Burst","ats:Collapsing Strike"],"picked":"ats:Hammer On","floor":3},{"not_picked":["ats:Thorns","ats:Guard Mode"],"picked":"ats:Leaping Hammer","floor":5},{"not_picked":["ats:Curse Doll","ats:Blood Oath"],"picked":"ats:Automatic Cover","floor":6},{"not_picked":["ats:Hook Shot","ats:Closed Bolt Burst Fire"],"picked":"ats:Charging Defense","floor":7},{"not_picked":["ats:Chain Hook","ats:Dogmatic Field","ats:Consecutive Shot Auto"],"picked":"SKIP","floor":8},{"not_picked":["ats:Encircling Forest","ats:Absolute Focus"],"picked":"ats:Composite Medical Shells","floor":10},{"not_picked":["ats:Burning Ground","ats:Ignite"],"picked":"ats:Soul Rend","floor":12},{"not_picked":["ats:Shell Defense","ats:Apocalypse"],"picked":"ats:Blood Oath","floor":13},{"not_picked":["ats:Very Hot Blade","ats:Hammer On","ats:Soul Absorption"],"picked":"SKIP","floor":14},{"not_picked":["ats:Very Hot Blade","ats:Hammer On","ats:Soul Absorption"],"picked":"SKIP","floor":14},{"not_picked":["ats:Assault Order","ats:Serious Mode"],"picked":"ats:Healing Strengthening","floor":15}],"player_experience":192699,"relics_obtained":[{"floor":6,"key":"ats:Originium"},{"floor":6,"key":"CeramicFish"},{"floor":9,"key":"Dream Catcher"},{"floor":14,"key":"ats:Originium"},{"floor":14,"key":"Pen Nib"}],"event_choices":[{"damage_healed":0,"gold_gain":0,"player_choice":"Ignored","damage_taken":0,"max_hp_gain":0,"max_hp_loss":0,"event_name":"Shining Light","floor":2,"gold_loss":0},{"damage_healed":0,"gold_gain":0,"player_choice":"Success","damage_taken":12,"relics_obtained":["Blood Vial"],"max_hp_gain":0,"max_hp_loss":0,"event_name":"Scrap Ooze","floor":4,"gold_loss":0}],"is_beta":false,"boss_relics":[],"items_purged_floors":[],"is_endless":false,"potions_floor_spawned":[1,3,5,10,14],"killed_by":"Hexaghost","ascension_level":0}}