{"host":"6lsob4l0icwczu35","time":1612721352,"event":{"mods":["BaseMod","Curses Come First","Minty Spire (QoL Compilation)","Relic Stats","StSLib"],"gold_per_floor":[112,128,144,144,157,185,185,198,274,22,22,52,65,65,65,191,191,210,235,235,235,255,255,255],"floor_reached":23,"language":"ENG","playtime":1188,"items_purged":[],"score":203,"play_id":"bf1d16d0-8c14-4f97-9556-984351b1d187","local_time":"20210207200912","is_ascension_mode":false,"campfire_choices":[{"data":"CutThroughFate","floor":7.0,"key":"SMITH"},{"data":"Wireheading","floor":11.0,"key":"SMITH"},{"floor":15.0,"key":"REST"}],"circlet_count":0,"master_deck":["Strike_P","Defend_P","Defend_P","Eruption","Vigilance","DeceiveReality+1","Wireheading+1","SashWhip","CutThroughFate+1","BowlingBash","Wireheading+1","Judgement+1","FlyingSleeves+1","Devotion+1","Perseverance+1","FearNoEvil+1","Fasting2+1","EmptyFist"],"relics":["Empty Cage","Tiny Chest","Frozen Egg 2","Toxic Egg 2","CaptainsWheel","Golden Idol","Astrolabe","Shovel"],"acts_visited":["Exordium","TheCity"],"potions_floor_usage":[19,23],"damage_taken":[{"damage":0.0,"enemies":"2 Louse","floor":1.0,"turns":2.0},{"damage":0.0,"enemies":"Cultist","floor":2.0,"turns":3.0},{"damage":0.0,"enemies":"Small Slimes","floor":3.0,"turns":3.0},{"damage":3.0,"enemies":"Looter","floor":5.0,"turns":4.0},{"damage":23.0,"enemies":"3 Sentries","floor":6.0,"turns":9.0},{"damage":0.0,"enemies":"Blue Slaver","floor":8.0,"turns":2.0},{"damage":17.0,"enemies":"Gremlin Nob","floor":12.0,"turns":3.0},{"damage":4.0,"enemies":"Large Slime","floor":13.0,"turns":4.0},{"damage":22.0,"enemies":"Slime Boss","floor":16.0,"turns":6.0},{"damage":1,"enemies":"Chosen","floor":18,"turns":6},{"damage":8,"enemies":"3 Byrds","floor":19,"turns":4},{"damage":22,"enemies":"Cultist and Chosen","floor":22,"turns":6},{"damage":13,"enemies":"Shelled Parasite and Fungi","floor":23,"turns":2}],"seed_played":"-7764329917909433250","potions_obtained":[{"floor":3.0,"key":"Block Potion"},{"floor":5.0,"key":"FairyPotion"},{"floor":6.0,"key":"Energy Potion"},{"floor":8.0,"key":"SneckoOil"},{"floor":22,"key":"StancePotion"}],"is_trial":false,"path_per_floor":["M","M","M","?","M","E","R","M","T","$","R","E","M","?","R","B",null,"M","M","?","T","M","M"],"character_chosen":"WATCHER","items_purchased":["Toxic Egg 2"],"campfire_rested":1,"item_purchase_floors":[10],"current_hp_per_floor":[72,72,72,72,69,46,46,46,46,46,46,29,25,7,28,6,72,71,63,63,63,41,28,28],"gold":255,"neow_bonus":"BOSS_RELIC","is_daily":false,"chose_seed":false,"campfire_upgraded":2,"win_rate":0.0,"timestamp":1612721352,"path_taken":["M","M","M","?","M","E","R","M","T","$","R","E","?","?","R","BOSS","M","M","?","?","M","M"],"items_purchased_type":["Relic"],"build_version":"2020-12-22","purchased_purges":0,"victory":false,"max_hp_per_floor":[72,72,72,72,72,72,72,72,72,72,72,72,72,72,72,72,72,72,72,72,72,72,72,72],"relic_stats":{"Shovel":0,"counters":[13,54],"Golden Idol":38,"Astrolabe":["FlyingSleeves","Devotion","Perseverance"],"Tiny Chest":1,"obtain_stats":[{"CaptainsWheel":12,"Shovel":21,"Golden Idol":14,"Astrolabe":17,"Tiny Chest":6,"PureWater":0,"Frozen Egg 2":9,"Toxic Egg 2":10,"Empty Cage":0},{"CaptainsWheel":7,"Shovel":11,"Golden Idol":8,"Astrolabe":9,"Tiny Chest":5,"PureWater":0,"Frozen Egg 2":6,"Toxic Egg 2":6,"Empty Cage":0},{"CaptainsWheel":26,"Shovel":46,"Golden Idol":30,"Astrolabe":36,"Tiny Chest":21,"PureWater":0,"Frozen Egg 2":23,"Toxic Egg 2":23,"Empty Cage":0}]},"card_choices":[{"not_picked":["Consecrate","Worship"],"picked":"DeceiveReality","floor":1.0},{"not_picked":["ForeignInfluence","CrushJoints"],"picked":"Wireheading","floor":2.0},{"not_picked":["Protect","Adaptation","BattleHymn"],"picked":"SKIP","floor":3.0},{"not_picked":["EmptyBody","Evaluate"],"picked":"SashWhip","floor":5.0},{"not_picked":["Sanctity","EmptyBody"],"picked":"CutThroughFate","floor":6.0},{"not_picked":["FollowUp","JustLucky"],"picked":"BowlingBash","floor":8.0},{"not_picked":["Wish+1","SpiritShield+1","SashWhip"],"picked":"SKIP","floor":12.0},{"not_picked":["JustLucky","FlyingSleeves"],"picked":"Wireheading+1","floor":13.0},{"not_picked":["DeusExMachina+1","Alpha+1"],"picked":"Judgement+1","floor":16.0},{"not_picked":["BowlingBash","BattleHymn+1"],"picked":"FearNoEvil+1","floor":18},{"not_picked":["WreathOfFlame+1","CrushJoints","WindmillStrike+1"],"picked":"SKIP","floor":19},{"not_picked":["InnerPeace+1","Conclude"],"picked":"EmptyFist","floor":22}],"player_experience":310312,"relics_obtained":[{"floor":6.0,"key":"Tiny Chest"},{"floor":9.0,"key":"Frozen Egg 2"},{"floor":12.0,"key":"CaptainsWheel"},{"floor":21,"key":"Shovel"}],"event_choices":[{"damage_healed":0.0,"max_hp_gain":0.0,"max_hp_loss":0.0,"gold_gain":0.0,"event_name":"Upgrade Shrine","player_choice":"Upgraded","floor":4.0,"gold_loss":0.0,"damage_taken":0.0,"cards_upgraded":["DeceiveReality"]},{"damage_healed":0.0,"max_hp_gain":0.0,"max_hp_loss":0.0,"gold_gain":0.0,"event_name":"Golden Idol","player_choice":"Take Damage","floor":14.0,"gold_loss":0.0,"damage_taken":18.0,"relics_obtained":["Golden Idol"]},{"damage_healed":0,"gold_gain":0,"player_choice":"Read","damage_taken":0,"max_hp_gain":0,"max_hp_loss":0,"event_name":"The Library","floor":20,"gold_loss":0,"cards_obtained":["Fasting2"]}],"is_beta":false,"boss_relics":[{"not_picked":["VioletLotus","Philosopher\u0027s Stone"],"picked":"Astrolabe"}],"items_purged_floors":[],"is_endless":false,"potions_floor_spawned":[3,5,6,8,22],"killed_by":"Shelled Parasite and Fungi","ascension_level":0}}