{"host":"c6xy0a74zz7y4nf6","time":1612668093,"event":{"mods":["BaseMod","Colored Map","Hermit","Minty Spire (QoL Compilation)","Replay The Spire","Robot Space Explorer","StSLib","The Cursed","The Death Knight","The Exalted","The Servant 0.9.4","The Wild Card"],"gold_per_floor":[111,111,127,127,4,37,37,54,54,84,98,173,227,1,1,101,201,211,211,201,201,201,201],"floor_reached":22,"language":"ENG","playtime":1166,"items_purged":["Bromod:Strike_Bro"],"score":242,"play_id":"f05e58e8-a372-4ab6-b4a2-bf41f230f6fa","local_time":"20210206212133","is_ascension_mode":false,"campfire_choices":[{"data":"Bromod:Provoked","floor":7,"key":"SMITH"},{"data":"Bromod:ShatteringImpact","floor":15,"key":"SMITH"}],"circlet_count":0,"master_deck":["Bromod:Strike_Bro","Bromod:Strike_Bro","Bromod:Defend_Bro","Bromod:Defend_Bro","Bromod:Defend_Bro","Bromod:Defend_Bro","Bromod:SlashDash","Bromod:SlashDash","Bromod:SlashDash","Bromod:PointStrike+1","Bromod:SteelFiber","Bromod:Provoked+1","Bromod:FinishingTouch","Bromod:SlashDash","Bromod:ShatteringImpact+1","ReplayTheSpireMod:Splinters","Bromod:BulletJump","Bromod:FinishingTouch","Bromod:Berserker","Bromod:FastHands"],"relics":["Bromod:Ordis","Bromod:AscarisDevice","GremlinMask","Simple Rune","Garlic","Bromod:ArcaneFury","Divine Protection","Lee\u0027s Waffle","Replay:Wanted Poster","Bromod:ExtinguishedDragonKey","Bromod:BleedingDragonKey","Bromod:DecayingDragonKey","Bromod:HobbledDragonKey"],"acts_visited":["Exordium","TheCity"],"potions_floor_usage":[10,10,16,22],"damage_taken":[{"damage":0,"enemies":"Small Slimes","floor":1,"turns":4},{"damage":1,"enemies":"2 Louse","floor":3,"turns":3},{"damage":20,"enemies":"Lagavulin","floor":6,"turns":6},{"damage":0,"enemies":"Cultist","floor":8,"turns":4},{"damage":0,"enemies":"Gremlin Nob","floor":10,"turns":5},{"damage":0,"enemies":"2 Fungi Beasts","floor":11,"turns":3},{"damage":19,"enemies":"The Guardian","floor":16,"turns":9},{"damage":19,"enemies":"Chosen","floor":18,"turns":5},{"damage":7,"enemies":"2 Thieves","floor":20,"turns":4},{"damage":24,"enemies":"Sentry and Sphere","floor":22,"turns":5}],"seed_played":"4044576764341077109","potions_obtained":[{"floor":3,"key":"LifebloodPotion"},{"floor":6,"key":"EssenceOfSteel"},{"floor":18,"key":"Energy Potion"},{"floor":20,"key":"Dexterity Potion"}],"is_trial":false,"path_per_floor":["M","?","M","?","$","E","R","M","T","E","M","?","?","$","R","B",null,"M","$","M","?","M"],"character_chosen":"THE_EXALTED","items_purchased":["Fire Potion","Lee\u0027s Waffle","Bromod:ClemClone"],"campfire_rested":0,"item_purchase_floors":[5,14,14],"current_hp_per_floor":[82,66,65,65,65,45,45,45,45,45,45,34,34,89,89,70,89,70,70,63,23,0,0],"gold":201,"neow_bonus":"TEN_PERCENT_HP_BONUS","is_daily":false,"chose_seed":false,"campfire_upgraded":2,"win_rate":0.0,"timestamp":1612668093,"path_taken":["M","?","M","?","$","E","R","M","T","E","?","?","?","?","R","BOSS","M","?","M","?","M"],"items_purchased_type":["Potion","Relic","Potion"],"build_version":"2020-12-22","purchased_purges":1,"victory":false,"max_hp_per_floor":[82,82,82,82,82,82,82,82,82,82,82,82,82,89,89,89,89,89,89,89,23,23,23],"card_choices":[{"not_picked":["Bromod:Vitality","Bromod:BulletJump"],"picked":"Bromod:PointStrike","floor":1},{"not_picked":["Bromod:BodyCount","Bromod:EnergySiphon"],"picked":"Bromod:SteelFiber","floor":3},{"not_picked":["Bromod:ShatteringImpact","Bromod:SlashDash"],"picked":"Bromod:Provoked","floor":6},{"not_picked":["Bromod:SlashDash","Bromod:ConditionOverload"],"picked":"Bromod:FinishingTouch","floor":8},{"not_picked":["Bromod:RadialBlind","Bromod:QuickDraw"],"picked":"Bromod:SlashDash","floor":10},{"not_picked":["Bromod:Reflection","Bromod:EnergySiphon"],"picked":"Bromod:ShatteringImpact","floor":11},{"not_picked":["Bromod:Vitality","Bromod:PressurePoint"],"picked":"Bromod:BulletJump","floor":13},{"not_picked":["Bromod:PointBlank","Bromod:QuickDraw"],"picked":"Bromod:FinishingTouch","floor":13},{"not_picked":["Bromod:Flow","Bromod:Intensify"],"picked":"Bromod:Berserker","floor":16},{"not_picked":["Bromod:BodyCount","Bromod:Foundry"],"picked":"Bromod:FastHands","floor":18},{"not_picked":["Bromod:EnergySiphon","Bromod:NorthWind","Bromod:Stretch"],"picked":"SKIP","floor":20}],"player_experience":101394,"relics_obtained":[{"floor":6,"key":"Simple Rune"},{"floor":9,"key":"Garlic"},{"floor":10,"key":"Bromod:ArcaneFury"},{"floor":13,"key":"Divine Protection"}],"event_choices":[{"damage_healed":0,"gold_gain":0,"player_choice":"Entered Light","damage_taken":16,"max_hp_gain":0,"max_hp_loss":0,"event_name":"Shining Light","floor":2,"gold_loss":0,"cards_upgraded":["Bromod:PointStrike","Bromod:Defend_Bro"]},{"damage_healed":0,"gold_gain":0,"player_choice":"Trade","damage_taken":0,"relics_obtained":["GremlinMask"],"max_hp_gain":0,"max_hp_loss":0,"event_name":"FaceTrader","floor":4,"gold_loss":0},{"damage_healed":0,"gold_gain":75,"player_choice":"Gather Gold","damage_taken":11,"max_hp_gain":0,"max_hp_loss":0,"event_name":"World of Goop","floor":12,"gold_loss":0}],"is_beta":false,"boss_relics":[{"not_picked":["Honey Jar","Snecko Eye"],"picked":"Replay:Wanted Poster"}],"items_purged_floors":[5],"is_endless":false,"potions_floor_spawned":[3,6,18,20],"killed_by":"Sentry and Sphere","ascension_level":0}}