{"host":"1c52r9kaxdyo25eq","time":1612669994,"event":{"mods":["AchievementEnabler","BaseMod","DeckTracker","Minty Spire (QoL Compilation)","Rare Cards Sparkle","SuperFastMode","everything is the same but u backflip on backflip"],"gold_per_floor":[111,111,128,139,139,182,182,222,249,299,322,322,34,105,105,105,105],"floor_reached":16,"language":"KOR","playtime":297,"items_purged":["Strike_R"],"score":205,"play_id":"459b235c-03f9-4832-8e62-f042fc74190c","local_time":"20210207125314","is_ascension_mode":true,"campfire_choices":[{"floor":7,"key":"REST"},{"data":"Reckless Charge","floor":12,"key":"SMITH"},{"data":"Twin Strike","floor":15,"key":"SMITH"}],"circlet_count":0,"master_deck":["AscendersBane","Strike_R","Strike_R","Strike_R","Strike_R","Defend_R","Defend_R","Defend_R","Defend_R","Bash","Twin Strike+1","Fire Breathing","Reckless Charge+1","Shrug It Off","Evolve","Offering"],"relics":["Burning Blood","Golden Idol","PreservedInsect","Ancient Tea Set","Anchor","Gambling Chip"],"acts_visited":["Exordium"],"potions_floor_usage":[16,16],"damage_taken":[{"damage":10,"enemies":"Small Slimes","floor":1,"turns":3},{"damage":2,"enemies":"Jaw Worm","floor":3,"turns":3},{"damage":1,"enemies":"2 Louse","floor":4,"turns":3},{"damage":25,"enemies":"3 Sentries","floor":6,"turns":5},{"damage":31,"enemies":"Gremlin Nob","floor":8,"turns":4},{"damage":4,"enemies":"Red Slaver","floor":11,"turns":3},{"damage":11,"enemies":"3 Sentries","floor":14,"turns":3},{"damage":47,"enemies":"The Guardian","floor":16,"turns":13}],"seed_played":"-3070454303243845024","potions_obtained":[{"floor":11,"key":"BloodPotion"},{"floor":14,"key":"EssenceOfSteel"}],"is_trial":false,"path_per_floor":["M","?","M","M","?","E","R","E","T","?","M","R","$","?","R","B"],"character_chosen":"IRONCLAD","items_purchased":["Evolve","Offering"],"campfire_rested":1,"item_purchase_floors":[13,13],"current_hp_per_floor":[71,71,75,80,52,33,57,32,32,32,34,34,34,29,29,0,0],"gold":105,"neow_bonus":"TEN_PERCENT_HP_BONUS","is_daily":false,"chose_seed":false,"campfire_upgraded":2,"win_rate":0.0,"timestamp":1612669994,"path_taken":["M","?","M","M","?","E","R","E","T","?","?","R","$","?","R","BOSS"],"items_purchased_type":["Card","Card"],"build_version":"2020-12-22","purchased_purges":1,"victory":false,"max_hp_per_floor":[82,82,82,82,82,82,82,82,82,82,82,82,82,82,82,82,82],"card_choices":[{"not_picked":["Havoc","True Grit"],"picked":"Twin Strike","floor":1},{"not_picked":["Sword Boomerang","Clothesline"],"picked":"Fire Breathing","floor":3},{"not_picked":["Clothesline","Sword Boomerang"],"picked":"Reckless Charge","floor":4},{"not_picked":["Clothesline","Anger","Armaments"],"picked":"SKIP","floor":6},{"not_picked":["Dual Wield","Headbutt","Corruption"],"picked":"SKIP","floor":8},{"not_picked":["Carnage","Bloodletting"],"picked":"Shrug It Off","floor":11}],"player_experience":647981,"relics_obtained":[{"floor":6,"key":"PreservedInsect"},{"floor":8,"key":"Ancient Tea Set"},{"floor":9,"key":"Anchor"},{"floor":14,"key":"Gambling Chip"}],"event_choices":[{"damage_healed":0,"gold_gain":0,"player_choice":"Ignored","damage_taken":0,"max_hp_gain":0,"max_hp_loss":0,"event_name":"Liars Game","floor":2,"gold_loss":0},{"damage_healed":0,"gold_gain":0,"player_choice":"Take Damage","damage_taken":28,"relics_obtained":["Golden Idol"],"max_hp_gain":0,"max_hp_loss":0,"event_name":"Golden Idol","floor":5,"gold_loss":0},{"damage_healed":0,"gold_gain":50,"player_choice":"Pray","damage_taken":0,"max_hp_gain":0,"max_hp_loss":0,"event_name":"Golden Shrine","floor":10,"gold_loss":0},{"damage_healed":0,"gold_gain":0,"player_choice":"Searched \u00272\u0027 times","damage_taken":0,"max_hp_gain":0,"max_hp_loss":0,"event_name":"Dead Adventurer","floor":14,"gold_loss":0}],"is_beta":false,"boss_relics":[],"items_purged_floors":[13],"is_endless":false,"potions_floor_spawned":[11,14],"killed_by":"The Guardian","ascension_level":18}}