{"host":"BK","time":1612682225,"event":{"mods":["BaseMod","Highlight Path","Minty Spire (QoL Compilation)","StSLib"],"gold_per_floor":[109,123,142,142,161,161,195,214,239,15,32,32,32,47,47,126,126,143,153,153,153,153],"floor_reached":21,"language":"ENG","playtime":729,"items_purged":[],"score":366,"play_id":"b4de72ad-6367-4248-ba52-27ac8dfaa267","local_time":"20210207001705","is_ascension_mode":true,"campfire_choices":[{"data":"Sunder","floor":6,"key":"SMITH"},{"data":"Ball Lightning","floor":12,"key":"SMITH"},{"data":"Zap","floor":15,"key":"SMITH"}],"circlet_count":0,"master_deck":["AscendersBane","Strike_B","Strike_B+1","Strike_B","Defend_B","Defend_B","Defend_B","Defend_B","Zap+1","Dualcast","Turbo","Sunder+1","Go for the Eyes+1","Self Repair","Meteor Strike","Cold Snap","Ball Lightning+1","Hologram","Creative AI","Conserve Battery","Skim"],"relics":["Cracked Core","StoneCalendar","Smiling Mask","Whetstone","Black Star"],"acts_visited":["Exordium","TheCity"],"potions_floor_usage":[7,16,16,18],"damage_taken":[{"damage":2,"enemies":"Cultist","floor":1,"turns":4},{"damage":0,"enemies":"Small Slimes","floor":2,"turns":4},{"damage":4,"enemies":"2 Louse","floor":3,"turns":2},{"damage":8,"enemies":"Blue Slaver","floor":5,"turns":3},{"damage":15,"enemies":"3 Sentries","floor":7,"turns":5},{"damage":7,"enemies":"3 Louse","floor":8,"turns":2},{"damage":18,"enemies":"Red Slaver","floor":11,"turns":3},{"damage":0,"enemies":"Exordium Thugs","floor":14,"turns":3},{"damage":7,"enemies":"Hexaghost","floor":16,"turns":7},{"damage":45,"enemies":"2 Thieves","floor":18,"turns":4},{"damage":14,"enemies":"Chosen","floor":19,"turns":7},{"damage":21,"enemies":"Shelled Parasite and Fungi","floor":21,"turns":2}],"seed_played":"-8844878918596846284","potions_obtained":[{"floor":2,"key":"PowerPotion"},{"floor":3,"key":"GamblersBrew"},{"floor":7,"key":"EssenceOfSteel"},{"floor":8,"key":"Fruit Juice"},{"floor":16,"key":"AttackPotion"}],"is_trial":false,"path_per_floor":["M","M","M","?","M","R","E","M","T","$","M","R","?","M","R","B",null,"M","M","?","M"],"character_chosen":"DEFECT","items_purchased":["Ball Lightning","Whetstone"],"campfire_rested":0,"item_purchase_floors":[10,10],"current_hp_per_floor":[62,62,58,58,50,50,42,35,35,35,24,24,24,24,24,29,64,26,19,19,0,0],"gold":153,"neow_bonus":"TRANSFORM_CARD","is_daily":false,"chose_seed":false,"campfire_upgraded":3,"win_rate":0.0,"timestamp":1612682225,"path_taken":["M","M","?","?","M","R","E","M","T","$","M","R","?","M","R","BOSS","M","M","?","M"],"items_purchased_type":["Card","Relic"],"build_version":"2020-12-18","purchased_purges":0,"victory":false,"max_hp_per_floor":[71,71,71,71,71,71,71,71,71,71,71,71,71,71,71,76,76,76,76,76,76,76],"card_choices":[{"not_picked":["Go for the Eyes","Turbo","Gash"],"picked":"SKIP","floor":1},{"not_picked":["Hologram","Coolheaded"],"picked":"Sunder","floor":2},{"not_picked":["Fusion","Rainbow"],"picked":"Go for the Eyes","floor":3},{"not_picked":["Steam","Barrage"],"picked":"Self Repair","floor":5},{"not_picked":["Redo","Rebound"],"picked":"Meteor Strike","floor":7},{"not_picked":["Lockon","Steam"],"picked":"Cold Snap","floor":8},{"not_picked":["Redo","Gash","Recycle"],"picked":"SKIP","floor":11},{"not_picked":["Steam Power","Rebound"],"picked":"Hologram","floor":14},{"not_picked":["Fission","Meteor Strike"],"picked":"Creative AI","floor":16},{"not_picked":["Static Discharge","Ball Lightning"],"picked":"Conserve Battery","floor":18},{"not_picked":["Auto Shields","Stack"],"picked":"Skim","floor":19}],"player_experience":2520698,"relics_obtained":[{"floor":7,"key":"StoneCalendar"},{"floor":9,"key":"Smiling Mask"}],"event_choices":[{"damage_healed":0,"gold_gain":0,"player_choice":"Leave","damage_taken":0,"max_hp_gain":0,"max_hp_loss":0,"event_name":"The Cleric","floor":4,"gold_loss":0},{"damage_healed":0,"gold_gain":0,"player_choice":"Searched \u00270\u0027 times","damage_taken":0,"max_hp_gain":0,"max_hp_loss":0,"event_name":"Dead Adventurer","floor":13,"gold_loss":0},{"damage_healed":0,"gold_gain":0,"player_choice":"Ignored","damage_taken":0,"max_hp_gain":0,"max_hp_loss":0,"event_name":"Beggar","floor":20,"gold_loss":0}],"is_beta":true,"boss_relics":[{"not_picked":["Runic Dome","Calling Bell"],"picked":"Black Star"}],"items_purged_floors":[],"is_endless":false,"potions_floor_spawned":[2,3,7,8,16],"killed_by":"Shelled Parasite and Fungi","ascension_level":20}}