{"host":"ga4s3hj9m6nkn6gp","time":1612739694,"event":{"mods":["AchievementEnabler","BaseMod","Bestiary","Colored Powertips","Highlight Path","Minty Spire (QoL Compilation)","Relic Stats","everything is the same but u backflip on backflip"],"gold_per_floor":[111,129,139,139,139,167,167,201,201,201,201,236,11,11,11,106,106,121,121,121,139,61,89,89,118,118,135,135,135,163,176,176,275,275,292,61,61,73,123,123,152,1,80,105,117,129,155,167,179,191,203,215,52,78,78,78],"floor_reached":55,"language":"ENG","playtime":2865,"items_purged":["Strike_P+1"],"score":1156,"play_id":"62eb53e9-60a2-45a5-a5cd-1b69f2a9b272","local_time":"20210208001454","is_ascension_mode":true,"campfire_choices":[{"data":"Eruption","floor":7.0,"key":"SMITH"},{"floor":10.0,"key":"REST"},{"data":"Adaptation","floor":15.0,"key":"SMITH"},{"data":"MentalFortress","floor":24.0,"key":"SMITH"},{"floor":28.0,"key":"REST"},{"floor":32.0,"key":"REST"},{"floor":40.0,"key":"DIG"},{"floor":46.0,"key":"RECALL"},{"data":"Fasting2","floor":49.0,"key":"SMITH"},{"floor":52.0,"key":"REST"}],"circlet_count":0,"master_deck":["Strike_P+1","Strike_P+1","Strike_P+1","Defend_P+1","Defend_P+1","Eruption+1","Vigilance+1","FlurryOfBlows","FlurryOfBlows","InnerPeace","Consecrate","Adaptation+1","CutThroughFate+1","SashWhip+1","Wallop+1","Consecrate+1","EmptyFist+1","CutThroughFate+1","FlurryOfBlows+1","Vengeance","MentalFortress+1","Wallop+1","Tantrum+1","Wireheading","Collect","SpiritShield","Halt+1","CutThroughFate+1","Wallop+1","Vault","Wireheading","Master of Strategy","Violence","Fasting2+1","Meditate+1","Tantrum+1","Ragnarok+1","Halt","Adaptation"],"relics":["PureWater","WingedGreaves","Molten Egg 2","Prayer Wheel","Unceasing Top","Ancient Tea Set","Strawberry","SlaversCollar","Shovel","Letter Opener","Pocketwatch","Sozu","Calipers","Gambling Chip","White Beast Statue","Membership Card","Bottled Lightning","MawBank","Pen Nib"],"acts_visited":["Exordium","TheCity","TheBeyond","TheEnding"],"potions_floor_usage":[],"damage_taken":[{"damage":1.0,"enemies":"Small Slimes","floor":1.0,"turns":4.0},{"damage":2.0,"enemies":"2 Louse","floor":2.0,"turns":5.0},{"damage":0.0,"enemies":"Cultist","floor":3.0,"turns":2.0},{"damage":23.0,"enemies":"Lagavulin","floor":6.0,"turns":4.0},{"damage":27.0,"enemies":"3 Sentries","floor":8.0,"turns":5.0},{"damage":35.0,"enemies":"Gremlin Nob","floor":12.0,"turns":4.0},{"damage":6.0,"enemies":"Hexaghost","floor":16.0,"turns":6.0},{"damage":4.0,"enemies":"Chosen","floor":18.0,"turns":3.0},{"damage":0.0,"enemies":"2 Thieves","floor":21.0,"turns":2.0},{"damage":13.0,"enemies":"Book of Stabbing","floor":23.0,"turns":4.0},{"damage":32.0,"enemies":"Gremlin Leader","floor":25.0,"turns":3.0},{"damage":12.0,"enemies":"3 Cultists","floor":27.0,"turns":4.0},{"damage":0.0,"enemies":"Book of Stabbing","floor":30.0,"turns":3.0},{"damage":12.0,"enemies":"Snake Plant","floor":31.0,"turns":3.0},{"damage":0.0,"enemies":"Automaton","floor":33.0,"turns":6.0},{"damage":0.0,"enemies":"Orb Walker","floor":35.0,"turns":3.0},{"damage":16.0,"enemies":"3 Darklings","floor":38.0,"turns":2.0},{"damage":7.0,"enemies":"Mind Bloom Boss Battle","floor":39.0,"turns":6.0},{"damage":0.0,"enemies":"Giant Head","floor":41.0,"turns":6.0},{"damage":7.0,"enemies":"Nemesis","floor":44.0,"turns":4.0},{"damage":0.0,"enemies":"Jaw Worm Horde","floor":47.0,"turns":3.0},{"damage":25.0,"enemies":"Donu and Deca","floor":50.0,"turns":7.0},{"damage":0.0,"enemies":"Shield and Spear","floor":54.0,"turns":3.0},{"damage":104,"enemies":"The Heart","floor":55,"turns":4}],"seed_played":"6900618831340244711","potions_obtained":[{"floor":2.0,"key":"Block Potion"},{"floor":16.0,"key":"ColorlessPotion"},{"floor":21.0,"key":"BottledMiracle"},{"floor":25.0,"key":"Ancient Potion"},{"floor":30.0,"key":"DistilledChaos"}],"is_trial":false,"path_per_floor":["M","M","M","?","?","E","R","E","T","R","?","E","$","?","R","B",null,"M","?","?","M","$","E","R","E","T","M","R","?","E","M","R","B",null,"M","$","?","M","?","R","E","$","T","E","$","R","M","?","R","B",null,"R","$","E","B"],"character_chosen":"WATCHER","items_purchased":["Wallop+1","Strawberry","Vengeance","Vault","Wireheading","Membership Card","Ragnarok+1","Halt","Adaptation"],"campfire_rested":4,"item_purchase_floors":[13,13,22,36,36,42,53,53,53],"current_hp_per_floor":[71,69,69,69,51,28,28,1,1,24,50,15,22,22,22,16,69,65,65,65,65,65,52,52,20,20,8,33,33,33,21,46,46,76,76,76,66,50,43,43,43,43,43,36,36,36,36,36,36,11,67,86,86,86,0,0],"gold":78,"neow_bonus":"TEN_PERCENT_HP_BONUS","is_daily":false,"chose_seed":false,"campfire_upgraded":4,"win_rate":0.0,"timestamp":1612739694,"path_taken":["M","M","M","?","?","E","R","E","T","R","?","E","$","?","R","BOSS","M","?","?","?","?","E","R","E","T","M","R","?","E","M","R","BOSS","M","$","?","M","?","R","E","?","T","E","$","R","M","?","R","BOSS","R","$","E","BOSS"],"items_purchased_type":["Card","Relic","Card","Card","Card","Relic","Card","Card","Card"],"build_version":"2020-12-22","purchased_purges":1,"victory":false,"max_hp_per_floor":[79,79,79,79,79,79,79,79,79,79,79,79,86,86,86,86,86,86,86,86,86,86,86,86,86,86,86,86,86,86,86,86,86,86,86,86,86,86,86,86,86,86,86,86,86,86,86,86,86,86,86,86,86,86,86,86],"relic_stats":{"Sozu":4,"Shovel":1,"counters":[24,96],"Gambling Chip":[17],"Prayer Wheel":7,"Pen Nib":[0],"Letter Opener":[92],"MawBank":108,"obtain_stats":[{"Calipers":39,"Pen Nib":54,"Letter Opener":25,"Ancient Tea Set":12,"MawBank":44,"White Beast Statue":41,"Sozu":34,"SlaversCollar":17,"Shovel":23,"Strawberry":13,"Gambling Chip":40,"Molten Egg 2":6,"Prayer Wheel":8,"WingedGreaves":5,"Membership Card":42,"Bottled Lightning":43,"PureWater":0,"Unceasing Top":9,"Pocketwatch":30},{"Calipers":18,"Pen Nib":23,"Letter Opener":11,"Ancient Tea Set":6,"MawBank":20,"White Beast Statue":19,"Sozu":15,"SlaversCollar":7,"Shovel":10,"Strawberry":6,"Gambling Chip":18,"Molten Egg 2":4,"Prayer Wheel":5,"WingedGreaves":3,"Membership Card":19,"Bottled Lightning":19,"PureWater":0,"Unceasing Top":5,"Pocketwatch":13},{"Calipers":69,"Pen Nib":92,"Letter Opener":42,"Ancient Tea Set":24,"MawBank":79,"White Beast Statue":75,"Sozu":58,"SlaversCollar":30,"Shovel":39,"Strawberry":24,"Gambling Chip":69,"Molten Egg 2":15,"Prayer Wheel":20,"WingedGreaves":11,"Membership Card":75,"Bottled Lightning":75,"PureWater":0,"Unceasing Top":20,"Pocketwatch":49}],"Unceasing Top":[7],"Pocketwatch":[12]},"card_choices":[{"not_picked":["JustLucky","Halt"],"picked":"FlurryOfBlows","floor":1.0},{"not_picked":["SashWhip","LikeWater"],"picked":"FlurryOfBlows","floor":2.0},{"not_picked":["EmptyMind","Worship"],"picked":"InnerPeace","floor":3.0},{"not_picked":["ClearTheMind","FollowUp+1"],"picked":"Adaptation","floor":6.0},{"not_picked":["Adaptation","EmptyFist+1"],"picked":"CutThroughFate+1","floor":8.0},{"not_picked":["FollowUp+1","Alpha"],"picked":"SashWhip+1","floor":12.0},{"not_picked":["BowlingBash+1","SashWhip+1"],"picked":"Consecrate+1","floor":18.0},{"not_picked":["Evaluate","WaveOfTheHand+1"],"picked":"EmptyFist+1","floor":18.0},{"not_picked":["Fasting2","Establishment"],"picked":"CutThroughFate+1","floor":21.0},{"not_picked":["Worship","Protect"],"picked":"FlurryOfBlows+1","floor":21.0},{"not_picked":["CrushJoints+1","Consecrate+1"],"picked":"MentalFortress","floor":23.0},{"not_picked":["ClearTheMind","Consecrate+1"],"picked":"Wallop+1","floor":25.0},{"not_picked":["Halt","Indignation"],"picked":"Tantrum+1","floor":27.0},{"not_picked":["SashWhip+1","Crescendo"],"picked":"Wireheading","floor":27.0},{"not_picked":["WaveOfTheHand","DeceiveReality"],"picked":"SpiritShield","floor":30.0},{"not_picked":["Prostrate+1","Protect"],"picked":"Halt+1","floor":31.0},{"not_picked":["BowlingBash+1","Protect","CarveReality+1"],"picked":"SKIP","floor":31.0},{"not_picked":["FlyingSleeves+1","WreathOfFlame+1"],"picked":"CutThroughFate+1","floor":35.0},{"not_picked":["Consecrate+1","FlurryOfBlows+1"],"picked":"Wallop+1","floor":35.0},{"not_picked":["Dramatic Entrance+1","HandOfGreed+1"],"picked":"Master of Strategy","floor":37.0},{"not_picked":["Chrysalis","Jack Of All Trades"],"picked":"Violence","floor":37.0},{"not_picked":["EmptyBody","EmptyFist+1","JustLucky+1"],"picked":"SKIP","floor":38.0},{"not_picked":["SashWhip+1","FlurryOfBlows+1","Wallop+1"],"picked":"SKIP","floor":38.0},{"not_picked":["BattleHymn","Conclude+1","EmptyFist+1"],"picked":"SKIP","floor":41.0},{"not_picked":["Swivel","MentalFortress"],"picked":"Fasting2","floor":44.0},{"not_picked":["FollowUp+1","Halt"],"picked":"Meditate+1","floor":47.0},{"not_picked":["SandsOfTime+1","CarveReality+1"],"picked":"Tantrum+1","floor":47.0},{"not_picked":["Brilliance+1","Swivel","MentalFortress"],"picked":"SKIP","floor":54.0}],"player_experience":750184,"relics_obtained":[{"floor":6.0,"key":"Molten Egg 2"},{"floor":8.0,"key":"Prayer Wheel"},{"floor":9.0,"key":"Unceasing Top"},{"floor":12.0,"key":"Ancient Tea Set"},{"floor":23.0,"key":"Shovel"},{"floor":25.0,"key":"Letter Opener"},{"floor":30.0,"key":"Pocketwatch"},{"floor":39.0,"key":"Calipers"},{"floor":40.0,"key":"Gambling Chip"},{"floor":41.0,"key":"White Beast Statue"},{"floor":43.0,"key":"Bottled Lightning"},{"floor":44.0,"key":"MawBank"},{"floor":54.0,"key":"Pen Nib"}],"event_choices":[{"damage_healed":0.0,"max_hp_gain":0.0,"max_hp_loss":0.0,"gold_gain":0.0,"cards_transformed":["Defend_P"],"event_name":"Living Wall","player_choice":"Change","floor":4.0,"gold_loss":0.0,"damage_taken":0.0,"cards_obtained":["Consecrate"]},{"damage_healed":0.0,"max_hp_gain":0.0,"max_hp_loss":0.0,"gold_gain":0.0,"event_name":"Scrap Ooze","player_choice":"Success","floor":5.0,"gold_loss":0.0,"damage_taken":18.0,"relics_obtained":["WingedGreaves"]},{"damage_healed":26.0,"max_hp_gain":0.0,"max_hp_loss":0.0,"gold_gain":0.0,"event_name":"Big Fish","player_choice":"Banana","floor":11.0,"gold_loss":0.0,"damage_taken":0.0},{"damage_healed":0.0,"max_hp_gain":0.0,"max_hp_loss":0.0,"gold_gain":0.0,"event_name":"Liars Game","player_choice":"Ignored","floor":14.0,"gold_loss":0.0,"damage_taken":0.0},{"damage_healed":0.0,"max_hp_gain":0.0,"max_hp_loss":0.0,"gold_gain":0.0,"event_name":"Back to Basics","player_choice":"Simplicity","floor":19.0,"gold_loss":0.0,"damage_taken":0.0,"cards_upgraded":["Strike_P","Strike_P","Strike_P","Strike_P","Defend_P","Defend_P","Defend_P"]},{"damage_healed":0.0,"max_hp_gain":0.0,"max_hp_loss":0.0,"gold_gain":0.0,"event_name":"Accursed Blacksmith","player_choice":"Forge","floor":20.0,"gold_loss":0.0,"damage_taken":0.0,"cards_upgraded":["Vigilance"]},{"damage_healed":0.0,"max_hp_gain":0.0,"max_hp_loss":0.0,"gold_gain":0.0,"cards_transformed":["Defend_P"],"event_name":"Transmorgrifier","player_choice":"Transformed","floor":29.0,"gold_loss":0.0,"damage_taken":0.0,"cards_obtained":["Collect"]},{"damage_healed":0.0,"max_hp_gain":0.0,"max_hp_loss":0.0,"gold_gain":0.0,"event_name":"SensoryStone","player_choice":"Memory 3","floor":37.0,"gold_loss":0.0,"damage_taken":10.0},{"damage_healed":0.0,"max_hp_gain":0.0,"max_hp_loss":0.0,"gold_gain":0.0,"event_name":"MindBloom","player_choice":"Fight","floor":39.0,"gold_loss":0.0,"damage_taken":0.0},{"damage_healed":0.0,"max_hp_gain":0.0,"max_hp_loss":0.0,"gold_gain":0.0,"event_name":"Tomb of Lord Red Mask","player_choice":"Ignored","floor":48.0,"gold_loss":0.0,"damage_taken":0.0}],"is_beta":false,"boss_relics":[{"not_picked":["Tiny House","Velvet Choker"],"picked":"SlaversCollar"},{"not_picked":["Astrolabe","Black Star"],"picked":"Sozu"}],"items_purged_floors":[53],"is_endless":false,"potions_floor_spawned":[2,16,21,25,30,33,39,44,47,54],"killed_by":"The Heart","ascension_level":6}}