{"host":"cb9xh4d0ss8ax8yb","time":1612687359,"event":{"mods":["100% Spire Juice","BaseMod","Fox Events","Good Game Mod","Jess\u0027s Bottle","Minty Spire (QoL Compilation)","StSLib","The Dragon Tamer","The Gatherer"],"gold_per_floor":[129,9,23,37,37,69,82,109,158,158,158,170,203,222,222,317,77,90,100,117,42,42,42,74,74,74,101,116,116,135,155,155,253,253,265,279,36,52,65,100,100,11,11,11,29,29,64,77,77,77],"floor_reached":51,"language":"KOR","playtime":2259,"items_purged":["Moonworks:Strike","Moonworks:Strike"],"score":1235,"play_id":"ac7668fe-5e48-4565-b82f-2df5c2229668","local_time":"20210207174239","is_ascension_mode":true,"campfire_choices":[{"data":"DTMod:BalancedStrike","floor":11,"key":"SMITH"},{"floor":15,"key":"REST"},{"data":"Moonworks:TreasureThief","floor":23,"key":"SMITH"},{"data":"Moonworks:NicePresent","floor":29,"key":"SMITH"},{"data":"Moonworks:Ambush","floor":32,"key":"SMITH"},{"data":"Moonworks:ShieldCounter","floor":44,"key":"SMITH"},{"data":"Moonworks:EvilSpyWorkPreparation","floor":49,"key":"SMITH"}],"circlet_count":0,"master_deck":["Moonworks:Defend","Moonworks:Defend","Moonworks:Defend","Moonworks:Defend","Moonworks:Ambush+1","Moonworks:LongDistanceShot+1","DTMod:BalancedStrike+1","Moonworks:NicePresent+1","Moonworks:EvilSpyWorkPreparation+1","Moonworks:JonathanRush","Moonworks:BigMagnum","Moonworks:IndiscriminateFireSupport+1","Moonworks:ShieldCounter+1","Moonworks:TreasureThief+1","Moonworks:SakisCookie+1","Moonworks:LuckyCharm","Moonworks:x16BigRocket","Moonworks:MiracleRedBeanIceCream","Moonworks:SweetBattle+1","Moonworks:NicePresent+1","Moonworks:EvilSpyWorkPreparation+1","Moonworks:NicePresent+1","Moonworks:PlushieMaster+1","Moonworks:DeployBits+1","Moonworks:NicePresent+1","Blind+1","Moonworks:Dinner+1","Moonworks:JonathanRush+1","Moonworks:RedAndBlue+1"],"relics":["Moonworks:BrokenBomb","Moonworks:Homemark","REME:ComplimentaryCards","White Beast Statue","Letter Opener","Bag of Marbles","Regal Pillow","Coffee Dripper","Whetstone","MutagenicStrength","Blue Candle","Toxic Egg 2","Philosopher\u0027s Stone","Centennial Puzzle","Pen Nib","Calipers","Ancient Tea Set"],"acts_visited":["Exordium","TheCity","TheBeyond"],"potions_floor_usage":[8,8,8,12,13,13,16,20,20,20,31,33,33,33,39,40,40,50,50],"damage_taken":[{"damage":0,"enemies":"Cultist","floor":1,"turns":3},{"damage":0,"enemies":"2 Louse","floor":3,"turns":2},{"damage":0,"enemies":"Jaw Worm","floor":4,"turns":2},{"damage":12,"enemies":"Lagavulin","floor":6,"turns":4},{"damage":3,"enemies":"Looter","floor":7,"turns":2},{"damage":18,"enemies":"Gremlin Nob","floor":8,"turns":3},{"damage":0,"enemies":"2 Fungi Beasts","floor":12,"turns":2},{"damage":0,"enemies":"3 Sentries","floor":13,"turns":2},{"damage":0,"enemies":"Exordium Thugs","floor":14,"turns":2},{"damage":32,"enemies":"Hexaghost","floor":16,"turns":8},{"damage":5,"enemies":"2 Thieves","floor":18,"turns":2},{"damage":0,"enemies":"Shell Parasite","floor":19,"turns":3},{"damage":0,"enemies":"Snake Plant","floor":20,"turns":2},{"damage":0,"enemies":"Slavers","floor":24,"turns":1},{"damage":0,"enemies":"Gremlin Leader","floor":27,"turns":3},{"damage":0,"enemies":"3 Cultists","floor":28,"turns":2},{"damage":0,"enemies":"Centurion and Healer","floor":30,"turns":1},{"damage":0,"enemies":"Chosen and Byrds","floor":31,"turns":2},{"damage":5,"enemies":"Collector","floor":33,"turns":2},{"damage":0,"enemies":"3 Shapes","floor":35,"turns":1},{"damage":0,"enemies":"3 Darklings","floor":36,"turns":1},{"damage":50,"enemies":"Maw","floor":38,"turns":5},{"damage":0,"enemies":"4 Shapes","floor":39,"turns":1},{"damage":0,"enemies":"Nemesis","floor":40,"turns":3},{"damage":5,"enemies":"Writhing Mass","floor":45,"turns":3},{"damage":5,"enemies":"Giant Head","floor":47,"turns":4},{"damage":0,"enemies":"3 Darklings","floor":48,"turns":3},{"damage":5,"enemies":"Donu and Deca","floor":50,"turns":1}],"seed_played":"1572621703718373433","potions_obtained":[{"floor":3,"key":"Swift Potion"},{"floor":7,"key":"EntropicBrew"},{"floor":8,"key":"ColorlessPotion"},{"floor":12,"key":"LiquidMemories"},{"floor":13,"key":"SmokeBomb"},{"floor":14,"key":"SpeedPotion"},{"floor":16,"key":"DuplicationPotion"},{"floor":18,"key":"GamblersBrew"},{"floor":19,"key":"SteroidPotion"},{"floor":20,"key":"Explosive Potion"},{"floor":24,"key":"Block Potion"},{"floor":27,"key":"Dexterity Potion"},{"floor":30,"key":"ColorlessPotion"},{"floor":31,"key":"SteroidPotion"},{"floor":33,"key":"SpeedPotion"},{"floor":35,"key":"FairyPotion"},{"floor":36,"key":"FairyPotion"},{"floor":38,"key":"SkillPotion"},{"floor":39,"key":"ColorlessPotion"},{"floor":40,"key":"DuplicationPotion"},{"floor":45,"key":"ColorlessPotion"},{"floor":47,"key":"Dexterity Potion"}],"is_trial":false,"path_per_floor":["M","?","M","M","$","E","M","E","T","?","R","M","E","M","R","B",null,"M","M","M","$","?","R","E","?","T","E","M","R","M","M","R","B",null,"M","M","$","M","M","E","?","$","T","R","M","?","E","M","R","B",null],"character_chosen":"THE_STARBREAKER","items_purchased":["Centennial Puzzle","Blind+1"],"campfire_rested":1,"item_purchase_floors":[37,42],"current_hp_per_floor":[42,42,42,42,42,30,27,9,9,9,9,14,14,14,47,15,60,55,58,60,60,60,60,60,60,60,60,60,60,60,60,60,55,60,60,60,60,14,17,20,20,20,20,20,29,29,51,60,60,55],"gold":77,"neow_bonus":"TWO_FIFTY_GOLD","is_daily":false,"chose_seed":false,"campfire_upgraded":6,"win_rate":0.0,"timestamp":1612687359,"path_taken":["M","?","M","M","?","E","M","E","T","?","R","?","E","M","R","BOSS","M","M","M","$","?","R","E","?","T","E","M","R","M","M","R","BOSS","M","M","$","M","M","E","?","?","T","R","M","?","E","M","R","BOSS"],"items_purchased_type":["Relic","Card"],"build_version":"2020-12-22","purchased_purges":2,"victory":true,"max_hp_per_floor":[60,60,60,60,60,60,60,60,60,60,60,60,60,60,60,60,60,60,60,60,60,60,60,60,60,60,60,60,60,60,60,60,60,60,60,60,60,60,60,60,60,60,60,60,60,60,60,60,60,60],"card_choices":[{"not_picked":["Moonworks:AngelHand","Moonworks:DeployBits"],"picked":"Moonworks:NicePresent","floor":1},{"not_picked":["Moonworks:SakisCookie","Moonworks:BackdoorTrade"],"picked":"Moonworks:EvilSpyWorkPreparation","floor":3},{"not_picked":["Moonworks:Assault","Moonworks:ImOnFire"],"picked":"Moonworks:JonathanRush","floor":4},{"not_picked":["Moonworks:EvilSpyWorkPreparation","Moonworks:CompletionReward"],"picked":"Moonworks:BigMagnum","floor":6},{"not_picked":["Moonworks:ImOnFire","Moonworks:DeployBits","Moonworks:Dinner"],"picked":"SKIP","floor":7},{"not_picked":["Moonworks:CloudOfSeagulls","Moonworks:LulusLuckyEgg"],"picked":"Moonworks:IndiscriminateFireSupport","floor":8},{"not_picked":["Moonworks:EvilSpyWorkPreparation","Moonworks:x16BigRocket","Moonworks:Heat300Percent"],"picked":"SKIP","floor":12},{"not_picked":["Moonworks:CloudOfSeagulls","Moonworks:LulusLuckyEgg"],"picked":"Moonworks:ShieldCounter","floor":13},{"not_picked":["Moonworks:LulusLuckyEgg","Moonworks:ReproductionOfRecords"],"picked":"Moonworks:TreasureThief","floor":14},{"not_picked":["Moonworks:DeployBits","Moonworks:JonathanRush"],"picked":"Moonworks:SakisCookie+1","floor":18},{"not_picked":["Moonworks:BigMagnum","Moonworks:NicePresent","Moonworks:Poppoformation"],"picked":"SKIP","floor":19},{"not_picked":["Moonworks:BigMagnum","Moonworks:Blazing"],"picked":"Moonworks:LuckyCharm","floor":20},{"not_picked":["Moonworks:ImOnFire+1","Moonworks:IndiscriminateFireSupport"],"picked":"Moonworks:MiracleRedBeanIceCream","floor":24},{"not_picked":["Moonworks:BigMagnum+1","Moonworks:JonathanRush"],"picked":"Moonworks:SweetBattle+1","floor":27},{"not_picked":["Moonworks:EvilSpyWorkPreparation+1","Moonworks:BigMagnum+1"],"picked":"Moonworks:NicePresent+1","floor":28},{"not_picked":["Moonworks:SakisCookie+1","Moonworks:JonathanRush"],"picked":"Moonworks:EvilSpyWorkPreparation+1","floor":30},{"not_picked":["Moonworks:JonathanRush","Moonworks:MixPhenomenon+1"],"picked":"Moonworks:NicePresent+1","floor":31},{"not_picked":["Moonworks:LeapThroughSpace","Moonworks:EvilMastermind+1"],"picked":"Moonworks:PlushieMaster+1","floor":33},{"not_picked":["Moonworks:RagingMadness","Moonworks:x16BigRocket","Moonworks:DeployBits+1"],"picked":"SKIP","floor":35},{"not_picked":["Moonworks:SakisCookie+1","Moonworks:AngelHand+1","Moonworks:BeyondHell+1"],"picked":"SKIP","floor":36},{"not_picked":["Moonworks:Assault","Moonworks:IntelligenceOfficer+1"],"picked":"Moonworks:DeployBits+1","floor":38},{"not_picked":["Moonworks:AwakeningOfTalent","Moonworks:BindingChains+1"],"picked":"Moonworks:NicePresent+1","floor":39},{"not_picked":["Moonworks:ImOnFire+1","Moonworks:SakisCookie+1","Moonworks:Assault"],"picked":"SKIP","floor":40},{"not_picked":["Moonworks:MeltingMemories","Moonworks:ImOnFire+1"],"picked":"Moonworks:Dinner+1","floor":45},{"not_picked":["Moonworks:CompletionReward+1","Moonworks:IndiscriminateFireSupport"],"picked":"Moonworks:JonathanRush+1","floor":47},{"not_picked":["Moonworks:Assault+1","Moonworks:ScrambledEve+1"],"picked":"Moonworks:RedAndBlue+1","floor":48}],"player_experience":456847,"relics_obtained":[{"floor":6,"key":"White Beast Statue"},{"floor":8,"key":"Letter Opener"},{"floor":9,"key":"Bag of Marbles"},{"floor":13,"key":"Regal Pillow"},{"floor":24,"key":"Whetstone"},{"floor":26,"key":"Blue Candle"},{"floor":27,"key":"Toxic Egg 2"},{"floor":40,"key":"Pen Nib"},{"floor":43,"key":"Calipers"},{"floor":47,"key":"Ancient Tea Set"}],"event_choices":[{"damage_healed":0,"gold_gain":0,"player_choice":"Bought 0 Potions","damage_taken":0,"max_hp_gain":0,"max_hp_loss":0,"event_name":"The Woman in Blue","floor":2,"gold_loss":0},{"cards_removed":["Moonworks:Strike"],"damage_healed":0,"gold_gain":0,"player_choice":"Forget","damage_taken":0,"max_hp_gain":0,"max_hp_loss":0,"event_name":"Living Wall","floor":10,"gold_loss":0},{"damage_healed":0,"gold_gain":0,"player_choice":"Read","damage_taken":0,"max_hp_gain":0,"max_hp_loss":0,"event_name":"The Library","floor":22,"gold_loss":0,"cards_obtained":["Moonworks:x16BigRocket"]},{"damage_healed":0,"gold_gain":0,"player_choice":"Inject Mutagens","damage_taken":0,"relics_obtained":["MutagenicStrength"],"max_hp_gain":0,"max_hp_loss":0,"event_name":"Drug Dealer","floor":25,"gold_loss":0},{"cards_removed":["Moonworks:Strike"],"damage_healed":0,"gold_gain":0,"player_choice":"Offered Basic","damage_taken":0,"max_hp_gain":0,"max_hp_loss":0,"event_name":"Bonfire Elementals","floor":41,"gold_loss":0},{"damage_healed":0,"gold_gain":0,"player_choice":"Ignored","damage_taken":0,"max_hp_gain":0,"max_hp_loss":0,"event_name":"The Moai Head","floor":46,"gold_loss":0}],"is_beta":false,"boss_relics":[{"not_picked":["Ectoplasm","Sozu"],"picked":"Coffee Dripper"},{"not_picked":["SlaversCollar","Snecko Eye"],"picked":"Philosopher\u0027s Stone"}],"items_purged_floors":[21,37],"is_endless":false,"potions_floor_spawned":[3,7,8,12,13,14,16,18,19,20,24,27,28,30,31,33,35,36,38,39,40,45,47,48],"ascension_level":4}}