{"host":"bvp2uifzy1c463d9","time":1612661600,"event":{"mods":["AchievementEnabler","BaseMod","Block Reminder","ChefMod","Colored Map","Colored Powertips","Hermit","Highlight Path","Infinite Spire","Minty Spire (QoL Compilation)","Random Character Button","Relic Sorter","Relic Stats","Reliquary","Replay The Spire","StSLib","The Jungle","The Servant 0.9.4"],"gold_per_floor":[361,372,51,68,88,88,121,121,121,134,134,168,168,187,187,285,285,304,318,318,318,318,318,330,330,356,281,301,301,301],"floor_reached":29,"language":"ENG","playtime":1680,"items_purged":["Spreading Infection"],"score":270,"play_id":"ae9b7bc1-e142-4e3c-9987-6bbff2b28933","local_time":"20210206193320","is_ascension_mode":true,"campfire_choices":[{"data":"infinitespire:OneForAll","floor":6,"key":"SMITH"},{"floor":8,"key":"REST"},{"floor":11,"key":"REST"},{"floor":15,"key":"REST"},{"floor":23,"key":"REST"},{"floor":25,"key":"REST"}],"circlet_count":0,"master_deck":["Strike_R","Strike_R","Defend_R","Defend_R","Bash","Strike_S","Defend_P","Run Through","Uppercut","Dark Embrace","infinitespire:OneForAll+1","Disarm","ReplayTheSpireMod:Muscle Training","Warcry","Power Through","Havoc","Eclipse","Decay","Defy Death","Fiend Fire","Sickly","Dual Wield","Sentinel","ReplayTheSpireMod:Corrosion Curse","Seeing Red","Abandon+1","ReplayTheSpireMod:Stacked+1"],"relics":["Burning Blood","Dream Catcher","Vajra","Chameleon Ring","Kintsugi","reliquary:JackalopeAntler","Nloth\u0027s Gift","reliquary:Knoch"],"acts_visited":["Exordium","TheCity"],"potions_floor_usage":[16,16,24,24],"damage_taken":[{"damage":7,"enemies":"2 Louse","floor":1,"turns":4},{"damage":1,"enemies":"Cultist","floor":2,"turns":4},{"damage":7,"enemies":"Jaw Worm","floor":4,"turns":3},{"damage":17,"enemies":"Large Slime","floor":5,"turns":6},{"damage":48,"enemies":"Lagavulin","floor":7,"turns":9},{"damage":14,"enemies":"Looter","floor":10,"turns":4},{"damage":17,"enemies":"3 Sentries","floor":12,"turns":7},{"damage":2,"enemies":"Exordium Wildlife","floor":14,"turns":4},{"damage":62,"enemies":"The Guardian","floor":16,"turns":12},{"damage":36,"enemies":"Spheric Guardian","floor":18,"turns":4},{"damage":31,"enemies":"Shell Parasite","floor":19,"turns":4},{"damage":7,"enemies":"Snecko","floor":24,"turns":5},{"damage":44,"enemies":"Snake Plant","floor":28,"turns":5},{"damage":23,"enemies":"3 Cultists","floor":29,"turns":4}],"seed_played":"4053092842826322699","potions_obtained":[{"floor":1,"key":"infinitespire:BlackPotion"},{"floor":5,"key":"FearPotion"},{"floor":10,"key":"Fire Potion"},{"floor":19,"key":"DistilledChaos"},{"floor":24,"key":"BlessingOfTheForge"}],"is_trial":false,"path_per_floor":["M","M","$","M","M","R","E","R","T","M","R","E","?","M","R_BF","B",null,"M","M","T","?","?","R","M","R","T","$","M","M"],"character_chosen":"IRONCLAD","items_purchased":["Dark Embrace","reliquary:TridentHead"],"campfire_rested":5,"item_purchase_floors":[3,3],"current_hp_per_floor":[79,80,80,79,68,68,26,50,50,42,66,55,55,59,80,24,80,50,25,25,10,10,35,34,59,59,59,21,0,0],"gold":301,"neow_bonus":"TWO_FIFTY_GOLD","is_daily":false,"chose_seed":false,"campfire_upgraded":1,"win_rate":0.0,"timestamp":1612661600,"path_taken":["M","M","$","M","M","R","E","R","T","M","R","E","?","?","R_BF","BOSS","M","M","?","?","?","R","?","R","T","$","M","M"],"items_purchased_type":["Card","Relic"],"build_version":"2020-12-22","purchased_purges":1,"victory":false,"max_hp_per_floor":[80,80,80,80,80,80,80,80,80,80,80,80,80,80,80,80,80,80,80,80,85,85,85,85,85,85,85,85,85,85],"relic_stats":{"Dream Catcher":5,"counters":[14,75],"Nloth\u0027s Gift":0,"obtain_stats":[{"reliquary:JackalopeAntler":20,"reliquary:TridentHead":3,"Dream Catcher":7,"Chameleon Ring":12,"Vajra":9,"Nloth\u0027s Gift":22,"reliquary:Knoch":26,"Kintsugi":17,"Burning Blood":0},{"reliquary:JackalopeAntler":11,"reliquary:TridentHead":2,"Dream Catcher":5,"Chameleon Ring":7,"Vajra":5,"Nloth\u0027s Gift":11,"reliquary:Knoch":12,"Kintsugi":9,"Burning Blood":0},{"reliquary:JackalopeAntler":61,"reliquary:TridentHead":8,"Dream Catcher":26,"Chameleon Ring":37,"Vajra":26,"Nloth\u0027s Gift":61,"reliquary:Knoch":66,"Kintsugi":53,"Burning Blood":0}],"Burning Blood":74},"card_choices":[{"not_picked":["Perfected Strike","Clothesline"],"picked":"Run Through","floor":1},{"not_picked":["Clothesline","Iron Wave"],"picked":"Uppercut","floor":2},{"not_picked":["Warcry","Evolve"],"picked":"infinitespire:OneForAll","floor":4},{"not_picked":["Clash","Pommel Strike"],"picked":"Disarm","floor":5},{"not_picked":["Pummel","Shockwave"],"picked":"ReplayTheSpireMod:Muscle Training","floor":7},{"not_picked":["Twin Strike","Pommel Strike"],"picked":"Warcry","floor":8},{"not_picked":["Massacre","Flex"],"picked":"Power Through","floor":10},{"not_picked":["Sever Soul","Perfected Strike"],"picked":"Havoc","floor":11},{"not_picked":["Iron Wave","Reckless Charge"],"picked":"Eclipse","floor":12},{"not_picked":["Warcry","Hemokinesis","Body Slam"],"picked":"SKIP","floor":14},{"not_picked":["Headbutt","Warcry"],"picked":"Defy Death","floor":15},{"not_picked":["Double Tap","Juggernaut"],"picked":"Fiend Fire","floor":16},{"not_picked":["Perfected Strike+1","Hemokinesis+1"],"picked":"Dual Wield","floor":18},{"not_picked":["ReplayTheSpireMod:LeadingStrike","Heavy Blade"],"picked":"Sentinel","floor":19},{"not_picked":["Clash","Dual Wield"],"picked":"ReplayTheSpireMod:Corrosion Curse","floor":23},{"not_picked":["Sword Boomerang","Twin Strike"],"picked":"Seeing Red","floor":24},{"not_picked":["Spot Weakness+1","Clash"],"picked":"Abandon+1","floor":25},{"not_picked":["Havoc+1","Twin Strike"],"picked":"ReplayTheSpireMod:Stacked+1","floor":28}],"player_experience":280957,"relics_obtained":[{"floor":7,"key":"Dream Catcher"},{"floor":9,"key":"Vajra"},{"floor":12,"key":"Chameleon Ring"},{"floor":20,"key":"reliquary:JackalopeAntler"},{"floor":26,"key":"reliquary:Knoch"}],"event_choices":[{"damage_healed":0,"gold_gain":0,"player_choice":"Cursed","damage_taken":0,"max_hp_gain":0,"max_hp_loss":0,"event_name":"Wheel of Change","floor":13,"gold_loss":0,"cards_obtained":["Decay"]},{"damage_healed":0,"gold_gain":0,"player_choice":"Shed Blood","damage_taken":20,"max_hp_gain":5,"max_hp_loss":0,"event_name":"Forgotten Altar","floor":21,"gold_loss":0},{"damage_healed":0,"gold_gain":0,"player_choice":"Traded Relic","damage_taken":0,"relics_obtained":["Nloth\u0027s Gift"],"max_hp_gain":0,"max_hp_loss":0,"event_name":"N\u0027loth","floor":22,"relics_lost":["reliquary:TridentHead"],"gold_loss":0}],"is_beta":false,"boss_relics":[{"not_picked":["Calling Bell","Cursed Key"],"picked":"Kintsugi"}],"items_purged_floors":[27],"is_endless":false,"potions_floor_spawned":[1,5,10,12,19,24],"killed_by":"3 Cultists","ascension_level":3}}