{"host":"psytf3wd8ccrk52d","time":1612740829,"event":{"mods":["Astrologer","BaseMod","Better Third Choice","Colored Map","Downfall","Minty Spire (QoL Compilation)","Replay The Spire","Shade Mod","Shop Mod","Spire Arcade","StSLib","The Marked"],"gold_per_floor":[99,119,134,148,148,162,189,212,246,325,25,50,50,69,96,112,112,112],"floor_reached":16,"language":"ENG","playtime":2121,"items_purged":[],"score":129,"play_id":"13e6e99f-7df4-4915-b3e2-69949ed7a477","local_time":"20210207233349","is_ascension_mode":false,"campfire_choices":[{"floor":1,"key":"RECALL"},{"data":"bronze:ItsAFeature","floor":11,"key":"SMITH"}],"circlet_count":0,"master_deck":["bronze:Strike","bronze:Strike","bronze:Strike","bronze:Strike","bronze:Defend","bronze:Defend","bronze:Defend","bronze:Defend","bronze:Replicate","bronze:Goto","bronze:Fortify+1","bronze:DigitalCarnage+1","bronze:ItsAFeature+1","bronze:ChosenStrike","bronze:Optimize","bronze:BuggyMess","bronze:BuggyMess","bronze:OilSpill"],"relics":["bronze:BronzeCore","Replay:Mystery Machine","Omamori","Replay:Bandana","downfall:HeartBlessingRed","downfall:HeartBlessingGreen","downfall:HeartBlessingBlue"],"acts_visited":["Exordium"],"potions_floor_usage":[16,16,16],"damage_taken":[{"damage":1,"enemies":"2 Louse","floor":2,"turns":3},{"damage":1,"enemies":"Cultist","floor":3,"turns":4},{"damage":1,"enemies":"Jaw Worm","floor":4,"turns":4},{"damage":10,"enemies":"Gremlin Gang","floor":6,"turns":6},{"damage":31,"enemies":"Gremlin Nob","floor":9,"turns":4},{"damage":0,"enemies":"2 Fungi Beasts","floor":12,"turns":2},{"damage":11,"enemies":"Exordium Wildlife","floor":14,"turns":2},{"damage":17,"enemies":"Gremlin Gang","floor":15,"turns":4},{"damage":35,"enemies":"IC_STATUS_ARCHETYPE","floor":16,"turns":4}],"seed_played":"6814551920148222505","potions_obtained":[{"floor":3,"key":"hexamod:SoulburnPotion"},{"floor":6,"key":"Dexterity Potion"},{"floor":12,"key":"SpeedPotion"}],"is_trial":false,"path_per_floor":["R","M","M","M","?","M","T","T","E","?","R","M","?","M","M","B"],"character_chosen":"THE_AUTOMATON","items_purchased":[],"campfire_rested":0,"item_purchase_floors":[],"current_hp_per_floor":[77,76,75,74,74,64,64,64,33,33,43,43,43,32,15,0,0,0],"gold":112,"neow_bonus":"TEN_PERCENT_HP_BONUS","is_daily":false,"chose_seed":false,"campfire_upgraded":1,"win_rate":0.0,"timestamp":1612740829,"path_taken":["R","M","M","M","?","?","T","?","E","?","R","?","?","M","M","BOSS"],"items_purchased_type":[],"build_version":"2020-12-22","purchased_purges":0,"victory":false,"max_hp_per_floor":[77,77,77,77,77,77,77,77,77,77,87,87,87,87,87,87,87,87],"card_choices":[{"not_picked":["bronze:Overheat","bronze:DelayedSlice","bronze:Repair"],"picked":"SKIP","floor":2},{"not_picked":["bronze:CutThrough","bronze:BronzeOrb"],"picked":"bronze:Fortify","floor":3},{"not_picked":["bronze:BuggyMess","bronze:CutThrough"],"picked":"bronze:DigitalCarnage","floor":4},{"not_picked":["bronze:ChildClass","bronze:WhirlingStrike"],"picked":"bronze:ItsAFeature","floor":6},{"not_picked":["bronze:Flail","bronze:FineTuning"],"picked":"bronze:ChosenStrike","floor":9},{"not_picked":["bronze:CutThrough","bronze:DelayedGuard"],"picked":"bronze:Optimize","floor":10},{"not_picked":["bronze:Philosophize","bronze:Allocate"],"picked":"bronze:BuggyMess","floor":10},{"not_picked":["bronze:Fortify","bronze:GetLatest"],"picked":"bronze:BuggyMess","floor":12},{"not_picked":["bronze:Invalidate","bronze:NullPointer","bronze:Fortify"],"picked":"SKIP","floor":14},{"not_picked":["bronze:ForLoop","bronze:Iterate"],"picked":"bronze:OilSpill","floor":15}],"player_experience":52584,"relics_obtained":[{"floor":8,"key":"Replay:Mystery Machine"},{"floor":9,"key":"Omamori"},{"floor":10,"key":"Replay:Bandana"}],"event_choices":[{"cards_removed":["Injury"],"damage_healed":0,"gold_gain":0,"player_choice":"Card Removal","damage_taken":0,"max_hp_gain":0,"max_hp_loss":0,"event_name":"The Cleric","floor":13,"gold_loss":0}],"is_beta":false,"boss_relics":[],"items_purged_floors":[],"is_endless":false,"potions_floor_spawned":[3,6,12,14],"killed_by":"IC_STATUS_ARCHETYPE","ascension_level":0}}