{"host":"kn32u0f2pym5bozc","time":1612690372,"event":{"mods":["2.2 Compatiblity","BaseMod","Better Third Choice","Minty Spire (QoL Compilation)","Permanent Neow","Relic Stats","StSLib","The Animator"],"gold_per_floor":[270,323,323,3,27,27,27,27],"floor_reached":7,"language":"ENG","playtime":248,"items_purged":[],"score":74,"play_id":"fa91fca2-38c7-4439-95be-eef9c9726a21","local_time":"20210207043252","is_ascension_mode":true,"campfire_choices":[{"data":"animator:Emonzaemon","floor":6,"key":"SMITH"}],"circlet_count":0,"master_deck":["AscendersBane","animator:Strike_Kancolle","animator:Defend_Kancolle","animator:Strike+1","animator:Strike","animator:Strike","animator:Defend","animator:Defend","animator:Defend","animator:Shimakaze","animator:Togame","animator:Kaijin","animator:Emonzaemon+1","animator:Raven"],"relics":["animator:LivingPicture","animator:TheMissingPiece","animator:PurgingStone","Tiny Chest","The Courier","Eternal Feather"],"acts_visited":["Exordium"],"potions_floor_usage":[],"damage_taken":[{"damage":10,"enemies":"Cultist","floor":1,"turns":5},{"damage":1,"enemies":"Small Slimes","floor":5,"turns":4},{"damage":46,"enemies":"Gremlin Nob","floor":7,"turns":4}],"seed_played":"-1164415413616636980","potions_obtained":[],"is_trial":false,"path_per_floor":["M","T","?","$","M","R","E"],"character_chosen":"THE_ANIMATOR","items_purchased":["Eternal Feather","animator:Kaijin","animator:Emonzaemon"],"campfire_rested":0,"item_purchase_floors":[4,4,4],"current_hp_per_floor":[29,29,29,29,28,34,0,0],"gold":27,"neow_bonus":"RANDOM_COLORLESS_2","is_daily":false,"chose_seed":false,"campfire_upgraded":1,"win_rate":0.0,"timestamp":1612690372,"path_taken":["M","?","?","$","?","R","E"],"items_purchased_type":["Relic","Card","Card"],"build_version":"2020-12-22","purchased_purges":0,"victory":false,"max_hp_per_floor":[60,60,60,60,60,60,60,60],"relic_stats":{"counters":[3,13],"Tiny Chest":0,"Eternal Feather":6,"obtain_stats":[{"animator:PurgingStone":0,"animator:TheMissingPiece":0,"Tiny Chest":2,"Eternal Feather":4,"animator:LivingPicture":0,"The Courier":3},{"animator:PurgingStone":0,"animator:TheMissingPiece":0,"Tiny Chest":1,"Eternal Feather":1,"animator:LivingPicture":0,"The Courier":1},{"animator:PurgingStone":0,"animator:TheMissingPiece":0,"Tiny Chest":5,"Eternal Feather":5,"animator:LivingPicture":0,"The Courier":5}]},"card_choices":[{"not_picked":["animator:HarukoHaruhara","animator:HououinKyouma"],"picked":"animator:Hibiki","floor":0},{"not_picked":["animator:DolaCouronne","animator:Kaijin"],"picked":"animator:Togame","floor":1},{"not_picked":["animator:Aqua","animator:Alexander"],"picked":"animator:Raven","floor":5}],"player_experience":908374,"relics_obtained":[{"floor":2,"key":"Tiny Chest"}],"event_choices":[{"cards_removed":["animator:Hibiki"],"damage_healed":0,"gold_gain":0,"player_choice":"Gave Card","damage_taken":0,"relics_obtained":["The Courier"],"max_hp_gain":0,"max_hp_loss":0,"event_name":"WeMeetAgain","floor":3,"gold_loss":0}],"is_beta":false,"boss_relics":[],"items_purged_floors":[],"is_endless":false,"potions_floor_spawned":[],"killed_by":"Gremlin Nob","ascension_level":18}}