{"host":"7wi4qgm5yw4j7oz0","time":1612709968,"event":{"mods":["AchievementEnabler","BaseMod","Block Reminder","Colored Map","Colored Powertips","Highlight Path","Minty Spire (QoL Compilation)","Permanent Neow","Random Character Button","Rare Cards Sparkle","StSLib","everything is the same but u backflip on backflip"],"gold_per_floor":[118,132,143,4,24,24,59,9,9,9,9,29,48,48,48,153,153,166,151,151,151,151,151],"floor_reached":22,"language":"KOR","playtime":1119,"items_purged":[],"score":287,"play_id":"80d8bead-ed33-4c9b-84cd-04ec77c18ccb","local_time":"20210207235928","is_ascension_mode":true,"campfire_choices":[{"data":"Armaments","floor":6,"key":"SMITH"},{"data":"Armaments","floor":11,"key":"SMITH"},{"data":"Barricade","floor":15,"key":"SMITH"}],"circlet_count":0,"master_deck":["Strike_R","Strike_R","Strike_R","Strike_R","Defend_R","Defend_R","Defend_R","Defend_R","Bash","Finesse","Sword Boomerang","Armaments+1","Pommel Strike","Barricade+1","Power Through","Armaments+1","Body Slam+1","Warcry","Juggernaut","CurseOfTheBell","Body Slam"],"relics":["Burning Blood","Bronze Scales","Mercury Hourglass","Dead Branch","Calling Bell","Art of War","Ornamental Fan","Ice Cream","Nilry\u0027s Codex"],"acts_visited":["Exordium","TheCity"],"potions_floor_usage":[14,22],"damage_taken":[{"damage":9,"enemies":"Jaw Worm","floor":1,"turns":4},{"damage":0,"enemies":"Small Slimes","floor":2,"turns":3},{"damage":3,"enemies":"2 Louse","floor":3,"turns":3},{"damage":22,"enemies":"Red Slaver","floor":5,"turns":5},{"damage":0,"enemies":"Lagavulin","floor":7,"turns":10},{"damage":11,"enemies":"Looter","floor":12,"turns":2},{"damage":6,"enemies":"Large Slime","floor":13,"turns":7},{"damage":0,"enemies":"Gremlin Nob","floor":14,"turns":1},{"damage":22,"enemies":"Hexaghost","floor":16,"turns":13},{"damage":9,"enemies":"Spheric Guardian","floor":18,"turns":4},{"damage":19,"enemies":"2 Thieves","floor":19,"turns":4},{"damage":40,"enemies":"3 Cultists","floor":22,"turns":5}],"seed_played":"1130262717013310211","potions_obtained":[{"floor":7,"key":"SmokeBomb"},{"floor":13,"key":"Strength Potion"},{"floor":16,"key":"SpeedPotion"},{"floor":19,"key":"BlessingOfTheForge"}],"is_trial":false,"path_per_floor":["M","M","M","$","M","R","E","?","T","?","R","M","M","E","R","B",null,"M","M","?","?","M"],"character_chosen":"IRONCLAD","items_purchased":["Barricade"],"campfire_rested":0,"item_purchase_floors":[4],"current_hp_per_floor":[69,75,78,78,62,62,68,68,68,61,61,56,56,62,62,46,72,69,56,40,40,0,0],"gold":151,"neow_bonus":"RANDOM_COLORLESS","is_daily":false,"chose_seed":false,"campfire_upgraded":3,"win_rate":0.0,"timestamp":1612709968,"path_taken":["M","M","M","$","M","R","E","?","T","?","R","M","M","E","R","BOSS","M","M","?","?","?"],"items_purchased_type":["Card"],"build_version":"2020-12-22","purchased_purges":0,"victory":false,"max_hp_per_floor":[80,80,80,80,80,80,80,80,80,80,80,80,80,80,80,80,80,80,80,80,80,80,80],"card_choices":[{"not_picked":["Good Instincts","Trip"],"picked":"Finesse","floor":0},{"not_picked":["Sever Soul","Havoc"],"picked":"Sword Boomerang","floor":1},{"not_picked":["Havoc","Thunderclap"],"picked":"Armaments","floor":2},{"not_picked":["Rupture","Anger"],"picked":"Pommel Strike","floor":3},{"not_picked":["Iron Wave","Evolve"],"picked":"Power Through","floor":5},{"not_picked":["Limit Break","Sword Boomerang"],"picked":"Armaments","floor":7},{"not_picked":["Searing Blow","Havoc"],"picked":"Body Slam","floor":12},{"not_picked":["Pummel","Wild Strike"],"picked":"Warcry","floor":13},{"not_picked":["Impervious","Offering"],"picked":"Juggernaut","floor":16},{"not_picked":["Anger+1","Perfected Strike","Wild Strike"],"picked":"SKIP","floor":18},{"not_picked":["Shrug It Off","Warcry"],"picked":"Body Slam","floor":19}],"player_experience":259572,"relics_obtained":[{"floor":7,"key":"Bronze Scales"},{"floor":9,"key":"Mercury Hourglass"},{"floor":17,"key":"Art of War"},{"floor":17,"key":"Ornamental Fan"},{"floor":17,"key":"Ice Cream"},{"floor":20,"key":"Nilry\u0027s Codex"}],"event_choices":[{"cards_removed":["Strike_R"],"damage_healed":0,"gold_gain":0,"player_choice":"Card Removal","damage_taken":0,"max_hp_gain":0,"max_hp_loss":0,"event_name":"The Cleric","floor":8,"gold_loss":50},{"damage_healed":0,"gold_gain":0,"player_choice":"Success","damage_taken":7,"relics_obtained":["Dead Branch"],"max_hp_gain":0,"max_hp_loss":0,"event_name":"Scrap Ooze","floor":10,"gold_loss":0},{"damage_healed":0,"gold_gain":0,"player_choice":"Obtained Book","damage_taken":16,"max_hp_gain":0,"max_hp_loss":0,"event_name":"Cursed Tome","floor":20,"gold_loss":0},{"damage_healed":0,"gold_gain":0,"player_choice":"Upgraded","damage_taken":0,"max_hp_gain":0,"max_hp_loss":0,"event_name":"Upgrade Shrine","floor":21,"gold_loss":0,"cards_upgraded":["Body Slam"]}],"is_beta":false,"boss_relics":[{"not_picked":["Coffee Dripper","Ectoplasm"],"picked":"Calling Bell"}],"items_purged_floors":[],"is_endless":false,"potions_floor_spawned":[7,13,16,19],"killed_by":"3 Cultists","ascension_level":6}}