{"host":"0k696jvpnlqjk4gh","time":1612718285,"event":{"mods":["AchievementEnabler","BaseMod","Colored Map","Colored Powertips","Minty Spire (QoL Compilation)","Quick Restart"],"gold_per_floor":[118,84,84,84,49,49,78,94,94,113,147,147,162,172,172,172,172],"floor_reached":16,"language":"ENG","playtime":507,"items_purged":[],"score":169,"play_id":"ba1eb8fb-23b6-482e-8143-43ec1e9c0419","local_time":"20210207171805","is_ascension_mode":true,"campfire_choices":[{"floor":6,"key":"RECALL"},{"floor":12,"key":"REST"},{"floor":15,"key":"REST"}],"circlet_count":0,"master_deck":["Strike_G","Strike_G","Strike_G","Strike_G","Strike_G","Defend_G+1","Defend_G","Defend_G","Defend_G","Defend_G","Survivor+1","Neutralize","Flechettes","Accuracy+1","Envenom","Flying Knee","Accuracy"],"relics":["Ring of the Snake","NeowsBlessing","Sundial","Ancient Tea Set","Bag of Marbles"],"acts_visited":["Exordium"],"potions_floor_usage":[11,11,16],"damage_taken":[{"damage":0,"enemies":"Small Slimes","floor":1,"turns":1},{"damage":0,"enemies":"Gremlin Nob","floor":7,"turns":1},{"damage":0,"enemies":"2 Louse","floor":8,"turns":1},{"damage":12,"enemies":"Jaw Worm","floor":10,"turns":6},{"damage":17,"enemies":"3 Sentries","floor":11,"turns":7},{"damage":6,"enemies":"Lots of Slimes","floor":13,"turns":5},{"damage":19,"enemies":"Large Slime","floor":14,"turns":8},{"damage":63,"enemies":"Hexaghost","floor":16,"turns":11}],"seed_played":"-7159382557213554390","potions_obtained":[{"floor":1,"key":"Explosive Potion"},{"floor":10,"key":"LiquidBronze"},{"floor":11,"key":"SteroidPotion"}],"is_trial":false,"path_per_floor":["M","$","?","?","?","R","E","M","T","M","E","R","M","M","R","B"],"character_chosen":"THE_SILENT","items_purchased":["Accuracy"],"campfire_rested":2,"item_purchase_floors":[2],"current_hp_per_floor":[70,70,70,56,70,70,70,70,70,58,41,62,56,37,58,0,0],"gold":172,"neow_bonus":"THREE_ENEMY_KILL","is_daily":false,"chose_seed":false,"campfire_upgraded":0,"win_rate":0.0,"timestamp":1612718285,"path_taken":["M","$","?","?","?","R","E","M","T","M","E","R","M","?","R","BOSS"],"items_purchased_type":["Card"],"build_version":"2020-12-22","purchased_purges":0,"victory":false,"max_hp_per_floor":[70,70,70,70,70,70,70,70,70,70,70,70,70,70,70,70,70],"card_choices":[{"not_picked":["Escape Plan","Flying Knee"],"picked":"Flechettes","floor":1},{"not_picked":["Concentrate","Deadly Poison"],"picked":"Envenom","floor":7},{"not_picked":["Choke","Finisher","Deflect"],"picked":"SKIP","floor":8},{"not_picked":["Prepared","Predator"],"picked":"Flying Knee","floor":10},{"not_picked":["Slice","Underhanded Strike"],"picked":"Accuracy","floor":11},{"not_picked":["Doppelganger","Caltrops","Poisoned Stab"],"picked":"SKIP","floor":13},{"not_picked":["Outmaneuver","PiercingWail","Dagger Throw"],"picked":"SKIP","floor":14}],"player_experience":226505,"relics_obtained":[{"floor":7,"key":"Sundial"},{"floor":9,"key":"Ancient Tea Set"},{"floor":11,"key":"Bag of Marbles"}],"event_choices":[{"damage_healed":0,"gold_gain":0,"player_choice":"Grow","damage_taken":0,"max_hp_gain":0,"max_hp_loss":0,"event_name":"Living Wall","floor":3,"gold_loss":0,"cards_upgraded":["Accuracy"]},{"damage_healed":0,"gold_gain":0,"player_choice":"Entered Light","damage_taken":14,"max_hp_gain":0,"max_hp_loss":0,"event_name":"Shining Light","floor":4,"gold_loss":0,"cards_upgraded":["Survivor","Defend_G"]},{"damage_healed":17,"gold_gain":0,"player_choice":"Healed","damage_taken":0,"max_hp_gain":0,"max_hp_loss":0,"event_name":"The Cleric","floor":5,"gold_loss":35}],"is_beta":false,"boss_relics":[],"items_purged_floors":[],"is_endless":false,"potions_floor_spawned":[1,10,11],"killed_by":"Hexaghost","ascension_level":5}}