{"host":"gfxjwtol062e9znw","time":1612702665,"event":{"mods":["BaseMod","Colored Map","Minty Spire (QoL Compilation)","Rare Cards Sparkle"],"gold_per_floor":[116,132,145,145,165,165,165,178,178,178,198,23,23,58,58,159,159,174,154,170,97,109,109,109,128,207,241,260,279,299,313,313,412,412,428,445,250,268,126,126,142,142,142,142,142],"floor_reached":44,"language":"ENG","playtime":3321,"items_purged":["Strike_G"],"score":635,"play_id":"1f287e92-6747-4353-8124-b5f35973db90","local_time":"20210207235745","is_ascension_mode":true,"campfire_choices":[{"floor":7.0,"key":"REST"},{"data":"Dodge and Roll","floor":10.0,"key":"SMITH"},{"floor":15.0,"key":"REST"},{"data":"Adrenaline","floor":23.0,"key":"SMITH"},{"floor":32.0,"key":"REST"},{"floor":40.0,"key":"REST"},{"floor":42.0,"key":"REST"}],"circlet_count":0,"master_deck":["Strike_G","Strike_G","Strike_G","Strike_G","Defend_G","Defend_G","Defend_G","Defend_G","Survivor","Neutralize+1","Dodge and Roll+1","Dash","Noxious Fumes","Sucker Punch","PiercingWail","Backstab","Adrenaline+1","PiercingWail","Skewer+1","Blur","Footwork+1","Footwork","Prepared","Escape Plan","Bane+1","Burst","Acrobatics+1","All Out Attack","Terror+1","Calculated Gamble","PiercingWail","Cloak And Dagger+1","Impatience","Writhe"],"relics":["Ring of the Snake","Turnip","Bottled Flame","Anchor","Prayer Wheel","HoveringKite","Bottled Lightning","Ancient Tea Set","Cursed Key","Art of War","Ninja Scroll"],"acts_visited":["Exordium","TheCity","TheBeyond"],"potions_floor_usage":[44,44,44],"damage_taken":[{"damage":0.0,"enemies":"Cultist","floor":1.0,"turns":4.0},{"damage":0.0,"enemies":"Small Slimes","floor":2.0,"turns":4.0},{"damage":1.0,"enemies":"2 Louse","floor":3.0,"turns":3.0},{"damage":13.0,"enemies":"Exordium Thugs","floor":5.0,"turns":5.0},{"damage":2.0,"enemies":"Red Slaver","floor":8.0,"turns":4.0},{"damage":12.0,"enemies":"Gremlin Gang","floor":11.0,"turns":4.0},{"damage":4.0,"enemies":"Lagavulin","floor":14.0,"turns":7.0},{"damage":21.0,"enemies":"Hexaghost","floor":16.0,"turns":16.0},{"damage":0.0,"enemies":"Chosen","floor":18.0,"turns":6.0},{"damage":6.0,"enemies":"2 Thieves","floor":19.0,"turns":4.0},{"damage":0.0,"enemies":"Snake Plant","floor":20.0,"turns":8.0},{"damage":6.0,"enemies":"Shelled Parasite and Fungi","floor":22.0,"turns":12.0},{"damage":2.0,"enemies":"3 Cultists","floor":25.0,"turns":8.0},{"damage":26.0,"enemies":"Gremlin Leader","floor":27.0,"turns":8.0},{"damage":0.0,"enemies":"Snake Plant","floor":28.0,"turns":5.0},{"damage":2.0,"enemies":"Cultist and Chosen","floor":29.0,"turns":10.0},{"damage":15.0,"enemies":"Sentry and Sphere","floor":30.0,"turns":10.0},{"damage":0.0,"enemies":"3 Cultists","floor":31.0,"turns":6.0},{"damage":38.0,"enemies":"Automaton","floor":33.0,"turns":15.0},{"damage":23.0,"enemies":"3 Darklings","floor":35.0,"turns":9.0},{"damage":0.0,"enemies":"Orb Walker","floor":36.0,"turns":4.0},{"damage":6.0,"enemies":"Jaw Worm Horde","floor":38.0,"turns":5.0},{"damage":0.0,"enemies":"3 Darklings","floor":41.0,"turns":7.0},{"damage":85,"enemies":"Transient","floor":44,"turns":5}],"seed_played":"-3667153385071258098","potions_obtained":[{"floor":2.0,"key":"LiquidBronze"},{"floor":5.0,"key":"SpeedPotion"},{"floor":11.0,"key":"Fruit Juice"},{"floor":18.0,"key":"Regen Potion"},{"floor":19.0,"key":"EntropicBrew"},{"floor":27.0,"key":"Strength Potion"},{"floor":30.0,"key":"FearPotion"},{"floor":36.0,"key":"ColorlessPotion"},{"floor":38.0,"key":"SteroidPotion"}],"is_trial":false,"path_per_floor":["M","M","M","?","M","?","R","M","T","R","M","$","?","E","R","B",null,"M","M","M","$","M","R","?","M","T","E","M","M","M","M","R","B",null,"M","M","$","M","$","R","M","R","T","M"],"character_chosen":"THE_SILENT","items_purchased":["CultistPotion","Footwork","Art of War","SpeedPotion","Dexterity Potion","Impatience"],"campfire_rested":5,"item_purchase_floors":[12,21,37,37,39,39],"current_hp_per_floor":[45,45,44,44,31,31,52,50,50,50,43,43,40,36,58,37,66,66,60,75,75,69,69,69,67,67,41,41,39,24,24,46,8,58,35,35,35,29,29,51,51,73,73,0,0],"gold":142,"neow_bonus":"ONE_RARE_RELIC","is_daily":false,"chose_seed":false,"campfire_upgraded":2,"win_rate":0.0,"timestamp":1612702665,"path_taken":["M","M","M","?","?","?","R","?","T","R","M","$","?","E","R","BOSS","M","M","M","$","M","R","?","M","T","E","M","M","M","M","R","BOSS","M","M","$","M","$","R","M","R","T","M"],"items_purchased_type":["Potion","Card","Relic","Potion","Potion","Card"],"build_version":"2020-12-22","purchased_purges":1,"victory":false,"max_hp_per_floor":[70,70,70,70,70,70,70,70,70,70,75,75,75,75,75,75,75,75,75,75,75,75,75,75,75,75,75,75,75,75,75,75,75,75,75,75,75,75,75,75,75,75,75,75,75],"card_choices":[{"not_picked":["Slice","Setup"],"picked":"Dodge and Roll","floor":1.0},{"not_picked":["Quick Slash","Heel Hook"],"picked":"Dash","floor":2.0},{"not_picked":["Slice","Well Laid Plans"],"picked":"Noxious Fumes","floor":3.0},{"not_picked":["Dagger Throw","Concentrate"],"picked":"Sucker Punch","floor":5.0},{"not_picked":["Flechettes","Underhanded Strike","Caltrops"],"picked":"SKIP","floor":8.0},{"not_picked":["Outmaneuver","Sucker Punch"],"picked":"PiercingWail","floor":11.0},{"not_picked":["Outmaneuver","Bouncing Flask"],"picked":"Backstab","floor":14.0},{"not_picked":["Wraith Form v2","Tools of the Trade"],"picked":"Adrenaline","floor":16.0},{"not_picked":["Backstab","Bane"],"picked":"PiercingWail","floor":18.0},{"not_picked":["Distraction","Riddle With Holes"],"picked":"Skewer+1","floor":18.0},{"not_picked":["Dagger Spray","Acrobatics+1"],"picked":"Blur","floor":19.0},{"not_picked":["Dagger Throw","Flying Knee+1","Envenom"],"picked":"SKIP","floor":19.0},{"not_picked":["Deadly Poison","Endless Agony","Dodge and Roll"],"picked":"SKIP","floor":20.0},{"not_picked":["Outmaneuver","Finisher","Deadly Poison"],"picked":"SKIP","floor":20.0},{"not_picked":["Underhanded Strike+1","Infinite Blades"],"picked":"Footwork","floor":22.0},{"not_picked":["Poisoned Stab","Sucker Punch"],"picked":"Prepared","floor":22.0},{"not_picked":["Masterful Stab","Outmaneuver"],"picked":"Escape Plan","floor":25.0},{"not_picked":["Bane+1","Dagger Throw+1","Deflect"],"picked":"SKIP","floor":25.0},{"not_picked":["Dagger Throw+1","Deflect"],"picked":"Bane+1","floor":25.0},{"not_picked":["Quick Slash+1","Blur"],"picked":"Burst","floor":27.0},{"not_picked":["Dagger Throw","Poisoned Stab"],"picked":"Acrobatics+1","floor":28.0},{"not_picked":["Riddle With Holes","Dagger Throw","Caltrops"],"picked":"SKIP","floor":28.0},{"not_picked":["Crippling Poison","Cloak And Dagger"],"picked":"All Out Attack","floor":29.0},{"not_picked":["Reflex","Flying Knee+1","Acrobatics+1"],"picked":"SKIP","floor":29.0},{"not_picked":["All Out Attack","Dagger Throw"],"picked":"Terror+1","floor":30.0},{"not_picked":["Quick Slash","Venomology","Dodge and Roll"],"picked":"SKIP","floor":30.0},{"not_picked":["Cloak And Dagger","Dagger Throw"],"picked":"Calculated Gamble","floor":31.0},{"not_picked":["Sucker Punch","Blur"],"picked":"PiercingWail","floor":31.0},{"not_picked":["Slice","Poisoned Stab","Heel Hook+1"],"picked":"SKIP","floor":35.0},{"not_picked":["Infinite Blades+1","Slice","Dagger Spray"],"picked":"SKIP","floor":35.0},{"not_picked":["Outmaneuver+1","Dagger Throw","Underhanded Strike"],"picked":"SKIP","floor":36.0},{"not_picked":["Dodge and Roll+1","Distraction+1","Concentrate"],"picked":"SKIP","floor":36.0},{"not_picked":["Accuracy+1","Sucker Punch"],"picked":"Cloak And Dagger+1","floor":38.0},{"not_picked":["Unload","Dodge and Roll","Deadly Poison"],"picked":"SKIP","floor":38.0},{"not_picked":["Dodge and Roll+1","Deadly Poison","Underhanded Strike"],"picked":"SKIP","floor":41.0},{"not_picked":["Crippling Poison+1","Dodge and Roll","Deadly Poison"],"picked":"SKIP","floor":41.0}],"player_experience":120701,"relics_obtained":[{"floor":9.0,"key":"Bottled Flame"},{"floor":14.0,"key":"Prayer Wheel"},{"floor":26.0,"key":"Bottled Lightning"},{"floor":27.0,"key":"Ancient Tea Set"},{"floor":43.0,"key":"Ninja Scroll"}],"event_choices":[{"cards_removed":["Defend_G"],"damage_healed":0.0,"max_hp_gain":0.0,"max_hp_loss":0.0,"gold_gain":0.0,"event_name":"Purifier","player_choice":"Purged","floor":4.0,"gold_loss":0.0,"damage_taken":0.0},{"damage_healed":0.0,"max_hp_gain":0.0,"max_hp_loss":0.0,"gold_gain":0.0,"event_name":"Upgrade Shrine","player_choice":"Upgraded","floor":6.0,"gold_loss":0.0,"damage_taken":0.0,"cards_upgraded":["Neutralize"]},{"damage_healed":0.0,"max_hp_gain":0.0,"max_hp_loss":0.0,"gold_gain":0.0,"event_name":"Scrap Ooze","player_choice":"Success","floor":13.0,"gold_loss":0.0,"damage_taken":3.0,"relics_obtained":["Anchor"]},{"damage_healed":0.0,"max_hp_gain":0.0,"max_hp_loss":0.0,"gold_gain":0.0,"event_name":"Upgrade Shrine","player_choice":"Upgraded","floor":24.0,"gold_loss":0.0,"damage_taken":0.0,"cards_upgraded":["Footwork"]}],"is_beta":false,"boss_relics":[{"not_picked":["Pandora\u0027s Box","Astrolabe"],"picked":"HoveringKite"},{"not_picked":["Busted Crown","Fusion Hammer"],"picked":"Cursed Key"}],"items_purged_floors":[12],"is_endless":false,"potions_floor_spawned":[2,5,11,18,19,20,27,30,36,38],"killed_by":"Transient","ascension_level":9}}