{"host":"npxtnt8cx4pm3si6","time":1612669284,"event":{"mods":["BaseMod","Downfall","Hubris","Infinite Spire","Minty Spire (QoL Compilation)","Replay The Spire","StSLib","The Animator"],"gold_per_floor":[99,118,118,129,145,161,161,195,206,6,0,29,29,42,56,153,153,53,66,66,82,107,107,107,122,122,82,403,420,450,300,318,416,416,416,416,435,448,43,43,95,115,127,227,243,243,261,261,271,271,271,303,56,56,56,56],"floor_reached":57,"language":"ENG","playtime":6473,"items_purged":["ReplayTheSpireMod:Splinters","hubris:Envy","downfall:Icky"],"score":1288,"play_id":"7e2ff9ae-d1d7-43ed-9e2e-1401e9d7ca23","local_time":"20210206204124","is_ascension_mode":false,"campfire_choices":[{"floor":1.0,"key":"RECALL"},{"data":"champ:MurderStrike","floor":10.0,"key":"SMITH"},{"floor":13.0,"key":"REST"},{"data":"champ:Defend","floor":18.0,"key":"PURGE"},{"floor":26.0,"key":"REST"},{"floor":35,"key":"DIG"},{"floor":46,"key":"REST"},{"floor":54,"key":"REST"}],"circlet_count":0,"master_deck":["champ:Strike","champ:Strike","champ:Strike+1","champ:Defend+1","champ:Defend","champ:Defend","champ:Execute","champ:Taunt","champ:DefensiveShout","champ:MurderStrike+1","champ:StanceDance","champ:BringItOn","champ:SteelEdge+1","champ:PreciseThrust","champ:Duel","champ:ShieldThrow","champ:AdrenalArmor","champ:IronFortress","champ:BringItOn","champ:ArenaPreparation","Ghostly","champ:IgnorePain+1","Regret","champ:Backstep+1","champ:FancyFootwork","champ:FocusedBerserking","champ:FancyFootwork+1","Parasite","champ:IronFortress+1"],"relics":["champ:ChampionCrownUpgraded","Gremlin Food","downfall:HeartBlessingRed","downfall:HeartBlessingGreen","Replay:Ringing Soul","Replay:Grab Bag","Velvet Choker","Fusion Hammer","downfall:HeartBlessingBlue","infinitespire:CheckeredPen","Replay:Mystery Machine","Bottled Lightning","hubris:Potato","Replay:Ancient Bell","champ:DefensiveTrainingManual","hubris:PeanutButter","Shovel","Bag of Marbles","Dream Catcher","HandDrill","Ring of Hypnosis","ReplayTheSpireMod:Ring of Addiction","hubris:EmptyBottle","Chameleon Ring","Oddly Smooth Stone","downfall:GremlinWheel","TungstenRod","Bag of Preparation","infinitespire:Beetle Shell"],"acts_visited":["Exordium","TheCity","TheBeyond","TheEnding"],"potions_floor_usage":[42,43,49,49,50,50,50,50,52,55,55,55,55,55,56,56,56,56],"damage_taken":[{"damage":13.0,"enemies":"Jaw Worm","floor":2.0,"turns":3.0},{"damage":18.0,"enemies":"infinitespire:Voidling","floor":4.0,"turns":5.0},{"damage":23.0,"enemies":"Cultist","floor":5.0,"turns":5.0},{"damage":17.0,"enemies":"Exordium Thugs","floor":6.0,"turns":6.0},{"damage":26.0,"enemies":"Lagavulin","floor":8.0,"turns":5.0},{"damage":17.0,"enemies":"3 Louse","floor":9.0,"turns":4.0},{"damage":5.0,"enemies":"downfall:FleeingMerchant","floor":11.0,"turns":4.0},{"damage":21.0,"enemies":"Replay:BlueRogue","floor":12.0,"turns":6.0},{"damage":13.0,"enemies":"Red Slaver","floor":14.0,"turns":3.0},{"damage":1.0,"enemies":"Lots of Slimes","floor":15.0,"turns":4.0},{"damage":37.0,"enemies":"IC_STATUS_ARCHETYPE","floor":16.0,"turns":8.0},{"damage":20.0,"enemies":"Shell Parasite","floor":19.0,"turns":2.0},{"damage":20.0,"enemies":"3 Cultists","floor":21.0,"turns":5.0},{"damage":31.0,"enemies":"Shelled Parasite and Fungi","floor":25.0,"turns":4.0},{"damage":30.0,"enemies":"downfall:FleeingMerchant","floor":27.0,"turns":4.0},{"damage":35.0,"enemies":"downfall:FleeingMerchant","floor":28.0,"turns":4.0},{"damage":25.0,"enemies":"Sentry and Sphere","floor":29.0,"turns":2.0},{"damage":35.0,"enemies":"Gremlin Leader","floor":30.0,"turns":7.0},{"damage":0.0,"enemies":"3 Cultists","floor":32.0,"turns":6.0},{"damage":28.0,"enemies":"DF_ARCHETYPE_CLAW","floor":33.0,"turns":7.0},{"damage":0,"enemies":"3 Shapes","floor":37,"turns":4},{"damage":0,"enemies":"Orb Walker","floor":38,"turns":2},{"damage":0,"enemies":"Jaw Worm Horde","floor":42,"turns":3},{"damage":0,"enemies":"3 Darklings","floor":43,"turns":3},{"damage":0,"enemies":"3 Darklings","floor":44,"turns":3},{"damage":0,"enemies":"Maw","floor":45,"turns":7},{"damage":0,"enemies":"4 Shapes","floor":47,"turns":2},{"damage":0,"enemies":"Writhing Mass","floor":49,"turns":3},{"damage":52,"enemies":"WA_ARCHETYPE_DIVINITY","floor":50,"turns":10},{"damage":141,"enemies":"downfall:CharBossMerchant","floor":52,"turns":13},{"damage":58,"enemies":"downfall:NeowBoss","floor":55,"turns":22},{"damage":141,"enemies":"downfall:NeowBossFinal","floor":56,"turns":16}],"seed_played":"4606394722246014025","potions_obtained":[{"floor":2.0,"key":"Adrenaline Potion"},{"floor":5.0,"key":"AttackPotion"},{"floor":14.0,"key":"Guardian:BlockOnCardUsePotion"},{"floor":15.0,"key":"champ:CounterPotion"},{"floor":19.0,"key":"Explosive Potion"},{"floor":29.0,"key":"BlessingOfTheForge"},{"floor":30.0,"key":"SmokeBomb"},{"floor":33.0,"key":"Toxic Potion"},{"floor":40,"key":"EntropicBrew"},{"floor":40,"key":"Swift Potion"},{"floor":42,"key":"Dexterity Potion"},{"floor":44,"key":"Fire Potion"}],"is_trial":false,"path_per_floor":["R","M","?","M","M","M","T","E","M","R","$","E","R","M","M","B",null,"R","M","T","M","T","?","T","M","R","$","$","M","E","?","M","B",null,"R","?","M","M","$","?","T","M","M","?","M","R","M","AVR","M","B",null,"E","$","R","B","B",null],"character_chosen":"THE_CHAMP","items_purchased":["champ:BringItOn","champ:FocusedBerserking","Dream Catcher","HandDrill","infinitespire:Beetle Shell"],"campfire_rested":4,"item_purchase_floors":[27,39,39,39,53],"current_hp_per_floor":[99,96,96,92,89,87,87,81,74,74,74,63,92,92,91,87,105,115,118,118,118,118,103,103,105,121,124,124,124,127,130,130,133,136,136,136,139,142,145,148,148,148,151,151,151,151,149,149,152,124,152,69,69,115,150,29],"gold":56,"neow_bonus":"TEN_PERCENT_HP_BONUS","is_daily":false,"chose_seed":false,"campfire_upgraded":1,"win_rate":0.0,"timestamp":1612669284,"path_taken":["R","M","?","M","?","M","T","E","M","R","$","E","R","M","M","BOSS","R","M","?","M","?","?","T","?","R","?","$","M","E","?","M","BOSS","R","?","M","M","$","?","T","M","M","?","M","R","M","AVR","M","BOSS","E","$","R","BOSS","BOSS"],"items_purchased_type":["Card","Card","Relic","Relic","Relic"],"build_version":"2020-12-22","purchased_purges":3,"victory":true,"max_hp_per_floor":[99,99,99,99,99,99,99,99,99,99,99,99,99,102,102,105,105,115,118,118,118,118,118,118,121,121,124,124,124,127,130,130,133,136,136,136,139,142,145,148,148,148,151,151,151,151,149,149,152,152,152,155,155,155,155,155],"card_choices":[{"not_picked":["champ:RapidStrikes","champ:BerserkersShout"],"picked":"champ:DefensiveShout","floor":2.0},{"not_picked":["champ:RapidStrikes","champ:Backstep"],"picked":"champ:StanceDance","floor":4.0},{"not_picked":["champ:CrookedStrike","champ:HeartStrike","champ:Haymaker"],"picked":"SKIP","floor":5.0},{"not_picked":["champ:Shatter","champ:RisingSlash"],"picked":"champ:BringItOn","floor":6.0},{"not_picked":["champ:Backstep","champ:DefensiveShout"],"picked":"champ:SteelEdge","floor":8.0},{"not_picked":["champ:BerserkersShout","champ:BringItOn"],"picked":"champ:PreciseThrust","floor":9.0},{"not_picked":["champ:RecklessLeap","champ:BerserkersShout","champ:Backstep"],"picked":"SKIP","floor":11.0},{"not_picked":["champ:ArenaPreparation","champ:CrownThrow","champ:FlashCut"],"picked":"SKIP","floor":12.0},{"not_picked":["champ:Parry","champ:FlashCut"],"picked":"champ:Duel","floor":14.0},{"not_picked":["champ:SetATrap","champ:RecklessLeap","champ:FancyFootwork"],"picked":"SKIP","floor":15.0},{"not_picked":["champ:LastStand","champ:IgnorePain"],"picked":"champ:ShieldThrow","floor":16.0},{"not_picked":["champ:BerserkersShout+1","champ:PerfectedStrike"],"picked":"champ:AdrenalArmor","floor":19.0},{"not_picked":["champ:DefensiveShout","champ:RapidStrikes","champ:CrownThrow"],"picked":"SKIP","floor":21.0},{"not_picked":["champ:Backstep+1","champ:EnGarde"],"picked":"champ:IronFortress","floor":25.0},{"not_picked":["champ:LastStand","champ:SteelEdge","champ:Backstep"],"picked":"SKIP","floor":27.0},{"not_picked":["champ:CrownThrow","champ:FaceSlap","champ:Improvising"],"picked":"SKIP","floor":28.0},{"not_picked":["champ:Haymaker","champ:FocusedDefense","champ:Backstep"],"picked":"SKIP","floor":29.0},{"not_picked":["champ:RisingSlash","champ:BladeFlurry"],"picked":"champ:ArenaPreparation","floor":30.0},{"not_picked":["champ:AdrenalArmor","champ:HeartStrike","champ:Parry"],"picked":"SKIP","floor":32.0},{"not_picked":["champ:CheapShot","champ:ShieldThrow"],"picked":"champ:IgnorePain","floor":33.0},{"not_picked":["hubris:Envy","Amnesia"],"picked":"Regret","floor":34.0},{"not_picked":["hubris:Sloth","Hallucinations"],"picked":"ReplayTheSpireMod:Splinters","floor":34.0},{"not_picked":["ReplayTheSpireMod:Splinters","infinitespire:Pacifist"],"picked":"downfall:Icky","floor":34.0},{"not_picked":["champ:FaceSlap+1","champ:CrookedStrike"],"picked":"champ:Backstep+1","floor":37},{"not_picked":["champ:Haymaker+1","champ:Endure+1"],"picked":"champ:FancyFootwork","floor":38},{"not_picked":["champ:FanOfKnives","champ:SetATrap","champ:Haymaker+1"],"picked":"SKIP","floor":42},{"not_picked":["champ:PreciseThrust","champ:StanceDance"],"picked":"champ:FancyFootwork+1","floor":43},{"not_picked":["champ:EnGarde","champ:StanceDance","champ:ShieldSlam"],"picked":"SKIP","floor":45},{"not_picked":["champ:FocusedDefense","champ:CrookedStrike","champ:GladiatorStyle"],"picked":"SKIP","floor":47},{"not_picked":["champ:EnGarde+1","champ:LastStand","champ:StanceDance+1"],"picked":"SKIP","floor":49},{"not_picked":["champ:BladeFlurry+1","champ:Shatter"],"picked":"champ:IronFortress+1","floor":52}],"player_experience":212948,"relics_obtained":[{"floor":8.0,"key":"Gremlin Food"},{"floor":12.0,"key":"Replay:Ringing Soul"},{"floor":20.0,"key":"infinitespire:CheckeredPen"},{"floor":22.0,"key":"Replay:Mystery Machine"},{"floor":24.0,"key":"Bottled Lightning"},{"floor":30.0,"key":"hubris:Potato"},{"floor":35,"key":"Bag of Marbles"},{"floor":40,"key":"Ring of Hypnosis"},{"floor":40,"key":"ReplayTheSpireMod:Ring of Addiction"},{"floor":40,"key":"hubris:EmptyBottle"},{"floor":40,"key":"Chameleon Ring"},{"floor":41,"key":"Oddly Smooth Stone"},{"floor":44,"key":"downfall:GremlinWheel"},{"floor":52,"key":"Bag of Preparation"}],"event_choices":[{"damage_healed":0,"gold_gain":0,"player_choice":"Gold","damage_taken":0,"max_hp_gain":0,"max_hp_loss":0,"event_name":"Wheel of Change","floor":54,"gold_loss":0}],"is_beta":false,"boss_relics":[{"not_picked":["hubris:BlackHole","infinitespire:Cupcake"],"picked":"Replay:Grab Bag"},{"not_picked":["Painkiller Herb","Runic Dome"],"picked":"Velvet Choker"},{"not_picked":["ReplayTheSpireMod:Onyx Gauntlets","hubris:CrackedHourglass"],"picked":"Fusion Hammer"},{"not_picked":["hubris:Stopwatch","hubris:HollowSoul"],"picked":"champ:ChampionCrownUpgraded"},{"not_picked":["Kintsugi","SacredBark"],"picked":"Replay:Ancient Bell"},{"not_picked":["hubris:ToyBattleship","Blood Vial"],"picked":"champ:DefensiveTrainingManual"},{"not_picked":["Mummified Hand","Replay:WaspNest"],"picked":"hubris:PeanutButter"},{"not_picked":["hubris:Zylophone","Mango"],"picked":"Shovel"}],"items_purged_floors":[39,48,53],"is_endless":false,"potions_floor_spawned":[2,5,14,15,19,29,30,33,42,44,45,47],"ascension_level":0}}