{"host":"2p3jwbtacxwf1d73","time":1612735207,"event":{"mods":["BaseMod","Colored Powertips","Hermit","Hubris","Minty Spire (QoL Compilation)","Potionbrewer","Quick Restart","Reliquary","Small Relic Pack","StSLib","The Cursed","The Death Knight","The Gatherer","The Hierophant","The Necromancer","The Servant 0.9.4"],"gold_per_floor":[112,112,128,3,23,54,71,71,71,83,116,116,148,148,148,246,246,265,284,30,12,30,30,65,65,65,165,196,213,231,241,241,338,338,357,357,83,101,101,101,101,101],"floor_reached":41,"language":"ENG","playtime":2506,"items_purged":[],"score":528,"play_id":"38528239-a6a6-4372-b2fd-8828d4d57a44","local_time":"20210207160007","daily_mods":["SealedDeck","Heirloom"],"is_ascension_mode":false,"campfire_choices":[{"floor":15,"key":"REST"},{"floor":23,"key":"REST"},{"floor":25,"key":"REST"},{"floor":32,"key":"REST"},{"data":"TheCursedMod:NeowsMight","floor":40,"key":"SMITH"}],"circlet_count":0,"master_deck":["TheCursedMod:CircleOfFlame","TheCursedMod:AbyssShockwave","TheCursedMod:SmokeScreen","TheCursedMod:RapidMovement","TheCursedMod:CircleOfBlood","TheCursedMod:SpitefulStrike","TheCursedMod:CursedSpellbook","TheCursedMod:CursedShiv","TheCursedMod:CursedShiv","TheCursedMod:SurpriseAttack","Madness","TheCursedMod:OutForBlood","TheCursedMod:SurpriseAttack","TheCursedMod:SpitefulPray","TheCursedMod:LuckyCharm","TheCursedMod:NeowsMight","TheCursedMod:SoulReap+1","TheCursedMod:ManaCirculation","TheCursedMod:CircleOfBlood","TheCursedMod:CursedBlade+1","TheCursedMod:SurpriseAttack+1","hubris:NaturalOne","TheCursedMod:SurpriseAttack+1","TheCursedMod:SpitefulPray","TheCursedMod:NeowsMight+1","Jack Of All Trades"],"relics":["TheCursedMod:BlackMagic101","hubris:GlazedTorus","reliquary:ExpiredCoupon","Nunchaku","reliquary:RoseTintedGlasses","hubris:Icosahedron","Molten Egg 2","Akabeko","reliquary:WritOfMandamus","Blood Vial","Potion Belt","Question Card","Singing Bowl","reliquary:Aerogel","SlaversCollar","relicPack:AllForOne"],"acts_visited":["Exordium","TheCity","TheBeyond"],"potions_floor_usage":[10,11,11,16,16,21,22,27,31,33,33],"damage_taken":[{"damage":0,"enemies":"2 Louse","floor":1,"turns":1},{"damage":6,"enemies":"Cultist","floor":3,"turns":3},{"damage":4,"enemies":"Jaw Worm","floor":5,"turns":2},{"damage":0,"enemies":"Lagavulin","floor":6,"turns":3},{"damage":2,"enemies":"2 Fungi Beasts","floor":7,"turns":2},{"damage":0,"enemies":"3 Louse","floor":10,"turns":2},{"damage":26,"enemies":"3 Sentries","floor":11,"turns":4},{"damage":0,"enemies":"Gremlin Nob","floor":13,"turns":3},{"damage":23,"enemies":"Hexaghost","floor":16,"turns":4},{"damage":23,"enemies":"3 Byrds","floor":18,"turns":4},{"damage":22,"enemies":"Shell Parasite","floor":19,"turns":3},{"damage":2,"enemies":"Chosen and Byrds","floor":21,"turns":4},{"damage":15,"enemies":"Snecko","floor":22,"turns":3},{"damage":32,"enemies":"Slavers","floor":24,"turns":3},{"damage":20,"enemies":"Colosseum Slavers","floor":27,"turns":3},{"damage":27,"enemies":"Colosseum Nobs","floor":27,"turns":3},{"damage":7,"enemies":"Gremlin Leader","floor":28,"turns":6},{"damage":24,"enemies":"Centurion and Healer","floor":29,"turns":4},{"damage":19,"enemies":"Snake Plant","floor":30,"turns":3},{"damage":0,"enemies":"Snecko","floor":31,"turns":2},{"damage":33,"enemies":"Collector","floor":33,"turns":7},{"damage":12,"enemies":"3 Shapes","floor":35,"turns":1},{"damage":5,"enemies":"Orb Walker","floor":38,"turns":2},{"damage":95,"enemies":"Giant Head","floor":41,"turns":9}],"seed_played":"6842962772766000582","potions_obtained":[{"floor":3,"key":"DeathKnight:RimePotion"},{"floor":5,"key":"GamblersBrew"},{"floor":6,"key":"PowerPotion"},{"floor":11,"key":"Strength Potion"},{"floor":13,"key":"ColorlessPotion"},{"floor":19,"key":"CultistPotion"},{"floor":22,"key":"SteroidPotion"},{"floor":28,"key":"Strength Potion"},{"floor":31,"key":"Explosive Potion"},{"floor":35,"key":"Explosive Potion"}],"is_trial":true,"path_per_floor":["M","?","M","$","M","E","M","$","T","M","E","?","E","T","R","B",null,"M","M","$","M","M","R","E","R","T","?","E","M","M","M","R","B",null,"M","?","$","M","?","R","E"],"character_chosen":"THE_CURSED","items_purchased":["TheCursedMod:SpitefulPray","Explosive Potion","Blood Vial","Fire Potion","AttackPotion","Jack Of All Trades","Strength Potion","Dexterity Potion","EssenceOfSteel"],"campfire_rested":4,"item_purchase_floors":[4,4,20,20,20,37,37,37,37],"current_hp_per_floor":[75,75,69,69,71,71,69,69,69,73,49,49,51,51,73,63,75,52,34,34,46,41,63,49,71,71,48,70,53,46,57,81,58,81,77,77,77,85,85,85,0,0],"gold":101,"neow_bonus":"","is_daily":false,"chose_seed":false,"campfire_upgraded":1,"win_rate":0.0,"timestamp":1612735207,"path_taken":["M","?","?","$","M","E","M","$","T","M","E","?","E","?","R","BOSS","M","M","$","M","M","R","E","R","T","?","E","M","M","M","R","BOSS","M","?","$","M","?","R","E"],"items_purchased_type":["Card","Potion","Relic","Potion","Potion","Card","Potion","Potion","Potion"],"build_version":"2020-12-22","purchased_purges":0,"victory":false,"max_hp_per_floor":[75,75,75,75,75,75,75,75,75,75,75,75,75,75,75,75,75,75,75,75,75,75,75,75,75,75,75,77,77,79,81,81,81,81,83,83,83,85,85,85,85,85],"card_choices":[{"not_picked":["TheCursedMod:Wield","TheCursedMod:RapidMovement","TheCursedMod:VitalStrike"],"picked":"SKIP","floor":1},{"not_picked":["TheCursedMod:ManaBullet","TheCursedMod:SpitefulStrike"],"picked":"TheCursedMod:SurpriseAttack","floor":3},{"not_picked":["TheCursedMod:SoulReap","TheCursedMod:FleshFromBone","TheCursedMod:CursedMace"],"picked":"SKIP","floor":5},{"not_picked":["TheCursedMod:SaltUponWound","TheCursedMod:Grudge","TheCursedMod:FuryStrike"],"picked":"SKIP","floor":6},{"not_picked":["TheCursedMod:Wield","TheCursedMod:SurpriseAttack"],"picked":"TheCursedMod:LuckyCharm","floor":7},{"not_picked":["TheCursedMod:Obscuration","TheCursedMod:CursedAmulet","TheCursedMod:RavingStaff"],"picked":"SKIP","floor":10},{"not_picked":["TheCursedMod:CursedBoomerang","TheCursedMod:Torture"],"picked":"TheCursedMod:NeowsMight","floor":11},{"not_picked":["TheCursedMod:Mangle+1","TheCursedMod:VitalStrike+1"],"picked":"TheCursedMod:SoulReap+1","floor":13},{"not_picked":["TheCursedMod:AntiAging","TheCursedMod:ShockAndAwe+1"],"picked":"TheCursedMod:ManaCirculation","floor":16},{"not_picked":["TheCursedMod:SaltUponWound","TheCursedMod:Stigma+1","TheCursedMod:RavingStaff+1"],"picked":"SKIP","floor":18},{"not_picked":["TheCursedMod:LuckyCharm","TheCursedMod:SmokeScreen"],"picked":"TheCursedMod:CircleOfBlood","floor":19},{"not_picked":["TheCursedMod:CircleOfCorruption","TheCursedMod:CursedMace+1"],"picked":"TheCursedMod:CursedBlade+1","floor":21},{"not_picked":["TheCursedMod:Obscuration+1","TheCursedMod:LuckyCharm"],"picked":"TheCursedMod:SurpriseAttack+1","floor":22},{"not_picked":["TheCursedMod:WearCloak","TheCursedMod:CursedMace+1","TheCursedMod:Mangle+1"],"picked":"SKIP","floor":24},{"not_picked":["TheCursedMod:Torture+1","TheCursedMod:SmokeScreen+1","TheCursedMod:Grudge"],"picked":"TheCursedMod:SurpriseAttack+1","floor":27},{"not_picked":["TheCursedMod:Stigma+1","TheCursedMod:OutForBlood","TheCursedMod:SaltUponWound","TheCursedMod:FleshFromBone"],"picked":"Singing Bowl","floor":28},{"not_picked":["TheCursedMod:SurpriseAttack+1","TheCursedMod:SoulReap+1","TheCursedMod:Evocation"],"picked":"TheCursedMod:SpitefulPray","floor":29},{"not_picked":["TheCursedMod:CursedShiv+1","TheCursedMod:ReleasedKnowledge","TheCursedMod:FuryStrike+1","TheCursedMod:SaltUponWound+1"],"picked":"Singing Bowl","floor":30},{"not_picked":["TheCursedMod:Stretching","TheCursedMod:VitalStrike+1","TheCursedMod:LuckyCharm","TheCursedMod:RapidMovement+1"],"picked":"Singing Bowl","floor":31},{"not_picked":["TheCursedMod:ShockAndAwe+1","TheCursedMod:UltimatePain","TheCursedMod:ForbiddenAlchemy"],"picked":"TheCursedMod:NeowsMight","floor":33},{"not_picked":["TheCursedMod:SpitefulStrike+1","TheCursedMod:Stretching","TheCursedMod:CircleOfFlame","TheCursedMod:CursedShiv+1"],"picked":"Singing Bowl","floor":35},{"not_picked":["TheCursedMod:SpitefulPray+1","TheCursedMod:CursedStaff+1","TheCursedMod:SurpriseAttack+1","TheCursedMod:AbyssShockwave+1"],"picked":"Singing Bowl","floor":38}],"player_experience":467585,"relics_obtained":[{"floor":6,"key":"reliquary:ExpiredCoupon"},{"floor":9,"key":"Nunchaku"},{"floor":11,"key":"reliquary:RoseTintedGlasses"},{"floor":13,"key":"Molten Egg 2"},{"floor":14,"key":"Akabeko"},{"floor":24,"key":"Potion Belt"},{"floor":26,"key":"Question Card"},{"floor":27,"key":"Singing Bowl"},{"floor":28,"key":"reliquary:Aerogel"}],"event_choices":[{"damage_healed":0,"gold_gain":0,"player_choice":"3 cards matched","damage_taken":0,"max_hp_gain":0,"max_hp_loss":0,"event_name":"Match and Keep!","floor":2,"gold_loss":0,"cards_obtained":["Madness","TheCursedMod:LuckyCharm","TheCursedMod:OutForBlood"]},{"damage_healed":0,"gold_gain":0,"player_choice":"Fight","damage_taken":0,"max_hp_gain":0,"max_hp_loss":0,"event_name":"Colosseum","floor":27,"gold_loss":0},{"damage_healed":0,"gold_gain":0,"player_choice":"Fought Nobs","damage_taken":0,"max_hp_gain":0,"max_hp_loss":0,"event_name":"Colosseum","floor":27,"gold_loss":0},{"cards_removed":["TheCursedMod:LuckyCharm"],"damage_healed":0,"gold_gain":0,"player_choice":"Removed Power","damage_taken":0,"max_hp_gain":0,"max_hp_loss":0,"event_name":"Falling","floor":36,"gold_loss":0}],"is_beta":false,"boss_relics":[{"not_picked":["hubris:GrandSneckoEye","Fusion Hammer"],"picked":"reliquary:WritOfMandamus"},{"not_picked":["Velvet Choker","reliquary:RedPaperclip"],"picked":"SlaversCollar"}],"items_purged_floors":[],"is_endless":false,"potions_floor_spawned":[3,5,6,11,13,19,22,28,31,35],"killed_by":"Giant Head","ascension_level":0}}