{"host":"5rycm1ajjg5acc5q","time":1612725723,"event":{"mods":["BaseMod","Better Third Choice","Downfall","Highlight Path","Minty Spire (QoL Compilation)","Replay The Spire","StSLib"],"gold_per_floor":[109,0,0,0,11,39,39,39,39,39,65,80,94,104,104,124,124,226,226,246,260,274,294,312,343,343,343,369,369,468,45,57,88,88,193,193,206,230,47,89,103,103,138,158,211,59,79,98,118,168,168,168,168,168,9,36,36,36],"floor_reached":57,"language":"ENG","playtime":13567,"items_purged":["Defend_P"],"score":1051,"play_id":"562bca30-0974-452e-9102-b142769a3fdb","local_time":"20210207132203","is_ascension_mode":false,"campfire_choices":[{"data":"Enlightenment","floor":7,"key":"SMITH"},{"data":"Scrawl","floor":15,"key":"SMITH"},{"data":"TalkToTheHand","floor":17,"key":"SMITH"},{"data":"Wallop","floor":26,"key":"SMITH"},{"data":"Vigilance","floor":29,"key":"SMITH"},{"floor":34,"key":"RECALL"},{"data":"Crow Ritual","floor":42,"key":"SMITH"},{"floor":51,"key":"REST"},{"data":"Meditate","floor":54,"key":"SMITH"}],"circlet_count":0,"master_deck":["Eruption","Vigilance+1","Scrawl+1","Wallop+1","Enlightenment+1","ForeignInfluence","Steam","Replay:Anticipation","Consecrate","Replay:BluntJabs","Replay:ManipulateFuture","PathToVictory+1","TalkToTheHand+1","Ragnarok","EmptyFist+1","SashWhip+1","Fasting2+1","Conclude+1","WheelKick","Weave+1","Prostrate","Judgement","TalkToTheHand","WheelKick","Omniscience+1","Replay:Vibes+1","Crow Ritual+1","EmptyMind","ThirdEye","Establishment+1","Replay:ManipulateFuture+1","Replay:BluntJabs+1","Replay:BluntJabs+1","Meditate+1","Scrawl","Fasting2","Evaluate+1"],"relics":["PureWater","Bird Faced Urn","Astrolabe","Bronze Scales","Replay:Mystery Machine","Lee\u0027s Waffle","Happy Flower","Honey Jar","Bag of Marbles","Omamori","Gremlin Food","Guide Book","Unceasing Top","CaptainsWheel"],"acts_visited":["Exordium","TheCity","TheBeyond","TheEnding"],"potions_floor_usage":[6,18,24,25,25,32,41,47,48,52,52,56,56,57,57],"damage_taken":[{"damage":1,"enemies":"Jaw Worm","floor":1,"turns":3},{"damage":0,"enemies":"Small Slimes","floor":5,"turns":1},{"damage":6,"enemies":"Lagavulin","floor":6,"turns":4},{"damage":0,"enemies":"2 Louse","floor":12,"turns":2},{"damage":2,"enemies":"Exordium Thugs","floor":13,"turns":3},{"damage":0,"enemies":"3 Louse","floor":14,"turns":3},{"damage":0,"enemies":"Exordium Wildlife","floor":16,"turns":2},{"damage":0,"enemies":"Slime Boss","floor":18,"turns":9},{"damage":0,"enemies":"Chosen","floor":20,"turns":3},{"damage":0,"enemies":"2 Thieves","floor":21,"turns":3},{"damage":0,"enemies":"Snake Plant","floor":22,"turns":2},{"damage":0,"enemies":"Cultist and Chosen","floor":23,"turns":1},{"damage":0,"enemies":"Centurion and Healer","floor":24,"turns":3},{"damage":25,"enemies":"Slavers","floor":25,"turns":4},{"damage":0,"enemies":"Snecko","floor":32,"turns":4},{"damage":7,"enemies":"Gremlin Leader","floor":33,"turns":4},{"damage":6,"enemies":"Pondfish","floor":35,"turns":9},{"damage":0,"enemies":"Orb Walker","floor":37,"turns":2},{"damage":0,"enemies":"3 Darklings","floor":41,"turns":3},{"damage":0,"enemies":"Giant Head","floor":43,"turns":4},{"damage":0,"enemies":"Maw","floor":44,"turns":6},{"damage":11,"enemies":"Writhing Mass","floor":47,"turns":2},{"damage":19,"enemies":"Sphere and 2 Shapes","floor":48,"turns":4},{"damage":29,"enemies":"Jaw Worm Horde","floor":49,"turns":3},{"damage":3,"enemies":"Mind Bloom Boss Battle","floor":50,"turns":5},{"damage":64,"enemies":"Awakened One","floor":52,"turns":8},{"damage":32,"enemies":"Shield and Spear","floor":56,"turns":7},{"damage":67,"enemies":"The Heart","floor":57,"turns":8}],"seed_played":"5931774385931056089","potions_obtained":[{"floor":5,"key":"hexamod:SoulburnPotion"},{"floor":6,"key":"DistilledChaos"},{"floor":12,"key":"Flashbang"},{"floor":18,"key":"hexamod:SoulburnPotion"},{"floor":20,"key":"Ancient Potion"},{"floor":23,"key":"Death Potion"},{"floor":25,"key":"AttackPotion"},{"floor":35,"key":"FearPotion"},{"floor":37,"key":"Ambrosia"},{"floor":40,"key":"GamblersBrew"},{"floor":40,"key":"bronze:BurnAndBuffPotion"},{"floor":40,"key":"Ancient Potion"},{"floor":47,"key":"Energy Potion"},{"floor":48,"key":"FearPotion"},{"floor":50,"key":"Block Potion"}],"is_trial":false,"path_per_floor":["M","?","?","?","M","E","R","?","PTL","PTL","T","M","M","M","R","M","R","B",null,"M","M","M","M","M","E","R","?","T","R","?","$","M","E","R","B",null,"M","T","$","?","M","R","E","M","T","$","M","M","M","?","R","B",null,"R","$","E","B"],"character_chosen":"WATCHER","items_purchased":["Lee\u0027s Waffle","Prostrate","Judgement","TalkToTheHand","Crow Ritual","Guide Book","Fasting2","LiquidMemories","SpeedPotion"],"campfire_rested":1,"item_purchase_floors":[31,31,31,31,39,46,55,55,55],"current_hp_per_floor":[71,77,77,77,77,71,71,71,71,71,71,71,69,69,69,69,69,69,78,78,78,78,78,78,55,55,55,55,55,55,85,85,78,78,74,85,85,85,85,64,66,66,68,74,74,74,69,56,33,34,59,3,85,85,85,55,0,0],"gold":36,"neow_bonus":"ONE_RANDOM_RARE_CARD","is_daily":false,"chose_seed":false,"campfire_upgraded":7,"win_rate":0.0,"timestamp":1612725723,"path_taken":["M","?","?","?","M","E","R","?","PTL","PTL","T","M","M","M","R","M","R","BOSS","M","M","M","M","M","E","R","?","T","R","?","?","?","E","R","BOSS","M","?","?","?","M","R","E","M","T","$","M","?","?","?","R","BOSS","R","$","E","BOSS"],"items_purchased_type":["Relic","Card","Card","Card","Card","Relic","Card","Potion","Potion"],"build_version":"2020-12-22","purchased_purges":1,"victory":false,"max_hp_per_floor":[72,78,78,78,78,78,78,78,78,78,78,78,78,78,78,78,78,78,78,78,78,78,78,78,78,78,78,78,78,78,85,85,85,85,85,85,85,85,85,85,85,85,85,85,85,85,85,85,85,85,85,85,85,85,85,85,85,85],"card_choices":[{"not_picked":["FlurryOfBlows","SashWhip"],"picked":"Wallop","floor":1},{"not_picked":["EmptyFist","Crescendo"],"picked":"Replay:Anticipation","floor":5},{"not_picked":["Nirvana","EmptyFist"],"picked":"Consecrate","floor":6},{"not_picked":["DeceiveReality","Meditate"],"picked":"Replay:BluntJabs","floor":12},{"not_picked":["LikeWater","InnerPeace"],"picked":"Replay:ManipulateFuture","floor":13},{"not_picked":["Evaluate","Halt"],"picked":"PathToVictory","floor":14},{"not_picked":["Vengeance","EmptyFist"],"picked":"TalkToTheHand","floor":16},{"not_picked":["ConjureBlade","Replay:LoomingThreat"],"picked":"Ragnarok","floor":18},{"not_picked":["Tantrum","Halt","CarveReality"],"picked":"SKIP","floor":20},{"not_picked":["Consecrate","FlyingSleeves"],"picked":"Conclude+1","floor":21},{"not_picked":["EmptyFist","CarveReality"],"picked":"WheelKick","floor":22},{"not_picked":["Nirvana","DeceiveReality+1","Tantrum+1"],"picked":"SKIP","floor":23},{"not_picked":["Replay:Anticipation+1","Crescendo","Evaluate"],"picked":"SKIP","floor":24},{"not_picked":["Replay:Anticipation","FollowUp"],"picked":"Weave+1","floor":25},{"not_picked":["JustLucky","Consecrate"],"picked":"WheelKick","floor":32},{"not_picked":["Vengeance","EmptyFist","Evaluate"],"picked":"SKIP","floor":33},{"not_picked":["Vengeance","EmptyFist","Evaluate"],"picked":"SKIP","floor":33},{"not_picked":["Scrawl","Ragnarok"],"picked":"Omniscience","floor":35},{"not_picked":["Evaluate","CrushJoints","EmptyBody+1"],"picked":"Replay:Vibes+1","floor":37},{"not_picked":["Halt+1","CrushJoints","FollowUp+1"],"picked":"EmptyMind","floor":40},{"not_picked":["FlyingSleeves+1","FollowUp+1","Replay:AtTheReady"],"picked":"ThirdEye","floor":41},{"not_picked":["Replay:Anticipation","Consecrate","Protect+1"],"picked":"Establishment","floor":43},{"not_picked":["PathToVictory","Protect+1","InnerPeace+1"],"picked":"Replay:ManipulateFuture+1","floor":44},{"not_picked":["FlurryOfBlows","FlyingSleeves","CrushJoints"],"picked":"Replay:BluntJabs+1","floor":47},{"not_picked":["FollowUp","WindmillStrike+1","Conclude"],"picked":"Replay:BluntJabs+1","floor":48},{"not_picked":["ThirdEye","JustLucky+1","Replay:BluntJabs+1"],"picked":"Meditate","floor":49},{"not_picked":["Protect","FollowUp+1","Replay:AtTheReady+1"],"picked":"Scrawl","floor":50},{"not_picked":["Replay:BluntJabs","Replay:Anticipation","EmptyBody"],"picked":"Evaluate+1","floor":56}],"player_experience":202719,"relics_obtained":[{"floor":6,"key":"Bird Faced Urn"},{"floor":25,"key":"Bronze Scales"},{"floor":28,"key":"Replay:Mystery Machine"},{"floor":33,"key":"Happy Flower"},{"floor":38,"key":"Bag of Marbles"},{"floor":43,"key":"Omamori"},{"floor":45,"key":"Gremlin Food"},{"floor":50,"key":"Unceasing Top"},{"floor":56,"key":"CaptainsWheel"}],"event_choices":[{"damage_healed":0,"gold_gain":0,"player_choice":"RENOUNCE","damage_taken":109,"max_hp_gain":0,"max_hp_loss":0,"event_name":"betterThird:BetterSerpent","floor":2,"gold_loss":109,"cards_obtained":["Enlightenment"]},{"cards_removed":["Strike_P"],"damage_healed":0,"gold_gain":0,"player_choice":"Purged","damage_taken":0,"max_hp_gain":0,"max_hp_loss":0,"event_name":"Purifier","floor":8,"gold_loss":0},{"damage_healed":0,"gold_gain":0,"player_choice":"Serpent","damage_taken":0,"max_hp_gain":0,"max_hp_loss":0,"event_name":"BanditSerpent","floor":27,"gold_loss":0},{"damage_healed":0,"gold_gain":99,"player_choice":"Steal","damage_taken":0,"max_hp_gain":0,"max_hp_loss":0,"event_name":"betterThird:BetterNest","floor":30,"gold_loss":0},{"damage_healed":0,"gold_gain":0,"player_choice":"Fight","damage_taken":0,"max_hp_gain":0,"max_hp_loss":0,"event_name":"MindBloom","floor":50,"gold_loss":0}],"is_beta":false,"boss_relics":[{"not_picked":["ChewingGum","bronze:MakeshiftBattery"],"picked":"Astrolabe"},{"not_picked":["Tiny House","Cursed Key"],"picked":"Honey Jar"}],"items_purged_floors":[31],"is_endless":false,"potions_floor_spawned":[5,6,12,18,20,23,25,35,37,47,48,50],"killed_by":"The Heart","ascension_level":0}}