{"host":"hs5g5f0q56ds4vmn","time":1612682985,"event":{"mods":["AchievementEnabler","BaseMod","DeckTracker","Highlight Path","Minty Spire (QoL Compilation)","SuperFastMode","everything is the same but u backflip on backflip"],"gold_per_floor":[112,112,127,104,379,379,407,422,422,111,111,128,158,12,12,12,12],"floor_reached":16,"language":"KOR","playtime":661,"items_purged":[],"score":206,"play_id":"d6e0efad-4b53-4f78-8cc9-8ac20be40164","local_time":"20210207162945","is_ascension_mode":true,"campfire_choices":[{"data":"Zap","floor":6.0,"key":"SMITH"},{"data":"Dualcast","floor":11.0,"key":"SMITH"},{"floor":15.0,"key":"REST"}],"circlet_count":0,"master_deck":["AscendersBane","Strike_B","Strike_B","Strike_B","Strike_B","Defend_B","Defend_B","Defend_B","Defend_B","Zap+1","Dualcast+1","Ball Lightning","Stack","Regret","Self Repair","Hologram","Sunder"],"relics":["Cracked Core","NeowsBlessing","Du-Vu Doll","Darkstone Periapt","WingedGreaves","Unceasing Top","Bag of Marbles","Tiny Chest"],"acts_visited":["Exordium"],"potions_floor_usage":[],"damage_taken":[{"damage":0.0,"enemies":"2 Louse","floor":1.0,"turns":1.0},{"damage":0.0,"enemies":"Cultist","floor":3.0,"turns":1.0},{"damage":0.0,"enemies":"Lagavulin","floor":7.0,"turns":1.0},{"damage":14.0,"enemies":"Jaw Worm","floor":8.0,"turns":2.0},{"damage":13.0,"enemies":"Exordium Wildlife","floor":12.0,"turns":4.0},{"damage":22.0,"enemies":"3 Sentries","floor":13.0,"turns":7.0},{"damage":57,"enemies":"Hexaghost","floor":16,"turns":9}],"seed_played":"2154544155291082527","potions_obtained":[{"floor":1.0,"key":"DistilledChaos"},{"floor":3.0,"key":"Ancient Potion"},{"floor":7.0,"key":"EssenceOfSteel"}],"is_trial":false,"path_per_floor":["M","?","M","$","?","R","E","M","T","$","R","M","E","$","R","B"],"character_chosen":"DEFECT","items_purchased":["Stack","Unceasing Top","Tiny Chest"],"campfire_rested":1,"item_purchase_floors":[4,10,14],"current_hp_per_floor":[68,68,68,68,68,68,68,54,54,54,54,48,33,33,55,0,0],"gold":12,"neow_bonus":"THREE_ENEMY_KILL","is_daily":false,"chose_seed":false,"campfire_upgraded":2,"win_rate":0.0,"timestamp":1612682985,"path_taken":["M","?","?","$","?","R","E","M","T","$","R","M","E","?","R","BOSS"],"items_purchased_type":["Card","Relic","Relic"],"build_version":"2020-12-22","purchased_purges":0,"victory":false,"max_hp_per_floor":[75,75,75,75,75,75,75,75,75,75,75,75,75,75,75,75,75],"card_choices":[{"not_picked":["Reprogram","Sweeping Beam"],"picked":"Conserve Battery","floor":1.0},{"not_picked":["Darkness","Redo"],"picked":"Ball Lightning","floor":3.0},{"not_picked":["Force Field","Streamline","Static Discharge"],"picked":"SKIP","floor":7.0},{"not_picked":["Recycle","Compile Driver"],"picked":"Self Repair","floor":8.0},{"not_picked":["Streamline","Cold Snap"],"picked":"Hologram","floor":12.0},{"not_picked":["Turbo","Fission"],"picked":"Sunder","floor":13.0}],"player_experience":630311,"relics_obtained":[{"floor":7.0,"key":"Darkstone Periapt"},{"floor":9.0,"key":"WingedGreaves"},{"floor":13.0,"key":"Bag of Marbles"}],"event_choices":[{"cards_removed":["Conserve Battery"],"damage_healed":0.0,"max_hp_gain":0.0,"max_hp_loss":0.0,"gold_gain":0.0,"event_name":"WeMeetAgain","player_choice":"Gave Card","floor":2.0,"gold_loss":0.0,"damage_taken":0.0,"relics_obtained":["Du-Vu Doll"]},{"damage_healed":0.0,"max_hp_gain":0.0,"max_hp_loss":0.0,"gold_gain":275.0,"event_name":"Golden Shrine","player_choice":"Desecrate","floor":5.0,"gold_loss":0.0,"damage_taken":0.0,"cards_obtained":["Regret"]}],"is_beta":false,"boss_relics":[],"items_purged_floors":[],"is_endless":false,"potions_floor_spawned":[1,3,7],"killed_by":"Hexaghost","ascension_level":11}}