{"host":"zwezhz46a5cjkxff","time":1612669362,"event":{"mods":["AchievementEnabler","BaseMod","Colored Map","Colored Powertips","DeckTracker","Minty Spire (QoL Compilation)","Permanent Neow","Quick Restart","Rare Cards Sparkle","Relic Stats","StSLib","SuperFastMode"],"gold_per_floor":[112,129,129,140,159,186,186,212,237,253,253,253],"floor_reached":11,"language":"ENG","playtime":354,"items_purged":[],"score":94,"play_id":"d7b73d2d-0e5a-49af-be40-e2bb39231068","local_time":"20210206214242","is_ascension_mode":true,"campfire_choices":[{"floor":7,"key":"RECALL"}],"circlet_count":0,"master_deck":["Strike_G","Strike_G","Strike_G","Strike_G","Strike_G","Defend_G","Defend_G","Defend_G","Defend_G","Defend_G","Survivor","Neutralize","Envenom","Noxious Fumes","Poisoned Stab","Footwork","Deadly Poison","Corpse Explosion","Noxious Fumes"],"relics":["Ring of the Snake","PreservedInsect","Bag of Marbles"],"acts_visited":["Exordium"],"potions_floor_usage":[4,5,6,6,6,6,6,11],"damage_taken":[{"damage":2,"enemies":"Cultist","floor":1,"turns":4},{"damage":1,"enemies":"Small Slimes","floor":2,"turns":4},{"damage":0,"enemies":"2 Louse","floor":4,"turns":2},{"damage":0,"enemies":"Gremlin Gang","floor":5,"turns":3},{"damage":12,"enemies":"3 Sentries","floor":6,"turns":8},{"damage":23,"enemies":"Gremlin Nob","floor":8,"turns":5},{"damage":8,"enemies":"3 Louse","floor":10,"turns":2},{"damage":9,"enemies":"3 Sentries","floor":11,"turns":2}],"seed_played":"5269106877022313085","potions_obtained":[{"floor":1,"key":"EssenceOfSteel"},{"floor":3,"key":"EntropicBrew"},{"floor":3,"key":"AttackPotion"},{"floor":4,"key":"Explosive Potion"},{"floor":10,"key":"SneckoOil"}],"is_trial":false,"path_per_floor":["M","M","?","M","M","E","R","E","T","M","E"],"character_chosen":"THE_SILENT","items_purchased":[],"campfire_rested":0,"item_purchase_floors":[],"current_hp_per_floor":[47,46,46,46,46,34,34,11,11,3,0,0],"gold":253,"neow_bonus":"THREE_RARE_CARDS","is_daily":false,"chose_seed":false,"campfire_upgraded":0,"win_rate":0.0,"timestamp":1612669362,"path_taken":["M","?","?","?","M","E","R","E","T","M","E"],"items_purchased_type":[],"build_version":"2020-12-22","purchased_purges":0,"victory":false,"max_hp_per_floor":[70,70,70,70,70,70,70,70,70,70,70,70],"relic_stats":{"counters":[8,30],"PreservedInsect":52,"obtain_stats":[{"PreservedInsect":6,"Bag of Marbles":8,"Ring of the Snake":0},{"PreservedInsect":5,"Bag of Marbles":6,"Ring of the Snake":0},{"PreservedInsect":21,"Bag of Marbles":26,"Ring of the Snake":0}],"Ring of the Snake":[16]},"card_choices":[{"not_picked":["Night Terror","Tools of the Trade"],"picked":"Envenom","floor":0},{"not_picked":["Endless Agony","Slice"],"picked":"Noxious Fumes","floor":1},{"not_picked":["Riddle With Holes","Deadly Poison"],"picked":"Poisoned Stab","floor":2},{"not_picked":["Flying Knee","Bane"],"picked":"Footwork","floor":4},{"not_picked":["Blade Dance","Reflex"],"picked":"Deadly Poison","floor":5},{"not_picked":["Heel Hook","Dagger Throw","Slice"],"picked":"SKIP","floor":6},{"not_picked":["Bouncing Flask","Outmaneuver"],"picked":"Corpse Explosion","floor":8},{"not_picked":["Dagger Spray","Dodge and Roll"],"picked":"Noxious Fumes","floor":10}],"player_experience":77845,"relics_obtained":[{"floor":6,"key":"PreservedInsect"},{"floor":8,"key":"Bag of Marbles"}],"event_choices":[{"damage_healed":0,"gold_gain":0,"player_choice":"Got Potions","damage_taken":0,"max_hp_gain":0,"max_hp_loss":0,"event_name":"Lab","floor":3,"gold_loss":0}],"is_beta":false,"boss_relics":[],"items_purged_floors":[],"is_endless":false,"potions_floor_spawned":[1,4,10],"killed_by":"3 Sentries","ascension_level":2}}