{"host":"sc0o2qwpf9j16a4i","time":1612698710,"event":{"mods":["AchievementEnabler","BaseMod","BetterRewards","Block Reminder","Colored Map","Colored Powertips","Custom Start","Highlight Path","Minty Spire (QoL Compilation)","Relic Stats"],"gold_per_floor":[119,119,119,133,144,178,178,196,219,248,248,248,273,288,288,391,391,405,365,375,375,393,393,393],"floor_reached":23,"language":"ENG","playtime":1198,"items_purged":[],"score":326,"play_id":"92841a6c-a819-4902-8c83-82eb5f1dc345","local_time":"20210207135150","daily_mods":["SealedDeck","Colorless Cards","Terminal"],"is_ascension_mode":false,"campfire_choices":[{"data":"Crescendo","floor":7,"key":"SMITH"},{"data":"BattleHymn","floor":12,"key":"SMITH"},{"data":"Discovery","floor":15,"key":"SMITH"}],"circlet_count":0,"master_deck":["EmptyBody","CutThroughFate","CutThroughFate+1","Protect","Weave","CutThroughFate","BattleHymn+1","Evaluate","Wireheading","ThirdEye","Collect","ThirdEye","Discovery+1","Crescendo+1","Flash of Steel+1","CutThroughFate","MasterReality","Establishment","Dark Shackles","Crescendo","ClearTheMind+1"],"relics":["PureWater","Ancient Tea Set","Happy Flower","Potion Belt","Odd Mushroom","Black Star","Omamori"],"acts_visited":["Exordium","TheCity"],"potions_floor_usage":[16,16,20,22,22,22,22,23],"damage_taken":[{"damage":0,"enemies":"2 Louse","floor":1,"turns":2},{"damage":0,"enemies":"Small Slimes","floor":4,"turns":2},{"damage":0,"enemies":"Cultist","floor":5,"turns":2},{"damage":0,"enemies":"Lagavulin","floor":6,"turns":5},{"damage":0,"enemies":"Red Slaver","floor":8,"turns":2},{"damage":0,"enemies":"3 Sentries","floor":10,"turns":5},{"damage":1,"enemies":"The Mushroom Lair","floor":13,"turns":3},{"damage":0,"enemies":"Exordium Thugs","floor":14,"turns":4},{"damage":0,"enemies":"The Guardian","floor":16,"turns":7},{"damage":0,"enemies":"Spheric Guardian","floor":18,"turns":3},{"damage":0,"enemies":"3 Byrds","floor":20,"turns":3},{"damage":41,"enemies":"Snake Plant","floor":22,"turns":4},{"damage":19,"enemies":"Gremlin Leader","floor":23,"turns":1}],"seed_played":"-8235180981975129351","potions_obtained":[{"floor":3,"key":"Dexterity Potion"},{"floor":3,"key":"StancePotion"},{"floor":3,"key":"Ancient Potion"},{"floor":5,"key":"SteroidPotion"},{"floor":14,"key":"Fire Potion"},{"floor":19,"key":"PowerPotion"},{"floor":19,"key":"Fruit Juice"},{"floor":19,"key":"AttackPotion"},{"floor":20,"key":"Explosive Potion"},{"floor":22,"key":"BlessingOfTheForge"}],"is_trial":true,"path_per_floor":["M","?","?","M","M","E","R","M","T","E","?","R","?","M","R","B",null,"M","?","M","?","M","E"],"character_chosen":"WATCHER","items_purchased":[],"campfire_rested":0,"item_purchase_floors":[],"current_hp_per_floor":[70,69,68,67,66,65,64,63,62,61,49,49,48,48,48,48,54,53,52,56,55,14,0,0],"gold":393,"neow_bonus":"","is_daily":false,"chose_seed":false,"campfire_upgraded":3,"win_rate":0.0,"timestamp":1612698710,"path_taken":["M","?","?","M","?","E","R","M","T","E","?","R","?","M","R","BOSS","M","?","?","?","M","E"],"items_purchased_type":[],"build_version":"2020-12-22","purchased_purges":0,"victory":false,"max_hp_per_floor":[70,69,68,67,66,65,64,63,62,61,60,59,58,57,56,55,54,53,52,56,55,54,54,54],"relic_stats":{"Happy Flower":[10],"counters":[13,43],"Black Star":0,"obtain_stats":[{"Potion Belt":10,"Happy Flower":9,"Black Star":17,"Omamori":21,"PureWater":0,"Odd Mushroom":13,"Ancient Tea Set":6},{"Potion Belt":6,"Happy Flower":5,"Black Star":9,"Omamori":11,"PureWater":0,"Odd Mushroom":7,"Ancient Tea Set":4},{"Potion Belt":18,"Happy Flower":13,"Black Star":32,"Omamori":38,"PureWater":0,"Odd Mushroom":21,"Ancient Tea Set":11}]},"card_choices":[{"not_picked":["Crescendo","CrushJoints"],"picked":"Collect","floor":1},{"not_picked":["CutThroughFate","Vault"],"picked":"ThirdEye","floor":4},{"not_picked":["Evaluate","CrushJoints"],"picked":"Discovery","floor":5},{"not_picked":["Consecrate","Crescendo","WreathOfFlame"],"picked":"SKIP","floor":6},{"not_picked":["Consecrate","WreathOfFlame"],"picked":"Crescendo","floor":6},{"not_picked":["FlurryOfBlows","EmptyFist"],"picked":"Flash of Steel","floor":8},{"not_picked":["PathToVictory","Protect"],"picked":"CutThroughFate","floor":10},{"not_picked":["PathToVictory","Wireheading"],"picked":"MasterReality","floor":13},{"not_picked":["Protect","WheelKick","BowlingBash"],"picked":"SKIP","floor":14},{"not_picked":["Devotion","Violence"],"picked":"Establishment","floor":16},{"not_picked":["CrushJoints","EmptyBody"],"picked":"Dark Shackles","floor":18},{"not_picked":["FlyingSleeves","Mind Blast"],"picked":"Crescendo","floor":20},{"not_picked":["Pray","Protect"],"picked":"ClearTheMind+1","floor":22}],"player_experience":1254627,"relics_obtained":[{"floor":6,"key":"Ancient Tea Set"},{"floor":9,"key":"Happy Flower"},{"floor":10,"key":"Potion Belt"},{"floor":13,"key":"Odd Mushroom"}],"event_choices":[{"damage_healed":0,"gold_gain":0,"player_choice":"Leave","damage_taken":0,"max_hp_gain":0,"max_hp_loss":0,"event_name":"The Cleric","floor":2,"gold_loss":0},{"damage_healed":0,"gold_gain":0,"player_choice":"Got Potions","damage_taken":0,"max_hp_gain":0,"max_hp_loss":0,"event_name":"Lab","floor":3,"gold_loss":0},{"damage_healed":0,"gold_gain":0,"player_choice":"Entered Light","damage_taken":12,"max_hp_gain":0,"max_hp_loss":0,"event_name":"Shining Light","floor":11,"gold_loss":0,"cards_upgraded":["Flash of Steel","CutThroughFate"]},{"damage_healed":0,"gold_gain":0,"player_choice":"Fought Mushrooms","damage_taken":0,"max_hp_gain":0,"max_hp_loss":0,"event_name":"Mushrooms","floor":13,"gold_loss":0},{"damage_healed":0,"gold_gain":0,"player_choice":"Bought 3 Potions","damage_taken":0,"max_hp_gain":0,"max_hp_loss":0,"event_name":"The Woman in Blue","floor":19,"gold_loss":0},{"damage_healed":0,"gold_gain":0,"player_choice":"Gave Potion","damage_taken":0,"relics_obtained":["Omamori"],"max_hp_gain":0,"max_hp_loss":0,"event_name":"WeMeetAgain","floor":21,"gold_loss":0}],"is_beta":false,"boss_relics":[{"not_picked":["Empty Cage","Runic Pyramid"],"picked":"Black Star"}],"items_purged_floors":[],"is_endless":false,"potions_floor_spawned":[5,6,14,20,22],"killed_by":"Gremlin Leader","ascension_level":0}}