{"host":"sxnl403xm2xmiyj1","time":1612710748,"event":{"mods":["AchievementEnabler","BaseMod","Colored Map","Keyboard Shortcuts","Minty Spire (QoL Compilation)","Quick Restart","StSLib","SuperFastMode"],"gold_per_floor":[359,374,59,59,59,59,90,90,117,20,33,71,71,115,115,243,243,267,283,198,217,230,264,264,300,327,370,52,76,114,129,129,257,257,270,36,369,388,399,425,425,36,36,62,0,12,41,132,144,156,156],"floor_reached":50,"language":"KOR","playtime":1337,"items_purged":["Strike_R","Strike_R"],"score":954,"play_id":"e6e4ce94-74b5-4ae0-8c95-3b6fb54741f9","local_time":"20210208001228","is_ascension_mode":true,"campfire_choices":[{"data":"Armaments","floor":6.0,"key":"SMITH"},{"floor":8.0,"key":"REST"},{"data":"Rampage","floor":13.0,"key":"SMITH"},{"data":"Uppercut","floor":15.0,"key":"SMITH"},{"floor":24.0,"key":"REST"},{"floor":32.0,"key":"REST"},{"floor":41.0,"key":"REST"},{"floor":46.0,"key":"REST"},{"floor":49.0,"key":"REST"}],"circlet_count":0,"master_deck":["Strike_R","Strike_R","Defend_R","Defend_R","Defend_R","Defend_R","Bash","Disarm","Warcry","Uppercut+1","Armaments+1","Dropkick","Shrug It Off+1","Fiend Fire","True Grit+1","Shrug It Off","Rampage+1","Thunderclap","Berserk","Sever Soul","Shockwave+1","Inflame","Power Through","Pommel Strike","Uppercut","Apotheosis","Madness","Headbutt","Warcry+1","Headbutt","Demon Form","Metallicize+1","Dark Embrace","Flash of Steel","Seeing Red","Metallicize","Dropkick+1","Thunderclap+1","Thunderclap+1","Metallicize","Ghostly Armor+1"],"relics":["Burning Blood","Shuriken","Nunchaku","HornCleat","Champion Belt","Mark of Pain","Kunai","Self Forming Clay","Bag of Preparation","War Paint","Happy Flower","Incense Burner","Sozu","Prayer Wheel","Calipers","MawBank","Red Mask","Singing Bowl"],"acts_visited":["Exordium","TheCity","TheBeyond"],"potions_floor_usage":[],"damage_taken":[{"damage":6.0,"enemies":"Cultist","floor":1.0,"turns":4.0},{"damage":14.0,"enemies":"Jaw Worm","floor":2.0,"turns":5.0},{"damage":23.0,"enemies":"Lagavulin","floor":7.0,"turns":10.0},{"damage":4.0,"enemies":"Small Slimes","floor":11.0,"turns":4.0},{"damage":2.0,"enemies":"3 Sentries","floor":12.0,"turns":9.0},{"damage":4.0,"enemies":"Lagavulin","floor":14.0,"turns":7.0},{"damage":0.0,"enemies":"The Guardian","floor":16.0,"turns":9.0},{"damage":9.0,"enemies":"3 Byrds","floor":18.0,"turns":7.0},{"damage":17.0,"enemies":"Spheric Guardian","floor":19.0,"turns":5.0},{"damage":12.0,"enemies":"Snake Plant","floor":21.0,"turns":5.0},{"damage":6.0,"enemies":"Shelled Parasite and Fungi","floor":22.0,"turns":6.0},{"damage":34.0,"enemies":"Slavers","floor":23.0,"turns":7.0},{"damage":18.0,"enemies":"Book of Stabbing","floor":25.0,"turns":7.0},{"damage":27.0,"enemies":"Slavers","floor":27.0,"turns":8.0},{"damage":0.0,"enemies":"Chosen and Byrds","floor":29.0,"turns":6.0},{"damage":5.0,"enemies":"Book of Stabbing","floor":30.0,"turns":6.0},{"damage":0.0,"enemies":"Sentry and Sphere","floor":31.0,"turns":3.0},{"damage":33.0,"enemies":"Collector","floor":33.0,"turns":10.0},{"damage":6.0,"enemies":"3 Shapes","floor":35.0,"turns":6.0},{"damage":34.0,"enemies":"3 Darklings","floor":38.0,"turns":5.0},{"damage":16.0,"enemies":"Jaw Worm Horde","floor":39.0,"turns":4.0},{"damage":17.0,"enemies":"Nemesis","floor":40.0,"turns":7.0},{"damage":21.0,"enemies":"Reptomancer","floor":44.0,"turns":7.0},{"damage":31.0,"enemies":"Writhing Mass","floor":47.0,"turns":6.0},{"damage":25,"enemies":"Donu and Deca","floor":50,"turns":4}],"seed_played":"1965839797065518741","potions_obtained":[{"floor":11.0,"key":"Fire Potion"},{"floor":12.0,"key":"Weak Potion"},{"floor":14.0,"key":"Block Potion"},{"floor":19.0,"key":"Block Potion"},{"floor":21.0,"key":"BlessingOfTheForge"},{"floor":27.0,"key":"Fire Potion"},{"floor":29.0,"key":"DistilledChaos"},{"floor":33.0,"key":"SteroidPotion"}],"is_trial":false,"path_per_floor":["M","M","$","?","?","R","E","R","T","$","M","E","R","E","R","B",null,"M","M","?","M","M","E","R","E","T","E","$","M","E","M","R","B",null,"M","$","?","M","M","E","R","$","T","E","?","R","M","T","R","B"],"character_chosen":"IRONCLAD","items_purchased":["Uppercut","Armaments","Dropkick","Shrug It Off","True Grit","Shrug It Off","Apotheosis","Madness","Headbutt","Dark Embrace","Flash of Steel","Seeing Red","Calipers"],"campfire_rested":6,"item_purchase_floors":[3,3,3,3,10,10,28,28,28,36,36,36,42],"current_hp_per_floor":[51,43,43,43,36,36,19,41,41,41,43,47,47,49,49,55,69,66,55,55,49,49,21,43,31,31,10,10,16,17,23,45,18,60,60,60,60,32,22,11,33,33,33,18,18,40,15,15,37,12,12],"gold":156,"neow_bonus":"TWO_FIFTY_GOLD","is_daily":false,"chose_seed":false,"campfire_upgraded":3,"win_rate":0.0,"timestamp":1612710748,"path_taken":["M","?","$","?","?","R","E","R","T","?","M","E","R","E","R","BOSS","M","M","?","M","M","E","R","E","T","E","$","M","E","M","R","BOSS","M","$","?","M","M","E","R","$","T","E","?","R","M","?","R","BOSS"],"items_purchased_type":["Card","Card","Card","Card","Card","Card","Card","Card","Card","Card","Card","Card","Relic"],"build_version":"2020-12-22","purchased_purges":2,"victory":false,"max_hp_per_floor":[80,80,80,74,74,74,74,74,74,74,74,74,74,74,74,74,74,74,74,74,74,74,74,74,74,74,74,74,74,74,74,74,74,74,74,74,74,74,74,74,74,74,74,74,74,74,74,74,74,74,74],"card_choices":[{"not_picked":["Thunderclap","Heavy Blade"],"picked":"Disarm","floor":1.0},{"not_picked":["Cleave","Carnage"],"picked":"Warcry","floor":2.0},{"not_picked":["Havoc","Twin Strike"],"picked":"Fiend Fire","floor":7.0},{"not_picked":["Clash","Twin Strike","Perfected Strike"],"picked":"SKIP","floor":11.0},{"not_picked":["Rupture","Shrug It Off"],"picked":"Rampage","floor":12.0},{"not_picked":["Feel No Pain","Rampage"],"picked":"Thunderclap","floor":14.0},{"not_picked":["Feed","Reaper"],"picked":"Berserk","floor":16.0},{"not_picked":["Hemokinesis","Havoc","Iron Wave+1"],"picked":"SKIP","floor":18.0},{"not_picked":["Wild Strike+1","Sword Boomerang"],"picked":"Sever Soul","floor":19.0},{"not_picked":["Sword Boomerang","Havoc+1"],"picked":"Shockwave+1","floor":21.0},{"not_picked":["Flex+1","Clash"],"picked":"Inflame","floor":22.0},{"not_picked":["Shrug It Off","Shockwave"],"picked":"Power Through","floor":23.0},{"not_picked":["Clothesline","Cleave"],"picked":"Pommel Strike","floor":25.0},{"not_picked":["Juggernaut","Spot Weakness"],"picked":"Uppercut","floor":27.0},{"not_picked":["Havoc","Searing Blow","Iron Wave"],"picked":"SKIP","floor":29.0},{"not_picked":["Iron Wave","Thunderclap"],"picked":"Warcry+1","floor":30.0},{"not_picked":["Anger","Perfected Strike"],"picked":"Headbutt","floor":31.0},{"not_picked":["Limit Break","Reaper"],"picked":"Demon Form","floor":33.0},{"not_picked":["Intimidate","Anger+1"],"picked":"Metallicize+1","floor":35.0},{"not_picked":["Heavy Blade","Whirlwind+1"],"picked":"Metallicize","floor":38.0},{"not_picked":["Body Slam+1","Shrug It Off+1"],"picked":"Dropkick+1","floor":39.0},{"not_picked":["Armaments+1","Cleave+1"],"picked":"Thunderclap+1","floor":40.0},{"not_picked":["Hemokinesis+1","Feed"],"picked":"Thunderclap+1","floor":44.0},{"not_picked":["Headbutt","Cleave+1"],"picked":"Metallicize","floor":47.0},{"not_picked":["Pommel Strike","Uppercut+1"],"picked":"Ghostly Armor+1","floor":47.0}],"player_experience":194745,"relics_obtained":[{"floor":7.0,"key":"Shuriken"},{"floor":9.0,"key":"Nunchaku"},{"floor":12.0,"key":"HornCleat"},{"floor":14.0,"key":"Champion Belt"},{"floor":23.0,"key":"Self Forming Clay"},{"floor":25.0,"key":"Bag of Preparation"},{"floor":26.0,"key":"War Paint"},{"floor":27.0,"key":"Happy Flower"},{"floor":30.0,"key":"Incense Burner"},{"floor":40.0,"key":"Prayer Wheel"},{"floor":44.0,"key":"MawBank"},{"floor":48.0,"key":"Singing Bowl"}],"event_choices":[{"damage_healed":0.0,"max_hp_gain":0.0,"max_hp_loss":6.0,"gold_gain":0.0,"event_name":"Golden Idol","player_choice":"Lose Max HP","floor":4.0,"gold_loss":0.0,"damage_taken":0.0,"relics_obtained":["Golden Idol"]},{"cards_removed":["Strike_R"],"damage_healed":0.0,"max_hp_gain":0.0,"max_hp_loss":0.0,"gold_gain":0.0,"event_name":"Golden Wing","player_choice":"Card Removal","floor":5.0,"gold_loss":0.0,"damage_taken":7.0},{"damage_healed":0.0,"max_hp_gain":0.0,"max_hp_loss":0.0,"gold_gain":0.0,"event_name":"Addict","player_choice":"Obtained Relic","floor":20.0,"gold_loss":85.0,"damage_taken":0.0,"relics_obtained":["Kunai"]},{"damage_healed":0.0,"max_hp_gain":0.0,"max_hp_loss":0.0,"gold_gain":333.0,"event_name":"The Moai Head","player_choice":"Gave Idol","floor":37.0,"relics_lost":["Golden Idol"],"gold_loss":0.0,"damage_taken":0.0},{"damage_healed":0.0,"max_hp_gain":0.0,"max_hp_loss":0.0,"gold_gain":0.0,"event_name":"Tomb of Lord Red Mask","player_choice":"Paid","floor":45.0,"gold_loss":74.0,"damage_taken":0.0,"relics_obtained":["Red Mask"]}],"is_beta":false,"boss_relics":[{"not_picked":["Cursed Key","Pandora\u0027s Box"],"picked":"Mark of Pain"},{"not_picked":["Runic Dome","Snecko Eye"],"picked":"Sozu"}],"items_purged_floors":[3,42],"is_endless":false,"potions_floor_spawned":[11,12,14,19,21,27,29,33,35,39,40],"killed_by":"Donu and Deca","ascension_level":8}}