{"host":"w05x4i13f2m9joq1","time":1612686562,"event":{"mods":["100% Spire Juice","BaseMod","Better Altar","Better Match","Better Note","Better Sensory Stone","Better Skull","Better Third Choice","BetterRewards","CapriCore","Colored Map","Colored Powertips","Defective Defect","Downfall","Duelist Mod","GifTheSpireLib","Googly Eyes","Infinite Spire","Ironclad Rager","Lobotomy","LobotomyExtend","Marisa????????","Melee Mod","Minty Spire (QoL Compilation)","Morshu Shopkeeper - ENHANCED","MostiFishMod","Quick Restart","Rare Cards Sparkle","Replay The Spire","Shop Mod","Spicy Shops","Spire Birthday Party","StSLib","The IronCluck","Uncapped","everything is the same but u backflip on backflip","slay the spire mod where everything is the same but ironclad has a cowboy hat"],"gold_per_floor":[99,99,99,116,133,162,217,232,332,360,72,69,97,122,146,258,270,282,305,328,340,352,383,395,407,431,468,277,297,297,68,83,178,178,178,196,211,211,231,231,231,231,258,270,281,281,299,70,82,82],"floor_reached":51,"language":"ENG","playtime":3825,"items_purged":[],"score":958,"play_id":"6e90c661-7111-4112-b7b8-3a82d9895761","local_time":"20210207032922","is_ascension_mode":false,"campfire_choices":[{"floor":1,"key":"RECALL"},{"data":"ReplayTheSpireMod:Private Reserves","floor":11,"key":"SMITH"},{"data":"Guardian:RefractedBeam","floor":18,"key":"SMITH"},{"data":"Guardian:RefractedBeam+1","floor":25,"key":"SMITH"},{"data":"Guardian:RefractedBeam+2","floor":30,"key":"SMITH"},{"floor":35,"key":"DIG"},{"data":"Guardian:RefractedBeam+3","floor":42,"key":"SMITH"}],"circlet_count":0,"master_deck":["Guardian:Strike_Guardian+1","Guardian:Strike_Guardian","Guardian:Strike_Guardian","Guardian:Defend_Guardian+1","Guardian:Defend_Guardian","Guardian:Defend_Guardian","Guardian:Defend_Guardian","Guardian:CurlUp","Guardian:TwinSlam","Guardian:PiercingHide","Guardian:PrismaticBarrier","Guardian:VentSteam","Guardian:Reroute","ReplayTheSpireMod:Private Reserves+1","Injury","Guardian:Incinerate","Guardian:RefractedBeam+4","Guardian:PrismaticBarrier","Guardian:Suspension","Guardian:ExploitGems","Guardian:PolyBeam","Guardian:PiercingHide+1","Guardian:PiercingHide+1","Guardian:CrystalBeam+1","MostiFishMod:StoryBook+1","Guardian:TemporalShield+1","Guardian:ExploitGems+1","Guardian:ShieldCharger+1","Guardian:Clone+1","Guardian:Gem_White","Guardian:WalkerClaw","Guardian:Gem_Lightblue"],"relics":["Guardian:ModeShifter","DaveBox","BirthdayGift-Tetrahedron","Pet Ghost","LetterFromLob","Vajra","downfall:GremlinSack","MawBank","downfall:HeartBlessingRed","downfall:HeartBlessingGreen","downfall:HeartBlessingBlue","FeatherPendant","Toxic Egg 2","Replay:Bottled Snecko","Bag of Preparation","Lee\u0027s Waffle","Strange Spoon","bronze:MakeshiftBattery","Mirror","downfall:TeleportStone","Oddly Smooth Stone","Simple Rune","SlaversCollar","OrangePellets","ReplayTheSpireMod:Lightbulb"],"acts_visited":["Exordium","TheCity","TheBeyond"],"potions_floor_usage":[6,12,12,21,45,45,51,51],"damage_taken":[{"damage":2,"enemies":"2 Louse","floor":4,"turns":2},{"damage":2,"enemies":"Small Slimes","floor":5,"turns":2},{"damage":4,"enemies":"Gremlin Nob","floor":6,"turns":3},{"damage":2,"enemies":"Cultist","floor":8,"turns":2},{"damage":4,"enemies":"Cultist","floor":9,"turns":3},{"damage":15,"enemies":"3 Sentries","floor":10,"turns":3},{"damage":7,"enemies":"downfall:FleeingMerchant","floor":12,"turns":4},{"damage":9,"enemies":"2 Fungi Beasts","floor":13,"turns":2},{"damage":0,"enemies":"Large Slime","floor":14,"turns":1},{"damage":0,"enemies":"Blue Slaver","floor":15,"turns":1},{"damage":6,"enemies":"SI_SHIV_ARCHETYPE","floor":16,"turns":3},{"damage":0,"enemies":"Chosen","floor":19,"turns":1},{"damage":0,"enemies":"Shell Parasite","floor":20,"turns":1},{"damage":4,"enemies":"3 Cultists","floor":23,"turns":3},{"damage":2,"enemies":"Snecko","floor":26,"turns":2},{"damage":2,"enemies":"theDuelist:KaibaA2","floor":27,"turns":2},{"damage":0,"enemies":"downfall:FleeingMerchant","floor":28,"turns":1},{"damage":2,"enemies":"Snake Plant","floor":29,"turns":2},{"damage":2,"enemies":"3 Cultists","floor":32,"turns":2},{"damage":12,"enemies":"IC_MUSHROOM_ARCHETYPE","floor":33,"turns":1},{"damage":1,"enemies":"Orb Walker","floor":36,"turns":1},{"damage":1,"enemies":"3 Darklings","floor":37,"turns":1},{"damage":0,"enemies":"Spire Growth","floor":39,"turns":1},{"damage":12,"enemies":"4 Shapes","floor":44,"turns":1},{"damage":2,"enemies":"3 Darklings","floor":45,"turns":2},{"damage":0,"enemies":"Spire Growth","floor":47,"turns":1},{"damage":13,"enemies":"Sphere and 2 Shapes","floor":49,"turns":1},{"damage":2,"enemies":"DF_ARCHETYPE_ORBS","floor":50,"turns":2},{"damage":2,"enemies":"Malkuth","floor":51,"turns":2},{"damage":8,"enemies":"Netzach","floor":51,"turns":2},{"damage":38,"enemies":"Geburah","floor":51,"turns":5},{"damage":46,"enemies":"Binah","floor":51,"turns":12}],"seed_played":"4703392213799658418","potions_obtained":[{"floor":4,"key":"PowerPotion"},{"floor":5,"key":"Energy Potion"},{"floor":6,"key":"DistilledChaos"},{"floor":8,"key":"Reflective Coating"},{"floor":13,"key":"Fruit Juice"},{"floor":23,"key":"SpeedPotion"},{"floor":26,"key":"Weak Potion"},{"floor":27,"key":"SkillPotion"},{"floor":45,"key":"Strength Potion"}],"is_trial":false,"path_per_floor":["R_BF","?","?","M","M","E","T","M","?","E","R","$","M","M","M","B",null,"R","M","M","?","?","M","T","R","M","E","$","M","R","$","M","B",null,"R_BF","M","M","?","M","?","T","R","T","M","M","AVR","M","$","M","B",null],"character_chosen":"GUARDIAN","items_purchased":["Bag of Preparation","Lee\u0027s Waffle","Guardian:PiercingHide+1","Strange Spoon","MostiFishMod:StoryBook+1","Guardian:Gem_Lightblue","ReplayTheSpireMod:Lightbulb"],"campfire_rested":0,"item_purchase_floors":[28,28,28,28,31,48,48],"current_hp_per_floor":[88,88,88,86,84,80,80,78,74,59,69,62,53,53,53,47,98,98,98,98,103,103,99,99,99,97,95,110,108,108,108,106,94,110,110,109,108,108,108,108,108,108,108,96,94,94,94,94,81,79],"gold":7,"neow_bonus":"TEN_PERCENT_HP_BONUS","is_daily":false,"chose_seed":false,"campfire_upgraded":5,"win_rate":0.0,"timestamp":1612686562,"path_taken":["R_BF","?","?","M","M","E","T","M","?","E","R","$","M","M","M","BOSS","R","M","?","?","?","M","T","R","M","E","$","M","R","?","M","BOSS","R_BF","M","M","?","?","?","T","R","?","M","?","AVR","M","$","M","BOSS"],"items_purchased_type":["Relic","Relic","Card","Relic","Card","Card","Relic"],"build_version":"2020-12-22","purchased_purges":0,"victory":true,"max_hp_per_floor":[88,88,88,88,88,88,88,88,88,88,98,98,98,98,98,98,98,98,98,98,103,103,103,103,103,103,103,110,110,110,110,110,110,110,110,110,110,110,110,110,110,110,110,110,110,110,110,110,110,110],"card_choices":[{"not_picked":["Guardian:TemporalStrike","Guardian:TimeSifter"],"picked":"Guardian:Gem_Lightblue","floor":4},{"not_picked":["Guardian:BodySlam","Guardian:RollAttack"],"picked":"Guardian:PiercingHide","floor":5},{"not_picked":["Guardian:TemporalShield","Guardian:TimeBomb"],"picked":"Guardian:PrismaticBarrier","floor":6},{"not_picked":["Guardian:ShieldCharger","Guardian:BaubleBeam"],"picked":"Guardian:VentSteam","floor":8},{"not_picked":["Guardian:GuardianWhirl","Guardian:Repulse"],"picked":"Guardian:Incinerate","floor":9},{"not_picked":["Guardian:Reroute","Guardian:PiercingHide"],"picked":"Guardian:RefractedBeam","floor":10},{"not_picked":["Guardian:Gem_Lightblue","Guardian:Gem_Cyan"],"picked":"Guardian:Gem_Red","floor":12},{"not_picked":["Guardian:Planning","Guardian:Incinerate"],"picked":"Guardian:PrismaticBarrier","floor":13},{"not_picked":["Guardian:Gem_Lightblue","Guardian:Harden"],"picked":"Guardian:Suspension","floor":14},{"not_picked":["Guardian:PrimingBeam","Guardian:TimeBomb"],"picked":"Guardian:Gem_Orange","floor":15},{"not_picked":["Guardian:Gem_Synthetic","Guardian:StasisStrike"],"picked":"Guardian:ExploitGems","floor":16},{"not_picked":["Guardian:TemporalShield","Guardian:Incinerate"],"picked":"Guardian:PolyBeam","floor":19},{"not_picked":["Guardian:FastForward","Guardian:RollAttack"],"picked":"Guardian:Gem_Green","floor":20},{"not_picked":["Guardian:Incinerate","Guardian:Suspension"],"picked":"Guardian:Gem_Red","floor":23},{"not_picked":["Guardian:PrismaticBarrier+1","Guardian:TemporalShield+1"],"picked":"Guardian:PiercingHide+1","floor":26},{"not_picked":["Guardian:SpikerProtocol","Guardian:TemporalStrike"],"picked":"Guardian:Gem_Green","floor":27},{"not_picked":["Guardian:TemporalShield+1","Guardian:Harden+1"],"picked":"Guardian:Gem_Green","floor":28},{"not_picked":["Guardian:AncientConstruct","Guardian:GuardianWhirl+1"],"picked":"Guardian:CrystalBeam+1","floor":29},{"not_picked":["Guardian:Incinerate","Guardian:CrystalBeam"],"picked":"Guardian:TemporalShield+1","floor":32},{"not_picked":["Guardian:BaubleBeam","Guardian:Gem_Synthetic"],"picked":"Guardian:ExploitGems+1","floor":33},{"not_picked":["Guardian:TemporalStrike","Guardian:CrystalBeam"],"picked":"Guardian:Gem_Cyan","floor":36},{"not_picked":["Guardian:Emergency+1","Guardian:SpikerProtocol+1"],"picked":"Guardian:ShieldCharger+1","floor":37},{"not_picked":["Guardian:PrismaticBarrier+1","Guardian:SentryBeam+1"],"picked":"Guardian:Gem_Red","floor":39},{"not_picked":["Guardian:Gem_Red","Guardian:Incinerate+1"],"picked":"Guardian:Clone+1","floor":44},{"not_picked":["Guardian:DonusPower+1","Guardian:SpikerProtocol"],"picked":"Guardian:Gem_White","floor":45},{"not_picked":["Guardian:Incinerate","Guardian:Gem_Green"],"picked":"Guardian:WalkerClaw","floor":47},{"not_picked":["Guardian:RollAttack","Guardian:TemporalStrike","Guardian:Repulse+1"],"picked":"SKIP","floor":49}],"player_experience":163715,"relics_obtained":[{"floor":2,"key":"Pet Ghost"},{"floor":4,"key":"LetterFromLob"},{"floor":6,"key":"Vajra"},{"floor":9,"key":"downfall:GremlinSack"},{"floor":10,"key":"MawBank"},{"floor":24,"key":"Toxic Egg 2"},{"floor":27,"key":"Replay:Bottled Snecko"},{"floor":35,"key":"Mirror"},{"floor":41,"key":"Oddly Smooth Stone"},{"floor":43,"key":"Simple Rune"}],"event_choices":[{"cards_removed":["Guardian:Strike_Guardian"],"damage_healed":0,"gold_gain":0,"player_choice":"Offered Basic","damage_taken":0,"max_hp_gain":0,"max_hp_loss":0,"event_name":"Bonfire Elementals","floor":22,"gold_loss":0}],"is_beta":false,"boss_relics":[{"not_picked":["Ring of Chaos","Snecko Eye"],"picked":"FeatherPendant"},{"not_picked":["ExusiaiGun","HereWithMe"],"picked":"bronze:MakeshiftBattery"}],"items_purged_floors":[],"is_endless":false,"potions_floor_spawned":[4,5,6,8,13,23,26,27,32,36,45],"ascension_level":0}}