{"host":"fxrgx7wt2cpkbhka","time":1612674437,"event":{"mods":["AchievementEnabler","BaseMod","Colored Powertips","Dark Map","Minty Spire (QoL Compilation)","Permanent Neow","Quick Restart","Slay-I","StSLib","Waifu the Spire"],"gold_per_floor":[212,121,137,137,137,137,151,151,174,174,190,201,213,213,213,311,311,324,335,435,446,457,457,417,417,417],"floor_reached":25,"language":"ENG","playtime":880,"items_purged":[],"score":293,"play_id":"ced51349-abc8-49e0-846d-43a75df906d8","local_time":"20210206210717","is_ascension_mode":true,"campfire_choices":[{"data":"Neutralize","floor":6,"key":"SMITH"},{"data":"Survivor","floor":8,"key":"SMITH"},{"floor":15,"key":"REST"},{"floor":23,"key":"REST"}],"circlet_count":0,"master_deck":["AscendersBane","Strike_G","Strike_G","Strike_G","Strike_G+1","Strike_G","Defend_G+1","Defend_G","Defend_G","Defend_G","Defend_G+1","Survivor+1","Neutralize+1","Caltrops","Noxious Fumes+1","Backflip","Catalyst","Dagger Throw","Bane","Deadly Poison","Venomology+1"],"relics":["Ring of the Snake","Gremlin Horn","Orichalcum","Busted Crown"],"acts_visited":["Exordium","TheCity"],"potions_floor_usage":[11,18,21,21,22,22,22,25,25],"damage_taken":[{"damage":1,"enemies":"Jaw Worm","floor":1,"turns":7},{"damage":1,"enemies":"Small Slimes","floor":3,"turns":4},{"damage":0,"enemies":"Cultist","floor":7,"turns":4},{"damage":7,"enemies":"Lots of Slimes","floor":11,"turns":3},{"damage":8,"enemies":"Looter","floor":12,"turns":3},{"damage":0,"enemies":"3 Louse","floor":13,"turns":3},{"damage":29,"enemies":"Slime Boss","floor":16,"turns":10},{"damage":22,"enemies":"2 Thieves","floor":18,"turns":4},{"damage":8,"enemies":"3 Byrds","floor":19,"turns":5},{"damage":23,"enemies":"Sentry and Sphere","floor":21,"turns":7},{"damage":0,"enemies":"Centurion and Healer","floor":22,"turns":7},{"damage":25,"enemies":"Slavers","floor":25,"turns":4}],"seed_played":"-8419275673443253307","potions_obtained":[{"floor":3,"key":"AttackPotion"},{"floor":7,"key":"GhostInAJar"},{"floor":16,"key":"EssenceOfSteel"},{"floor":21,"key":"Swift Potion"}],"is_trial":false,"path_per_floor":["M","$","M","?","?","R","M","R","T","?","M","M","M","?","R","B",null,"M","M","?","M","M","R","?","E"],"character_chosen":"THE_SILENT","items_purchased":["Noxious Fumes","Backflip"],"campfire_rested":2,"item_purchase_floors":[2,2],"current_hp_per_floor":[62,62,61,61,49,49,49,49,49,35,28,20,20,20,41,12,56,34,26,26,3,3,24,24,0,0],"gold":417,"neow_bonus":"HUNDRED_GOLD","is_daily":false,"chose_seed":false,"campfire_upgraded":2,"win_rate":0.0,"timestamp":1612674437,"path_taken":["M","$","M","?","?","R","M","R","T","?","?","?","?","?","R","BOSS","M","M","?","?","M","R","?","E"],"items_purchased_type":["Card","Card"],"build_version":"2020-12-22","purchased_purges":0,"victory":false,"max_hp_per_floor":[70,70,70,70,70,70,70,70,70,70,70,70,70,70,70,70,70,70,70,70,70,70,70,70,70,70],"card_choices":[{"not_picked":["Backflip","Dagger Throw"],"picked":"Caltrops","floor":1},{"not_picked":["PiercingWail","Outmaneuver"],"picked":"Catalyst","floor":3},{"not_picked":["Venomology","Skewer"],"picked":"Dagger Throw","floor":7},{"not_picked":["Underhanded Strike","Dagger Spray"],"picked":"Bane","floor":11},{"not_picked":["Dodge and Roll","Bane"],"picked":"Deadly Poison","floor":12},{"not_picked":["Eviscerate","Bane"],"picked":"Venomology","floor":13},{"not_picked":["Slice"],"picked":"SKIP","floor":18},{"not_picked":["Outmaneuver"],"picked":"SKIP","floor":19},{"not_picked":["Calculated Gamble"],"picked":"SKIP","floor":21},{"not_picked":["Quick Slash+1"],"picked":"SKIP","floor":22}],"player_experience":748791,"relics_obtained":[{"floor":9,"key":"Orichalcum"}],"event_choices":[{"damage_healed":0,"gold_gain":0,"player_choice":"Grow","damage_taken":0,"max_hp_gain":0,"max_hp_loss":0,"event_name":"Living Wall","floor":4,"gold_loss":0,"cards_upgraded":["Noxious Fumes"]},{"damage_healed":0,"gold_gain":0,"player_choice":"Success","damage_taken":12,"relics_obtained":["Gremlin Horn"],"max_hp_gain":0,"max_hp_loss":0,"event_name":"Scrap Ooze","floor":5,"gold_loss":0},{"damage_healed":0,"gold_gain":0,"player_choice":"Entered Light","damage_taken":14,"max_hp_gain":0,"max_hp_loss":0,"event_name":"Shining Light","floor":10,"gold_loss":0,"cards_upgraded":["Defend_G","Strike_G"]},{"damage_healed":0,"gold_gain":0,"player_choice":"Ignored","damage_taken":0,"max_hp_gain":0,"max_hp_loss":0,"event_name":"Golden Wing","floor":14,"gold_loss":0},{"damage_healed":0,"gold_gain":100,"player_choice":"Pray","damage_taken":0,"max_hp_gain":0,"max_hp_loss":0,"event_name":"Golden Shrine","floor":20,"gold_loss":0},{"damage_healed":0,"gold_gain":0,"player_choice":"Upgraded Two","damage_taken":0,"max_hp_gain":0,"max_hp_loss":0,"event_name":"Designer","floor":24,"gold_loss":40,"cards_upgraded":["Defend_G","Venomology"]}],"is_beta":false,"boss_relics":[{"not_picked":["Philosopher\u0027s Stone","SlaversCollar"],"picked":"Busted Crown"}],"items_purged_floors":[],"is_endless":false,"potions_floor_spawned":[3,7,16,21],"killed_by":"Slavers","ascension_level":10}}