{"host":"d52brwsy6af8zvaq","time":1612671763,"event":{"mods":["AchievementEnabler","BaseMod","Bestiary","Highlight Path","Minty Spire (QoL Compilation)","Quick Restart","Relic Stats","ojb\u0027s Better Paths Mod"],"gold_per_floor":[114,114,125,141,29,29,100,100,123,154,154,154,183,201,201,272,272,283,295,295,310,329,329,356,356,379,397,397,397],"floor_reached":28,"language":"ENG","playtime":969,"items_purged":["Strike_B"],"score":621,"play_id":"94b63ec5-9866-428b-bd65-44d996a2cdd8","local_time":"20210206212243","is_ascension_mode":true,"campfire_choices":[{"data":"Defragment","floor":6.0,"key":"SMITH"},{"data":"Buffer","floor":12.0,"key":"SMITH"},{"floor":15.0,"key":"REST"},{"data":"Loop","floor":23.0,"key":"SMITH"}],"circlet_count":0,"master_deck":["AscendersBane","Defend_B","Defend_B","Defend_B","Defend_B","Zap+1","Dualcast","Echo Form","Sunder","Defragment+1","Auto Shields","Static Discharge","Buffer+1","Amplify","Cold Snap","Reboot","Redo","Stack","Loop+1","Turbo","Darkness","Bite","Bite","Bite","Bite","Bite","Go for the Eyes"],"relics":["Cracked Core","Toy Ornithopter","MealTicket","Omamori","Snecko Eye","Gremlin Horn","Cables","Bronze Scales"],"acts_visited":["TheCity"],"potions_floor_usage":[27,27],"damage_taken":[{"damage":1.0,"enemies":"Cultist","floor":1.0,"turns":3.0},{"damage":0.0,"enemies":"2 Louse","floor":3.0,"turns":1.0},{"damage":9.0,"enemies":"Jaw Worm","floor":4.0,"turns":4.0},{"damage":8.0,"enemies":"Gremlin Nob","floor":10.0,"turns":3.0},{"damage":20.0,"enemies":"3 Sentries","floor":13.0,"turns":6.0},{"damage":13.0,"enemies":"3 Louse","floor":14.0,"turns":3.0},{"damage":0.0,"enemies":"The Guardian","floor":16.0,"turns":11.0},{"damage":0.0,"enemies":"Chosen","floor":18.0,"turns":5.0},{"damage":1.0,"enemies":"Spheric Guardian","floor":19.0,"turns":4.0},{"damage":0.0,"enemies":"Cultist and Chosen","floor":21.0,"turns":7.0},{"damage":0.0,"enemies":"Snecko","floor":22.0,"turns":4.0},{"damage":38.0,"enemies":"Gremlin Leader","floor":24.0,"turns":4.0},{"damage":13,"enemies":"Centurion and Healer","floor":27,"turns":5},{"damage":29,"enemies":"Slavers","floor":28,"turns":1}],"seed_played":"1503190618695527225","potions_obtained":[{"floor":1.0,"key":"Explosive Potion"},{"floor":14.0,"key":"PowerPotion"},{"floor":19.0,"key":"DuplicationPotion"},{"floor":22.0,"key":"PotionOfCapacity"}],"is_trial":false,"path_per_floor":["M","?","M","M","$","R","?","T","T","E","?","R","E","M","R","B",null,"M","M","T","M","M","R","E","?","T","M","E"],"character_chosen":"DEFECT","items_purchased":["Static Discharge"],"campfire_rested":1,"item_purchase_floors":[5],"current_hp_per_floor":[63,63,63,54,54,54,54,54,54,51,51,51,31,18,37,42,59,59,58,58,58,58,58,20,20,20,27,0,0],"gold":397,"neow_bonus":"THREE_RARE_CARDS","is_daily":false,"chose_seed":false,"campfire_upgraded":3,"win_rate":0.0,"timestamp":1612671763,"path_taken":["M","?","M","M","$","R","?","?","T","E","?","R","E","M","R","BOSS","M","M","?","M","M","R","E","?","T","M","E"],"items_purchased_type":["Card"],"build_version":"2020-12-22","purchased_purges":1,"victory":false,"max_hp_per_floor":[64,64,64,64,64,64,64,64,64,64,64,64,64,64,64,64,64,64,64,64,64,64,64,64,44,44,44,44,44],"relic_stats":{"Gremlin Horn":[6,6],"counters":[14,61],"Bronze Scales":[12],"Snecko Eye":[58,51,48,51],"MealTicket":0,"obtain_stats":[{"Gremlin Horn":20,"Bronze Scales":26,"Snecko Eye":17,"MealTicket":10,"Omamori":13,"Cracked Core":0,"Toy Ornithopter":9,"Cables":24},{"Gremlin Horn":9,"Bronze Scales":12,"Snecko Eye":7,"MealTicket":4,"Omamori":5,"Cracked Core":0,"Toy Ornithopter":3,"Cables":12},{"Gremlin Horn":40,"Bronze Scales":55,"Snecko Eye":31,"MealTicket":11,"Omamori":17,"Cracked Core":0,"Toy Ornithopter":8,"Cables":55}],"Toy Ornithopter":20,"Cables":[4,3,0,1,0]},"card_choices":[{"not_picked":["Multi-Cast","Rainbow"],"picked":"Echo Form","floor":0.0},{"not_picked":["FTL","Beam Cell"],"picked":"Sunder","floor":1.0},{"not_picked":["Ball Lightning","Redo"],"picked":"Defragment","floor":3.0},{"not_picked":["Coolheaded","Rebound"],"picked":"Auto Shields","floor":4.0},{"not_picked":["Rip and Tear","Consume"],"picked":"Buffer","floor":10.0},{"not_picked":["Sunder","Streamline"],"picked":"Cold Snap","floor":13.0},{"not_picked":["Barrage","Ball Lightning","Hologram"],"picked":"SKIP","floor":14.0},{"not_picked":["Echo Form","All For One"],"picked":"Reboot","floor":16.0},{"not_picked":["Sweeping Beam","Leap"],"picked":"Redo","floor":18.0},{"not_picked":["Hologram","Steam Power"],"picked":"Stack","floor":19.0},{"not_picked":["Rebound","Leap"],"picked":"Loop","floor":21.0},{"not_picked":["Redo","Compile Driver"],"picked":"Turbo","floor":22.0},{"not_picked":["Doom and Gloom","Scrape"],"picked":"Darkness","floor":24.0},{"not_picked":["Reinforced Body","Conserve Battery"],"picked":"Go for the Eyes","floor":27}],"player_experience":2176250,"relics_obtained":[{"floor":9.0,"key":"Toy Ornithopter"},{"floor":10.0,"key":"MealTicket"},{"floor":13.0,"key":"Omamori"},{"floor":20.0,"key":"Gremlin Horn"},{"floor":24.0,"key":"Cables"},{"floor":26.0,"key":"Bronze Scales"}],"event_choices":[{"damage_healed":0.0,"max_hp_gain":0.0,"max_hp_loss":0.0,"gold_gain":0.0,"event_name":"Living Wall","player_choice":"Grow","floor":2.0,"gold_loss":0.0,"damage_taken":0.0,"cards_upgraded":["Zap"]},{"damage_healed":0.0,"max_hp_gain":0.0,"max_hp_loss":0.0,"gold_gain":71.0,"event_name":"Golden Wing","player_choice":"Gained Gold","floor":7.0,"gold_loss":0.0,"damage_taken":0.0},{"damage_healed":0.0,"max_hp_gain":0.0,"max_hp_loss":0.0,"gold_gain":0.0,"cards_transformed":["Strike_B"],"event_name":"Transmorgrifier","player_choice":"Transformed","floor":11.0,"gold_loss":0.0,"damage_taken":0.0,"cards_obtained":["Amplify"]},{"damage_healed":0.0,"max_hp_gain":0.0,"max_hp_loss":20.0,"gold_gain":0.0,"event_name":"Vampires","player_choice":"Became a vampire","floor":25.0,"gold_loss":0.0,"damage_taken":0.0,"cards_obtained":["Bite","Bite","Bite","Bite","Bite"]}],"is_beta":false,"boss_relics":[{"not_picked":["Tiny House","Pandora\u0027s Box"],"picked":"Snecko Eye"}],"items_purged_floors":[5],"is_endless":false,"potions_floor_spawned":[1,14,19,22,24],"killed_by":"Slavers","ascension_level":20}}