{"host":"w8xisjf5mgmfjvmt","time":1612674064,"event":{"mods":["BaseMod","BetterRewards","Challenge The Spire","Conspire","Energized Spire","Filter the Spire","Minty Spire (QoL Compilation)","Quarter Circle Forward PUNCH!","Quick Restart","Relic Filter Mod","Relic Stats","Reliquary","Replay The Spire","Shop Mod","Spicy Shops","StSLib","Thieving Mod","¡¾ÒÅÎï¿¨ÅÆ¡¿REMEMod","óô»ðÖ¸ÄÏ"],"gold_per_floor":[112,37,55,65,65,65,96,114,139,196,176,215,294,294,294,488,488,549,287,207,207,36,36,103,103,150,245,33,33,77,151,151,353,353,411,261,302,302,302,302,302,302,412,412,412,477,592,627,712,474,474,499,499],"floor_reached":52,"language":"ZHS","playtime":1352,"items_purged":["Strike_G","Strike_G","Defend_G","Strike_G","Strike_G"],"score":1257,"play_id":"1e1019bd-0c2e-41a0-9356-2548100519fd","local_time":"20210207130104","is_ascension_mode":true,"campfire_choices":[{"data":"Hyperbeam","floor":6.0,"key":"SMITH"},{"data":"Eviscerate","floor":23.0,"key":"SMITH"},{"floor":29.0,"key":"REST"},{"data":"Wraith Form v2","floor":42.0,"key":"SMITH"},{"data":"Reflex","floor":44.0,"key":"SMITH"},{"floor":51,"key":"RECALL"}],"circlet_count":0,"master_deck":["AscendersBane","Defend_G","Defend_G","Defend_G","Survivor","Neutralize","Hyperbeam+1","Eviscerate+1","Acrobatics","Underhanded Strike","Acrobatics+1","Dagger Throw","Corpse Explosion+1","Leg Sweep","Choke","Skewer","Replay:Poison Smokescreen","Predator","Footwork","Wraith Form v2+1","Reflex+1","Bullet Time","Predator+1"],"relics":["REME_ComplimentaryCards","Snecko Eye","Lantern","Replay:Bandana","conspire:TopHat","REME_HandOfSuture","REME_ChargedStone","HandDrill","Sling","Replay:Towering Pillar of Hats","reliquary:JackalopeAntler","reliquary:Ember","REME_LimitBreaker","Orichalcum","Omamori","Pantograph"],"acts_visited":["Exordium","TheCity","TheBeyond"],"potions_floor_usage":[],"damage_taken":[{"damage":0.0,"enemies":"Cultist","floor":1.0,"turns":2.0},{"damage":0.0,"enemies":"Small Slimes","floor":3.0,"turns":2.0},{"damage":0.0,"enemies":"Jaw Worm","floor":4.0,"turns":3.0},{"damage":23.0,"enemies":"Gremlin Nob","floor":7.0,"turns":4.0},{"damage":0.0,"enemies":"2 Fungi Beasts","floor":8.0,"turns":2.0},{"damage":5.0,"enemies":"3 Sentries","floor":10.0,"turns":3.0},{"damage":0.0,"enemies":"Looter","floor":12.0,"turns":2.0},{"damage":1.0,"enemies":"Gremlin Nob","floor":13.0,"turns":3.0},{"damage":15.0,"enemies":"The Guardian","floor":16.0,"turns":5.0},{"damage":0.0,"enemies":"Chosen","floor":18.0,"turns":2.0},{"damage":7.0,"enemies":"Slavers","floor":24.0,"turns":2.0},{"damage":15.0,"enemies":"Book of Stabbing","floor":27.0,"turns":4.0},{"damage":1.0,"enemies":"2 Thieves","floor":30.0,"turns":2.0},{"damage":0.0,"enemies":"Centurion and Healer","floor":31.0,"turns":3.0},{"damage":18.0,"enemies":"Champ","floor":33.0,"turns":7.0},{"damage":1.0,"enemies":"Orb Walker","floor":35.0,"turns":4.0},{"damage":5.0,"enemies":"3 Shapes","floor":37.0,"turns":3.0},{"damage":0.0,"enemies":"R_Hoarder","floor":43.0,"turns":6.0},{"damage":0.0,"enemies":"Sphere and 2 Shapes","floor":46.0,"turns":3.0},{"damage":30,"enemies":"Nemesis","floor":47,"turns":5},{"damage":0,"enemies":"3 Darklings","floor":48,"turns":2},{"damage":14,"enemies":"Spire Growth","floor":49,"turns":3},{"damage":0,"enemies":"conspire:OrnateMirror","floor":52,"turns":1}],"seed_played":"3199567836683863919","potions_obtained":[{"floor":4.0,"key":"Fire Potion"},{"floor":7.0,"key":"FearPotion"},{"floor":10.0,"key":"Explosive Potion"},{"floor":11.0,"key":"Ancient Potion"},{"floor":27.0,"key":"Energy Potion"},{"floor":35.0,"key":"Dexterity Potion"}],"is_trial":false,"path_per_floor":["M","$","M","M","$","R","E","M","T","E","?","M","E","?","R","B",null,"M","$","?","?","$","R","E","?","T","E","$","R","M","M","R","B",null,"M","$","M","PTL","PTL","?","T","R","E","R","T","M","E","M","M","$","R","B"],"character_chosen":"THE_SILENT","items_purchased":["Choke","HandDrill","Sling","Predator","Predator+1"],"campfire_rested":1,"item_purchase_floors":[19,19,22,28,50],"current_hp_per_floor":[59,59,59,59,59,59,36,36,36,31,31,31,30,30,30,15,53,53,53,53,53,53,53,46,28,28,13,13,34,33,33,54,36,62,61,61,56,56,56,56,56,56,56,56,56,56,26,26,12,12,12,37,37],"gold":499,"neow_bonus":"BOSS_RELIC","is_daily":false,"chose_seed":false,"campfire_upgraded":4,"win_rate":0.0,"timestamp":1612674064,"path_taken":["M","$","M","M","?","R","E","M","T","E","?","?","E","?","R","BOSS","M","$","?","?","$","R","E","?","T","E","?","R","?","M","R","BOSS","M","$","M","PTL","PTL","?","?","R","E","R","T","M","E","M","M","$","R","BOSS"],"items_purchased_type":["Card","Relic","Relic","Card","Card"],"build_version":"2020-12-22","purchased_purges":5,"victory":false,"max_hp_per_floor":[66,66,66,66,66,66,66,66,66,66,66,66,66,66,66,66,66,66,66,66,66,66,66,66,71,71,71,71,71,71,71,71,71,71,71,71,71,71,71,67,67,67,67,67,67,67,67,67,67,67,67,67,67],"relic_stats":{"counters":[23,73],"Pantograph":25,"Snecko Eye":[163,156,148,142],"HandDrill":[22],"Orichalcum":[6],"obtain_stats":[{"Lantern":7,"Replay:Towering Pillar of Hats":24,"REME_ChargedStone":17,"Omamori":45,"REME_LimitBreaker":41,"Orichalcum":43,"Sling":22,"conspire:TopHat":10,"reliquary:JackalopeAntler":27,"Replay:Bandana":9,"Pantograph":47,"Snecko Eye":0,"REME_HandOfSuture":13,"HandDrill":19,"reliquary:Ember":34,"Ring of the Snake":0,"REME_ComplimentaryCards":0},{"Lantern":4,"Replay:Towering Pillar of Hats":11,"REME_ChargedStone":9,"Omamori":18,"REME_LimitBreaker":17,"Orichalcum":18,"Sling":10,"conspire:TopHat":6,"reliquary:JackalopeAntler":12,"Replay:Bandana":5,"Pantograph":20,"Snecko Eye":0,"REME_HandOfSuture":8,"HandDrill":10,"reliquary:Ember":15,"Ring of the Snake":0,"REME_ComplimentaryCards":0},{"Lantern":11,"Replay:Towering Pillar of Hats":30,"REME_ChargedStone":26,"Omamori":59,"REME_LimitBreaker":53,"Orichalcum":59,"Sling":28,"conspire:TopHat":16,"reliquary:JackalopeAntler":34,"Replay:Bandana":13,"Pantograph":67,"Snecko Eye":0,"REME_HandOfSuture":21,"HandDrill":28,"reliquary:Ember":46,"Ring of the Snake":0,"REME_ComplimentaryCards":0}]},"card_choices":[{"not_picked":["Acrobatics","Choke"],"picked":"Eviscerate","floor":1.0},{"not_picked":["Setup","Sneak Up","Flying Knee"],"picked":"SKIP","floor":3.0},{"not_picked":["Sucker Punch","Masterful Stab","Bane"],"picked":"SKIP","floor":4.0},{"not_picked":["Blur","Quick Slash","Flying Knee"],"picked":"SKIP","floor":7.0},{"not_picked":["Heel Hook","Prepared"],"picked":"Acrobatics","floor":8.0},{"not_picked":["Dodge and Roll","Heel Hook","Sucker Punch"],"picked":"SKIP","floor":10.0},{"not_picked":["PiercingWail","Caltrops","Distraction"],"picked":"SKIP","floor":12.0},{"not_picked":["Hidden Blade","Quick Slash"],"picked":"Underhanded Strike","floor":13.0},{"not_picked":["Venomology","REME_GrazeFinale"],"picked":"Corpse Explosion","floor":16.0},{"not_picked":["All Out Attack+1","Prepared"],"picked":"Leg Sweep","floor":18.0},{"not_picked":["Dagger Spray","Flying Knee"],"picked":"Skewer","floor":24.0},{"not_picked":["Corpse Explosion","PiercingWail"],"picked":"Replay:Poison Smokescreen","floor":27.0},{"not_picked":["Sucker Punch","REME_GreenPollution+1"],"picked":"Footwork","floor":30.0},{"not_picked":["Deflect","Blade Dance","Choke"],"picked":"SKIP","floor":31.0},{"not_picked":["Poison Darts","REME_CopyPotion"],"picked":"Wraith Form v2","floor":33.0},{"not_picked":["ReplayTheSpireMod:Exploit Weakness","Flechettes","Sneak Up"],"picked":"SKIP","floor":35.0},{"not_picked":["Hidden Blade","Flying Knee"],"picked":"Reflex","floor":37.0},{"not_picked":["Flying Knee","Quick Slash","Bane"],"picked":"SKIP","floor":43.0},{"not_picked":["Dodge and Roll+1","conspire:DoublingDagger","Escape Plan"],"picked":"SKIP","floor":46.0},{"not_picked":["Flying Knee","Acrobatics","Cloak And Dagger"],"picked":"SKIP","floor":47},{"not_picked":["Flying Knee","Acrobatics","Cloak And Dagger"],"picked":"SKIP","floor":47},{"not_picked":["Dagger Spray+1","Reflex+1","Bane"],"picked":"SKIP","floor":48},{"not_picked":["Prepared","Calculated Gamble+1"],"picked":"Bullet Time","floor":49}],"player_experience":1296094,"relics_obtained":[{"floor":7.0,"key":"Lantern"},{"floor":9.0,"key":"Replay:Bandana"},{"floor":10.0,"key":"conspire:TopHat"},{"floor":13.0,"key":"REME_HandOfSuture"},{"floor":24.0,"key":"Replay:Towering Pillar of Hats"},{"floor":27.0,"key":"reliquary:JackalopeAntler"},{"floor":41.0,"key":"REME_LimitBreaker"},{"floor":43.0,"key":"Orichalcum"},{"floor":45.0,"key":"Omamori"},{"floor":47,"key":"Pantograph"}],"event_choices":[{"damage_healed":0.0,"max_hp_gain":0.0,"max_hp_loss":0.0,"gold_gain":0.0,"event_name":"The Woman in Blue","player_choice":"Bought 1 Potion","floor":11.0,"gold_loss":0.0,"damage_taken":0.0},{"damage_healed":0.0,"max_hp_gain":0.0,"max_hp_loss":0.0,"gold_gain":0.0,"event_name":"Vampires","player_choice":"Ignored","floor":21.0,"gold_loss":0.0,"damage_taken":0.0},{"damage_healed":0.0,"max_hp_gain":5.0,"max_hp_loss":0.0,"gold_gain":0.0,"event_name":"Forgotten Altar","player_choice":"Shed Blood","floor":25.0,"gold_loss":0.0,"damage_taken":23.0},{"damage_healed":0.0,"max_hp_gain":0.0,"max_hp_loss":4.0,"gold_gain":0.0,"event_name":"Winding Halls","player_choice":"Max HP","floor":40.0,"gold_loss":0.0,"damage_taken":0.0}],"is_beta":false,"boss_relics":[{"not_picked":["WristBlade","REME_DuelDisc"],"picked":"REME_ChargedStone"},{"not_picked":["Busted Crown","reliquary:RedPaperclip"],"picked":"reliquary:Ember"}],"items_purged_floors":[2,19,28,36,50],"is_endless":false,"potions_floor_spawned":[4,7,10,27,31,35,47,49],"killed_by":"conspire:OrnateMirror","ascension_level":20}}