{"host":"gkm149kh1ihaqy0o","time":1612671039,"event":{"mods":["AchievementEnabler","BaseMod","Colored Powertips","Googly Eyes","Key Reminder","Minty Spire (QoL Compilation)","Permanent Neow","Quick Restart","Random Character Button","Rare Cards Sparkle","Relic Sorter","Relic Stats","SuperFastMode","Unceasing Turn Reminder","everything is the same but u backflip on backflip"],"gold_per_floor":[113,123,73,85,10,36,36,61,85,146,146,146],"floor_reached":11,"language":"ENG","playtime":504,"items_purged":["Strike_P"],"score":143,"play_id":"bd7a3bd2-a545-4369-b8da-65f8129ea972","local_time":"20210206221039","is_ascension_mode":true,"campfire_choices":[{"data":"Eruption","floor":7,"key":"SMITH"}],"circlet_count":0,"master_deck":["Strike_P","Defend_P","Defend_P","Eruption+1","Vigilance","Weave+1","TalkToTheHand+1","DevaForm+1","Swivel","ClearTheMind","EmptyBody","Alpha","Perseverance","Study"],"relics":["Astrolabe","Pen Nib","Art of War","Orichalcum","Omamori"],"acts_visited":["Exordium"],"potions_floor_usage":[6,10],"damage_taken":[{"damage":8,"enemies":"2 Louse","floor":1,"turns":3},{"damage":7,"enemies":"Small Slimes","floor":2,"turns":4},{"damage":0,"enemies":"Cultist","floor":4,"turns":3},{"damage":0,"enemies":"Lagavulin","floor":6,"turns":7},{"damage":12,"enemies":"3 Sentries","floor":8,"turns":4},{"damage":5,"enemies":"3 Sentries","floor":10,"turns":6},{"damage":33,"enemies":"Gremlin Nob","floor":11,"turns":3}],"seed_played":"4147320827830488835","potions_obtained":[{"floor":4,"key":"FearPotion"},{"floor":8,"key":"Dexterity Potion"}],"is_trial":false,"path_per_floor":["M","M","?","M","$","E","R","E","T","?","E"],"character_chosen":"WATCHER","items_purchased":[],"campfire_rested":0,"item_purchase_floors":[],"current_hp_per_floor":[57,50,50,50,50,50,50,38,38,33,0,0],"gold":146,"neow_bonus":"BOSS_RELIC","is_daily":false,"chose_seed":false,"campfire_upgraded":1,"win_rate":0.0,"timestamp":1612671039,"path_taken":["M","M","?","M","$","E","R","E","T","?","E"],"items_purchased_type":[],"build_version":"2020-12-22","purchased_purges":1,"victory":false,"max_hp_per_floor":[72,72,72,72,72,72,72,72,72,72,72,72],"relic_stats":{"counters":[7,30],"Astrolabe":["Weave","TalkToTheHand","DevaForm"],"Pen Nib":[0],"Art of War":[3],"Orichalcum":[6],"obtain_stats":[{"Astrolabe":0,"Pen Nib":6,"Art of War":8,"Omamori":10,"PureWater":0,"Orichalcum":9},{"Astrolabe":0,"Pen Nib":4,"Art of War":5,"Omamori":5,"PureWater":0,"Orichalcum":5},{"Astrolabe":0,"Pen Nib":17,"Art of War":21,"Omamori":21,"PureWater":0,"Orichalcum":21}]},"card_choices":[{"not_picked":["FlurryOfBlows","Worship"],"picked":"Swivel","floor":1},{"not_picked":["Protect","BowlingBash"],"picked":"ClearTheMind","floor":2},{"not_picked":["SashWhip","ClearTheMind"],"picked":"EmptyBody","floor":4},{"not_picked":["SashWhip","CutThroughFate"],"picked":"Alpha","floor":6},{"not_picked":["ThirdEye","Establishment"],"picked":"Perseverance","floor":8},{"not_picked":["JustLucky","Prostrate"],"picked":"Study","floor":10}],"player_experience":634816,"relics_obtained":[{"floor":6,"key":"Pen Nib"},{"floor":8,"key":"Art of War"},{"floor":9,"key":"Orichalcum"}],"event_choices":[{"cards_removed":["Strike_P"],"damage_healed":0,"gold_gain":0,"player_choice":"Card Removal","damage_taken":0,"max_hp_gain":0,"max_hp_loss":0,"event_name":"The Cleric","floor":3,"gold_loss":50},{"damage_healed":0,"gold_gain":0,"player_choice":"Searched \u00272\u0027 times","damage_taken":0,"relics_obtained":["Omamori"],"max_hp_gain":0,"max_hp_loss":0,"event_name":"Dead Adventurer","floor":10,"gold_loss":0}],"is_beta":false,"boss_relics":[],"items_purged_floors":[5],"is_endless":false,"potions_floor_spawned":[4,8],"killed_by":"Gremlin Nob","ascension_level":7}}