{"host":"yq7vhdvcv08g2502","time":1612689260,"event":{"mods":["Act Like it!","BaseMod","Colored Powertips","Custom Start","Gensokyo","Marisa????????","Minty Spire (QoL Compilation)","Quick Restart","Reimu??????","StSLib","The Servant 0.9.4"],"gold_per_floor":[110,110,124,135,39,39,39,74,97,27,44,44,44,56,56,56,56],"floor_reached":16,"language":"ENG","playtime":728,"items_purged":[],"score":123,"play_id":"15a69d64-11c1-44fd-a9e9-44ea98cd66a5","local_time":"20210207091420","is_ascension_mode":true,"campfire_choices":[{"floor":6,"key":"REST"},{"floor":12,"key":"REST"},{"data":"SilverBlades","floor":15,"key":"SMITH"}],"circlet_count":0,"master_deck":["Strike_S","Strike_S","Strike_S","Defend_S+1","Defend_S","Defend_S","Defend_S","KidneyShot+1","Exchange","GearUp","WasteNot","GearUp","Rearm","SilverBlades+1","DualDimension","Rearm"],"relics":["Uniform","Gensokyo:CelestialsFlawlessClothing","Vajra","MealTicket"],"acts_visited":["Gensokyo:Gensokyo"],"potions_floor_usage":[16],"damage_taken":[{"damage":10,"enemies":"Gensokyo:2_Kodama","floor":1,"turns":6},{"damage":0,"enemies":"Gensokyo:Python","floor":3,"turns":4},{"damage":5,"enemies":"Gensokyo:Gryphon","floor":4,"turns":5},{"damage":21,"enemies":"Gensokyo:Mamizou","floor":8,"turns":13},{"damage":29,"enemies":"Gensokyo:3_Kodama","floor":11,"turns":6},{"damage":0,"enemies":"Gensokyo:VengefulSpirit","floor":14,"turns":10},{"damage":37,"enemies":"Gensokyo:Kokoro","floor":16,"turns":18}],"seed_played":"8626601733477092858","potions_obtained":[{"floor":3,"key":"SkillPotion"},{"floor":4,"key":"Energy Potion"},{"floor":14,"key":"Block Potion"}],"is_trial":false,"path_per_floor":["M","?","M","M","$","R","$","E","T","?","M","R","?","M","R","B"],"character_chosen":"THE_SERVANT","items_purchased":["Rearm","SilverBlades"],"campfire_rested":2,"item_purchase_floors":[5,5],"current_hp_per_floor":[55,39,39,34,34,53,53,32,32,32,3,22,42,42,42,5,5],"gold":56,"neow_bonus":"REMOVE_CARD","is_daily":false,"chose_seed":false,"campfire_upgraded":1,"win_rate":0.0,"timestamp":1612689260,"path_taken":["M","?","?","M","$","R","$","E","T","?","M","R","?","M","R","BOSS"],"items_purchased_type":["Card","Card"],"build_version":"2020-12-22","purchased_purges":0,"victory":false,"max_hp_per_floor":[65,65,65,65,65,65,65,65,65,65,65,65,65,65,65,65,65],"card_choices":[{"not_picked":["Alleviate","TimeTheft"],"picked":"GearUp","floor":1},{"not_picked":["Alleviate","Gouge"],"picked":"WasteNot","floor":3},{"not_picked":["Rewind","Potential"],"picked":"GearUp","floor":4},{"not_picked":["TimeWarp","Alleviate","FastForward"],"picked":"SKIP","floor":8},{"not_picked":["FastForward","MoonPhase"],"picked":"DualDimension","floor":11},{"not_picked":["Alleviate","Foresight"],"picked":"Rearm","floor":14}],"player_experience":299995,"relics_obtained":[{"floor":8,"key":"Vajra"},{"floor":9,"key":"MealTicket"}],"event_choices":[],"is_beta":false,"boss_relics":[],"items_purged_floors":[],"is_endless":false,"potions_floor_spawned":[3,4,14],"killed_by":"Gensokyo:Kokoro","ascension_level":5}}