{"host":"nwtxriuk34b069je","time":1612679274,"event":{"mods":["AchievementEnabler","BaseMod","Better Skull","Colored Map","Colored Powertips","Hermit","Minty Spire (QoL Compilation)","Relic Stats","StSLib"],"gold_per_floor":[117,68,68,143,157,184,184,109,109,123,23,33,47,60,60,60,60],"floor_reached":16,"language":"ENG","playtime":388,"items_purged":["Defend_R","Strike_R"],"score":152,"play_id":"a9c07259-26e9-4926-8c05-fbd4e2159dbd","local_time":"20210207002754","is_ascension_mode":false,"campfire_choices":[{"floor":7,"key":"REST"},{"floor":15,"key":"REST"}],"circlet_count":0,"master_deck":["Strike_R","Strike_R","Strike_R","Strike_R+1","Defend_R+1","Defend_R","Defend_R","Bash","Clash","Flex"],"relics":["Unceasing Top","Blood Vial","Molten Egg 2"],"acts_visited":["Exordium"],"potions_floor_usage":[14,16],"damage_taken":[{"damage":6,"enemies":"Cultist","floor":1,"turns":3},{"damage":6,"enemies":"Jaw Worm","floor":5,"turns":2},{"damage":39,"enemies":"Lagavulin","floor":6,"turns":7},{"damage":2,"enemies":"2 Louse","floor":10,"turns":2},{"damage":6,"enemies":"2 Fungi Beasts","floor":12,"turns":3},{"damage":5,"enemies":"3 Louse","floor":13,"turns":2},{"damage":14,"enemies":"Exordium Thugs","floor":14,"turns":4},{"damage":45,"enemies":"Hexaghost","floor":16,"turns":10}],"seed_played":"-2263278906266993829","potions_obtained":[{"floor":1,"key":"Energy Potion"},{"floor":6,"key":"Regen Potion"},{"floor":10,"key":"SkillPotion"},{"floor":14,"key":"SmokeBomb"}],"is_trial":true,"path_per_floor":["M","$","?","?","M","E","R","$","T","M","$","M","M","M","R","B"],"character_chosen":"IRONCLAD","items_purchased":["Clash"],"campfire_rested":2,"item_purchase_floors":[2],"current_hp_per_floor":[74,74,58,47,41,2,26,26,26,26,26,22,19,16,40,0,0],"gold":60,"neow_bonus":"","is_daily":false,"chose_seed":false,"campfire_upgraded":0,"win_rate":0.0,"timestamp":1612679274,"path_taken":["M","$","?","?","M","E","R","?","T","?","$","M","M","?","R","BOSS"],"items_purchased_type":["Card"],"build_version":"2020-12-22","purchased_purges":2,"victory":false,"max_hp_per_floor":[80,80,80,80,80,80,80,80,80,80,80,80,80,80,80,80,80],"relic_stats":{"Blood Vial":10,"counters":[8,33],"obtain_stats":[{"Blood Vial":6,"Molten Egg 2":9,"Unceasing Top":0},{"Blood Vial":3,"Molten Egg 2":3,"Unceasing Top":0},{"Blood Vial":12,"Molten Egg 2":12,"Unceasing Top":0}],"Unceasing Top":[0]},"card_choices":[{"not_picked":["Battle Trance","Headbutt","Warcry"],"picked":"SKIP","floor":1},{"not_picked":["Perfected Strike","Fire Breathing","Iron Wave"],"picked":"SKIP","floor":5},{"not_picked":["Headbutt","Perfected Strike","Wild Strike"],"picked":"SKIP","floor":6},{"not_picked":["Pommel Strike+1","Blood for Blood+1"],"picked":"Flex","floor":10},{"not_picked":["Iron Wave+1","True Grit","Sword Boomerang+1"],"picked":"SKIP","floor":12},{"not_picked":["Twin Strike+1","Reckless Charge+1","Fire Breathing"],"picked":"SKIP","floor":13},{"not_picked":["Havoc","Rampage+1","Flame Barrier"],"picked":"SKIP","floor":14}],"player_experience":522814,"relics_obtained":[{"floor":6,"key":"Blood Vial"},{"floor":9,"key":"Molten Egg 2"}],"event_choices":[{"damage_healed":0,"gold_gain":0,"player_choice":"Entered Light","damage_taken":16,"max_hp_gain":0,"max_hp_loss":0,"event_name":"Shining Light","floor":3,"gold_loss":0,"cards_upgraded":["Strike_R","Defend_R"]},{"damage_healed":0,"gold_gain":75,"player_choice":"Gather Gold","damage_taken":11,"max_hp_gain":0,"max_hp_loss":0,"event_name":"World of Goop","floor":4,"gold_loss":0}],"is_beta":false,"boss_relics":[],"items_purged_floors":[8,11],"is_endless":true,"potions_floor_spawned":[1,6,10,13,14],"killed_by":"Hexaghost","ascension_level":0}}