{"host":"znvnxllcillb3rtw","time":1612724186,"event":{"mods":["BaseMod","DeckTracker","Minty Spire (QoL Compilation)","Relic Stats","StSLib","SuperFastMode","everything is the same but u backflip on backflip"],"gold_per_floor":[112,128,50,68,81,81,109,125,125,143,68,68,15,32,32,32,32],"floor_reached":16,"language":"KOR","playtime":507,"items_purged":["Shame"],"score":208,"play_id":"3dcaafbb-5ae2-4af2-a3fb-95153148634e","local_time":"20210208035626","is_ascension_mode":true,"campfire_choices":[{"floor":6.0,"key":"REST"},{"floor":12,"key":"REST"},{"data":"True Grit","floor":15,"key":"SMITH"}],"circlet_count":0,"master_deck":["AscendersBane","Strike_R","Strike_R","Strike_R","Defend_R","Defend_R","Defend_R","Defend_R","Bash","Exhume","Feel No Pain","Uppercut","Feel No Pain","Evolve","Cleave","Pommel Strike","Dropkick+1","Shrug It Off","Pommel Strike+1","Body Slam+1","True Grit+1"],"relics":["Burning Blood","Molten Egg 2","Self Forming Clay"],"acts_visited":["Exordium"],"potions_floor_usage":[7,7,14,16],"damage_taken":[{"damage":17.0,"enemies":"Cultist","floor":1.0,"turns":5.0},{"damage":10.0,"enemies":"Small Slimes","floor":2.0,"turns":6.0},{"damage":13.0,"enemies":"Jaw Worm","floor":4.0,"turns":5.0},{"damage":22.0,"enemies":"2 Fungi Beasts","floor":5.0,"turns":4.0},{"damage":8,"enemies":"Gremlin Nob","floor":7,"turns":3},{"damage":19,"enemies":"Looter","floor":8,"turns":4},{"damage":35,"enemies":"Exordium Thugs","floor":10,"turns":6},{"damage":0,"enemies":"Lots of Slimes","floor":14,"turns":1},{"damage":45,"enemies":"Slime Boss","floor":16,"turns":9}],"seed_played":"1589149119075865033","potions_obtained":[{"floor":1.0,"key":"Block Potion"},{"floor":4.0,"key":"ColorlessPotion"},{"floor":5.0,"key":"AttackPotion"},{"floor":10,"key":"DuplicationPotion"},{"floor":14,"key":"Dexterity Potion"}],"is_trial":false,"path_per_floor":["M","M","$","M","M","R","E","M","T","M","$","R","$","M","R","B"],"character_chosen":"IRONCLAD","items_purchased":["Evolve","Body Slam+1"],"campfire_rested":2,"item_purchase_floors":[3,13],"current_hp_per_floor":[57,53,53,46,30,52,50,37,37,8,8,30,30,36,36,0,0],"gold":32,"neow_bonus":"TRANSFORM_TWO_CARDS","is_daily":false,"chose_seed":false,"campfire_upgraded":1,"win_rate":0.0,"timestamp":1612724186,"path_taken":["M","M","$","?","M","R","E","M","T","M","?","R","$","M","R","BOSS"],"items_purchased_type":["Card","Card"],"build_version":"2020-12-22","purchased_purges":1,"victory":false,"max_hp_per_floor":[75,75,75,75,75,75,75,75,75,75,75,75,75,75,75,75,75],"relic_stats":{"counters":[9,43],"Self Forming Clay":[18],"obtain_stats":[{"Self Forming Clay":9,"Molten Egg 2":7,"Burning Blood":0},{"Self Forming Clay":6,"Molten Egg 2":5,"Burning Blood":0},{"Self Forming Clay":27,"Molten Egg 2":23,"Burning Blood":0}],"Burning Blood":48},"card_choices":[{"not_picked":["Feel No Pain","Perfected Strike"],"picked":"Uppercut","floor":1.0},{"not_picked":["Clash","Iron Wave"],"picked":"Feel No Pain","floor":2.0},{"not_picked":["True Grit","Feel No Pain"],"picked":"Cleave","floor":4.0},{"not_picked":["Headbutt","Fiend Fire"],"picked":"Pommel Strike","floor":5.0},{"not_picked":["Battle Trance","Clash+1"],"picked":"Dropkick+1","floor":7},{"not_picked":["Warcry","Rampage+1"],"picked":"Shrug It Off","floor":8},{"not_picked":["Thunderclap+1","Shrug It Off"],"picked":"Pommel Strike+1","floor":10},{"not_picked":["Wild Strike+1","Twin Strike+1"],"picked":"True Grit","floor":14}],"player_experience":2892002,"relics_obtained":[{"floor":7,"key":"Molten Egg 2"},{"floor":9,"key":"Self Forming Clay"}],"event_choices":[],"is_beta":false,"boss_relics":[],"items_purged_floors":[11],"is_endless":false,"potions_floor_spawned":[1,4,5,10,14],"killed_by":"Slime Boss","ascension_level":20}}