{"host":"utqe55yv0jihe4d6","time":1612674071,"event":{"mods":["2.2 Compatiblity","AchievementEnabler","BaseMod","Block Reminder","Colored Map","Colored Powertips","Minty Spire (QoL Compilation)","Quick Restart","Rare Cards Sparkle","Relic Stats","SuperFastMode"],"gold_per_floor":[118,118,118,130,130,130,163,163,163,178,206,226,260,274,274,350,350,364,364,7,25,38,38,38,38],"floor_reached":24,"language":"ENG","playtime":579,"items_purged":["Strike_R"],"score":432,"play_id":"b7a06434-7411-4aa2-a963-13b2cff4b133","local_time":"20210207000111","is_ascension_mode":true,"campfire_choices":[{"data":"Uppercut","floor":6,"key":"SMITH"},{"data":"Cleave","floor":8,"key":"SMITH"},{"data":"Inflame","floor":15,"key":"SMITH"},{"data":"Disarm","floor":23,"key":"SMITH"}],"circlet_count":0,"master_deck":["AscendersBane","Strike_R","Strike_R","Strike_R","Strike_R","Defend_R","Defend_R","Defend_R","Defend_R","Bash+1","Uppercut+1","Cleave+1","Disarm+1","Anger","Inflame+1","Dropkick","Reaper","Limit Break+1","Pommel Strike+1","Twin Strike"],"relics":["Burning Blood","Orichalcum","Darkstone Periapt","Blue Candle","Strawberry","MealTicket","Question Card","Coffee Dripper","Eternal Feather"],"acts_visited":["Exordium","TheCity"],"potions_floor_usage":[16,22,24],"damage_taken":[{"damage":7.0,"enemies":"Small Slimes","floor":1.0,"turns":4.0},{"damage":5,"enemies":"Jaw Worm","floor":4,"turns":4},{"damage":20,"enemies":"3 Sentries","floor":7,"turns":8},{"damage":1,"enemies":"2 Louse","floor":10,"turns":3},{"damage":9,"enemies":"Gremlin Nob","floor":11,"turns":4},{"damage":6,"enemies":"Gremlin Gang","floor":12,"turns":5},{"damage":12,"enemies":"Lagavulin","floor":13,"turns":5},{"damage":1,"enemies":"3 Louse","floor":14,"turns":2},{"damage":69,"enemies":"Slime Boss","floor":16,"turns":11},{"damage":31,"enemies":"Shell Parasite","floor":18,"turns":6},{"damage":33,"enemies":"Spheric Guardian","floor":21,"turns":6},{"damage":34,"enemies":"Snake Plant","floor":22,"turns":5},{"damage":38,"enemies":"Slavers","floor":24,"turns":2}],"seed_played":"5660840678669950345","potions_obtained":[{"floor":1.0,"key":"Dexterity Potion"},{"floor":7,"key":"Swift Potion"},{"floor":21,"key":"Strength Potion"}],"is_trial":false,"path_per_floor":["M","?","?","M","T","R","E","R","T","M","E","M","E","M","R","B",null,"M","?","$","M","M","R","E"],"character_chosen":"IRONCLAD","items_purchased":["Eternal Feather"],"campfire_rested":0,"item_purchase_floors":[20],"current_hp_per_floor":[67,56,61,62,62,62,48,48,55,60,57,57,51,56,56,13,69,45,45,60,34,21,33,0,0],"gold":38,"neow_bonus":"UPGRADE_CARD","is_daily":false,"chose_seed":false,"campfire_upgraded":4,"win_rate":0.0,"timestamp":1612674071,"path_taken":["M","?","?","M","?","R","E","R","T","M","E","M","E","M","R","BOSS","M","?","$","M","M","R","E"],"items_purchased_type":["Relic"],"build_version":"2020-12-22","purchased_purges":1,"victory":false,"max_hp_per_floor":[75,75,80,80,80,80,80,80,87,87,87,87,87,87,87,87,87,87,87,87,87,87,87,87,87],"relic_stats":{"Darkstone Periapt":0,"counters":[13,65],"Blue Candle":[0],"MealTicket":15,"Eternal Feather":12,"Orichalcum":[228],"Question Card":5,"obtain_stats":[{"Darkstone Periapt":5,"Blue Candle":7,"Strawberry":9,"MealTicket":11,"Eternal Feather":20,"Coffee Dripper":17,"Orichalcum":2,"Question Card":13,"Burning Blood":0},{"Darkstone Periapt":2,"Blue Candle":3,"Strawberry":3,"MealTicket":5,"Eternal Feather":10,"Coffee Dripper":9,"Orichalcum":1,"Question Card":7,"Burning Blood":0},{"Darkstone Periapt":8,"Blue Candle":16,"Strawberry":16,"MealTicket":23,"Eternal Feather":52,"Coffee Dripper":46,"Orichalcum":4,"Question Card":33,"Burning Blood":0}],"Burning Blood":72},"card_choices":[{"not_picked":["Clash","Feel No Pain"],"picked":"Uppercut","floor":1.0},{"not_picked":["Rupture","Sword Boomerang"],"picked":"Cleave","floor":4},{"not_picked":["Flex","Cleave","Wild Strike"],"picked":"SKIP","floor":7},{"not_picked":["Intimidate","Twin Strike"],"picked":"Disarm","floor":10},{"not_picked":["Headbutt","Infernal Blade"],"picked":"Anger","floor":11},{"not_picked":["Clash","Sword Boomerang"],"picked":"Inflame","floor":12},{"not_picked":["Metallicize","Warcry"],"picked":"Dropkick","floor":13},{"not_picked":["Rampage","Sword Boomerang","Searing Blow"],"picked":"Reaper","floor":14},{"not_picked":["Offering","Barricade","Immolate"],"picked":"Limit Break","floor":16},{"not_picked":["Twin Strike","True Grit","Thunderclap"],"picked":"Pommel Strike+1","floor":18},{"not_picked":["Thunderclap","Carnage","Twin Strike","Armaments"],"picked":"SKIP","floor":21},{"not_picked":["Pommel Strike","Havoc","Cleave"],"picked":"Twin Strike","floor":22}],"player_experience":3042655,"relics_obtained":[{"floor":5,"key":"Darkstone Periapt"},{"floor":7,"key":"Blue Candle"},{"floor":9,"key":"Strawberry"},{"floor":11,"key":"MealTicket"},{"floor":13,"key":"Question Card"}],"event_choices":[{"damage_healed":0.0,"max_hp_gain":0.0,"max_hp_loss":0.0,"gold_gain":0.0,"event_name":"Scrap Ooze","player_choice":"Success","floor":2.0,"gold_loss":0.0,"damage_taken":11.0,"relics_obtained":["Orichalcum"]},{"damage_healed":0.0,"max_hp_gain":5.0,"max_hp_loss":0.0,"gold_gain":0.0,"event_name":"Big Fish","player_choice":"Donut","floor":3.0,"gold_loss":0.0,"damage_taken":0.0},{"damage_healed":0,"gold_gain":0,"player_choice":"Upgraded","damage_taken":0,"max_hp_gain":0,"max_hp_loss":0,"event_name":"Upgrade Shrine","floor":19,"gold_loss":0,"cards_upgraded":["Limit Break"]}],"is_beta":false,"boss_relics":[{"not_picked":["Calling Bell","Runic Dome"],"picked":"Coffee Dripper"}],"items_purged_floors":[20],"is_endless":false,"potions_floor_spawned":[1,7,12,13,21],"killed_by":"Slavers","ascension_level":20}}