{"host":"wi1dz5t8299iil0b","time":1612718446,"event":{"mods":["2.2 Compatiblity","Act Like it!","Aspiration","Astrologer","BaseMod","Beaked The Cultist","Better Debug","Better Match","Better Note","Better Sensory Stone","Better Synergies","Better Third Choice","BetterRewards","Bossed Relics","Colored Map","Colored Powertips","Communication Mod","Conjunction","Conspire","Downfall","Evolution","Fiend Mod","Fox Events","Friendly Minions","GifTheSpireLib","GungeonMod","Halation","Hallownest","Highlight Path","Hubris","Infinite Spire","Jedi Mod","Lobotomy","Mad Scientist","Minty Spire (QoL Compilation)","Permanent Neow","RNG Fix","Reliquary","Replay The Spire","Shade Mod","Shop Mod","Spikes Relics","Spire Arcade","StS++","StSLib","Stuff the Spire","The Blackbeard","The Blue Laboratory","The Bug Knight","The Construct","The Cursed","The Death Knight","The Dragonkin","The Druid","The Necromancer","The Problem Sleuth","The Sage","TheHeartMod","TheSurvivalist","Trackpad","Wandering Minibosses","????"],"gold_per_floor":[110,110,35,50,69,69,69,69,69,69,85,103,114,124,124,221,221,232,247,247,260,260,286,286,286,311,329,344,344,354,369,369,467,467,479,479,498,498,498,498,513,513,513,513,513],"floor_reached":44,"language":"ENG","playtime":2651,"items_purged":["hubris:Lust"],"score":774,"play_id":"c75da363-ed00-4b3d-b764-46333edfebe9","local_time":"20210207122046","is_ascension_mode":false,"campfire_choices":[{"data":"TheCursedMod:CleanUpWorkshop","floor":8,"key":"SMITH"},{"data":"TheCursedMod:OutForBlood","floor":10,"key":"SMITH"},{"data":"TheCursedMod:CursedRelics","floor":15,"key":"SMITH"},{"data":"TheCursedMod:AshesToAshes","floor":24,"key":"SMITH"},{"floor":32,"key":"REST"},{"data":"TheCursedMod:ReleasedStrength","floor":40,"key":"SMITH"}],"circlet_count":0,"master_deck":["TheCursedMod:CursedWand","TheCursedMod:CleanUpWorkshop+1","TheCursedMod:CursedShiv","TheCursedMod:Wield","TheCursedMod:ManaBullet+1","TheCursedMod:CircleOfFlame","TheCursedMod:CircleOfCorruption","TheCursedMod:CircleOfAbyss","Finesse","TheCursedMod:AbyssShockwave","TheCursedMod:AshesToAshes+1","TheCursedMod:CursedArmor","downfall:Haunted","CommonCold","TheCursedMod:OutForBlood+1","TheCursedMod:CursedRelics+1","TheCursedMod:CursedSpellbook","TheCursedMod:ShockAndAwe","TheCursedMod:StunningStrike","TheCursedMod:SpitefulPray+1","TheCursedMod:CleanUpWorkshop+1","Normality","hubris:Envy","TheCursedMod:VoidForm","CurseOfTheBell","TheCursedMod:Obscuration","TheCursedMod:ReleasedStrength+1","Hatred","StuffTheSpire:Brawn"],"relics":["TheCursedMod:MagicCandle","EVO:Axolotl","Blood Vial","DemoMod:MemoryAlloy","CherryCoatedStake","Darkstone Periapt","White Beast Statue","Replay:Grab Bag","Cursed Key","sagemod:Falmels_Amulet","Ring of Chaos","CaptainsWheel","halation:StarCompass","DeathKnight:PutricidesVial","sagemod:Red_Beast_Statue","Calling Bell","Oddly Smooth Stone","StSpp:TwinEgg","trackpad:FieryHotPepper","StuffTheSpire:Saxophone","DemoMod:GlassGuonStoneRelic","Pantograph"],"acts_visited":["Exordium","TheCity","TheBeyond"],"potions_floor_usage":[9,14,33,33,33,37],"damage_taken":[{"damage":7,"enemies":"2 Louse","floor":1,"turns":2},{"damage":0,"enemies":"Small Slimes","floor":4,"turns":2},{"damage":0,"enemies":"Jaw Worm","floor":5,"turns":1},{"damage":0,"enemies":"2 Fungi Beasts","floor":11,"turns":2},{"damage":3,"enemies":"Gremlin Gang","floor":12,"turns":3},{"damage":1,"enemies":"Blue Slaver","floor":13,"turns":2},{"damage":1,"enemies":"Red Slaver","floor":14,"turns":3},{"damage":57,"enemies":"The Guardian","floor":16,"turns":8},{"damage":9,"enemies":"Shell Parasite","floor":18,"turns":3},{"damage":3,"enemies":"3 Byrds","floor":19,"turns":3},{"damage":39,"enemies":"Snecko","floor":21,"turns":5},{"damage":0,"enemies":"Gremlin Leader","floor":23,"turns":2},{"damage":0,"enemies":"Snake Plant","floor":27,"turns":3},{"damage":0,"enemies":"3 Cultists","floor":28,"turns":2},{"damage":27,"enemies":"Centurion and Healer","floor":30,"turns":6},{"damage":20,"enemies":"Snake Plant","floor":31,"turns":3},{"damage":30,"enemies":"Collector","floor":33,"turns":5},{"damage":1,"enemies":"3 Darklings","floor":35,"turns":6},{"damage":23,"enemies":"3 Shapes","floor":37,"turns":4},{"damage":73,"enemies":"Transient","floor":41,"turns":5},{"damage":44,"enemies":"Nemesis","floor":44,"turns":2}],"seed_played":"6428250566424915339","potions_obtained":[{"floor":4,"key":"Fruit Juice"},{"floor":11,"key":"Dexterity Potion"},{"floor":12,"key":"champ:CounterPotion"},{"floor":13,"key":"EntropicBrew"},{"floor":14,"key":"Strength Potion"},{"floor":18,"key":"DemoMod:LeadSkinPotion"},{"floor":21,"key":"blueLaboratory:Moonshine"},{"floor":31,"key":"bronze:BurnAndBuffPotion"},{"floor":33,"key":"Dexterity Potion"},{"floor":35,"key":"SpeedPotion"},{"floor":37,"key":"Fruit Juice"},{"floor":41,"key":"sagemod:Wine"}],"is_trial":false,"path_per_floor":["M","?","$","M","M","?","?","R","T","R","M","M","M","M","R","B",null,"M","M","?","M","?","E","R","?","T","M","M","T","M","M","R","B",null,"M","?","M","$","?","R","M","?","T","E"],"character_chosen":"THE_CURSED","items_purchased":["Blood Vial","DemoMod:MemoryAlloy","StuffTheSpire:Saxophone"],"campfire_rested":1,"item_purchase_floors":[0,0,38],"current_hp_per_floor":[63,63,63,67,69,87,87,87,95,95,96,93,94,95,95,39,96,87,91,91,54,54,58,58,58,64,66,68,74,52,34,66,49,114,114,114,103,93,93,93,22,22,28,0,0],"gold":513,"neow_bonus":"","is_daily":false,"chose_seed":false,"campfire_upgraded":5,"win_rate":0.0,"timestamp":1612718446,"path_taken":["M","?","$","M","M","?","?","R","T","R","M","M","?","M","R","BOSS","M","?","?","M","?","E","R","?","T","M","M","?","M","?","R","BOSS","M","?","?","?","?","R","M","?","T","E"],"items_purchased_type":["Relic","Relic","Relic"],"build_version":"2020-12-22","purchased_purges":1,"victory":false,"max_hp_per_floor":[70,70,70,70,70,88,88,88,96,96,96,96,96,96,96,96,96,96,96,96,96,96,96,96,96,102,102,102,108,108,108,108,108,114,114,114,122,122,122,122,122,122,128,128,128],"card_choices":[{"not_picked":["TheCursedMod:Stigma","TheCursedMod:RavingStaff","TheCursedMod:RapidMovement"],"picked":"SKIP","floor":1},{"not_picked":["TheCursedMod:Torture","TheCursedMod:Wield"],"picked":"TheCursedMod:AshesToAshes","floor":4},{"not_picked":["TheCursedMod:VitalStrike","TheCursedMod:WearCloak"],"picked":"TheCursedMod:CursedArmor","floor":5},{"not_picked":["TheCursedMod:Grudge","TheCursedMod:CursedBoomerang"],"picked":"TheCursedMod:CursedRelics","floor":11},{"not_picked":["TheCursedMod:CircleOfCorruption","TheCursedMod:WearCloak"],"picked":"TheCursedMod:CursedSpellbook","floor":12},{"not_picked":["TheCursedMod:RavingStaff","TheCursedMod:CursedBlade"],"picked":"TheCursedMod:ShockAndAwe","floor":13},{"not_picked":["TheCursedMod:TacticalStrike","TheCursedMod:CircleOfAmplification","TheCursedMod:SmokeScreen"],"picked":"SKIP","floor":14},{"not_picked":["TheCursedMod:UltimatePain","TheCursedMod:ShockAndAwe"],"picked":"TheCursedMod:StunningStrike","floor":16},{"not_picked":["TheCursedMod:CursedMace","TheCursedMod:SpitefulStrike"],"picked":"TheCursedMod:SpitefulPray+1","floor":18},{"not_picked":["TheCursedMod:TroublousMinions","TheCursedMod:HellsGateOpen+1","TheCursedMod:SmokeScreen"],"picked":"SKIP","floor":19},{"not_picked":["TheCursedMod:Stigma+1","TheCursedMod:WearCloak","TheCursedMod:Torture"],"picked":"SKIP","floor":21},{"not_picked":["TheCursedMod:Wield","TheCursedMod:CursedMace","TheCursedMod:WearCloak"],"picked":"SKIP","floor":23},{"not_picked":["TheCursedMod:CircleOfAmplification","TheCursedMod:FleshFromBone","TheCursedMod:HellsGateOpen"],"picked":"SKIP","floor":27},{"not_picked":["TheCursedMod:Stigma","TheCursedMod:CursedArmor+1","TheCursedMod:CircleOfFocus+1"],"picked":"SKIP","floor":28},{"not_picked":["TheCursedMod:CursedShiv+1","TheCursedMod:Wield"],"picked":"TheCursedMod:VoidForm","floor":30},{"not_picked":["TheCursedMod:FleshFromBone","TheCursedMod:Stigma","TheCursedMod:Grudge"],"picked":"SKIP","floor":31},{"not_picked":["TheCursedMod:CursedBlade","TheCursedMod:CursedArmor+1"],"picked":"TheCursedMod:Obscuration","floor":35},{"not_picked":["TheCursedMod:PrepareRite+1","TheCursedMod:CursedBoomerang+1"],"picked":"TheCursedMod:ReleasedStrength","floor":37},{"not_picked":["TheCursedMod:HellsGateOpen","TheCursedMod:CursedBlade","TheCursedMod:HellfireBreathing"],"picked":"SKIP","floor":41}],"player_experience":188502,"relics_obtained":[{"floor":9,"key":"White Beast Statue"},{"floor":23,"key":"CaptainsWheel"},{"floor":26,"key":"DeathKnight:PutricidesVial"},{"floor":29,"key":"sagemod:Red_Beast_Statue"},{"floor":34,"key":"Oddly Smooth Stone"},{"floor":34,"key":"StSpp:TwinEgg"},{"floor":34,"key":"trackpad:FieryHotPepper"},{"floor":43,"key":"Pantograph"}],"event_choices":[{"damage_healed":0,"gold_gain":0,"player_choice":"Disagree","damage_taken":0,"max_hp_gain":0,"max_hp_loss":0,"event_name":"conspire:LoneGhost","floor":2,"gold_loss":0},{"damage_healed":0,"gold_gain":0,"player_choice":"Ignored","damage_taken":0,"max_hp_gain":0,"max_hp_loss":0,"event_name":"betterNote:BetterNote","floor":20,"gold_loss":0,"cards_obtained":["infinitespire:UltimateForm"]},{"damage_healed":0,"gold_gain":0,"player_choice":"Copied","damage_taken":0,"max_hp_gain":0,"max_hp_loss":0,"event_name":"Duplicator","floor":22,"gold_loss":0,"cards_obtained":["TheCursedMod:CleanUpWorkshop"]},{"cards_removed":["downfall:Haunted"],"damage_healed":0,"gold_gain":0,"player_choice":"Purged","damage_taken":0,"max_hp_gain":0,"max_hp_loss":0,"event_name":"Purifier","floor":36,"gold_loss":0},{"damage_healed":0,"gold_gain":0,"player_choice":"Leave","damage_taken":0,"max_hp_gain":0,"max_hp_loss":0,"event_name":"conspire:Investor","floor":39,"gold_loss":0},{"damage_healed":0,"gold_gain":0,"player_choice":"Ignored","damage_taken":0,"max_hp_gain":0,"max_hp_loss":0,"event_name":"Tomb of Lord Red Mask","floor":42,"gold_loss":0}],"is_beta":false,"boss_relics":[{"not_picked":["aspiration:SecretTechniqueScroll","Replay:Wanted Poster"],"picked":"Replay:Grab Bag"},{"not_picked":["reliquary:Ember","reliquary:Craggleroot"],"picked":"Cursed Key"},{"not_picked":["halation:IncompleteEncyclopedia","StuffTheSpire:ModemDavis"],"picked":"sagemod:Falmels_Amulet"},{"not_picked":["aspiration:PoetsPen","Astrolabe"],"picked":"Ring of Chaos"},{"not_picked":["Fusion Hammer","hubris:ScarierMask"],"picked":"Calling Bell"}],"items_purged_floors":[3],"is_endless":false,"potions_floor_spawned":[4,11,12,13,14,16,18,19,21,23,27,28,30,31,33,35,37,41],"killed_by":"Nemesis","ascension_level":0}}