{"host":"q5l3nirlejh5mn15","time":1612711280,"event":{"mods":["100% Spire Juice","BaseMod","Bossed Relics","Downfall","Energized Spire","Hermit","Koishi","Marisa£®ÏF”Í°°ƒß¿Ì…≥£©","Minty Spire (QoL Compilation)","MostiFishMod","Reimu£®≤©¿ˆ¡È√Œ£©","Relic Filter Mod","Reliquary","Remilia£®¿Ÿ√◊¿Ú—«£©","Spicy Shops","StSLib","The Hierophant","The Servant 0.9.4","Warlord Emblem"],"gold_per_floor":[119,132,146,146,96,96,114,149,199,225,245,245,245,56,56,158,158,173,173,173,192,43,142,174,191,191,204,144,157,176,194,194,292,292,310,310,333,38,52,83,103,128,128,140,152,193,219,231,243,255,267,279,35,69,69],"floor_reached":56,"language":"ZHS","playtime":1797,"items_purged":[],"score":1692,"play_id":"19fc4581-1074-4a50-aa82-5d89fe3352d5","local_time":"20210207232120","is_ascension_mode":false,"campfire_choices":[{"data":"MostiFishMod:SephirahHod","floor":6.0,"key":"SMITH"},{"floor":15.0,"key":"RECALL"},{"floor":32,"key":"REST"},{"floor":49,"key":"REST"},{"floor":52,"key":"REST"}],"circlet_count":0,"master_deck":["Strike_R","Defend_R","Defend_R","Defend_R","Bash","MostiFishMod:SephirahHod+1","Inflame","Ghostly Armor","Whirlwind","Shrug It Off","MostiFishMod:NewArrival","Rampage","Magnetism","MostiFishMod:Chiaki","MostiFishMod:ChineseTea","Body Slam+1","MostiFishMod:HellRitual","Master of Strategy","Body Slam","Dark Embrace","Heavy Blade+1"],"relics":["Burning Blood","DaveBox","MostiFishMod:Hod","SynthV:TestCard","Singing Bowl","Pen Nib","Omamori","ImprovedEquipment","energizedSpire:CursedPentagram","ScarletDevilRocket","PatriotShield","RuthlessExorcism:ReiMu","BionicSphere","Strawberry","reliquary:Boomerang","MawBank","ArrowTower","Bag of Marbles","Bag of Preparation","reliquary:SharkskinSheath"],"acts_visited":["Exordium","TheCity","TheBeyond","TheEnding"],"potions_floor_usage":[55,55],"damage_taken":[{"damage":0.0,"enemies":"Cultist","floor":1.0,"turns":2.0},{"damage":0.0,"enemies":"Jaw Worm","floor":2.0,"turns":2.0},{"damage":0.0,"enemies":"Small Slimes","floor":3.0,"turns":2.0},{"damage":0.0,"enemies":"Looter","floor":7.0,"turns":2.0},{"damage":0.0,"enemies":"3 Sentries","floor":8.0,"turns":2.0},{"damage":0.0,"enemies":"Lagavulin","floor":10.0,"turns":3.0},{"damage":0.0,"enemies":"Large Slime","floor":11.0,"turns":2.0},{"damage":0.0,"enemies":"Slime Boss","floor":16.0,"turns":4.0},{"damage":0.0,"enemies":"Shell Parasite","floor":18.0,"turns":3.0},{"damage":0.0,"enemies":"Spheric Guardian","floor":21.0,"turns":2.0},{"damage":7.0,"enemies":"Slavers","floor":24.0,"turns":2.0},{"damage":18.0,"enemies":"Shelled Parasite and Fungi","floor":25.0,"turns":4.0},{"damage":0.0,"enemies":"Sentry and Sphere","floor":27.0,"turns":3.0},{"damage":0,"enemies":"Snake Plant","floor":29,"turns":2},{"damage":2,"enemies":"Cultist and Chosen","floor":30,"turns":3},{"damage":3,"enemies":"Snecko","floor":31,"turns":4},{"damage":0,"enemies":"Collector","floor":33,"turns":1},{"damage":0,"enemies":"3 Darklings","floor":35,"turns":2},{"damage":0,"enemies":"Orb Walker","floor":39,"turns":2},{"damage":0,"enemies":"Giant Head","floor":40,"turns":2},{"damage":0,"enemies":"Jaw Worm Horde","floor":41,"turns":1},{"damage":0,"enemies":"Reptomancer","floor":42,"turns":2},{"damage":0,"enemies":"Nemesis","floor":46,"turns":3},{"damage":0,"enemies":"Writhing Mass","floor":47,"turns":2},{"damage":0,"enemies":"Awakened One","floor":50,"turns":3},{"damage":0,"enemies":"Shield and Spear","floor":54,"turns":2},{"damage":37,"enemies":"The Heart","floor":55,"turns":6}],"seed_played":"-225997274697906564","potions_obtained":[{"floor":3.0,"key":"PowerPotion"},{"floor":7.0,"key":"Ancient Potion"},{"floor":8.0,"key":"Fire Potion"},{"floor":16.0,"key":"SteroidPotion"}],"is_trial":false,"path_per_floor":["M","M","M","?","?","R","M","E","T","E","M","?","?","$","R","B",null,"M","?","?","M","$","?","E","M","T","M","?","M","M","M","R","B",null,"M","?","T","$","M","E","M","E","T","$","$","E","M","?","R","B",null,"R","$","E","B",null],"character_chosen":"IRONCLAD","items_purchased":["Magnetism","MostiFishMod:ChineseTea","BionicSphere","Dark Embrace","Bag of Marbles","Bag of Preparation"],"campfire_rested":3,"item_purchase_floors":[14,22,38,53,53,53],"current_hp_per_floor":[80,80,80,73,73,73,79,82,82,82,84,84,84,84,84,84,84,86,86,86,88,88,88,89,80,80,94,94,94,96,98,98,98,98,100,100,100,100,100,109,111,113,113,113,113,115,117,111,111,111,111,111,111,111,80],"gold":69,"neow_bonus":"THREE_CARDS","is_daily":false,"chose_seed":false,"campfire_upgraded":1,"win_rate":0.0,"timestamp":1612711280,"path_taken":["M","M","?","?","?","R","M","E","T","E","M","?","?","$","R","BOSS","M","?","?","M","$","?","E","M","T","M","?","M","M","?","R","BOSS","M","?","?","$","M","E","M","E","T","?","$","E","?","?","R","BOSS","R","$","E","BOSS"],"items_purchased_type":["Card","Card","Relic","Card","Relic","Relic"],"build_version":"2020-12-22","purchased_purges":0,"victory":true,"max_hp_per_floor":[80,80,80,80,80,80,80,82,82,82,84,84,84,84,84,84,84,86,86,86,88,88,88,90,92,92,94,94,94,96,98,98,98,98,100,100,100,100,100,109,111,113,113,113,113,115,117,111,111,111,111,111,111,111,111],"card_choices":[{"not_picked":["Havoc","Whirlwind"],"picked":"Inflame","floor":0.0},{"not_picked":["Wild Strike","Fire Breathing"],"picked":"Ghostly Armor","floor":1.0},{"not_picked":["Flex","Sentinel","Headbutt","Bloodletting"],"picked":"Whirlwind","floor":2.0},{"not_picked":["Rupture","Headbutt","Sword Boomerang","Wild Strike"],"picked":"Shrug It Off","floor":3.0},{"not_picked":["Pommel Strike","Second Wind","Bloodletting","Iron Wave"],"picked":"MostiFishMod:NewArrival","floor":7.0},{"not_picked":["Rupture","Sword Boomerang","Thunderclap","MostiFishMod:404NotFound","Dual Wield"],"picked":"Singing Bowl","floor":8.0},{"not_picked":["Thunderclap","Rage","Iron Wave","Reaper"],"picked":"Rampage","floor":10.0},{"not_picked":["Clash","Flex","Iron Wave","Twin Strike","Cleave"],"picked":"Singing Bowl","floor":11.0},{"not_picked":["Immolate","Exhume","MostiFishMod:KnuckleDown","Berserk"],"picked":"MostiFishMod:Chiaki","floor":16.0},{"not_picked":["Headbutt","Cleave","Ghostly Armor","Flame Barrier","Clash"],"picked":"Singing Bowl","floor":18.0},{"not_picked":["Hemokinesis","Body Slam","Clothesline","Warcry","Sever Soul"],"picked":"Singing Bowl","floor":21.0},{"not_picked":["Entrench","Fire Breathing","MostiFishMod:NewArrival","MostiFishMod:FlyOverUtopia","Havoc"],"picked":"Singing Bowl","floor":24.0},{"not_picked":["Uppercut+1","Sword Boomerang+1","Shrug It Off+1","Clothesline","Twin Strike+1"],"picked":"Singing Bowl","floor":25.0},{"not_picked":["Headbutt","Power Through","Flex","Dual Wield","Seeing Red+1"],"picked":"Singing Bowl","floor":27.0},{"not_picked":["Heavy Blade+1","Warcry","Headbutt+1","Hemokinesis"],"picked":"Body Slam+1","floor":29},{"not_picked":["Power Through","MostiFishMod:WingOfPhoenix","Anger","Combust","Havoc"],"picked":"Singing Bowl","floor":30},{"not_picked":["Flex+1","Sever Soul","Shrug It Off+1","Warcry","Hemokinesis"],"picked":"Singing Bowl","floor":31},{"not_picked":["Fiend Fire","MostiFishMod:WingOfPhoenix","Impervious","Double Tap"],"picked":"MostiFishMod:HellRitual","floor":33},{"not_picked":["Warcry","Pummel","Thunderclap","Whirlwind","Iron Wave+1"],"picked":"Singing Bowl","floor":35},{"not_picked":["Discovery","MostiFishMod:SupremeArchaeology","Madness","Sadistic Nature"],"picked":"Master of Strategy","floor":36},{"not_picked":["Thunderclap","Iron Wave+1","Clothesline+1","Cleave"],"picked":"Body Slam","floor":39},{"not_picked":["Metallicize+1","True Grit","Twin Strike","Pommel Strike","Sword Boomerang+1"],"picked":"Singing Bowl","floor":40},{"not_picked":["Pommel Strike+1","Warcry","Uppercut","Cleave","Combust+1"],"picked":"Singing Bowl","floor":41},{"not_picked":["Havoc+1","Wild Strike+1","Rage+1","Flame Barrier","Pommel Strike"],"picked":"Singing Bowl","floor":42},{"not_picked":["Sword Boomerang","Battle Trance+1","Corruption","Thunderclap+1","Combust"],"picked":"Singing Bowl","floor":46},{"not_picked":["Metallicize","Perfected Strike+1","Headbutt","Dual Wield","Hemokinesis"],"picked":"Singing Bowl","floor":47},{"not_picked":["Wild Strike","Clash+1","Thunderclap+1","Shrug It Off"],"picked":"Heavy Blade+1","floor":54}],"player_experience":250390,"relics_obtained":[{"floor":1.0,"key":"SynthV:TestCard"},{"floor":8.0,"key":"Pen Nib"},{"floor":9.0,"key":"Omamori"},{"floor":10.0,"key":"ImprovedEquipment"},{"floor":24.0,"key":"ScarletDevilRocket"},{"floor":37,"key":"RuthlessExorcism:ReiMu"},{"floor":40,"key":"Strawberry"},{"floor":42,"key":"reliquary:Boomerang"},{"floor":43,"key":"MawBank"},{"floor":46,"key":"ArrowTower"},{"floor":54,"key":"reliquary:SharkskinSheath"}],"event_choices":[{"damage_healed":0.0,"max_hp_gain":0.0,"max_hp_loss":0.0,"gold_gain":0.0,"event_name":"Scrap Ooze","player_choice":"Success","floor":4.0,"gold_loss":0.0,"damage_taken":7.0,"relics_obtained":["Singing Bowl"]},{"cards_removed":["Strike_R"],"damage_healed":0.0,"max_hp_gain":0.0,"max_hp_loss":0.0,"gold_gain":0.0,"event_name":"The Cleric","player_choice":"Card Removal","floor":5.0,"gold_loss":50.0,"damage_taken":0.0},{"cards_removed":["Strike_R"],"damage_healed":0.0,"max_hp_gain":0.0,"max_hp_loss":0.0,"gold_gain":0.0,"event_name":"Living Wall","player_choice":"Forget","floor":12.0,"gold_loss":0.0,"damage_taken":0.0},{"damage_healed":0.0,"max_hp_gain":0.0,"max_hp_loss":0.0,"gold_gain":0.0,"event_name":"The Woman in Blue","player_choice":"Bought 0 Potions","floor":13.0,"gold_loss":0.0,"damage_taken":0.0},{"damage_healed":0.0,"max_hp_gain":0.0,"max_hp_loss":0.0,"gold_gain":99.0,"event_name":"Nest","player_choice":"Stole From Cult","floor":23.0,"gold_loss":0.0,"damage_taken":0.0},{"cards_removed":["Strike_R"],"damage_healed":0,"gold_gain":0,"player_choice":"Single Remove","damage_taken":0,"max_hp_gain":0,"max_hp_loss":0,"event_name":"Designer","floor":28,"gold_loss":60},{"damage_healed":0,"gold_gain":0,"player_choice":"Memory 1","damage_taken":0,"max_hp_gain":0,"max_hp_loss":0,"event_name":"SensoryStone","floor":36,"gold_loss":0},{"damage_healed":0,"gold_gain":0,"player_choice":"Max HP","damage_taken":0,"max_hp_gain":0,"max_hp_loss":6,"event_name":"Winding Halls","floor":48,"gold_loss":0}],"is_beta":false,"boss_relics":[{"not_picked":["energizedSpire:TabascoSauce","Cursed Key"],"picked":"energizedSpire:CursedPentagram"},{"not_picked":["energizedSpire:HugeHouse","Black Star"],"picked":"PatriotShield"}],"items_purged_floors":[],"is_endless":false,"potions_floor_spawned":[3,7,8,10,16,18,24,30,31,33,35,39,42],"ascension_level":0}}