{"host":"yx8wv8d7ru77s2k1","time":1612720366,"event":{"mods":["BaseMod","Colored Map","Downfall","Hermit","Infinite Spire","Jorbs\u0027s Wanderer Trilogy","Marisa????????","Minty Spire (QoL Compilation)","Relic Sorter","Reliquary","Spikes Relics","StSLib","The Bug Knight","The Disciple","The Hierophant","The Necromancer","The Servant 0.9.4"],"gold_per_floor":[119,119,131,56,74,102,2,2,25,25,42,42,56,73,73,73,73],"floor_reached":16,"language":"ENG","playtime":375,"items_purged":["Defend_R","Strike_R"],"score":102,"play_id":"835edba3-56cc-48fe-a12d-4c32fe386e27","local_time":"20210207185246","is_ascension_mode":false,"campfire_choices":[{"data":"Bash","floor":8,"key":"SMITH"},{"data":"Offering","floor":12,"key":"SMITH"},{"data":"Brutality","floor":15,"key":"SMITH"}],"circlet_count":0,"master_deck":["Strike_R","Strike_R","Strike_R","Defend_R","Defend_R","Defend_R","Bash+1","Offering+1","Inflame","Brutality+1"],"relics":["Burning Blood","Bag of Marbles","MealTicket"],"acts_visited":["Exordium"],"potions_floor_usage":[6,6,16],"damage_taken":[{"damage":0,"enemies":"Small Slimes","floor":1,"turns":4},{"damage":1,"enemies":"Cultist","floor":3,"turns":3},{"damage":9,"enemies":"2 Louse","floor":5,"turns":3},{"damage":26,"enemies":"Lagavulin","floor":6,"turns":7},{"damage":6,"enemies":"Looter","floor":11,"turns":2},{"damage":8,"enemies":"Blue Slaver","floor":13,"turns":2},{"damage":9,"enemies":"Red Slaver","floor":14,"turns":3},{"damage":68,"enemies":"Hexaghost","floor":16,"turns":9}],"seed_played":"-4697170263512020361","potions_obtained":[{"floor":1,"key":"hexamod:SoulburnPotion"},{"floor":3,"key":"BloodPotion"},{"floor":11,"key":"Fire Potion"}],"is_trial":true,"path_per_floor":["M","?","M","$","M","E","$","R","T","?","M","R","M","M","R","B"],"character_chosen":"IRONCLAD","items_purchased":[],"campfire_rested":0,"item_purchase_floors":[],"current_hp_per_floor":[80,80,80,80,77,73,73,73,73,73,73,73,71,68,68,0,0],"gold":73,"neow_bonus":"","is_daily":false,"chose_seed":false,"campfire_upgraded":3,"win_rate":0.0,"timestamp":1612720366,"path_taken":["M","?","M","$","M","E","$","R","T","?","M","R","M","M","R","BOSS"],"items_purchased_type":[],"build_version":"2020-12-22","purchased_purges":2,"victory":false,"max_hp_per_floor":[80,80,80,80,80,80,80,80,80,80,80,80,80,80,80,80,80],"card_choices":[{"not_picked":["Headbutt","Pommel Strike","Pummel"],"picked":"SKIP","floor":1},{"not_picked":["Heavy Blade","Twin Strike","Sword Boomerang"],"picked":"SKIP","floor":3},{"not_picked":["Clothesline","Wild Strike","Warcry"],"picked":"SKIP","floor":5},{"not_picked":["Sever Soul","Warcry","Ghostly Armor"],"picked":"SKIP","floor":6},{"not_picked":["Pummel","Entrench"],"picked":"Inflame","floor":11},{"not_picked":["Wild Strike","Pummel","Infernal Blade"],"picked":"SKIP","floor":13},{"not_picked":["infinitespire:OneForAll","Clothesline"],"picked":"Brutality","floor":14}],"player_experience":187466,"relics_obtained":[{"floor":6,"key":"Bag of Marbles"},{"floor":9,"key":"MealTicket"}],"event_choices":[{"cards_removed":["Strike_R"],"damage_healed":0,"gold_gain":0,"player_choice":"Forget","damage_taken":0,"max_hp_gain":0,"max_hp_loss":0,"event_name":"Living Wall","floor":2,"gold_loss":0},{"damage_healed":0,"gold_gain":0,"player_choice":"1 cards matched","damage_taken":0,"max_hp_gain":0,"max_hp_loss":0,"event_name":"Match and Keep!","floor":10,"gold_loss":0,"cards_obtained":["Offering"]}],"is_beta":false,"boss_relics":[],"items_purged_floors":[4,7],"is_endless":false,"potions_floor_spawned":[1,3,11],"killed_by":"Hexaghost","ascension_level":0}}