{"host":"h78e02h09yhg9y5r","time":1612708780,"event":{"mods":["ATMod(阿瑾Mod)","AchievementEnabler","Act Like it!","Arknights","Aspiration","BaseMod","BetterRewards","Dota2Spire","Hermit","KinomotoSakuraMod(木之本樱)","Minty Spire (QoL Compilation)","MostiFishMod","Relic Filter Mod","RumiaBox-露米娅的神秘盒子","SIMod","Shop Mod","Spicy Shops","StSLib","The Blackbeard","The Runesmith","The Servant 0.9.4","【功能Mod】混沌之环修复补丁"],"gold_per_floor":[112,112,39,53,68,109,130,166,189,212,230,250,285,320,320,441,441,461,461,206,221,221,247,247,277,277,294,319,319,352,362,362,465,465,481,531,551,551,381,407,407,420,420,449,449,480,480,480,480,480,480,480,-983,-950,-950],"floor_reached":56,"language":"ZHS","playtime":2243,"items_purged":["Injury","Defend_B","Pain"],"score":2775,"play_id":"666b29dc-b21a-4fb1-b282-d2a463f93f97","local_time":"20210207223940","is_ascension_mode":true,"campfire_choices":[{"data":"Buffer","floor":15,"key":"SMITH"},{"floor":29,"key":"RECALL"},{"data":"Defragment","floor":32,"key":"SMITH"},{"data":"Zap","floor":41,"key":"SMITH"},{"data":"Dualcast","floor":47,"key":"SMITH"},{"data":"Defend_B","floor":49,"key":"SMITH"},{"data":"Strike_B","floor":52,"key":"SMITH"}],"circlet_count":0,"master_deck":["AscendersBane","Strike_B","Strike_B","Strike_B+1","Strike_B+1","Defend_B","Defend_B","Defend_B+1","Zap+1","Dualcast+1","Self Repair","Gash+1","Defragment+1","Buffer+1"],"relics":["Cracked Core","DaveBox","AT_ATBox","Happy Flower","SynthV:TestCard","Bloody Idol","AT_SeraphEmbrace","BirthdayGift-Icosahedron","MagicDraw2","MealTicket","AT_BellDemon","Darkstone Periapt","WingedGreaves","aspiration:ChemicalBlood","AT_RedTearstoneRing","FeatherPendant","Membership Card","AT_ChloranthyRing","MostiFishMod:Haymaker","Nilry\u0027s Codex","ZombieArmy","PreservedInsect","MarkOfWind","Blood Vial","Art of War","AT_ImmortalShieldbow","Mummified Hand","Dota2Spire:MonkeyKingBar","Bag of Preparation","Dota2Spire:BladeMail","aspiration:FetidBarrel","SlaversCollar","Dota2Spire:EchoSabre","ArrowTower","Juzu Bracelet","PlanX","AT_SilvercatRing","SynthV:C4","Toy Ornithopter","Gremlin Horn","AT_RedNoBalance","DianDianMeat","Dota2Spire:EyeOfSkadi","WarpedTongs","AT_DeathDance","Runesmith:Locket","Pocketwatch","SynthV:MejaisSoulstealer","Dota2Spire:ArmletOfMordiggian"],"acts_visited":["Exordium","TheCity","TheBeyond","TheEnding"],"potions_floor_usage":[55],"damage_taken":[{"damage":7,"enemies":"Jaw Worm","floor":1,"turns":4},{"damage":16,"enemies":"Small Slimes","floor":4,"turns":4},{"damage":0,"enemies":"2 Louse","floor":5,"turns":1},{"damage":16,"enemies":"Gremlin Nob","floor":6,"turns":4},{"damage":0,"enemies":"Large Slime","floor":7,"turns":2},{"damage":10,"enemies":"Lagavulin","floor":8,"turns":4},{"damage":0,"enemies":"2 Fungi Beasts","floor":10,"turns":2},{"damage":0,"enemies":"Blue Slaver","floor":11,"turns":2},{"damage":0,"enemies":"Lots of Slimes","floor":12,"turns":1},{"damage":0,"enemies":"Gremlin Nob","floor":13,"turns":3},{"damage":0,"enemies":"Lagavulin","floor":14,"turns":6},{"damage":0,"enemies":"The Guardian","floor":16,"turns":5},{"damage":0,"enemies":"2 Thieves","floor":18,"turns":2},{"damage":0,"enemies":"Shell Parasite","floor":21,"turns":2},{"damage":0,"enemies":"Gremlin Leader","floor":23,"turns":3},{"damage":0,"enemies":"Book of Stabbing","floor":25,"turns":3},{"damage":0,"enemies":"Snecko","floor":27,"turns":3},{"damage":0,"enemies":"Slavers","floor":28,"turns":2},{"damage":0,"enemies":"Book of Stabbing","floor":30,"turns":2},{"damage":0,"enemies":"Shelled Parasite and Fungi","floor":31,"turns":2},{"damage":0,"enemies":"Collector","floor":33,"turns":2},{"damage":0,"enemies":"3 Darklings","floor":35,"turns":1},{"damage":0,"enemies":"Mind Bloom Boss Battle","floor":36,"turns":2},{"damage":0,"enemies":"Orb Walker","floor":37,"turns":1},{"damage":0,"enemies":"Giant Head","floor":40,"turns":2},{"damage":0,"enemies":"Sphere and 2 Shapes","floor":42,"turns":1},{"damage":0,"enemies":"Reptomancer","floor":44,"turns":1},{"damage":19,"enemies":"Giant Head","floor":46,"turns":2},{"damage":3,"enemies":"Donu and Deca","floor":50,"turns":2},{"damage":0,"enemies":"Shield and Spear","floor":54,"turns":1},{"damage":9,"enemies":"The Heart","floor":55,"turns":3}],"seed_played":"6563609369943457049","potions_obtained":[{"floor":1,"key":"PotionOfCapacity"},{"floor":7,"key":"Fire Potion"},{"floor":35,"key":"PowerPotion"},{"floor":54,"key":"Fruit Juice"},{"floor":55,"key":"Block Potion"}],"is_trial":false,"path_per_floor":["M","?","$","M","M","E","M","E","T","M","M","M","E","E","R","B",null,"M","?","$","M","?","E","?","E","T","M","E","R","E","M","R","B",null,"M","?","M","?","$","E","R","M","T","E","?","E","R","?","R","B",null,"R","$","E","B",null],"character_chosen":"DEFECT","items_purchased":["AT_ArchangelStaff","Membership Card","AT_ChloranthyRing","AT_SilvercatRing","SynthV:MejaisSoulstealer"],"campfire_rested":0,"item_purchase_floors":[3,20,20,39,53],"current_hp_per_floor":[61,61,61,52,67,59,74,72,72,73,74,75,75,75,75,75,75,75,75,75,75,59,65,65,75,75,75,75,75,75,75,75,75,75,75,75,75,75,75,75,75,75,75,71,78,63,63,63,63,84,86,86,87,87,92],"gold":-950,"neow_bonus":"RANDOM_COMMON_RELIC","is_daily":false,"chose_seed":false,"campfire_upgraded":6,"win_rate":0.0,"timestamp":1612708780,"path_taken":["M","?","$","M","M","E","M","E","T","M","M","M","E","E","R","BOSS","M","?","$","M","?","E","?","E","T","M","E","R","E","M","R","BOSS","M","?","M","?","$","E","R","M","T","E","?","E","R","?","R","BOSS","R","$","E","BOSS"],"items_purchased_type":["Relic","Relic","Relic","Relic","Relic"],"build_version":"2020-12-22","purchased_purges":3,"victory":true,"max_hp_per_floor":[75,75,75,75,75,75,75,75,75,75,75,75,75,75,75,75,75,75,75,75,75,75,75,75,75,75,75,75,75,75,75,75,75,75,75,75,75,75,75,75,75,75,75,80,87,87,87,87,87,87,87,87,87,87,92],"card_choices":[{"not_picked":["AT_EMC2","Rebound"],"picked":"Self Repair","floor":1},{"not_picked":["Coolheaded","Defragment","Hologram","Sweeping Beam"],"picked":"Gash","floor":4},{"not_picked":["Hologram","Genetic Algorithm","Glacier","FTL","Self Repair"],"picked":"SKIP","floor":5},{"not_picked":["Amplify","Beam Cell","Leap","Force Field","AT_RobotInSpace"],"picked":"SKIP","floor":6},{"not_picked":["Sweeping Beam","Conserve Battery","Sunder","Ball Lightning"],"picked":"Defragment","floor":7},{"not_picked":["Glacier","Go for the Eyes","MostiFishMod:DawningShadow","Beam Cell"],"picked":"Buffer","floor":8},{"not_picked":["Beam Cell","Steam","Leap","AT_HeatAcrobatics","Reprogram"],"picked":"SKIP","floor":10},{"not_picked":["Hologram","Turbo","MostiFishMod:InterfaceCompatibility","Leap","Go for the Eyes"],"picked":"SKIP","floor":11},{"not_picked":["Redo","Gash","Reinforced Body","Turbo","Double Energy"],"picked":"SKIP","floor":12},{"not_picked":["Redo","MostiFishMod:IceShield","Steam","Streamline","Gash"],"picked":"SKIP","floor":13},{"not_picked":["Hologram","MostiFishMod:IceShield","Reinforced Body","Turbo","MostiFishMod:PushDownKick"],"picked":"SKIP","floor":14},{"not_picked":["Gash","Hologram","aspiration:Polymerization+1","Chaos","Redo+1"],"picked":"SKIP","floor":18},{"not_picked":["MostiFishMod:PushDownKick","Gash","Go for the Eyes","Leap","Steam Power"],"picked":"SKIP","floor":21},{"not_picked":["MostiFishMod:TalkingToTheRain","Go for the Eyes","Chaos","Melter","Beam Cell"],"picked":"SKIP","floor":23},{"not_picked":["Gash","Melter+1","Coolheaded+1","Sweeping Beam","Lockon"],"picked":"SKIP","floor":25},{"not_picked":["Recycle","Turbo","Streamline+1","Barrage","Sweeping Beam+1"],"picked":"SKIP","floor":27},{"not_picked":["MostiFishMod:FluxCapactior+1","Leap+1","MostiFishMod:GatherIntelligence+1","Go for the Eyes+1","Scrape"],"picked":"SKIP","floor":28},{"not_picked":["Reprogram","Conserve Battery+1","Storm","Gash+1","Fusion+1"],"picked":"SKIP","floor":30},{"not_picked":["MostiFishMod:GatherIntelligence","Turbo","Cold Snap","Conserve Battery+1","MostiFishMod:InterfaceCompatibility"],"picked":"SKIP","floor":31},{"not_picked":["Ball Lightning+1","Barrage","Auto Shields+1","Rebound","Redo+1"],"picked":"SKIP","floor":35},{"not_picked":["Coolheaded+1","Aggregate+1","Streamline+1","Ball Lightning","MostiFishMod:DeathFromBelow"],"picked":"SKIP","floor":37},{"not_picked":["AT_HeatAcrobatics","MostiFishMod:StarOceanB","Streamline+1","Go for the Eyes+1","MostiFishMod:PushDownKick+1"],"picked":"SKIP","floor":40},{"not_picked":["Double Energy","Cold Snap","Ball Lightning","Hologram","Compile Driver"],"picked":"SKIP","floor":42},{"not_picked":["Rebound+1","Multi-Cast","Chill+1","Barrage","Coolheaded"],"picked":"SKIP","floor":44},{"not_picked":["Sweeping Beam+1","MostiFishMod:PushDownKick+1","Consume","Go for the Eyes","Leap+1"],"picked":"SKIP","floor":46},{"not_picked":["Beam Cell+1","Sweeping Beam","Compile Driver+1","Turbo","Buffer"],"picked":"SKIP","floor":54}],"player_experience":535669,"relics_obtained":[{"floor":1,"key":"SynthV:TestCard"},{"floor":6,"key":"MagicDraw2"},{"floor":8,"key":"MealTicket"},{"floor":9,"key":"AT_BellDemon"},{"floor":13,"key":"Darkstone Periapt"},{"floor":13,"key":"WingedGreaves"},{"floor":14,"key":"aspiration:ChemicalBlood"},{"floor":14,"key":"AT_RedTearstoneRing"},{"floor":21,"key":"MostiFishMod:Haymaker"},{"floor":22,"key":"Nilry\u0027s Codex"},{"floor":23,"key":"ZombieArmy"},{"floor":23,"key":"PreservedInsect"},{"floor":25,"key":"Blood Vial"},{"floor":25,"key":"Art of War"},{"floor":27,"key":"AT_ImmortalShieldbow"},{"floor":28,"key":"Mummified Hand"},{"floor":28,"key":"Dota2Spire:MonkeyKingBar"},{"floor":30,"key":"Bag of Preparation"},{"floor":30,"key":"Dota2Spire:BladeMail"},{"floor":31,"key":"aspiration:FetidBarrel"},{"floor":35,"key":"Dota2Spire:EchoSabre"},{"floor":36,"key":"ArrowTower"},{"floor":36,"key":"Juzu Bracelet"},{"floor":37,"key":"PlanX"},{"floor":40,"key":"SynthV:C4"},{"floor":40,"key":"Toy Ornithopter"},{"floor":42,"key":"Gremlin Horn"},{"floor":43,"key":"AT_SilverBalance"},{"floor":44,"key":"DianDianMeat"},{"floor":44,"key":"Dota2Spire:EyeOfSkadi"},{"floor":46,"key":"AT_DeathDance"},{"floor":46,"key":"Runesmith:Locket"},{"floor":54,"key":"Dota2Spire:ArmletOfMordiggian"}],"event_choices":[{"damage_healed":0,"gold_gain":0,"player_choice":"Take Wound","damage_taken":0,"relics_obtained":["Golden Idol"],"max_hp_gain":0,"max_hp_loss":0,"event_name":"Golden Idol","floor":2,"gold_loss":0,"cards_obtained":["Injury"]},{"damage_healed":0,"gold_gain":0,"player_choice":"Gave Idol","damage_taken":0,"relics_obtained":["Bloody Idol"],"max_hp_gain":0,"max_hp_loss":0,"event_name":"Forgotten Altar","floor":19,"relics_lost":["Golden Idol"],"gold_loss":0},{"damage_healed":0,"gold_gain":0,"player_choice":"Obtained Book","damage_taken":16,"max_hp_gain":0,"max_hp_loss":0,"event_name":"Cursed Tome","floor":22,"gold_loss":0},{"damage_healed":0,"gold_gain":0,"player_choice":"Fight","damage_taken":0,"max_hp_gain":0,"max_hp_loss":0,"event_name":"MindBloom","floor":36,"gold_loss":0},{"damage_healed":0,"gold_gain":0,"player_choice":"Bought 0 Potions","damage_taken":0,"max_hp_gain":0,"max_hp_loss":0,"event_name":"The Woman in Blue","floor":38,"gold_loss":0},{"damage_healed":0,"gold_gain":0,"player_choice":"Rummage","damage_taken":0,"relics_obtained":["WarpedTongs"],"max_hp_gain":0,"max_hp_loss":0,"event_name":"Accursed Blacksmith","floor":45,"gold_loss":0,"cards_obtained":["Pain"]},{"damage_healed":0,"gold_gain":0,"player_choice":"Gave Potion","damage_taken":0,"relics_obtained":["Pocketwatch"],"max_hp_gain":0,"max_hp_loss":0,"event_name":"WeMeetAgain","floor":48,"gold_loss":0}],"is_beta":false,"boss_relics":[{"not_picked":["aspiration:BursterCore","SacredBark"],"picked":"FeatherPendant"},{"not_picked":["aspiration:RitualDagger","GuanYuAspect"],"picked":"SlaversCollar"}],"items_purged_floors":[20,39,53],"is_endless":false,"potions_floor_spawned":[1,7,8,11,23,28,33,35,44,54],"ascension_level":11}}