{"host":"oehe2dxjvdgux73m","time":1612660482,"event":{"mods":["AchievementEnabler","BaseMod","Colored Map","Colored Powertips","DeckTracker","Keyboard Shortcuts","Minty Spire (QoL Compilation)","Permanent Neow","Quick Restart","StSLib","SuperFastMode"],"gold_per_floor":[364,382,400,184,184,203,103,28,28,39,39,74,86,167,179,191,191],"floor_reached":16,"language":"KOR","playtime":458,"items_purged":["Normality","Strike_G"],"score":200,"play_id":"210f16ed-9854-4f91-9214-4a484322d6dd","local_time":"20210207101442","is_ascension_mode":true,"campfire_choices":[{"data":"Deadly Poison","floor":11.0,"key":"SMITH"},{"floor":15.0,"key":"REST"}],"circlet_count":0,"master_deck":["AscendersBane","Strike_G","Strike_G","Strike_G","Defend_G","Defend_G","Defend_G","Defend_G","Defend_G","Survivor","Neutralize","Masterful Stab","Die Die Die+1","Well Laid Plans","Acrobatics","Deadly Poison+1","Escape Plan"],"relics":["Ring of the Snake","Matryoshka","MawBank","Strawberry","Bottled Flame"],"acts_visited":["Exordium"],"potions_floor_usage":[],"damage_taken":[{"damage":6.0,"enemies":"Cultist","floor":1.0,"turns":5.0},{"damage":2.0,"enemies":"Small Slimes","floor":2.0,"turns":5.0},{"damage":7.0,"enemies":"Jaw Worm","floor":3.0,"turns":5.0},{"damage":1.0,"enemies":"Looter","floor":6.0,"turns":3.0},{"damage":7.0,"enemies":"Exordium Thugs","floor":10.0,"turns":5.0},{"damage":27.0,"enemies":"3 Sentries","floor":12.0,"turns":10.0},{"damage":39,"enemies":"The Guardian","floor":16,"turns":9}],"seed_played":"-64890508764731018","potions_obtained":[{"floor":2.0,"key":"Swift Potion"}],"is_trial":false,"path_per_floor":["M","M","M","$","?","M","$","?","T","M","R","E","?","T","R","B"],"character_chosen":"THE_SILENT","items_purchased":["Well Laid Plans","Acrobatics"],"campfire_rested":1,"item_purchase_floors":[4,4],"current_hp_per_floor":[53,51,44,44,44,43,43,43,43,36,36,9,9,16,37,0,0],"gold":191,"neow_bonus":"TWO_FIFTY_GOLD","is_daily":false,"chose_seed":false,"campfire_upgraded":1,"win_rate":0.0,"timestamp":1612660482,"path_taken":["M","?","?","$","?","?","$","?","T","M","R","E","?","?","R","BOSS"],"items_purchased_type":["Card","Card"],"build_version":"2020-12-22","purchased_purges":2,"victory":false,"max_hp_per_floor":[66,66,66,66,66,66,66,66,66,66,66,66,66,73,73,73,73],"card_choices":[{"not_picked":["Setup","Dodge and Roll","Flying Knee"],"picked":"SKIP","floor":1.0},{"not_picked":["Bane","Caltrops"],"picked":"Masterful Stab","floor":2.0},{"not_picked":["Reflex","Sucker Punch"],"picked":"Die Die Die","floor":3.0},{"not_picked":["Poisoned Stab","Skewer","Dodge and Roll"],"picked":"SKIP","floor":6.0},{"not_picked":["Backflip","Bane"],"picked":"Deadly Poison","floor":10.0},{"not_picked":["Slice","Expertise"],"picked":"Escape Plan","floor":12.0}],"player_experience":400486,"relics_obtained":[{"floor":9.0,"key":"Matryoshka"},{"floor":12.0,"key":"MawBank"},{"floor":14.0,"key":"Strawberry"},{"floor":14.0,"key":"Bottled Flame"}],"event_choices":[{"damage_healed":0.0,"max_hp_gain":0.0,"max_hp_loss":0.0,"gold_gain":0.0,"event_name":"Upgrade Shrine","player_choice":"Upgraded","floor":5.0,"gold_loss":0.0,"damage_taken":0.0,"cards_upgraded":["Die Die Die"]},{"cards_removed":["Strike_G"],"damage_healed":0.0,"max_hp_gain":0.0,"max_hp_loss":0.0,"gold_gain":0.0,"event_name":"The Cleric","player_choice":"Card Removal","floor":8.0,"gold_loss":75.0,"damage_taken":0.0},{"damage_healed":0.0,"max_hp_gain":0.0,"max_hp_loss":0.0,"gold_gain":0.0,"event_name":"Dead Adventurer","player_choice":"Searched \u00270\u0027 times","floor":13.0,"gold_loss":0.0,"damage_taken":0.0},{"damage_healed":0.0,"max_hp_gain":0.0,"max_hp_loss":0.0,"gold_gain":0.0,"event_name":"Dead Adventurer","player_choice":"Searched \u00270\u0027 times","floor":13.0,"gold_loss":0.0,"damage_taken":0.0}],"is_beta":false,"boss_relics":[],"items_purged_floors":[4,7],"is_endless":false,"potions_floor_spawned":[2],"killed_by":"The Guardian","ascension_level":20}}