{"host":"hf26dlu7397s98tc","time":1610119512,"event":{"mods":["Act Like it!","Arknights The Spire","Astrologer","BaseMod","CapriCore","Elementarium","GifTheSpireLib","Hermit","Luminous","Minty Spire (QoL Compilation)","Pale of the Ancients","Pikachu Mod","Quick Restart","Robot Space Explorer","StSLib","The Dragon Tamer","The Gatherer","The Immortal","TheWitcher","UnlockEverythingMod","Yakumo Yukari mod"],"gold_per_floor":[117,67,67,142,161,186,186,200,227,258,275,336,336,354,354,354,354],"floor_reached":16,"playtime":670,"items_purged":[],"score":135,"play_id":"0182b94f-c170-4a0f-b35a-0aa86c6f79bd","local_time":"20210108232512","is_ascension_mode":false,"campfire_choices":[{"data":"RobotSpaceExplorer:IronShell","floor":15.0,"key":"SMITH"}],"circlet_count":0,"master_deck":["RobotSpaceExplorer:Strike","RobotSpaceExplorer:Strike","RobotSpaceExplorer:Strike","RobotSpaceExplorer:Strike","RobotSpaceExplorer:Defend","RobotSpaceExplorer:Defend","RobotSpaceExplorer:Scan","RobotSpaceExplorer:MiniLasers","RobotSpaceExplorer:IronShell+1","RobotSpaceExplorer:FranticSearch","RobotSpaceExplorer:GearShield","RobotSpaceExplorer:ScrapMissile","RobotSpaceExplorer:PowerCollector","RobotSpaceExplorer:FranticSearch"],"relics":["RobotSpaceExplorer:RoboCore","NeowsBlessing","Vajra","Ginger","Smiling Mask","Happy Flower","Kunai"],"acts_visited":["Exordium"],"potions_floor_usage":[16,16],"damage_taken":[{"damage":0.0,"enemies":"Jaw Worm","floor":1.0,"turns":1.0},{"damage":0.0,"enemies":"Small Slimes","floor":5.0,"turns":1.0},{"damage":0.0,"enemies":"Lagavulin","floor":6.0,"turns":1.0},{"damage":0.0,"enemies":"2 Louse","floor":8.0,"turns":4.0},{"damage":3.0,"enemies":"3 Sentries","floor":10.0,"turns":8.0},{"damage":0.0,"enemies":"2 Fungi Beasts","floor":11.0,"turns":4.0},{"damage":11.0,"enemies":"3 Sentries","floor":12.0,"turns":9.0},{"damage":0.0,"enemies":"3 Louse","floor":14.0,"turns":3.0},{"damage":37,"enemies":"Hexaghost","floor":16,"turns":12}],"seed_played":"691018955995894902","potions_obtained":[{"floor":5.0,"key":"Fire Potion"},{"floor":6.0,"key":"Swift Potion"},{"floor":12.0,"key":"FearPotion"},{"floor":14.0,"key":"SmokeBomb"}],"is_trial":false,"path_per_floor":["M","?","?","?","M","E","?","M","T","E","M","?","?","M","R","B"],"character_chosen":"RobotSpaceExplorer","items_purchased":[],"campfire_rested":0,"item_purchase_floors":[],"current_hp_per_floor":[75,75,68,57,57,57,50,50,50,47,47,36,36,36,36,0,0],"gold":354,"neow_bonus":"THREE_ENEMY_KILL","is_daily":false,"chose_seed":false,"campfire_upgraded":1,"win_rate":0.0,"timestamp":1610119512,"path_taken":["M","?","?","?","?","E","?","M","T","E","M","?","?","M","R","BOSS"],"items_purchased_type":[],"build_version":"2020-12-22","purchased_purges":0,"victory":false,"max_hp_per_floor":[75,75,75,75,75,75,75,75,75,75,75,75,75,75,75,75,75],"card_choices":[{"not_picked":["RobotSpaceExplorer:Counterblock","RobotSpaceExplorer:SwiftStep","RobotSpaceExplorer:RigExplosive"],"picked":"SKIP","floor":1.0},{"not_picked":["RobotSpaceExplorer:GlueShot","RobotSpaceExplorer:ShockKick"],"picked":"RobotSpaceExplorer:IronShell","floor":5.0},{"not_picked":["RobotSpaceExplorer:Jetpack","RobotSpaceExplorer:Electropulse"],"picked":"RobotSpaceExplorer:FranticSearch","floor":6.0},{"not_picked":["RobotSpaceExplorer:FrostMissile","RobotSpaceExplorer:SwiftStep"],"picked":"RobotSpaceExplorer:GearShield","floor":8.0},{"not_picked":["RobotSpaceExplorer:ShockKick","RobotSpaceExplorer:StunGrenade","RobotSpaceExplorer:SlimeMissile"],"picked":"SKIP","floor":10.0},{"not_picked":["RobotSpaceExplorer:ImprovisedAttack","RobotSpaceExplorer:DualCore"],"picked":"RobotSpaceExplorer:ScrapMissile","floor":11.0},{"not_picked":["RobotSpaceExplorer:MetalStrike","RobotSpaceExplorer:Probe"],"picked":"RobotSpaceExplorer:PowerCollector","floor":12.0},{"not_picked":["RobotSpaceExplorer:MetalStrike","RobotSpaceExplorer:StarDust"],"picked":"RobotSpaceExplorer:FranticSearch","floor":14.0}],"player_experience":201904,"relics_obtained":[{"floor":6.0,"key":"Ginger"},{"floor":9.0,"key":"Smiling Mask"},{"floor":10.0,"key":"Happy Flower"},{"floor":12.0,"key":"Kunai"}],"event_choices":[{"cards_removed":["RobotSpaceExplorer:Defend"],"damage_healed":0.0,"max_hp_gain":0.0,"max_hp_loss":0.0,"gold_gain":0.0,"event_name":"The Cleric","player_choice":"Card Removal","floor":2.0,"gold_loss":50.0,"damage_taken":0.0},{"damage_healed":0.0,"max_hp_gain":0.0,"max_hp_loss":0.0,"gold_gain":0.0,"event_name":"Scrap Ooze","player_choice":"Success","floor":3.0,"gold_loss":0.0,"damage_taken":7.0,"relics_obtained":["Vajra"]},{"damage_healed":0.0,"max_hp_gain":0.0,"max_hp_loss":0.0,"gold_gain":75.0,"event_name":"World of Goop","player_choice":"Gather Gold","floor":4.0,"gold_loss":0.0,"damage_taken":11.0},{"cards_removed":["RobotSpaceExplorer:Defend"],"damage_healed":0.0,"max_hp_gain":0.0,"max_hp_loss":0.0,"gold_gain":0.0,"event_name":"Golden Wing","player_choice":"Card Removal","floor":7.0,"gold_loss":0.0,"damage_taken":7.0},{"damage_healed":0.0,"max_hp_gain":0.0,"max_hp_loss":0.0,"gold_gain":0.0,"event_name":"Dead Adventurer","player_choice":"Searched \u00271\u0027 times","floor":12.0,"gold_loss":0.0,"damage_taken":0.0},{"damage_healed":0.0,"max_hp_gain":0.0,"max_hp_loss":0.0,"gold_gain":0.0,"event_name":"The Woman in Blue","player_choice":"Bought 0 Potions","floor":13.0,"gold_loss":0.0,"damage_taken":0.0}],"is_beta":false,"boss_relics":[],"items_purged_floors":[],"is_endless":false,"potions_floor_spawned":[5,6,12,14],"killed_by":"Hexaghost","ascension_level":0}}