{"host":"crjmoxe2wwb87pm5","time":1610076675,"event":{"mods":["BaseMod","Colored Map","GifTheSpireLib","Infinite Spire","Minty Spire (QoL Compilation)","Replay The Spire","StSLib"],"gold_per_floor":[110,35,45,45,57,57,91,111,111,124,134,48,75,90,90,90,90],"floor_reached":16,"playtime":886,"items_purged":["Regret"],"score":104,"play_id":"fbbedfdf-f4f3-4b62-ba76-831c9f0edbcd","local_time":"20210107223115","is_ascension_mode":false,"campfire_choices":[{"floor":6,"key":"REST"},{"floor":15,"key":"REST"}],"circlet_count":0,"master_deck":["Strike_R","Strike_R","Strike_R","Strike_R","Strike_R","Defend_R","Defend_R","Defend_R","Defend_R","Bash","Iron Wave","ReplayTheSpireMod:Trickstab","Thunderclap","Exhume","Body Slam","Impervious","Flex","Juggernaut","Shrug It Off","Shrug It Off","Flex","Flex"],"relics":["Burning Blood","PreservedInsect","Replay:Bottled Snecko","Blood Vial","Smiling Mask"],"acts_visited":["Exordium"],"potions_floor_usage":[11,11,14],"damage_taken":[{"damage":30,"enemies":"infinitespire:Voidling","floor":1,"turns":4},{"damage":2,"enemies":"Small Slimes","floor":3,"turns":3},{"damage":5,"enemies":"Cultist","floor":5,"turns":4},{"damage":22,"enemies":"Gremlin Nob","floor":7,"turns":4},{"damage":11,"enemies":"Red Slaver","floor":8,"turns":3},{"damage":8,"enemies":"Large Slime","floor":10,"turns":6},{"damage":9,"enemies":"Exordium Thugs","floor":11,"turns":5},{"damage":11,"enemies":"3 Louse","floor":14,"turns":3},{"damage":67,"enemies":"Fading Forest","floor":16,"turns":7}],"seed_played":"-2626382465438984988","potions_obtained":[{"floor":5,"key":"LiquidBronze"},{"floor":7,"key":"Swift Potion"},{"floor":8,"key":"Fire Potion"}],"is_trial":false,"path_per_floor":["M","$","M","?","M","R","E","M","T","M","M","$","T","M","R","B"],"character_chosen":"IRONCLAD","items_purchased":["Shrug It Off","Flex"],"campfire_rested":2,"item_purchase_floors":[12,12],"current_hp_per_floor":[56,56,60,60,61,80,64,59,59,59,58,58,58,55,79,13,13],"gold":90,"neow_bonus":"RANDOM_EVENT","is_daily":false,"chose_seed":false,"campfire_upgraded":0,"win_rate":0.0,"timestamp":1610076675,"path_taken":["M","$","?","?","M","R","E","M","T","M","M","$","?","?","R","BOSS"],"items_purchased_type":["Card","Card"],"build_version":"2020-12-22","purchased_purges":1,"victory":false,"max_hp_per_floor":[80,80,80,80,80,80,80,80,80,80,80,80,80,80,80,80,80],"card_choices":[{"not_picked":["Anger","Pummel"],"picked":"Iron Wave","floor":1},{"not_picked":["Clash","Havoc","ReplayTheSpireMod:Strike From Hell"],"picked":"SKIP","floor":3},{"not_picked":["ReplayTheSpireMod:Strike From Hell","Anger"],"picked":"Body Slam","floor":5},{"not_picked":["Havoc","Wild Strike"],"picked":"Impervious","floor":7},{"not_picked":["Warcry","Havoc"],"picked":"Flex","floor":8},{"not_picked":["Replay:Undeath\u0027s Touch","Headbutt","Fire Breathing"],"picked":"SKIP","floor":10},{"not_picked":["ReplayTheSpireMod:Strike From Hell","Headbutt"],"picked":"Juggernaut","floor":11},{"not_picked":["Clash","Blood for Blood"],"picked":"Flex","floor":14}],"player_experience":123930,"relics_obtained":[{"floor":7,"key":"Replay:Bottled Snecko"},{"floor":9,"key":"Blood Vial"},{"floor":13,"key":"Smiling Mask"}],"event_choices":[{"damage_healed":0,"gold_gain":0,"player_choice":"Box","damage_taken":0,"relics_obtained":["PreservedInsect"],"max_hp_gain":0,"max_hp_loss":0,"event_name":"Big Fish","floor":0,"gold_loss":0,"cards_obtained":["Regret"]},{"damage_healed":0,"gold_gain":0,"player_choice":"3 cards matched","damage_taken":0,"max_hp_gain":0,"max_hp_loss":0,"event_name":"Match and Keep!","floor":4,"gold_loss":0,"cards_obtained":["ReplayTheSpireMod:Trickstab","Thunderclap","Exhume"]}],"is_beta":false,"boss_relics":[],"items_purged_floors":[2],"is_endless":false,"potions_floor_spawned":[5,7,8],"killed_by":"Fading Forest","ascension_level":0}}