{"host":"niv6bi8ufjzyofbf","time":1610119718,"event":{"mods":["ATMod(∞¢Ë™Mod)","Act Like it!","BaseMod","Colored Powertips","Conspire","Downfall","Gensokyo","Hermit","Mad Scientist","Marisa£®ÏF”Í°°ƒß¿Ì…≥£©","Minty Spire (QoL Compilation)","Quick Restart","Rare Cards Sparkle","Reimu£®≤©¿ˆ¡È√Œ£©","Replay The Spire","Ryuuou¡˙Õı","Shop Mod","Spicy Shops","StSLib","SuperFastMode","The Cursed","The Servant 0.9.4","Youmu£®ªÍ∆«—˝√Œ£©","°æ“≈ŒÔø®≈∆°øREMEMod","≤–¡Ù÷ÆŒÔ"],"gold_per_floor":[12333,12333,12333,11276,11287,11321,11332,11332,11381,11556,11569,11569,11056,11076,11076,11197,11197,11213,11236,11250,11250,10615,10646,10666,10120,10120,10120,10139,10183,10203,10224,10224,10344,10344,10357,10382,10423,10423,10423,10423,10423,9706,10045,10045],"floor_reached":45,"playtime":3277,"items_purged":["Defend_S","Doubt","Pain","Defend_S","Decay","Strike_S"],"score":1588,"play_id":"ac65c8bd-cf8a-4015-a68e-9c99b81e19f9","local_time":"20210108232838","is_ascension_mode":true,"campfire_choices":[{"data":"Defend_S","floor":12,"key":"PURGE"},{"floor":15,"key":"RECALL"},{"data":"Panache","floor":27,"key":"SMITH"},{"data":"KidneyShot","floor":32,"key":"SMITH"},{"data":"Strike_S","floor":41,"key":"SMITH"}],"circlet_count":0,"master_deck":["Strike_S+1","Strike_S+1","Strike_S+1","KidneyShot+1","Exchange+1","Panache+1","Gouge","StarChef","Revamp+1","BottledTime+1","FanOfKnives","Moondial+1","FloweringNight+1","BottledTime+1","REME_MawOfCthun+1","Flash of Steel+1","Dark Shackles+1","Panache+1","conspire:Banana+1","BottledTime+1","Advance+1","SoulSculpture+1","SpecialFormula+1","REME_Flogging+1"],"relics":["Uniform","REME_ComplimentaryCards","AT_ATBox","Peace Pipe","Membership Card","Mummified Hand","Meat on the Bone","TheAbacus","Oddly Smooth Stone","Toxic Egg 2","MerchantsRug","Pocketwatch","Golden Idol","Golden Egg","TentaclePot:ReiMu","OrangePellets","ReplayTheSpireMod:Ninjato","REME_LowDesire","Akabeko","Boot","Potion Belt","Centennial Puzzle","ReplayTheSpireMod:ShopPack","Garlic","ClockworkSouvenir","Letter Opener","FossilizedHelix","War Paint","Pan","Darkstone Periapt","Shuriken","Lantern","Sozu","Pear","Medical Kit","ReplayFunnel","Gambling Chip","Gremlin Horn","AT_ChloranthyRing","REME_CardOfGreed","Old Coin"],"acts_visited":["Exordium","TheCity","TheBeyond","TheEnding"],"potions_floor_usage":[22],"damage_taken":[{"damage":19,"enemies":"Small Slimes","floor":1,"turns":4},{"damage":6,"enemies":"Jaw Worm","floor":5,"turns":2},{"damage":13,"enemies":"Replay:BlueRogue","floor":6,"turns":2},{"damage":0,"enemies":"Cultist","floor":7,"turns":1},{"damage":0,"enemies":"Blue Slaver","floor":11,"turns":1},{"damage":0,"enemies":"Red Slaver","floor":14,"turns":1},{"damage":0,"enemies":"The Guardian","floor":16,"turns":1},{"damage":0,"enemies":"Spheric Guardian","floor":18,"turns":1},{"damage":0,"enemies":"2 Thieves","floor":19,"turns":1},{"damage":0,"enemies":"Cultist and Chosen","floor":20,"turns":1},{"damage":0,"enemies":"Slavers","floor":23,"turns":1},{"damage":0,"enemies":"Centurion and Healer","floor":24,"turns":1},{"damage":0,"enemies":"Snecko","floor":28,"turns":1},{"damage":0,"enemies":"Gremlin Leader","floor":29,"turns":1},{"damage":0,"enemies":"3 Cultists","floor":30,"turns":1},{"damage":0,"enemies":"Chosen and Byrds","floor":31,"turns":1},{"damage":0,"enemies":"Collector","floor":33,"turns":1},{"damage":28,"enemies":"3 Shapes","floor":35,"turns":1},{"damage":0,"enemies":"Orb Walker","floor":36,"turns":1},{"damage":0,"enemies":"conspire:MimicChest","floor":37,"turns":1},{"damage":0,"enemies":"Time Eater","floor":39,"turns":2},{"damage":0,"enemies":"Shield and Spear","floor":43,"turns":1},{"damage":18,"enemies":"The Heart","floor":44,"turns":3}],"seed_played":"-4762917603142908347","potions_obtained":[],"is_trial":false,"path_per_floor":["M","?","?","$","M","E","M","?","T","?","M","R","$","M","R","B",null,"M","M","M","?","$","E","M","$","T","R","M","E","M","M","R","B",null,"M","M","?","?","B",null,"R","$","E","B",null],"character_chosen":"THE_SERVANT","items_purchased":["Membership Card","Mummified Hand","Meat on the Bone","TheAbacus","Oddly Smooth Stone","Toxic Egg 2","PowerPotion","LiquidMemories","FearPotion","Panache","Gouge","StarChef","Revamp+1","BottledTime+1","MerchantsRug","Golden Egg","TentaclePot:ReiMu","OrangePellets","ReplayTheSpireMod:Ninjato","Moondial+1","SkillPotion","Potion Belt","Centennial Puzzle","ReplayTheSpireMod:ShopPack","Garlic","ClockworkSouvenir","AttackPotion","REME_GoldPotion","SteroidPotion","BottledTime+1","FossilizedHelix","War Paint","Pan","Darkstone Periapt","AttackPotion","Medical Kit","ReplayFunnel","Gambling Chip","Gremlin Horn","AT_ChloranthyRing","REME_CardOfGreed","SpecialFormula+1"],"campfire_rested":0,"item_purchase_floors":[4,4,4,4,4,4,4,4,4,4,4,4,4,4,4,13,13,13,13,13,13,22,22,22,22,22,22,22,22,22,25,25,25,25,25,42,42,42,42,42,42,42],"current_hp_per_floor":[28,15,15,65,59,46,46,46,46,46,46,46,46,46,46,46,60,60,60,60,60,60,60,60,60,60,60,62,64,66,68,68,70,70,44,46,58,58,60,88,88,88,90,82],"gold":10045,"neow_bonus":"ONE_RARE_RELIC","is_daily":false,"chose_seed":false,"campfire_upgraded":3,"win_rate":0.0,"timestamp":1610119718,"path_taken":["M","?","?","$","M","E","M","?","T","?","M","R","$","?","R","BOSS","M","M","?","?","$","E","M","$","T","R","?","E","M","M","R","BOSS","M","?","?","?","BOSS","R","$","E","BOSS"],"items_purchased_type":["Relic","Relic","Relic","Relic","Relic","Relic","Potion","Potion","Potion","Card","Card","Card","Card","Card","Relic","Relic","Relic","Relic","Relic","Card","Potion","Relic","Relic","Relic","Relic","Relic","Potion","Potion","Potion","Card","Relic","Relic","Relic","Relic","Potion","Relic","Relic","Relic","Relic","Relic","Relic","Card"],"build_version":"2020-12-22","purchased_purges":6,"victory":true,"max_hp_per_floor":[65,65,65,65,65,65,65,60,60,60,60,60,60,60,60,60,60,60,60,60,60,60,60,60,60,60,60,62,64,66,68,68,70,70,72,74,86,86,88,88,88,88,90,92],"card_choices":[{"not_picked":["Defy","FastForward","TimeWarp"],"picked":"SKIP","floor":1},{"not_picked":["Rewind+1","Spin","Comet"],"picked":"SKIP","floor":5},{"not_picked":["TimeWarp","MurderousAura"],"picked":"FanOfKnives","floor":6},{"not_picked":["FastForward+1","Replace+1","MoonPhase"],"picked":"SKIP","floor":7},{"not_picked":["DancingSilver+1","DoubleEdge","Spin"],"picked":"SKIP","floor":11},{"not_picked":["Reset+1","LightFlow","SurpressingFire"],"picked":"SKIP","floor":14},{"not_picked":["Duplication+1","LightFlow"],"picked":"FloweringNight","floor":16},{"not_picked":["BestPractice","Replace+1","Desolation","expansioncontent:CaCaw+1"],"picked":"SKIP","floor":18},{"not_picked":["Hightail+1","Spin","Rearm+1","expansioncontent:DefensiveStance"],"picked":"SKIP","floor":19},{"not_picked":["Defy+1","FastForward+1","Revamp+1","Thinking Ahead+1"],"picked":"SKIP","floor":20},{"not_picked":["Secret Weapon","HandOfGreed","Thinking Ahead"],"picked":"REME_MawOfCthun","floor":22},{"not_picked":["REME_BuildACard","Replay:Bootleg Shield Generator","Replay:SS_fish_2"],"picked":"Flash of Steel","floor":22},{"not_picked":["Flash of Steel","expansioncontent:Collect","ReplayTheSpireMod:Private Reserves"],"picked":"Dark Shackles","floor":22},{"not_picked":["ReturningBlade","Solidify+1","Manipulate+1"],"picked":"Panache","floor":23},{"not_picked":["Shuttle+1","BottledTime+1","RealityMarble"],"picked":"conspire:Banana+1","floor":24},{"not_picked":["Starlight","Rewind+1","Replay:SS_fish_1+1"],"picked":"BottledTime+1","floor":28},{"not_picked":["SurpressingFire","InstantArmor+1","Deny+1","expansioncontent:ChargeUp+1"],"picked":"SKIP","floor":29},{"not_picked":["Spin","Starlight","ReplayTheSpireMod:Brewmster"],"picked":"Advance+1","floor":30},{"not_picked":["Unruled","Revamp+1","Rearm+1","expansioncontent:CaCaw"],"picked":"SKIP","floor":31},{"not_picked":["Initiator","TrueSight","expansioncontent:Hexaburn"],"picked":"SoulSculpture","floor":33},{"not_picked":["Starlight+1","Unruled+1","Rewind+1","REME_MagicPocketWatch+1"],"picked":"SKIP","floor":35},{"not_picked":["Potential","DualDimension+1","Spin","Replay:Sssssssssshield+1"],"picked":"SKIP","floor":36},{"not_picked":["Moonlight+1","DoubleEdge","Potential"],"picked":"REME_Flogging","floor":43}],"player_experience":624865,"relics_obtained":[{"floor":6,"key":"Pocketwatch"},{"floor":17,"key":"Akabeko"},{"floor":17,"key":"Boot"},{"floor":23,"key":"Letter Opener"},{"floor":26,"key":"Shuriken"},{"floor":29,"key":"Lantern"},{"floor":37,"key":"Pear"},{"floor":43,"key":"Old Coin"}],"event_choices":[{"damage_healed":0,"gold_gain":0,"player_choice":"Entered Light","damage_taken":13,"max_hp_gain":0,"max_hp_loss":0,"event_name":"Shining Light","floor":2,"gold_loss":0,"cards_upgraded":["Strike_S","Strike_S"]},{"cards_removed":["Defend_S"],"damage_healed":0,"gold_gain":0,"player_choice":"Forget","damage_taken":0,"max_hp_gain":0,"max_hp_loss":0,"event_name":"Living Wall","floor":3,"gold_loss":0},{"damage_healed":0,"gold_gain":0,"player_choice":"Lose Max HP","damage_taken":0,"relics_obtained":["Golden Idol"],"max_hp_gain":0,"max_hp_loss":5,"event_name":"Golden Idol","floor":8,"gold_loss":0},{"damage_healed":0,"gold_gain":175,"player_choice":"AGREE","damage_taken":0,"max_hp_gain":0,"max_hp_loss":0,"event_name":"Liars Game","floor":10,"gold_loss":0,"cards_obtained":["Doubt"]},{"damage_healed":0,"gold_gain":0,"player_choice":"Got Potions","damage_taken":0,"max_hp_gain":0,"max_hp_loss":0,"event_name":"Lab","floor":21,"gold_loss":0},{"damage_healed":0,"gold_gain":0,"player_choice":"Took Portal","damage_taken":0,"max_hp_gain":0,"max_hp_loss":0,"event_name":"SecretPortal","floor":38,"gold_loss":0}],"is_beta":false,"boss_relics":[{"not_picked":["Cursed Key","Replay:Wanted Poster"],"picked":"REME_LowDesire"},{"not_picked":["Painkiller Herb","Kintsugi"],"picked":"Sozu"}],"items_purged_floors":[4,13,13,22,25,42],"is_endless":false,"potions_floor_spawned":[7,11,14,16,18,19,23,28,33,35],"ascension_level":2}}