{"host":"zjc1tzo4ovig5lll","time":1610123428,"event":{"mods":["AchievementEnabler","Aspiration","BaseMod","Beaked The Cultist","Better Altar","Better Match","Better Note","Better Sensory Stone","Colored Map","Colored Powertips","Conspire","Energized Spire","Friendly Minions","GifTheSpireLib","Halation","Hermit","Hubris","Minty Spire (QoL Compilation)","Rare Cards Sparkle","Replay The Spire","StSLib","The Blue Laboratory","The Bug Knight","The Construct","The Jungle","everything is the same but u backflip on backflip","vexMod"],"gold_per_floor":[209,111,130,130,56,91,91,91,91,126,145,145,145,160,160,160,160],"floor_reached":16,"playtime":773,"items_purged":["construct:AttackMode"],"score":186,"play_id":"89cd295d-2638-4edf-8cf4-6b00dfe774c4","local_time":"20210108183028","is_ascension_mode":true,"campfire_choices":[{"data":"construct:Enhance","floor":7.0,"key":"SMITH"},{"data":"construct:Enhance+1","floor":12.0,"key":"SMITH"},{"data":"construct:DefenseMode","floor":15.0,"key":"SMITH"}],"circlet_count":0,"master_deck":["construct:Strike_Gold","construct:Strike_Gold","construct:Strike_Gold+1","construct:Strike_Gold","construct:Strike_Gold","construct:Defend_Gold","construct:Defend_Gold+1","construct:Defend_Gold","construct:Defend_Gold","construct:Defend_Gold+1","construct:DefenseMode+1","construct:Autoturret","construct:ReactiveShield","construct:Enhance+2","construct:SpinDrive+1","construct:Reinforce"],"relics":["construct:ClockworkPhoenix","Simple Rune","Golden Egg","Molten Egg 2"],"acts_visited":["Exordium"],"potions_floor_usage":[],"damage_taken":[{"damage":15.0,"enemies":"Jaw Worm","floor":1.0,"turns":8.0},{"damage":15.0,"enemies":"Small Slimes","floor":3.0,"turns":13.0},{"damage":17.0,"enemies":"3 Sentries","floor":6.0,"turns":16.0},{"damage":0.0,"enemies":"Lagavulin","floor":10.0,"turns":18.0},{"damage":6.0,"enemies":"Cultist","floor":11.0,"turns":6.0},{"damage":5.0,"enemies":"Exordium Wildlife","floor":14.0,"turns":7.0},{"damage":51,"enemies":"Hexaghost","floor":16,"turns":14}],"seed_played":"-6752287792147877744","potions_obtained":[{"floor":14.0,"key":"blueLaboratory:FruitPunch"}],"is_trial":false,"path_per_floor":["M","$","M","?","$","E","R","?","T","E","M","R","?","M","R","B"],"character_chosen":"THE_CONSTRUCT_MOD","items_purchased":["construct:Autoturret","construct:ReactiveShield"],"campfire_rested":0,"item_purchase_floors":[2,5],"current_hp_per_floor":[62,62,47,47,47,30,30,30,30,30,24,24,52,47,47,0,0],"gold":160,"neow_bonus":"HUNDRED_GOLD","is_daily":false,"chose_seed":false,"campfire_upgraded":3,"win_rate":0.0,"timestamp":1610123428,"path_taken":["M","$","M","?","$","E","R","?","T","E","M","R","?","M","R","BOSS"],"items_purchased_type":["Card","Card"],"build_version":"2020-12-22","purchased_purges":1,"victory":false,"max_hp_per_floor":[85,85,85,85,85,85,85,85,85,85,85,85,85,85,85,85,85],"card_choices":[{"not_picked":["construct:Accumulate","construct:ModeShift","construct:ShiftStrike"],"picked":"SKIP","floor":1.0},{"not_picked":["construct:SaveState","construct:CriticalHit","construct:ModeShift"],"picked":"SKIP","floor":3.0},{"not_picked":["construct:Autoturret","construct:Analyze"],"picked":"construct:Enhance","floor":6.0},{"not_picked":["construct:Anticipate","construct:Missile+1","construct:UnbalancingBlast+1"],"picked":"SKIP","floor":10.0},{"not_picked":["construct:ModeShift","construct:Hazardproof"],"picked":"construct:SpinDrive","floor":11.0},{"not_picked":["construct:Accumulate+1","construct:PowerUp+1"],"picked":"construct:Reinforce","floor":14.0}],"player_experience":635790,"relics_obtained":[{"floor":6.0,"key":"Simple Rune"},{"floor":9.0,"key":"Golden Egg"},{"floor":10.0,"key":"Molten Egg 2"}],"event_choices":[{"damage_healed":0.0,"max_hp_gain":0.0,"max_hp_loss":0.0,"gold_gain":0.0,"event_name":"Dead Adventurer","player_choice":"Searched \u00271\u0027 times","floor":8.0,"gold_loss":0.0,"damage_taken":0.0},{"damage_healed":28.0,"max_hp_gain":0.0,"max_hp_loss":0.0,"gold_gain":0.0,"event_name":"Big Fish","player_choice":"Banana","floor":13.0,"gold_loss":0.0,"damage_taken":0.0}],"is_beta":false,"boss_relics":[],"items_purged_floors":[2],"is_endless":false,"potions_floor_spawned":[1,3,6,14],"killed_by":"Hexaghost","ascension_level":8}}