{"host":"qm4rv4rkpk76sbxu","time":1610104871,"event":{"mods":["BaseMod","Bestiary","Block Reminder","Dark Map","DeckTracker","Filter the Spire","Keyboard Shortcuts","Minty Spire (QoL Compilation)","MonsterHotkey","Potion Indicator Mod","Quick Restart","Relic Stats","Slay-I","StSLib","ojb\u0027s Better Paths Mod"],"gold_per_floor":[214,214,214,225,243,268,30,56,94,106,118,148,160,207,219,308,320,352,364,376,403,433,445,496,508,596,331,369,369,389,428,428,428,428],"floor_reached":33,"playtime":1937,"items_purged":[],"score":642,"play_id":"f61079a5-551d-441d-85be-29af526e2270","local_time":"20210108122111","is_ascension_mode":true,"campfire_choices":[{"data":"Malaise","floor":15.0,"key":"SMITH"},{"data":"Eviscerate","floor":23.0,"key":"SMITH"},{"data":"Corpse Explosion","floor":25.0,"key":"SMITH"},{"data":"Malaise","floor":29.0,"key":"SMITH"},{"data":"Footwork","floor":32.0,"key":"SMITH"}],"circlet_count":0,"master_deck":["AscendersBane","Strike_G+1","Strike_G+1","Strike_G+1","Strike_G+1","Defend_G+1","Defend_G+1","Defend_G+1","Defend_G+1","Defend_G+1","Survivor","Neutralize","Crippling Poison","Unload+1","Malaise+1","Poisoned Stab","Eviscerate+1","Dash+1","Malaise+1","Unload","Backflip","Corpse Explosion+1","Tactician+1","Footwork+1"],"relics":["Ring of the Snake","Bag of Preparation","Lee\u0027s Waffle","MawBank","Potion Belt","Ancient Tea Set","HornCleat","Velvet Choker","CeramicFish","Bottled Lightning","Lantern","Whetstone","Snake Skull"],"acts_visited":["Exordium","TheCity"],"potions_floor_usage":[33,33,33,33],"damage_taken":[{"damage":3.0,"enemies":"Cultist","floor":1.0,"turns":5.0},{"damage":0.0,"enemies":"Small Slimes","floor":4.0,"turns":3.0},{"damage":3.0,"enemies":"Jaw Worm","floor":5.0,"turns":4.0},{"damage":24.0,"enemies":"3 Sentries","floor":6.0,"turns":11.0},{"damage":24.0,"enemies":"Gremlin Nob","floor":8.0,"turns":4.0},{"damage":0.0,"enemies":"2 Fungi Beasts","floor":12.0,"turns":4.0},{"damage":6.0,"enemies":"Lagavulin","floor":14.0,"turns":5.0},{"damage":6.0,"enemies":"The Guardian","floor":16.0,"turns":18.0},{"damage":0.0,"enemies":"3 Byrds","floor":18.0,"turns":5.0},{"damage":15.0,"enemies":"Chosen","floor":21.0,"turns":5.0},{"damage":0.0,"enemies":"Centurion and Healer","floor":22.0,"turns":6.0},{"damage":3.0,"enemies":"Gremlin Leader","floor":24.0,"turns":6.0},{"damage":5.0,"enemies":"Slavers","floor":28.0,"turns":3.0},{"damage":0.0,"enemies":"Snecko","floor":30.0,"turns":3.0},{"damage":4.0,"enemies":"Book of Stabbing","floor":31.0,"turns":6.0},{"damage":42,"enemies":"Champ","floor":33,"turns":14}],"seed_played":"-4927350186510759662","potions_obtained":[{"floor":5.0,"key":"Swift Potion"},{"floor":6.0,"key":"SteroidPotion"},{"floor":8.0,"key":"Energy Potion"},{"floor":14.0,"key":"BlessingOfTheForge"},{"floor":22.0,"key":"Weak Potion"},{"floor":28.0,"key":"Swift Potion"},{"floor":30.0,"key":"FearPotion"}],"is_trial":false,"path_per_floor":["M","?","?","M","M","E","$","E","T","?","?","M","$","E","R","B",null,"M","?","?","M","M","R","E","R","T","$","E","R","M","E","R","B"],"character_chosen":"THE_SILENT","items_purchased":["Lee\u0027s Waffle","LiquidMemories","Lantern","BlessingOfTheForge","Dexterity Potion"],"campfire_rested":0,"item_purchase_floors":[7,7,27,27,27],"current_hp_per_floor":[56,56,56,56,53,29,73,49,49,54,28,28,28,22,22,16,63,63,63,63,48,48,48,45,45,45,45,40,40,40,36,36,0,0],"gold":428,"neow_bonus":"HUNDRED_GOLD","is_daily":false,"chose_seed":false,"campfire_upgraded":5,"win_rate":0.0,"timestamp":1610104871,"path_taken":["M","?","?","M","?","E","$","E","T","?","?","M","?","E","R","BOSS","M","?","?","?","M","R","E","R","T","$","E","R","M","E","R","BOSS"],"items_purchased_type":["Relic","Potion","Relic","Potion","Potion"],"build_version":"2020-12-22","purchased_purges":0,"victory":false,"max_hp_per_floor":[66,66,66,66,66,66,73,73,73,78,78,78,78,78,78,78,78,78,78,78,78,78,78,78,78,78,78,78,78,78,78,78,78,78],"relic_stats":{"Lee\u0027s Waffle":44,"counters":[16,102],"CeramicFish":27,"Snake Skull":[8],"Bag of Preparation":[24],"Whetstone":["Unload","Dash"],"MawBank":228,"obtain_stats":[{"Potion Belt":9,"Lee\u0027s Waffle":7,"Lantern":27,"CeramicFish":24,"Velvet Choker":17,"Snake Skull":31,"Bag of Preparation":6,"Whetstone":28,"MawBank":8,"Ancient Tea Set":11,"HornCleat":14,"Bottled Lightning":26,"Ring of the Snake":0},{"Potion Belt":5,"Lee\u0027s Waffle":4,"Lantern":12,"CeramicFish":12,"Velvet Choker":8,"Snake Skull":15,"Bag of Preparation":4,"Whetstone":13,"MawBank":5,"Ancient Tea Set":5,"HornCleat":7,"Bottled Lightning":12,"Ring of the Snake":0},{"Potion Belt":27,"Lee\u0027s Waffle":23,"Lantern":76,"CeramicFish":76,"Velvet Choker":54,"Snake Skull":88,"Bag of Preparation":23,"Whetstone":79,"MawBank":27,"Ancient Tea Set":27,"HornCleat":36,"Bottled Lightning":76,"Ring of the Snake":0}],"Ring of the Snake":[32]},"card_choices":[{"not_picked":["Prepared","Slice"],"picked":"Crippling Poison","floor":1.0},{"not_picked":["Dodge and Roll","Acrobatics"],"picked":"Poisoned Stab","floor":4.0},{"not_picked":["Bane","Outmaneuver"],"picked":"Eviscerate","floor":5.0},{"not_picked":["Crippling Poison","Poisoned Stab"],"picked":"Dash","floor":6.0},{"not_picked":["Blade Dance","Riddle With Holes","PiercingWail"],"picked":"SKIP","floor":8.0},{"not_picked":["Accuracy","Acrobatics","Riddle With Holes"],"picked":"SKIP","floor":12.0},{"not_picked":["Well Laid Plans","Predator"],"picked":"Malaise","floor":14.0},{"not_picked":["Grand Finale","Bullet Time"],"picked":"Unload","floor":16.0},{"not_picked":["Choke","Heel Hook"],"picked":"Backflip","floor":18.0},{"not_picked":["Prepared","Riddle With Holes","Noxious Fumes"],"picked":"SKIP","floor":21.0},{"not_picked":["Flying Knee+1","Blade Dance","Sucker Punch"],"picked":"SKIP","floor":22.0},{"not_picked":["Deflect","Quick Slash"],"picked":"Corpse Explosion","floor":24.0},{"not_picked":["Quick Slash","Dagger Spray"],"picked":"Tactician+1","floor":28.0},{"not_picked":["Choke","Dash","Masterful Stab"],"picked":"SKIP","floor":30.0},{"not_picked":["Sucker Punch","Flying Knee"],"picked":"Footwork","floor":31.0}],"player_experience":1238308,"relics_obtained":[{"floor":6.0,"key":"Bag of Preparation"},{"floor":8.0,"key":"MawBank"},{"floor":9.0,"key":"Potion Belt"},{"floor":14.0,"key":"HornCleat"},{"floor":24.0,"key":"CeramicFish"},{"floor":26.0,"key":"Bottled Lightning"},{"floor":28.0,"key":"Whetstone"},{"floor":31.0,"key":"Snake Skull"}],"event_choices":[{"damage_healed":0.0,"max_hp_gain":0.0,"max_hp_loss":0.0,"gold_gain":0.0,"cards_transformed":["Strike_G"],"event_name":"Living Wall","player_choice":"Change","floor":2.0,"gold_loss":0.0,"damage_taken":0.0,"cards_obtained":["Unload"]},{"damage_healed":0.0,"max_hp_gain":0.0,"max_hp_loss":0.0,"gold_gain":0.0,"event_name":"Match and Keep!","player_choice":"1 cards matched","floor":3.0,"gold_loss":0.0,"damage_taken":0.0,"cards_obtained":["Malaise"]},{"damage_healed":0.0,"max_hp_gain":5.0,"max_hp_loss":0.0,"gold_gain":0.0,"event_name":"Big Fish","player_choice":"Donut","floor":10.0,"gold_loss":0.0,"damage_taken":0.0},{"damage_healed":0.0,"max_hp_gain":0.0,"max_hp_loss":0.0,"gold_gain":0.0,"event_name":"Scrap Ooze","player_choice":"Success","floor":11.0,"gold_loss":0.0,"damage_taken":26.0,"relics_obtained":["Ancient Tea Set"]},{"damage_healed":0.0,"max_hp_gain":0.0,"max_hp_loss":0.0,"gold_gain":0.0,"event_name":"Back to Basics","player_choice":"Simplicity","floor":19.0,"gold_loss":0.0,"damage_taken":0.0,"cards_upgraded":["Strike_G","Strike_G","Strike_G","Strike_G","Defend_G","Defend_G","Defend_G","Defend_G","Defend_G"]},{"damage_healed":0.0,"max_hp_gain":0.0,"max_hp_loss":0.0,"gold_gain":0.0,"event_name":"Vampires","player_choice":"Ignored","floor":20.0,"gold_loss":0.0,"damage_taken":0.0}],"is_beta":false,"boss_relics":[{"not_picked":["SlaversCollar","Astrolabe"],"picked":"Velvet Choker"}],"items_purged_floors":[],"is_endless":false,"potions_floor_spawned":[5,6,8,14,22,28,30],"killed_by":"Champ","ascension_level":20}}