{"host":"j3h0p3l2xgzxhnx7","time":1610113356,"event":{"mods":["BaseMod","Luminous","Marisa????????","Minty Spire (QoL Compilation)","Remilia??????","StSLib","The Bug Knight","The Cursed","The Servant 0.9.4"],"gold_per_floor":[112,131,147,219,231,259,259,294,347,347,377,406,33,63,63,165,165,185,201,214,233,233,233,263,263,263,274,274,274,307,325,325,428,428,441,460,476,493,86,117,117,135,204,79,92,92,107,134,134,134],"floor_reached":51,"playtime":2806,"items_purged":["Strike_G","Normality","Normality"],"score":1022,"play_id":"4663068d-2d68-4a69-8639-dced57c5b2c6","local_time":"20210108214236","is_ascension_mode":true,"campfire_choices":[{"floor":7,"key":"REST"},{"data":"Dash","floor":10,"key":"SMITH"},{"data":"Backflip","floor":15,"key":"SMITH"},{"data":"Adrenaline","floor":23,"key":"SMITH"},{"floor":25,"key":"REST"},{"data":"Distraction","floor":32,"key":"SMITH"},{"data":"Neutralize","floor":41,"key":"SMITH"},{"data":"Noxious Fumes","floor":46,"key":"SMITH"},{"data":"After Image","floor":49,"key":"SMITH"}],"circlet_count":0,"master_deck":["Strike_G+1","Strike_G","Strike_G","Strike_G","Defend_G","Defend_G","Defend_G","Defend_G","Defend_G","Survivor","Neutralize+1","Dash+1","Quick Slash","Backflip","Die Die Die+1","Predator","After Image+1","Backflip+1","Masterful Stab","Sucker Punch","Adrenaline+1","Noxious Fumes+1","Deadly Poison+1","Expertise","Leg Sweep+1","Writhe","Poisoned Stab","Dagger Throw+1","Prepared","Parasite","Distraction+1","Bane+1","Die Die Die","Catalyst+1","Prepared","Escape Plan+1","Calculated Gamble+1","Underhanded Strike+1"],"relics":["Black Star","Happy Flower","HollowMod:StagPassRelic","Whetstone","Bag of Marbles","ScarletDevilRocket","Snake Skull","Oddly Smooth Stone","Odd Mushroom","Sling","Orichalcum","Letter Opener","Dream Catcher","Cursed Key","Juzu Bracelet","TungstenRod","Thread and Needle","InkBottle","Ninja Scroll","Ancient Tea Set","FossilizedHelix","Busted Crown","TwistedFunnel","Strawberry","Meat on the Bone","Lantern","Sundial","Mango","Kunai"],"acts_visited":["Exordium","TheCity","TheBeyond"],"potions_floor_usage":[6,6,16,16,16,31,33,35,50,50],"damage_taken":[{"damage":1,"enemies":"Jaw Worm","floor":1,"turns":7},{"damage":0,"enemies":"2 Louse","floor":2,"turns":3},{"damage":0,"enemies":"Small Slimes","floor":3,"turns":4},{"damage":0,"enemies":"Blue Slaver","floor":5,"turns":5},{"damage":26,"enemies":"HollowMod:MossKnight","floor":6,"turns":29},{"damage":5,"enemies":"3 Sentries","floor":8,"turns":7},{"damage":6,"enemies":"Lagavulin","floor":11,"turns":7},{"damage":0,"enemies":"The Mushroom Lair","floor":12,"turns":3},{"damage":0,"enemies":"HollowMod:MossKnight","floor":14,"turns":4},{"damage":11,"enemies":"Slime Boss","floor":16,"turns":11},{"damage":1,"enemies":"Spheric Guardian","floor":18,"turns":3},{"damage":0,"enemies":"Chosen","floor":19,"turns":3},{"damage":9,"enemies":"3 Cultists","floor":20,"turns":3},{"damage":5,"enemies":"Snecko","floor":21,"turns":4},{"damage":6,"enemies":"Slavers","floor":24,"turns":6},{"damage":0,"enemies":"Centurion and Healer","floor":27,"turns":5},{"damage":5,"enemies":"Book of Stabbing","floor":30,"turns":5},{"damage":0,"enemies":"Sentry and Sphere","floor":31,"turns":4},{"damage":42,"enemies":"Champ","floor":33,"turns":9},{"damage":0,"enemies":"3 Darklings","floor":35,"turns":1},{"damage":0,"enemies":"3 Shapes","floor":36,"turns":1},{"damage":0,"enemies":"Writhing Mass","floor":37,"turns":5},{"damage":0,"enemies":"4 Shapes","floor":38,"turns":3},{"damage":0,"enemies":"HollowMod:StalkingDevout","floor":40,"turns":3},{"damage":0,"enemies":"Maw","floor":42,"turns":6},{"damage":0,"enemies":"Sphere and 2 Shapes","floor":45,"turns":3},{"damage":0,"enemies":"Jaw Worm Horde","floor":47,"turns":2},{"damage":0,"enemies":"Nemesis","floor":48,"turns":4},{"damage":0,"enemies":"Donu and Deca","floor":50,"turns":10}],"seed_played":"576399777161375976","potions_obtained":[{"floor":2,"key":"Weak Potion"},{"floor":5,"key":"SteroidPotion"},{"floor":6,"key":"Ancient Potion"},{"floor":11,"key":"Fruit Juice"},{"floor":14,"key":"Strength Potion"},{"floor":27,"key":"BlessingOfTheForge"},{"floor":30,"key":"BlessingOfTheForge"},{"floor":31,"key":"FearPotion"},{"floor":33,"key":"Block Potion"},{"floor":36,"key":"Energy Potion"},{"floor":38,"key":"Swift Potion"}],"is_trial":false,"path_per_floor":["M","M","M","?","M","E","R","E","T","R","E","?","$","E","R","B",null,"M","M","M","M","?","R","E","R","T","M","?","T","E","M","R","B",null,"M","M","M","M","$","E","R","M","T","$","M","R","M","E","R","B",null],"character_chosen":"THE_SILENT","items_purchased":["Sling","Orichalcum","TwistedFunnel","Strawberry"],"campfire_rested":2,"item_purchase_floors":[13,13,39,39],"current_hp_per_floor":[69,69,69,69,69,43,64,59,59,59,53,53,53,53,53,47,75,74,74,65,60,60,60,54,75,75,75,75,75,70,70,70,28,75,75,75,75,75,82,82,82,82,82,82,82,82,82,96,96,96],"gold":134,"neow_bonus":"BOSS_RELIC","is_daily":false,"chose_seed":false,"campfire_upgraded":7,"win_rate":0.0,"timestamp":1610113356,"path_taken":["M","M","M","?","M","E","R","E","T","R","E","?","$","E","R","BOSS","M","M","M","M","?","R","E","R","T","M","?","?","E","M","R","BOSS","M","M","M","M","$","E","R","M","T","$","M","R","M","E","R","BOSS"],"items_purchased_type":["Relic","Relic","Relic","Relic"],"build_version":"2020-12-22","purchased_purges":3,"victory":true,"max_hp_per_floor":[70,70,70,70,70,70,70,70,70,70,70,70,70,70,70,75,75,75,75,75,75,75,75,75,75,75,75,75,75,75,75,75,75,75,75,75,75,75,82,82,82,82,82,82,82,82,82,96,96,96],"card_choices":[{"not_picked":["Deadly Poison","Finisher"],"picked":"Dash","floor":1},{"not_picked":["Underhanded Strike","Escape Plan"],"picked":"Quick Slash","floor":2},{"not_picked":["Dagger Throw","Masterful Stab"],"picked":"Backflip","floor":3},{"not_picked":["Deflect","Flying Knee"],"picked":"Die Die Die","floor":5},{"not_picked":["Escape Plan","Prepared"],"picked":"Predator","floor":6},{"not_picked":["Poisoned Stab","Terror"],"picked":"After Image","floor":8},{"not_picked":["Doppelganger","Underhanded Strike"],"picked":"Backflip","floor":11},{"not_picked":["Backflip","Well Laid Plans"],"picked":"Masterful Stab","floor":12},{"not_picked":["Slice","Riddle With Holes"],"picked":"Sucker Punch","floor":14},{"not_picked":["Doppelganger","Unload"],"picked":"Adrenaline","floor":16},{"not_picked":["Blade Dance","Footwork"],"picked":"Noxious Fumes","floor":18},{"not_picked":["Dagger Throw","Quick Slash+1"],"picked":"Deadly Poison+1","floor":19},{"not_picked":["Eviscerate","Deadly Poison"],"picked":"Expertise","floor":20},{"not_picked":["Noxious Fumes+1","Finisher+1"],"picked":"Leg Sweep+1","floor":21},{"not_picked":["Reflex","Choke+1"],"picked":"Poisoned Stab","floor":24},{"not_picked":["Sucker Punch","Dodge and Roll"],"picked":"Dagger Throw+1","floor":27},{"not_picked":["Dagger Throw","Bullet Time"],"picked":"Distraction","floor":30},{"not_picked":["Slice+1","Bouncing Flask"],"picked":"Bane+1","floor":31},{"not_picked":["Doppelganger","Burst"],"picked":"Die Die Die","floor":33},{"not_picked":["Flechettes+1"],"picked":"SKIP","floor":35},{"not_picked":[],"picked":"Catalyst+1","floor":36},{"not_picked":[],"picked":"Prepared","floor":37},{"not_picked":[],"picked":"Escape Plan+1","floor":38},{"not_picked":["Deflect+1"],"picked":"SKIP","floor":40},{"not_picked":["Underhanded Strike"],"picked":"SKIP","floor":42},{"not_picked":[],"picked":"Calculated Gamble+1","floor":45},{"not_picked":[],"picked":"Underhanded Strike+1","floor":47},{"not_picked":["After Image"],"picked":"SKIP","floor":48}],"player_experience":105231,"relics_obtained":[{"floor":6,"key":"Happy Flower"},{"floor":6,"key":"HollowMod:StagPassRelic"},{"floor":8,"key":"Whetstone"},{"floor":8,"key":"Bag of Marbles"},{"floor":9,"key":"ScarletDevilRocket"},{"floor":11,"key":"Snake Skull"},{"floor":11,"key":"Oddly Smooth Stone"},{"floor":12,"key":"Odd Mushroom"},{"floor":14,"key":"Letter Opener"},{"floor":14,"key":"Dream Catcher"},{"floor":24,"key":"TungstenRod"},{"floor":24,"key":"Thread and Needle"},{"floor":26,"key":"InkBottle"},{"floor":29,"key":"Ninja Scroll"},{"floor":30,"key":"Ancient Tea Set"},{"floor":30,"key":"FossilizedHelix"},{"floor":40,"key":"Meat on the Bone"},{"floor":40,"key":"Lantern"},{"floor":43,"key":"Sundial"},{"floor":48,"key":"Mango"},{"floor":48,"key":"Kunai"}],"event_choices":[{"damage_healed":0,"gold_gain":72,"player_choice":"Gained Gold","damage_taken":0,"max_hp_gain":0,"max_hp_loss":0,"event_name":"Golden Wing","floor":4,"gold_loss":0},{"damage_healed":0,"gold_gain":0,"player_choice":"Fought Mushrooms","damage_taken":0,"max_hp_gain":0,"max_hp_loss":0,"event_name":"Mushrooms","floor":12,"gold_loss":0},{"damage_healed":0,"gold_gain":0,"player_choice":"Opened","damage_taken":0,"relics_obtained":["Juzu Bracelet"],"max_hp_gain":0,"max_hp_loss":0,"event_name":"The Mausoleum","floor":22,"gold_loss":0,"cards_obtained":["Writhe"]},{"damage_healed":0,"gold_gain":0,"player_choice":"Read","damage_taken":0,"max_hp_gain":0,"max_hp_loss":0,"event_name":"The Library","floor":28,"gold_loss":0,"cards_obtained":["Prepared"]}],"is_beta":false,"boss_relics":[{"not_picked":["Sozu","Coffee Dripper"],"picked":"Cursed Key"},{"not_picked":["Calling Bell","Philosopher\u0027s Stone"],"picked":"Busted Crown"}],"items_purged_floors":[13,39,44],"is_endless":false,"potions_floor_spawned":[2,5,6,11,14,27,30,31,33,36,38,40,42],"ascension_level":1}}