{"host":"svwqvw2il1zfkkg0","time":1610138209,"event":{"mods":["AchievementEnabler","BaseMod","BetterRewards","Colored Map","Colored Powertips","Custom Start","Downfall","GifTheSpireLib","Highlight Path","Hubris","Infinite Spire","Minty Spire (QoL Compilation)","Quick Restart","Replay The Spire","Shop Mod","StSLib","SuperFastMode"],"gold_per_floor":[217,145,162,20,31,31,62,237,289,309,325,325,325,24,24,149,149,184,144,185,40,240,306,351,351,430,430,430,430,25,74,74,116,116],"floor_reached":33,"playtime":1079,"items_purged":["Doubt"],"score":288,"play_id":"2b088787-9cd6-4ab5-9287-6531f3ffbf1a","local_time":"20210108123649","is_ascension_mode":false,"campfire_choices":[{"data":"Die Die Die","floor":6,"key":"SMITH"},{"floor":13,"key":"REST"},{"data":"Infinite Blades","floor":15,"key":"SMITH"},{"floor":25,"key":"REST"},{"floor":29,"key":"REST"},{"floor":32,"key":"REST"}],"circlet_count":0,"master_deck":["Strike_G","Strike_G","Strike_G","Strike_G","Strike_G","Defend_G","Defend_G","Defend_G","Defend_G","Defend_G","Survivor","Neutralize","Cloak And Dagger","Infinite Blades+1","Sucker Punch","Die Die Die+1","Slice","Sucker Punch","Burst","Cloak And Dagger","Endless Agony","Backstab","Deflect"],"relics":["Ring of the Snake","Nunchaku","ReplayTheSpireMod:TigerMarble","Replay:Bandana","hubris:SlimyHat","Lee\u0027s Waffle","ChewingGum","Boot","Ninja Scroll","hubris:CuriousFeather","TwistedFunnel","ReplayTheSpireMod:Ninjato"],"acts_visited":["Exordium","TheCity"],"potions_floor_usage":[16,23,24,24,33],"damage_taken":[{"damage":1,"enemies":"Cultist","floor":1,"turns":4},{"damage":1,"enemies":"Small Slimes","floor":3,"turns":4},{"damage":2,"enemies":"Jaw Worm","floor":5,"turns":3},{"damage":14,"enemies":"Replay:BlueRogue","floor":7,"turns":7},{"damage":2,"enemies":"Blue Slaver","floor":10,"turns":4},{"damage":6,"enemies":"Exordium Thugs","floor":11,"turns":4},{"damage":16,"enemies":"Slime Boss","floor":16,"turns":14},{"damage":9,"enemies":"Chosen","floor":18,"turns":6},{"damage":20,"enemies":"2 Thieves","floor":20,"turns":5},{"damage":42,"enemies":"Gremlin Leader","floor":23,"turns":6},{"damage":0,"enemies":"3 Cultists","floor":24,"turns":4},{"damage":9,"enemies":"Centurion and Healer","floor":31,"turns":3},{"damage":28,"enemies":"Champ","floor":33,"turns":13}],"seed_played":"-4763907791986812075","potions_obtained":[{"floor":1,"key":"FearPotion"},{"floor":7,"key":"SpeedPotion"},{"floor":10,"key":"GhostInAJar"},{"floor":19,"key":"EssenceOfSteel"},{"floor":19,"key":"GhostInAJar"}],"is_trial":false,"path_per_floor":["M","$","M","$","M","R","E","?","T","M","M","?","R","$","R","B",null,"M","?","M","$","?","E","M","R","T","AVR","?","R","$","M","R","B"],"character_chosen":"THE_SILENT","items_purchased":["Infinite Blades","Die Die Die","hubris:SlimyHat","Lee\u0027s Waffle","Endless Agony","TwistedFunnel","ReplayTheSpireMod:Ninjato"],"campfire_rested":4,"item_purchase_floors":[2,4,14,14,21,30,30],"current_hp_per_floor":[69,69,68,68,66,66,52,52,52,50,44,44,65,77,77,61,77,68,68,48,48,48,6,6,29,29,29,29,52,52,43,66,38,38],"gold":116,"neow_bonus":"HUNDRED_GOLD","is_daily":false,"chose_seed":false,"campfire_upgraded":2,"win_rate":0.0,"timestamp":1610138209,"path_taken":["M","?","M","$","M","R","E","?","T","M","M","?","R","$","R","BOSS","M","?","M","?","?","E","?","R","T","AVR","?","R","$","M","R","BOSS"],"items_purchased_type":["Card","Card","Relic","Relic","Card","Relic","Relic"],"build_version":"2020-12-22","purchased_purges":1,"victory":false,"max_hp_per_floor":[70,70,70,70,70,70,70,70,70,70,70,70,70,77,77,77,77,77,77,77,77,77,77,77,77,77,77,77,77,77,77,77,77,77],"card_choices":[{"not_picked":["Underhanded Strike","PiercingWail"],"picked":"Cloak And Dagger","floor":1},{"not_picked":["Bane","hubris:SlightOfHand"],"picked":"Sucker Punch","floor":3},{"not_picked":["Distraction","Replay:Poison Smokescreen","Skewer"],"picked":"SKIP","floor":5},{"not_picked":["Blur","Bane"],"picked":"Slice","floor":7},{"not_picked":["Dagger Throw","PiercingWail"],"picked":"Sucker Punch","floor":10},{"not_picked":["Backflip","Dodge and Roll","Expertise"],"picked":"SKIP","floor":11},{"not_picked":["infinitespire:Neurotoxin","Doppelganger"],"picked":"Burst","floor":16},{"not_picked":["Prepared","Deadly Poison+1"],"picked":"Cloak And Dagger","floor":18},{"not_picked":["Hidden Blade","Deadly Poison","Underhanded Strike"],"picked":"SKIP","floor":20},{"not_picked":["Sucker Punch","Bane+1"],"picked":"Backstab","floor":23},{"not_picked":["Slice","Blur","ReplayTheSpireMod:The Works"],"picked":"SKIP","floor":24},{"not_picked":["Backflip","Deadly Poison+1"],"picked":"Deflect","floor":31}],"player_experience":467977,"relics_obtained":[{"floor":7,"key":"Nunchaku"},{"floor":9,"key":"ReplayTheSpireMod:TigerMarble"},{"floor":12,"key":"Replay:Bandana"},{"floor":23,"key":"Boot"},{"floor":26,"key":"Ninja Scroll"}],"event_choices":[{"damage_healed":0,"gold_gain":175,"player_choice":"AGREE","damage_taken":0,"max_hp_gain":0,"max_hp_loss":0,"event_name":"Liars Game","floor":8,"gold_loss":0,"cards_obtained":["Doubt"]},{"damage_healed":0,"gold_gain":0,"player_choice":"Bought 3 Potions","damage_taken":0,"max_hp_gain":0,"max_hp_loss":0,"event_name":"The Woman in Blue","floor":19,"gold_loss":0},{"damage_healed":0,"gold_gain":200,"player_choice":"Gold","damage_taken":0,"max_hp_gain":0,"max_hp_loss":0,"event_name":"Wheel of Change","floor":22,"gold_loss":0},{"damage_healed":0,"gold_gain":0,"player_choice":"Ignored","damage_taken":0,"max_hp_gain":0,"max_hp_loss":0,"event_name":"Cursed Tome","floor":28,"gold_loss":0}],"is_beta":false,"boss_relics":[{"not_picked":["hubris:TerracottaHorce","Pandora\u0027s Box"],"picked":"ChewingGum"}],"items_purged_floors":[21],"is_endless":false,"potions_floor_spawned":[1,7,10],"killed_by":"Champ","ascension_level":0}}