{"host":"Zion","time":1610097687,"event":{"mods":["AchievementEnabler","BaseMod","Colored Map","DeckTracker","Minty Spire (QoL Compilation)","Rare Cards Sparkle"],"gold_per_floor":[15,32,32,42,59,159,159,173,220,254,254,254,267,296,296,392,392,403,328,328,228,248,248,248,248,293,293,326,338,263,275,275,378,378,390,231,231,247,97,128,147,147,147,165,181,181,181,201,201,201],"floor_reached":51,"playtime":2924,"items_purged":["Strike_G","Defend_G","Strike_G","Defend_G"],"score":993,"play_id":"dfd08c11-a78e-43da-99df-584793a2ce25","local_time":"20210108182127","is_ascension_mode":true,"campfire_choices":[{"data":"Poisoned Stab","floor":7.0,"key":"SMITH"},{"data":"Backflip","floor":11.0,"key":"SMITH"},{"data":"Footwork","floor":15.0,"key":"SMITH"},{"data":"Calculated Gamble","floor":23.0,"key":"SMITH"},{"data":"Footwork","floor":25.0,"key":"SMITH"},{"data":"Neutralize","floor":27.0,"key":"SMITH"},{"floor":32.0,"key":"REST"},{"data":"Tactician","floor":46.0,"key":"SMITH"},{"data":"Venomology","floor":49,"key":"SMITH"}],"circlet_count":0,"master_deck":["Defend_G+1","Survivor+1","Neutralize+1","Backflip+1","Poisoned Stab+1","Escape Plan","Footwork+1","Corpse Explosion+1","Footwork+1","Calculated Gamble+1","Dagger Throw+1","Venomology+1","Tactician+1","Eviscerate","After Image","Backflip+1"],"relics":["Ring of the Snake","Bag of Marbles","Mercury Hourglass","War Paint","HoveringKite","Sundial","Art of War","Shuriken","Cursed Key","Eternal Feather","Orichalcum"],"acts_visited":["Exordium","TheCity","TheBeyond"],"potions_floor_usage":[48,50],"damage_taken":[{"damage":0.0,"enemies":"2 Louse","floor":1.0,"turns":4.0},{"damage":3.0,"enemies":"Jaw Worm","floor":2.0,"turns":6.0},{"damage":0.0,"enemies":"Cultist","floor":4.0,"turns":3.0},{"damage":4.0,"enemies":"3 Louse","floor":5.0,"turns":5.0},{"damage":2.0,"enemies":"Gremlin Gang","floor":8.0,"turns":7.0},{"damage":17.0,"enemies":"Gremlin Nob","floor":10.0,"turns":4.0},{"damage":0.0,"enemies":"Lots of Slimes","floor":13.0,"turns":2.0},{"damage":0.0,"enemies":"Lagavulin","floor":14.0,"turns":5.0},{"damage":25.0,"enemies":"Slime Boss","floor":16.0,"turns":12.0},{"damage":1.0,"enemies":"Chosen","floor":18.0,"turns":4.0},{"damage":8.0,"enemies":"2 Thieves","floor":22.0,"turns":4.0},{"damage":15.0,"enemies":"Slavers","floor":28.0,"turns":3.0},{"damage":0.0,"enemies":"Chosen and Byrds","floor":29.0,"turns":5.0},{"damage":7.0,"enemies":"Snake Plant","floor":31.0,"turns":3.0},{"damage":29.0,"enemies":"Champ","floor":33.0,"turns":11.0},{"damage":1.0,"enemies":"3 Shapes","floor":35.0,"turns":3.0},{"damage":2.0,"enemies":"Orb Walker","floor":38.0,"turns":3.0},{"damage":0.0,"enemies":"Reptomancer","floor":40.0,"turns":5.0},{"damage":0.0,"enemies":"Maw","floor":41.0,"turns":5.0},{"damage":0.0,"enemies":"Sphere and 2 Shapes","floor":44.0,"turns":3.0},{"damage":0.0,"enemies":"Spire Growth","floor":45.0,"turns":3.0},{"damage":0,"enemies":"4 Shapes","floor":48,"turns":3},{"damage":0,"enemies":"Donu and Deca","floor":50,"turns":3}],"seed_played":"-4525833445117704920","potions_obtained":[{"floor":4.0,"key":"Dexterity Potion"},{"floor":8.0,"key":"SkillPotion"},{"floor":10.0,"key":"Explosive Potion"},{"floor":14.0,"key":"Explosive Potion"},{"floor":29.0,"key":"FearPotion"},{"floor":35.0,"key":"PowerPotion"},{"floor":41.0,"key":"Poison Potion"}],"is_trial":false,"path_per_floor":["M","M","?","M","M","?","R","M","T","E","R","?","M","E","R","B",null,"M","$","T","$","M","R","?","R","T","R","E","M","?","M","R","B",null,"M","$","?","M","$","E","M","?","T","M","M","R","T","M","R","B",null],"character_chosen":"THE_SILENT","items_purchased":["Tactician"],"campfire_rested":1,"item_purchase_floors":[36],"current_hp_per_floor":[70,67,67,67,63,63,63,61,61,44,44,44,44,44,44,19,70,69,69,69,69,61,61,61,61,61,61,46,46,46,39,60,31,70,69,69,69,67,67,67,67,66,66,66,66,66,66,66,66,66],"gold":201,"neow_bonus":"REMOVE_TWO","is_daily":false,"chose_seed":false,"campfire_upgraded":8,"win_rate":0.0,"timestamp":1610097687,"path_taken":["M","M","?","M","M","?","R","?","T","E","R","?","?","E","R","BOSS","M","$","?","$","M","R","?","R","T","R","E","?","?","M","R","BOSS","M","$","?","M","$","E","?","?","T","M","M","R","?","M","R","BOSS"],"items_purchased_type":["Card"],"build_version":"2020-12-18","purchased_purges":4,"victory":true,"max_hp_per_floor":[70,70,70,70,70,70,70,70,70,70,70,70,70,70,70,70,70,70,70,70,70,70,70,70,70,70,70,70,70,70,70,70,70,70,70,70,70,70,70,70,70,66,66,66,66,66,66,66,66,66],"card_choices":[{"not_picked":["Acrobatics","Blur"],"picked":"Backflip","floor":1.0},{"not_picked":["Cloak And Dagger","Escape Plan"],"picked":"Poisoned Stab","floor":2.0},{"not_picked":["Caltrops","Sucker Punch"],"picked":"Escape Plan","floor":4.0},{"not_picked":["Bane","Poisoned Stab","Sucker Punch"],"picked":"SKIP","floor":5.0},{"not_picked":["Bane","Slice","Predator"],"picked":"SKIP","floor":8.0},{"not_picked":["Poisoned Stab","Blur","Deflect"],"picked":"SKIP","floor":10.0},{"not_picked":["Deadly Poison","Bane"],"picked":"Footwork","floor":13.0},{"not_picked":["Finisher","Deflect","Distraction"],"picked":"SKIP","floor":14.0},{"not_picked":["Bullet Time","Burst"],"picked":"Corpse Explosion","floor":16.0},{"not_picked":["Dodge and Roll+1","Dagger Spray+1"],"picked":"Footwork","floor":18.0},{"not_picked":["Quick Slash+1","Phantasmal Killer"],"picked":"Calculated Gamble","floor":22.0},{"not_picked":["Underhanded Strike","Dodge and Roll+1","Caltrops"],"picked":"SKIP","floor":28.0},{"not_picked":["Dagger Throw","Slice","Underhanded Strike+1"],"picked":"SKIP","floor":29.0},{"not_picked":["All Out Attack+1","Dash"],"picked":"Dagger Throw+1","floor":31.0},{"not_picked":["Storm of Steel","Unload"],"picked":"Venomology","floor":33.0},{"not_picked":["Sucker Punch+1","Slice","Quick Slash"],"picked":"SKIP","floor":35.0},{"not_picked":["Bane+1","Underhanded Strike+1","Dagger Spray"],"picked":"SKIP","floor":38.0},{"not_picked":["Storm of Steel","Riddle With Holes+1","Dodge and Roll"],"picked":"SKIP","floor":40.0},{"not_picked":["Footwork","Poisoned Stab"],"picked":"Eviscerate","floor":41.0},{"not_picked":["Dagger Spray+1","Poisoned Stab+1"],"picked":"After Image","floor":44.0},{"not_picked":["Distraction","Footwork+1"],"picked":"Backflip+1","floor":45.0},{"not_picked":["Backstab+1","Dagger Throw","Predator"],"picked":"SKIP","floor":48}],"player_experience":211734,"relics_obtained":[{"floor":9.0,"key":"Bag of Marbles"},{"floor":10.0,"key":"Mercury Hourglass"},{"floor":14.0,"key":"War Paint"},{"floor":20.0,"key":"Sundial"},{"floor":26.0,"key":"Art of War"},{"floor":28.0,"key":"Shuriken"},{"floor":37.0,"key":"Eternal Feather"},{"floor":40.0,"key":"Orichalcum"}],"event_choices":[{"cards_removed":["Strike_G"],"damage_healed":0.0,"max_hp_gain":0.0,"max_hp_loss":0.0,"gold_gain":0.0,"event_name":"Living Wall","player_choice":"Forget","floor":3.0,"gold_loss":0.0,"damage_taken":0.0},{"damage_healed":0.0,"max_hp_gain":0.0,"max_hp_loss":0.0,"gold_gain":100.0,"event_name":"Golden Shrine","player_choice":"Pray","floor":6.0,"gold_loss":0.0,"damage_taken":0.0},{"cards_removed":["Defend_G"],"damage_healed":0.0,"max_hp_gain":0.0,"max_hp_loss":0.0,"gold_gain":0.0,"event_name":"Bonfire Elementals","player_choice":"Offered Basic","floor":12.0,"gold_loss":0.0,"damage_taken":0.0},{"damage_healed":0.0,"max_hp_gain":0.0,"max_hp_loss":0.0,"gold_gain":0.0,"event_name":"Accursed Blacksmith","player_choice":"Forge","floor":24.0,"gold_loss":0.0,"damage_taken":0.0,"cards_upgraded":["Corpse Explosion"]},{"cards_removed":["Strike_G"],"damage_healed":0.0,"max_hp_gain":0.0,"max_hp_loss":0.0,"gold_gain":0.0,"event_name":"Beggar","player_choice":"Gave Gold","floor":30.0,"gold_loss":75.0,"damage_taken":0.0},{"damage_healed":0.0,"max_hp_gain":0.0,"max_hp_loss":0.0,"gold_gain":0.0,"event_name":"Wheel of Change","player_choice":"Relic","floor":37.0,"gold_loss":0.0,"damage_taken":0.0},{"damage_healed":0.0,"max_hp_gain":0.0,"max_hp_loss":4.0,"gold_gain":0.0,"event_name":"Winding Halls","player_choice":"Max HP","floor":42.0,"gold_loss":0.0,"damage_taken":0.0}],"is_beta":true,"boss_relics":[{"not_picked":["Astrolabe","Pandora\u0027s Box"],"picked":"HoveringKite"},{"not_picked":["Runic Dome","Busted Crown"],"picked":"Cursed Key"}],"items_purged_floors":[19,21,36,39],"is_endless":false,"potions_floor_spawned":[4,8,10,13,14,29,31,35,41,44],"ascension_level":4}}