{"host":"xrbutm0tzv4qwo7u","time":1610120489,"event":{"mods":["AchievementEnabler","BaseMod","Colored Powertips","Dark Map","Hermit","Minty Spire (QoL Compilation)","Quick Restart","StSLib","The Cursed","The Marked"],"gold_per_floor":[119,134,151,151,45,80,80,412,412,443,443,473,486,13,13,108,108,121,134,145,145,145,145],"floor_reached":22,"playtime":927,"items_purged":[],"score":330,"play_id":"6e98903b-b6c4-44e2-827e-5b13ff0d70c0","local_time":"20210108094129","daily_mods":["DeadlyEvents","Elite Swarm"],"is_ascension_mode":true,"campfire_choices":[{"floor":7,"key":"REST"},{"floor":11,"key":"REST"},{"floor":15,"key":"REST"}],"circlet_count":0,"master_deck":["Strike_B+1","Strike_B+1","Strike_B+1","Defend_B+1","Defend_B+1","Defend_B+1","Defend_B+1","Zap+1","Dualcast+1","Self Repair","Ball Lightning","Sweeping Beam","Hello World","Consume","Echo Form","Electrodynamics","Meteor Strike","Amplify","Barrage","Redo","Stack","Storm","Fission","Self Repair","Glacier+1","Fusion"],"relics":["Cracked Core","Smiling Mask","Old Coin","Eternal Feather","Tiny Chest","War Paint","FossilizedHelix","Philosopher\u0027s Stone"],"acts_visited":["Exordium","TheCity"],"potions_floor_usage":[13,16,16,22],"damage_taken":[{"damage":1,"enemies":"Cultist","floor":1,"turns":4},{"damage":6,"enemies":"Jaw Worm","floor":2,"turns":4},{"damage":0,"enemies":"2 Louse","floor":3,"turns":2},{"damage":34,"enemies":"Gremlin Nob","floor":6,"turns":4},{"damage":30,"enemies":"3 Sentries","floor":8,"turns":6},{"damage":29,"enemies":"Lagavulin","floor":10,"turns":8},{"damage":26,"enemies":"Gremlin Nob","floor":12,"turns":4},{"damage":19,"enemies":"Blue Slaver","floor":13,"turns":4},{"damage":46,"enemies":"Hexaghost","floor":16,"turns":7},{"damage":0,"enemies":"Chosen","floor":18,"turns":4},{"damage":32,"enemies":"3 Byrds","floor":19,"turns":3},{"damage":30,"enemies":"3 Cultists","floor":20,"turns":4},{"damage":46,"enemies":"Chosen and Byrds","floor":22,"turns":5}],"seed_played":"5590744261812737142","potions_obtained":[{"floor":1,"key":"BlessingOfTheForge"},{"floor":3,"key":"Fire Potion"},{"floor":6,"key":"Ancient Potion"},{"floor":13,"key":"Fruit Juice"},{"floor":19,"key":"FearPotion"},{"floor":20,"key":"Fire Potion"}],"is_trial":true,"path_per_floor":["M","M","M","?","$","E","R","E","T","E","R","E","M","$","R","B",null,"M","M","M","?","M"],"character_chosen":"DEFECT","items_purchased":["Hello World","Consume","Redo","FossilizedHelix","Stack","Storm"],"campfire_rested":3,"item_purchase_floors":[5,5,14,14,14,14],"current_hp_per_floor":[74,75,75,75,75,48,70,47,47,25,56,37,37,37,73,37,80,80,62,39,39,0,0],"gold":145,"neow_bonus":"","is_daily":false,"chose_seed":false,"campfire_upgraded":0,"win_rate":0.0,"timestamp":1610120489,"path_taken":["M","?","?","?","?","E","R","E","T","E","R","E","M","$","R","BOSS","M","M","?","?","M"],"items_purchased_type":["Card","Card","Card","Relic","Card","Card"],"build_version":"2020-12-22","purchased_purges":0,"victory":false,"max_hp_per_floor":[75,75,75,75,75,75,75,75,75,75,75,75,80,80,80,80,80,80,80,80,80,80,80],"card_choices":[{"not_picked":["Beam Cell","Rip and Tear"],"picked":"Self Repair","floor":1},{"not_picked":["Steam","Aggregate"],"picked":"Ball Lightning","floor":2},{"not_picked":["Blizzard","Scrape"],"picked":"Sweeping Beam","floor":3},{"not_picked":["Biased Cognition","All For One"],"picked":"Echo Form","floor":6},{"not_picked":["Thunder Strike","Multi-Cast"],"picked":"Electrodynamics","floor":8},{"not_picked":["Buffer","Machine Learning"],"picked":"Meteor Strike","floor":10},{"not_picked":["Biased Cognition","Meteor Strike"],"picked":"Amplify","floor":12},{"not_picked":["Rip and Tear","Static Discharge"],"picked":"Barrage","floor":13},{"not_picked":["Multi-Cast","Hyperbeam"],"picked":"Fission","floor":16},{"not_picked":["Turbo","Ball Lightning"],"picked":"Self Repair","floor":18},{"not_picked":["Rebound","Self Repair"],"picked":"Glacier+1","floor":19},{"not_picked":["Hologram+1","Compile Driver+1"],"picked":"Fusion","floor":20}],"player_experience":34169,"relics_obtained":[{"floor":6,"key":"Smiling Mask"},{"floor":8,"key":"Old Coin"},{"floor":9,"key":"Eternal Feather"},{"floor":10,"key":"Tiny Chest"},{"floor":12,"key":"War Paint"}],"event_choices":[{"cards_removed":["Strike_B"],"damage_healed":0,"gold_gain":0,"player_choice":"Offered Basic","damage_taken":0,"max_hp_gain":0,"max_hp_loss":0,"event_name":"Bonfire Elementals","floor":4,"gold_loss":0},{"damage_healed":0,"gold_gain":0,"player_choice":"Simplicity","damage_taken":0,"max_hp_gain":0,"max_hp_loss":0,"event_name":"Back to Basics","floor":21,"gold_loss":0,"cards_upgraded":["Strike_B","Strike_B","Strike_B","Defend_B","Defend_B","Defend_B","Defend_B"]}],"is_beta":false,"boss_relics":[{"not_picked":["Ectoplasm","Coffee Dripper"],"picked":"Philosopher\u0027s Stone"}],"items_purged_floors":[],"is_endless":true,"potions_floor_spawned":[1,3,6,10,13,19,20],"killed_by":"Chosen and Byrds","ascension_level":1}}