{"host":"vh84ep2bvzg72dp7","time":1610097292,"event":{"mods":["AchievementEnabler","Act Like it!","Aspiration","Astrologer","Bard","BaseMod","Beaked The Cultist","Better Altar","Better Match","Better Note","Better Sensory Stone","Better Skull","Better Third Choice","BetterRewards","Conspire","Downfall","Gensokyo","Halation","Hermit","Infinite Spire","Jorbs\u0027s Wanderer Trilogy","Marisa（霧雨　魔理沙）","Minty Spire (QoL Compilation)","MostiFishMod","Replay The Spire","Shop Mod","Spicy Shops","StSLib","The Alterego","The Animator","The Construct","The Cursed","The Hierophant","The Jungle","The Poker Player","The Runesmith","The Servant 0.9.4","The Wild Card","TheArtist","WarShipGirlsR/战舰少女R mod"],"gold_per_floor":[199,214,214,232,232,64,64,94,8,8,8,8,25,25,42,140,140,65,82,82,133,58,58,85,152,152,152,244,278,340,496,524,632,632,557,620,641,641,672,672,718,728,728,777,702,753,786,826,852,868],"floor_reached":51,"playtime":4163,"items_purged":[],"score":983,"play_id":"e9f39efb-2180-4497-a594-5d956d44a77a","local_time":"20210108161452","is_ascension_mode":false,"campfire_choices":[{"floor":1,"key":"RECALL"},{"floor":11,"key":"REST"},{"data":"champ:StrikeOfGenius","floor":18,"key":"SMITH"},{"data":"champ:PerfectedStrike","floor":23,"key":"SMITH"},{"data":"champ:Aggression","floor":27,"key":"SMITH"},{"data":"champ:CrownThrow","floor":35,"key":"SMITH"},{"floor":45,"key":"REST"}],"circlet_count":0,"master_deck":["champ:Strike","champ:Strike+1","champ:Strike+1","champ:Defend+1","champ:Defend+1","champ:Defend+1","champ:Defend+1","champ:Execute+1","champ:Taunt+1","champ:FlashCut+1","champ:FanOfKnives+1","champ:FanOfKnives+1","champ:Control+1","champ:GladiatorsShout+1","champ:RisingSlash+1","champ:LastStand+1","Guardian:Aged","Writhe","infinitespire:Fortify+1","champ:PerfectedStrike+1","champ:StrikeOfGenius+1","MostiFishMod:Neptune+1","MostiFishMod:TheEndOfMoonlight+1","MostiFishMod:SparklingWater+1","MostiFishMod:FantasySummer+1","MostiFishMod:NightSea+1","champ:StanceDance+1","champ:Aggression+1","champ:FlashCut+1","champ:ViciousMockery+1","champ:Balance","champ:ShieldSigil+1","champ:BringItOn","champ:BladeFlurry","champ:Haymaker","champ:CrownThrow+1","champ:RecklessLeap+1","champ:Duel+1","AscendersBane","MostiFishMod:SephirahHod+1","champ:Aggression","Looming Evil","champ:FanOfKnives+1","champ:SwordThrow+1","champ:DefensiveShout","champ:BerserkersShout+1","champ:AdrenalArmor"],"relics":["champ:ChampionCrown","DSteel32","ReplayFunnel","infinitespire:Lucky Rock","halation:LettersToHer","MoonlightInvasionPlan","downfall:HeartBlessingRed","downfall:KnowingSkull","infinitespire:PuzzleCube","Replay:Bandana","Nloth\u0027s Gift","aspiration:HummingbirdHeart","champ:BlackKnightHelmet","infinitespire:Eraser","Replay:Grab Bag","conspire:RoyalGoblet","Replay:Fungal Core","Black Star","downfall:HeartBlessingGreen","Ring of Misfortune","aspiration:EmptySkull","halation:PapillonHeart","Snack Pack","Eternal Feather","downfall:HeartBlessingBlue","Dream Catcher","Nunchaku","Bronze Scales","aspiration:FetidBarrel"],"acts_visited":["Exordium","TheCity","TheBeyond"],"potions_floor_usage":[16,39,42,42,42],"damage_taken":[{"damage":7,"enemies":"2 Louse","floor":2,"turns":4},{"damage":8,"enemies":"Jaw Worm","floor":4,"turns":3},{"damage":13,"enemies":"downfall:FleeingMerchant","floor":6,"turns":4},{"damage":23,"enemies":"Gremlin Nob","floor":8,"turns":4},{"damage":16,"enemies":"downfall:FleeingMerchant","floor":9,"turns":4},{"damage":18,"enemies":"conspire:RoseBush","floor":13,"turns":2},{"damage":19,"enemies":"Large Slime","floor":15,"turns":7},{"damage":49,"enemies":"downfall:Ironclad","floor":16,"turns":9},{"damage":7,"enemies":"Spheric Guardian","floor":19,"turns":2},{"damage":5,"enemies":"Shell Parasite","floor":25,"turns":3},{"damage":21,"enemies":"Gremlin Leader","floor":28,"turns":5},{"damage":5,"enemies":"Snake Plant","floor":29,"turns":4},{"damage":6,"enemies":"3 Cultists","floor":30,"turns":3},{"damage":20,"enemies":"3 Cultists","floor":31,"turns":7},{"damage":16,"enemies":"conspire:HollyBat","floor":32,"turns":7},{"damage":13,"enemies":"downfall:Defect","floor":33,"turns":7},{"damage":74,"enemies":"3 Shapes","floor":36,"turns":4},{"damage":0,"enemies":"Orb Walker","floor":37,"turns":1},{"damage":12,"enemies":"Transient","floor":39,"turns":5},{"damage":4,"enemies":"Nightmare","floor":42,"turns":4},{"damage":47,"enemies":"beaked:SuperParasite","floor":44,"turns":7},{"damage":20,"enemies":"Reptomancer","floor":46,"turns":7},{"damage":0,"enemies":"Writhing Mass","floor":47,"turns":4},{"damage":17,"enemies":"Nemesis","floor":48,"turns":7},{"damage":19,"enemies":"Sphere and 2 Shapes","floor":49,"turns":4},{"damage":29,"enemies":"downfall:Watcher","floor":50,"turns":7}],"seed_played":"7294768839112699309","potions_obtained":[{"floor":13,"key":"Fire Potion"},{"floor":15,"key":"Swift Potion"},{"floor":25,"key":"Swift Potion"},{"floor":29,"key":"LiquidBronze"},{"floor":39,"key":"SmokeBomb"},{"floor":48,"key":"PowerPotion"}],"is_trial":false,"path_per_floor":["R","M","?","M","?","$","T","E","$","?","R","?","M","?","M","B",null,"R","M","?","T","?","R","T","M","?","R","E","M","M","?","M","B",null,"R","M","M","?","M","?","T","NM","?","E","R","E","M","E","M","B",null],"character_chosen":"THE_CHAMP","items_purchased":["infinitespire:Lucky Rock","champ:RisingSlash"],"campfire_rested":2,"item_purchase_floors":[6,9],"current_hp_per_floor":[90,88,76,73,73,68,68,50,45,45,72,72,57,57,52,21,90,90,90,81,81,81,81,81,76,76,76,61,61,55,51,37,41,90,90,24,24,24,29,29,29,38,38,31,93,97,97,93,74,88],"gold":868,"neow_bonus":"HUNDRED_GOLD","is_daily":false,"chose_seed":false,"campfire_upgraded":4,"win_rate":0.0,"timestamp":1610097292,"path_taken":["R","M","?","M","?","?","T","E","$","?","R","?","?","?","M","BOSS","R","M","?","?","?","R","T","M","?","R","E","M","M","?","M","BOSS","R","M","M","?","M","?","T","NM","?","E","R","E","?","E","M","BOSS"],"items_purchased_type":["Relic","Card"],"build_version":"2020-12-22","purchased_purges":0,"victory":true,"max_hp_per_floor":[90,90,90,90,90,90,90,90,90,90,90,90,90,90,90,90,90,90,90,90,90,90,90,90,90,90,90,90,90,90,90,90,90,90,90,90,90,90,90,90,90,90,85,85,95,97,97,97,97,97],"card_choices":[{"not_picked":["champ:RageSigil","champ:GladiatorsShout"],"picked":"champ:FlashCut","floor":2},{"not_picked":["champ:ShieldSigil","champ:FightOn"],"picked":"champ:FanOfKnives","floor":4},{"not_picked":["champ:StanceDance","champ:Circumvent"],"picked":"champ:FanOfKnives","floor":6},{"not_picked":["champ:BringItOn","champ:AdrenalArmor"],"picked":"champ:Control","floor":8},{"not_picked":["champ:CrookedStrike","champ:Haymaker"],"picked":"champ:GladiatorsShout","floor":9},{"not_picked":["champ:CrookedStrike","champ:DefensiveShout"],"picked":"champ:LastStand","floor":13},{"not_picked":["infinitespire:TheBestDefense","ReplayTheSpireMod:??????????????????????"],"picked":"infinitespire:Fortify","floor":14},{"not_picked":["champ:BringItOn","champ:GladiatorStyle"],"picked":"champ:PerfectedStrike","floor":15},{"not_picked":["champ:CheapShot","champ:SteelEdge"],"picked":"champ:StrikeOfGenius","floor":16},{"not_picked":["champ:GutPunch","champ:Backstep"],"picked":"champ:StanceDance","floor":19},{"not_picked":["champ:FaceSlap","champ:Lariat"],"picked":"champ:Aggression","floor":22},{"not_picked":["champ:Circumvent","champ:TornadoPunch"],"picked":"champ:FlashCut","floor":22},{"not_picked":["champ:GladiatorsShout+1","champ:StanceDance"],"picked":"champ:ViciousMockery","floor":25},{"not_picked":["champ:SteelEdge","champ:Circumvent+1"],"picked":"champ:Balance","floor":28},{"not_picked":["champ:Riposte+1","champ:BladeFlurry"],"picked":"champ:ShieldSigil","floor":29},{"not_picked":["champ:Circumvent","champ:Balance+1"],"picked":"champ:BringItOn","floor":30},{"not_picked":["champ:FocusedGladiator+1","champ:Aggression"],"picked":"champ:BladeFlurry","floor":31},{"not_picked":["champ:TornadoPunch+1","champ:BerserkerStyle"],"picked":"champ:Haymaker","floor":32},{"not_picked":["champ:IgnorePain","champ:Devastate"],"picked":"champ:CrownThrow","floor":33},{"not_picked":["champ:AdrenalArmor+1","champ:PerfectedStrike"],"picked":"champ:RecklessLeap","floor":36},{"not_picked":["champ:GladiatorsShout","champ:AdrenalArmor+1"],"picked":"champ:Duel+1","floor":37},{"not_picked":["champ:FanOfKnives","champ:CalledShot"],"picked":"champ:Aggression","floor":39},{"not_picked":["champ:BerserkersShout","champ:ShieldWall+1"],"picked":"champ:FanOfKnives+1","floor":44},{"not_picked":["champ:HeartStrike","champ:Haymaker"],"picked":"champ:SwordThrow","floor":46},{"not_picked":["champ:Circumvent","champ:Lariat+1"],"picked":"champ:DefensiveShout","floor":47},{"not_picked":["champ:StrikeOfGenius","champ:Improvising"],"picked":"champ:BerserkersShout+1","floor":48},{"not_picked":["champ:FlashCut","champ:GutPunch+1"],"picked":"champ:AdrenalArmor","floor":49}],"player_experience":322688,"relics_obtained":[{"floor":8,"key":"halation:LettersToHer"},{"floor":21,"key":"halation:LettersToHer"},{"floor":21,"key":"infinitespire:PuzzleCube"},{"floor":24,"key":"halation:LettersToHer"},{"floor":24,"key":"Replay:Bandana"},{"floor":28,"key":"aspiration:HummingbirdHeart"},{"floor":31,"key":"champ:BlackKnightHelmet"},{"floor":31,"key":"infinitespire:Eraser"},{"floor":40,"key":"Ring of Misfortune"},{"floor":41,"key":"halation:LettersToHer"},{"floor":41,"key":"aspiration:EmptySkull"},{"floor":44,"key":"Snack Pack"},{"floor":44,"key":"Eternal Feather"},{"floor":46,"key":"Dream Catcher"},{"floor":46,"key":"Nunchaku"},{"floor":48,"key":"Bronze Scales"},{"floor":48,"key":"aspiration:FetidBarrel"}],"event_choices":[{"damage_healed":0,"gold_gain":0,"player_choice":"Relic ","damage_taken":12,"max_hp_gain":0,"max_hp_loss":0,"event_name":"betterThird:BetterScrap","floor":3,"gold_loss":0,"cards_obtained":["Choke"]},{"damage_healed":0,"gold_gain":0,"player_choice":"1","damage_taken":0,"max_hp_gain":0,"max_hp_loss":0,"event_name":"betterMatch:BetterMatch","floor":22,"gold_loss":0,"cards_obtained":["betterMatch:UncommonCard","betterMatch:CommonCard"]},{"damage_healed":0,"gold_gain":3,"player_choice":"3","damage_taken":0,"max_hp_gain":0,"max_hp_loss":0,"event_name":"betterStone:BetterStone","floor":38,"gold_loss":0,"cards_obtained":["MostiFishMod:SephirahHod"]}],"is_beta":false,"boss_relics":[{"not_picked":["Tiny House","EE1DDrone"],"picked":"MoonlightInvasionPlan"},{"not_picked":["Runesmith:UraniumAnvil","construct:ClawGrip"],"picked":"Replay:Grab Bag"},{"not_picked":["Painkiller Herb","conspire:SlowCooker"],"picked":"conspire:RoyalGoblet"},{"not_picked":["Replay:Bronze Core","Philosopher\u0027s Stone"],"picked":"Replay:Fungal Core"},{"not_picked":["halation:Risk","halation:HeavySnake"],"picked":"Black Star"}],"items_purged_floors":[],"is_endless":false,"potions_floor_spawned":[13,15,25,29,30,39,42,48],"ascension_level":0}}