{"host":"dn6kke80v5f7isus","time":1610066543,"event":{"mods":["AchievementEnabler","Act Like it!","BaseMod","Colored Powertips","Custom Start","Defuse TimeMaze Blight","Downfall","Duelist Mod","Gremlin Skip","Highlight Path","Hubris","Infinite Spire","Minty Spire (QoL Compilation)","Rare Cards Sparkle","Replay The Spire","StSLib","Uncapped"],"gold_per_floor":[244,344,361,378,139,139,165,165,165,115,130,130,130],"floor_reached":12,"playtime":3772,"items_purged":["theDuelist:Sparks"],"score":82,"play_id":"357d6223-ad8e-4829-941f-cc3248e15479","local_time":"20210107194223","is_ascension_mode":true,"campfire_choices":[{"data":"theDuelist:SpiderEgg","floor":6,"key":"SMITH"}],"circlet_count":0,"master_deck":["theDuelist:CastleWalls","theDuelist:CastleWalls","theDuelist:CrossSwordBeetle","theDuelist:EmpressMantis","theDuelist:InsectKnight","theDuelist:RazorLizard","theDuelist:RazorLizard","theDuelist:Sparks","theDuelist:FutureFusion","theDuelist:UndergroundArachnid","Flash of Steel","theDuelist:SpiderEgg+1"],"relics":["theDuelist:MillenniumPuzzle","theDuelist:CardPoolRelic","theDuelist:CardPoolBasicRelic","theDuelist:BoosterPackPoolRelic","theDuelist:CardPoolAddRelic","theDuelist:CardPoolMinusRelic","theDuelist:CardPoolSaveRelic","theDuelist:CardPoolOptionsRelic","CeramicFish","Sundial"],"acts_visited":["Exordium"],"potions_floor_usage":[],"damage_taken":[{"damage":0,"enemies":"2 Louse","floor":1,"turns":3},{"damage":0,"enemies":"Cultist","floor":3,"turns":3},{"damage":0,"enemies":"Small Slimes","floor":4,"turns":2},{"damage":5,"enemies":"Gremlin Nob","floor":7,"turns":4},{"damage":12,"enemies":"2 Fungi Beasts","floor":11,"turns":4},{"damage":0,"enemies":"3 Sentries","floor":12,"turns":1}],"seed_played":"1400666202243626922","potions_obtained":[{"floor":4,"key":"ColorlessPotion"}],"is_trial":false,"path_per_floor":["M","?","M","M","$","R","E","?","T","?","M","E"],"character_chosen":"THE_DUELIST","items_purchased":["theDuelist:SpiderEgg"],"campfire_rested":0,"item_purchase_floors":[5],"current_hp_per_floor":[80,80,80,80,80,80,75,75,75,75,63,63,63],"gold":130,"neow_bonus":"HUNDRED_GOLD","is_daily":false,"chose_seed":false,"campfire_upgraded":1,"win_rate":0.0,"timestamp":1610066543,"path_taken":["M","?","?","M","$","R","E","?","T","?","M","E"],"items_purchased_type":["Card"],"build_version":"2020-12-22","purchased_purges":1,"victory":false,"max_hp_per_floor":[80,80,80,80,80,80,80,80,80,80,80,80,80],"card_choices":[{"not_picked":["theDuelist:DarklordSuperbia","theDuelist:MillenniumScorpion","theDuelist:WormApocalypse","theDuelist:EarthquakeGiant"],"picked":"theDuelist:FutureFusion","floor":1},{"not_picked":["theDuelist:JiraiGumo","theDuelist:CrossSwordBeetle","theDuelist:BlazewingButterfly","theDuelist:BeeListSoldier"],"picked":"theDuelist:UndergroundArachnid","floor":3},{"not_picked":["Deep Breath","Discovery","Dramatic Entrance"],"picked":"Flash of Steel","floor":4},{"not_picked":["theDuelist:GigaMantis","theDuelist:MillenniumScorpion","theDuelist:Yazi","theDuelist:PoisonousMayakashi","theDuelist:DestructionCyclone"],"picked":"SKIP","floor":7},{"not_picked":["theDuelist:LightningDarts","theDuelist:LightningVortex","theDuelist:MudGolem","theDuelist:WormKing","theDuelist:PowerGiant"],"picked":"SKIP","floor":11}],"player_experience":536295,"relics_obtained":[{"floor":7,"key":"CeramicFish"},{"floor":9,"key":"Sundial"}],"event_choices":[{"damage_healed":0,"gold_gain":100,"player_choice":"Pray","damage_taken":0,"max_hp_gain":0,"max_hp_loss":0,"event_name":"Golden Shrine","floor":2,"gold_loss":0},{"damage_healed":0,"gold_gain":0,"player_choice":"Leave","duelist":true,"damage_taken":0,"max_hp_gain":0,"max_hp_loss":0,"event_name":"Egyptian Village","floor":8,"gold_loss":0},{"cards_removed":["theDuelist:Sparks"],"damage_healed":0,"gold_gain":0,"player_choice":"Card Removal","damage_taken":0,"max_hp_gain":0,"max_hp_loss":0,"event_name":"The Cleric","floor":10,"gold_loss":50}],"is_beta":false,"boss_relics":[],"items_purged_floors":[5],"is_endless":false,"potions_floor_spawned":[4],"killed_by":"3 Sentries","ascension_level":1}}