{"host":"qrt7o4dq2qslzw13","time":1610089355,"event":{"mods":["AchievementEnabler","BaseMod","Colored Map","Colored Powertips","Minty Spire (QoL Compilation)","Quick Restart","StSLib","SuperFastMode"],"gold_per_floor":[114,127,127,145,202,202,377,377,429,444,464,464,30,44,44,140,190,201,201,201,27,27,27,57,57,57,75,75,75],"floor_reached":28,"playtime":658,"items_purged":[],"score":374,"play_id":"e5ec8e48-b594-4b4b-bc45-c3b20128eaa2","local_time":"20210108020235","is_ascension_mode":true,"campfire_choices":[{"data":"Bouncing Flask","floor":6.0,"key":"SMITH"},{"data":"Backflip","floor":8.0,"key":"SMITH"},{"floor":15.0,"key":"REST"},{"data":"Envenom","floor":23,"key":"SMITH"},{"floor":25,"key":"REST"}],"circlet_count":0,"master_deck":["AscendersBane","Strike_G+1","Strike_G+1","Strike_G+1","Strike_G+1","Defend_G+1","Defend_G+1","Defend_G+1","Defend_G+1","Survivor","Neutralize","Backflip+1","All Out Attack","Bouncing Flask+1","Deadly Poison+1","Slice+1","Doubt","Bane+1","Calculated Gamble+1","Dark Shackles","Master of Strategy","Footwork","Envenom+1","Prepared","Blade Dance","Good Instincts","Terror","Flechettes"],"relics":["Ring of the Snake","Whetstone","Odd Mushroom","Art of War","Tiny House","Nilry\u0027s Codex","Potion Belt","Gremlin Horn"],"acts_visited":["Exordium","TheCity"],"potions_floor_usage":[24,24,28],"damage_taken":[{"damage":1.0,"enemies":"Small Slimes","floor":1.0,"turns":4.0},{"damage":0.0,"enemies":"Jaw Worm","floor":2.0,"turns":3.0},{"damage":0.0,"enemies":"2 Louse","floor":4.0,"turns":2.0},{"damage":1.0,"enemies":"2 Fungi Beasts","floor":10.0,"turns":2.0},{"damage":17.0,"enemies":"The Mushroom Lair","floor":11.0,"turns":5.0},{"damage":0.0,"enemies":"Large Slime","floor":14.0,"turns":3.0},{"damage":14.0,"enemies":"The Guardian","floor":16.0,"turns":10.0},{"damage":13.0,"enemies":"3 Byrds","floor":18.0,"turns":6.0},{"damage":32,"enemies":"Gremlin Leader","floor":24,"turns":8},{"damage":16,"enemies":"2 Thieves","floor":27,"turns":4},{"damage":27,"enemies":"Cultist and Chosen","floor":28,"turns":8}],"seed_played":"2728608284447863893","potions_obtained":[{"floor":4.0,"key":"SteroidPotion"},{"floor":11.0,"key":"Block Potion"},{"floor":14.0,"key":"FearPotion"},{"floor":17.0,"key":"SkillPotion"},{"floor":18.0,"key":"DuplicationPotion"},{"floor":24,"key":"Weak Potion"}],"is_trial":false,"path_per_floor":["M","M","?","M","?","R","?","R","T","M","?","?","$","M","R","B",null,"M","?","?","$","?","R","E","R","T","M","M"],"character_chosen":"THE_SILENT","items_purchased":["Art of War","Dark Shackles","Master of Strategy","Good Instincts","Terror"],"campfire_rested":2,"item_purchase_floors":[13,13,13,21,21],"current_hp_per_floor":[62,62,62,62,62,62,62,62,62,61,44,31,31,31,49,35,61,48,68,68,68,52,52,20,40,40,24,0,0],"gold":75,"neow_bonus":"TRANSFORM_TWO_CARDS","is_daily":false,"chose_seed":false,"campfire_upgraded":3,"win_rate":0.0,"timestamp":1610089355,"path_taken":["M","M","?","M","?","R","?","R","T","M","?","?","$","M","R","BOSS","M","?","?","$","?","R","E","R","T","M","M"],"items_purchased_type":["Relic","Card","Card","Card","Card"],"build_version":"2020-12-22","purchased_purges":0,"victory":false,"max_hp_per_floor":[63,63,63,63,63,63,63,63,63,63,63,63,63,63,63,63,68,68,68,68,68,68,68,68,68,68,68,68,68],"card_choices":[{"not_picked":["Dodge and Roll","Reflex"],"picked":"Bouncing Flask","floor":1.0},{"not_picked":["Tactician","Dagger Throw"],"picked":"Deadly Poison","floor":2.0},{"not_picked":["Glass Knife","Skewer"],"picked":"Slice","floor":4.0},{"not_picked":["Deflect","Acrobatics"],"picked":"Bane","floor":10.0},{"not_picked":["Distraction","Dagger Spray"],"picked":"Calculated Gamble","floor":11.0},{"not_picked":["Dagger Throw","Quick Slash"],"picked":"Footwork","floor":14.0},{"not_picked":["Burst","After Image"],"picked":"Envenom","floor":16.0},{"not_picked":["Predator","Flying Knee"],"picked":"Prepared","floor":17.0},{"not_picked":["Acrobatics","Slice"],"picked":"Blade Dance","floor":18.0},{"not_picked":["Finisher","Bouncing Flask","Heel Hook"],"picked":"SKIP","floor":24},{"not_picked":["Acrobatics","PiercingWail"],"picked":"Flechettes","floor":27}],"player_experience":524451,"relics_obtained":[{"floor":9.0,"key":"Whetstone"},{"floor":11.0,"key":"Odd Mushroom"},{"floor":22,"key":"Nilry\u0027s Codex"},{"floor":24,"key":"Potion Belt"},{"floor":26,"key":"Gremlin Horn"}],"event_choices":[{"damage_healed":0.0,"max_hp_gain":0.0,"max_hp_loss":0.0,"gold_gain":0.0,"event_name":"Living Wall","player_choice":"Grow","floor":3.0,"gold_loss":0.0,"damage_taken":0.0,"cards_upgraded":["Deadly Poison"]},{"damage_healed":0.0,"max_hp_gain":0.0,"max_hp_loss":0.0,"gold_gain":57.0,"event_name":"Golden Wing","player_choice":"Gained Gold","floor":5.0,"gold_loss":0.0,"damage_taken":0.0},{"damage_healed":0.0,"max_hp_gain":0.0,"max_hp_loss":0.0,"gold_gain":175.0,"event_name":"Liars Game","player_choice":"AGREE","floor":7.0,"gold_loss":0.0,"damage_taken":0.0,"cards_obtained":["Doubt"]},{"damage_healed":0.0,"max_hp_gain":0.0,"max_hp_loss":0.0,"gold_gain":0.0,"event_name":"Mushrooms","player_choice":"Fought Mushrooms","floor":11.0,"gold_loss":0.0,"damage_taken":0.0},{"damage_healed":0.0,"max_hp_gain":0.0,"max_hp_loss":0.0,"gold_gain":0.0,"event_name":"Shining Light","player_choice":"Entered Light","floor":12.0,"gold_loss":0.0,"damage_taken":13.0,"cards_upgraded":["Bane","Calculated Gamble"]},{"damage_healed":22.0,"max_hp_gain":0.0,"max_hp_loss":0.0,"gold_gain":0.0,"event_name":"The Library","player_choice":"Heal","floor":19.0,"gold_loss":0.0,"damage_taken":0.0},{"damage_healed":0.0,"max_hp_gain":0.0,"max_hp_loss":0.0,"gold_gain":0.0,"event_name":"Back to Basics","player_choice":"Simplicity","floor":20.0,"gold_loss":0.0,"damage_taken":0.0,"cards_upgraded":["Strike_G","Strike_G","Defend_G","Defend_G","Defend_G","Defend_G"]},{"damage_healed":0,"gold_gain":0,"player_choice":"Obtained Book","damage_taken":16,"max_hp_gain":0,"max_hp_loss":0,"event_name":"Cursed Tome","floor":22,"gold_loss":0}],"is_beta":false,"boss_relics":[{"not_picked":["SlaversCollar","Black Star"],"picked":"Tiny House"}],"items_purged_floors":[],"is_endless":false,"potions_floor_spawned":[4,11,14,18,24],"killed_by":"Cultist and Chosen","ascension_level":10}}