{"host":"9ndbo4kgsfoemf7y","time":1610108771,"event":{"mods":["AchievementEnabler","BaseMod","Colored Map","DeckTracker","Keyboard Shortcuts","Minty Spire (QoL Compilation)","Permanent Neow","Quick Restart","Relic Stats","StSLib","SuperFastMode"],"gold_per_floor":[119,14,14,14,38,82,82,122,200,223,289,289,439,454,454,544,544,563,599,620,620,620,663,663,699,753,797,822,822,843,843,843,921,921,935,663,678,678,678,713,713,713],"floor_reached":41,"playtime":1521,"items_purged":["Strike_R","Strike_R"],"score":1045,"play_id":"2960fd95-f219-4651-bd35-9d94e9621438","local_time":"20210108212611","is_ascension_mode":true,"campfire_choices":[{"data":"Rampage","floor":7.0,"key":"SMITH"},{"data":"Dark Embrace","floor":12.0,"key":"SMITH"},{"data":"Fiend Fire","floor":15.0,"key":"SMITH"},{"floor":24.0,"key":"REST"},{"data":"Corruption","floor":29.0,"key":"SMITH"},{"floor":32.0,"key":"REST"}],"circlet_count":0,"master_deck":["AscendersBane","Strike_R","Strike_R","Defend_R","Defend_R","Defend_R","Defend_R","Bash","Flex","Shrug It Off","Shockwave","Rampage+1","Offering","Cleave","Fiend Fire+1","Dark Embrace+1","Doubt","Second Wind+1","Corruption+1","Wild Strike","Fire Breathing","Intimidate+1","Disarm+1","Fiend Fire","Impervious+1","Feel No Pain","Jack Of All Trades+1","Exhume+1"],"relics":["Burning Blood","NeowsBlessing","Bloody Idol","Akabeko","Toy Ornithopter","Toxic Egg 2","Regal Pillow","SlaversCollar","Red Mask","Nilry\u0027s Codex","StoneCalendar","Art of War","Oddly Smooth Stone","Lizard Tail","Coffee Dripper","Ancient Tea Set","Juzu Bracelet"],"acts_visited":["Exordium","TheCity","TheBeyond"],"potions_floor_usage":[35],"damage_taken":[{"damage":0.0,"enemies":"Jaw Worm","floor":1.0,"turns":1.0},{"damage":0.0,"enemies":"Small Slimes","floor":5.0,"turns":1.0},{"damage":0.0,"enemies":"Gremlin Nob","floor":6.0,"turns":1.0},{"damage":10.0,"enemies":"Lagavulin","floor":8.0,"turns":5.0},{"damage":0.0,"enemies":"2 Louse","floor":10.0,"turns":1.0},{"damage":13.0,"enemies":"3 Sentries","floor":11.0,"turns":7.0},{"damage":6.0,"enemies":"2 Fungi Beasts","floor":14.0,"turns":2.0},{"damage":33.0,"enemies":"Hexaghost","floor":16.0,"turns":9.0},{"damage":17.0,"enemies":"2 Thieves","floor":18.0,"turns":2.0},{"damage":26.0,"enemies":"Masked Bandits","floor":19.0,"turns":4.0},{"damage":15.0,"enemies":"Chosen","floor":20.0,"turns":5.0},{"damage":21.0,"enemies":"Book of Stabbing","floor":23.0,"turns":4.0},{"damage":31.0,"enemies":"Gremlin Leader","floor":25.0,"turns":6.0},{"damage":19.0,"enemies":"Book of Stabbing","floor":27.0,"turns":5.0},{"damage":21.0,"enemies":"Centurion and Healer","floor":28.0,"turns":6.0},{"damage":9.0,"enemies":"Cultist and Chosen","floor":30.0,"turns":7.0},{"damage":59.0,"enemies":"Collector","floor":33.0,"turns":7.0},{"damage":35,"enemies":"3 Shapes","floor":35,"turns":4},{"damage":41,"enemies":"3 Darklings","floor":37,"turns":6},{"damage":24,"enemies":"Reptomancer","floor":40,"turns":5},{"damage":90,"enemies":"Transient","floor":41,"turns":5}],"seed_played":"-4108365663540657689","potions_obtained":[{"floor":6.0,"key":"LiquidMemories"},{"floor":11.0,"key":"Block Potion"},{"floor":14.0,"key":"AttackPotion"},{"floor":16.0,"key":"SteroidPotion"},{"floor":25.0,"key":"Fire Potion"},{"floor":27.0,"key":"Strength Potion"},{"floor":37,"key":"Energy Potion"}],"is_trial":false,"path_per_floor":["M","$","?","?","M","E","R","E","T","M","?","R","?","M","R","B",null,"M","?","M","?","?","E","R","E","T","E","M","R","M","?","R","B",null,"M","$","M","?","?","E","M"],"character_chosen":"IRONCLAD","items_purchased":["Shrug It Off","Ancient Tea Set"],"campfire_rested":2,"item_purchase_floors":[2,36],"current_hp_per_floor":[74,74,48,48,54,60,60,56,56,62,55,55,55,55,55,33,65,54,39,30,45,24,9,46,21,21,8,34,34,31,31,68,20,61,42,42,12,12,61,48,0,0],"gold":713,"neow_bonus":"THREE_ENEMY_KILL","is_daily":false,"chose_seed":false,"campfire_upgraded":4,"win_rate":0.0,"timestamp":1610108771,"path_taken":["M","$","?","?","M","E","R","E","T","M","?","R","?","M","R","BOSS","M","?","M","?","?","E","R","E","T","E","M","R","M","?","R","BOSS","M","$","M","?","?","E","M"],"items_purchased_type":["Card","Relic"],"build_version":"2020-12-22","purchased_purges":2,"victory":false,"max_hp_per_floor":[75,75,75,75,75,75,75,75,75,75,75,75,75,75,75,75,75,75,75,75,75,75,75,75,75,75,75,75,75,75,75,75,75,75,75,75,75,75,61,61,61,61],"relic_stats":{"Regal Pillow":30,"Lizard Tail":37,"counters":[21,93],"Bloody Idol":20,"StoneCalendar":[34],"Art of War":[3],"Juzu Bracelet":0,"obtain_stats":[{"Regal Pillow":11,"NeowsBlessing":0,"Golden Idol":3,"Nilry\u0027s Codex":22,"Oddly Smooth Stone":26,"StoneCalendar":23,"Juzu Bracelet":40,"Ancient Tea Set":36,"Burning Blood":0,"Akabeko":6,"SlaversCollar":17,"Lizard Tail":27,"Bloody Idol":31,"Red Mask":19,"Art of War":25,"Coffee Dripper":34,"Toxic Egg 2":9,"Toy Ornithopter":8},{"Regal Pillow":6,"NeowsBlessing":0,"Golden Idol":1,"Nilry\u0027s Codex":11,"Oddly Smooth Stone":13,"StoneCalendar":12,"Juzu Bracelet":20,"Ancient Tea Set":18,"Burning Blood":0,"Akabeko":3,"SlaversCollar":8,"Lizard Tail":14,"Bloody Idol":16,"Red Mask":10,"Art of War":13,"Coffee Dripper":17,"Toxic Egg 2":4,"Toy Ornithopter":4},{"Regal Pillow":16,"NeowsBlessing":0,"Golden Idol":1,"Nilry\u0027s Codex":38,"Oddly Smooth Stone":48,"StoneCalendar":42,"Juzu Bracelet":88,"Ancient Tea Set":77,"Burning Blood":0,"Akabeko":3,"SlaversCollar":27,"Lizard Tail":53,"Bloody Idol":66,"Red Mask":33,"Art of War":48,"Coffee Dripper":73,"Toxic Egg 2":8,"Toy Ornithopter":8}],"Burning Blood":120,"Toy Ornithopter":15},"card_choices":[{"not_picked":["Wild Strike","Clash"],"picked":"Flex","floor":1.0},{"not_picked":["Fire Breathing","Evolve"],"picked":"Rampage","floor":5.0},{"not_picked":["Flame Barrier","Searing Blow"],"picked":"Offering","floor":6.0},{"not_picked":["Flex","Shrug It Off"],"picked":"Cleave","floor":8.0},{"not_picked":["Sword Boomerang","Thunderclap"],"picked":"Fiend Fire","floor":10.0},{"not_picked":["Body Slam","Pummel"],"picked":"Dark Embrace","floor":11.0},{"not_picked":["Dual Wield+1","Cleave"],"picked":"Second Wind+1","floor":14.0},{"not_picked":["Bludgeon","Brutality"],"picked":"Corruption","floor":16.0},{"not_picked":["Fire Breathing","Cleave"],"picked":"Wild Strike","floor":18.0},{"not_picked":["Iron Wave","True Grit+1"],"picked":"Fire Breathing","floor":20.0},{"not_picked":["Uppercut","Searing Blow"],"picked":"Intimidate+1","floor":23.0},{"not_picked":["Body Slam","Heavy Blade"],"picked":"Disarm+1","floor":25.0},{"not_picked":["Anger","Dual Wield+1"],"picked":"Fiend Fire","floor":27.0},{"not_picked":["Clash","Sword Boomerang","Shrug It Off+1"],"picked":"SKIP","floor":28.0},{"not_picked":["Headbutt","Shrug It Off+1","Anger"],"picked":"SKIP","floor":30.0},{"not_picked":["Bludgeon","Feed"],"picked":"Impervious+1","floor":33.0},{"not_picked":["Havoc+1","Whirlwind","Perfected Strike+1"],"picked":"SKIP","floor":35},{"not_picked":["Dark Embrace","Sentinel+1"],"picked":"Feel No Pain","floor":37},{"not_picked":["Deep Breath+1","Finesse+1"],"picked":"Jack Of All Trades+1","floor":38},{"not_picked":["Armaments+1","Spot Weakness+1"],"picked":"Exhume+1","floor":40}],"player_experience":787043,"relics_obtained":[{"floor":6.0,"key":"Akabeko"},{"floor":8.0,"key":"Toy Ornithopter"},{"floor":9.0,"key":"Toxic Egg 2"},{"floor":11.0,"key":"Regal Pillow"},{"floor":19.0,"key":"Red Mask"},{"floor":22.0,"key":"Nilry\u0027s Codex"},{"floor":23.0,"key":"StoneCalendar"},{"floor":25.0,"key":"Art of War"},{"floor":26.0,"key":"Oddly Smooth Stone"},{"floor":27.0,"key":"Lizard Tail"},{"floor":40,"key":"Juzu Bracelet"}],"event_choices":[{"damage_healed":0.0,"max_hp_gain":0.0,"max_hp_loss":0.0,"gold_gain":0.0,"event_name":"Golden Idol","player_choice":"Take Damage","floor":3.0,"gold_loss":0.0,"damage_taken":26.0,"relics_obtained":["Golden Idol"]},{"damage_healed":0.0,"max_hp_gain":0.0,"max_hp_loss":0.0,"gold_gain":0.0,"cards_transformed":["Strike_R"],"event_name":"Living Wall","player_choice":"Change","floor":4.0,"gold_loss":0.0,"damage_taken":0.0,"cards_obtained":["Shockwave"]},{"damage_healed":0.0,"max_hp_gain":0.0,"max_hp_loss":0.0,"gold_gain":30.0,"event_name":"Dead Adventurer","player_choice":"Searched \u00272\u0027 times","floor":11.0,"gold_loss":0.0,"damage_taken":0.0},{"damage_healed":0.0,"max_hp_gain":0.0,"max_hp_loss":0.0,"gold_gain":150.0,"event_name":"Liars Game","player_choice":"AGREE","floor":13.0,"gold_loss":0.0,"damage_taken":0.0,"cards_obtained":["Doubt"]},{"damage_healed":0.0,"max_hp_gain":0.0,"max_hp_loss":0.0,"gold_gain":0.0,"event_name":"Masked Bandits","player_choice":"Fought Bandits","floor":19.0,"gold_loss":0.0,"damage_taken":0.0},{"damage_healed":15.0,"max_hp_gain":0.0,"max_hp_loss":0.0,"gold_gain":0.0,"event_name":"The Library","player_choice":"Heal","floor":21.0,"gold_loss":0.0,"damage_taken":0.0},{"damage_healed":0.0,"max_hp_gain":0.0,"max_hp_loss":0.0,"gold_gain":0.0,"event_name":"Cursed Tome","player_choice":"Obtained Book","floor":22.0,"gold_loss":0.0,"damage_taken":21.0},{"damage_healed":0.0,"max_hp_gain":0.0,"max_hp_loss":0.0,"gold_gain":0.0,"event_name":"Forgotten Altar","player_choice":"Gave Idol","floor":31.0,"relics_lost":["Golden Idol"],"gold_loss":0.0,"damage_taken":0.0,"relics_obtained":["Bloody Idol"]},{"damage_healed":0,"gold_gain":0,"player_choice":"Memory 1","damage_taken":0,"max_hp_gain":0,"max_hp_loss":0,"event_name":"SensoryStone","floor":38,"gold_loss":0},{"damage_healed":61,"gold_gain":0,"player_choice":"Heal","damage_taken":0,"max_hp_gain":0,"max_hp_loss":14,"event_name":"The Moai Head","floor":39,"gold_loss":0}],"is_beta":false,"boss_relics":[{"not_picked":["Cursed Key","Black Blood"],"picked":"SlaversCollar"},{"not_picked":["Tiny House","Runic Cube"],"picked":"Coffee Dripper"}],"items_purged_floors":[2,36],"is_endless":false,"potions_floor_spawned":[6,11,14,16,25,27,28,33,37],"killed_by":"Transient","ascension_level":20}}