{"host":"ks0rgj8xgppw8yky","time":1610068702,"event":{"mods":["BaseMod","Better Match","Better Note","Better Sensory Stone","Colored Powertips","Conspire","Downfall","GungeonMod","Hubris","Jorbs\u0027s Wanderer Trilogy","Marisa????????","Minty Spire (QoL Compilation)","StSLib","The Bug Knight","The Druid","The Forsaken","The Jungle","The Servant 0.9.4"],"gold_per_floor":[12,31,31,45,45,45,80,155,179,179,55,65,80,92,92,197,197,197,197,20,20,20,20,20,20,20,20,20,20,20,20,20,20,20,20,20,20,20,20,20,20,20,20,20,20,20,20,20,20,20,20],"floor_reached":50,"playtime":8632,"items_purged":["Strike_B","Strike_B"],"score":547,"play_id":"2d05a319-1017-4501-9312-3449ef9672be","local_time":"20210107201822","is_ascension_mode":false,"campfire_choices":[{"data":"Cold Snap","floor":6,"key":"SMITH"},{"data":"Tempest","floor":15,"key":"SMITH"},{"floor":23,"key":"REST"},{"data":"Self Repair","floor":25,"key":"SMITH"},{"data":"Static Discharge","floor":32,"key":"SMITH"},{"floor":40,"key":"REST"},{"data":"Loop","floor":49,"key":"SMITH"}],"circlet_count":0,"master_deck":["Defend_B","Defend_B","Zap","Dualcast+1","Self Repair+1","Cold Snap+1","Leap","Tempest+1","Ball Lightning","Ball Lightning","Self Repair","conspire:Rain","Echo Form","BootSequence","Static Discharge+1","Storm","Undo+1","hubris:Ukulele","Ball Lightning","Loop+1","Tempest+1","Ball Lightning","hubris:Ukulele","Chaos+1","BootSequence+1","Parasite"],"relics":["Cracked Core","hubris:Towel","conspire:IceCreamScoop","Strawberry","Ectoplasm","DemoMod:OrangeGuonStone","theJungle:BirthdayCake","Mercury Hourglass","Sozu","DemoMod:Orange"],"acts_visited":["Exordium","Exordium","TheBeyond"],"potions_floor_usage":[7,44,50],"damage_taken":[{"damage":5,"enemies":"Jaw Worm","floor":1,"turns":4},{"damage":4,"enemies":"2 Louse","floor":2,"turns":3},{"damage":0,"enemies":"Cultist","floor":4,"turns":3},{"damage":25,"enemies":"Gremlin Nob","floor":7,"turns":5},{"damage":1,"enemies":"3 Louse","floor":12,"turns":3},{"damage":0,"enemies":"Red Slaver","floor":13,"turns":3},{"damage":11,"enemies":"Exordium Thugs","floor":14,"turns":5},{"damage":16,"enemies":"The Guardian","floor":16,"turns":12},{"damage":10,"enemies":"theJungle:5_Spyders","floor":18,"turns":9},{"damage":25,"enemies":"theJungle:GiantWrat","floor":19,"turns":4},{"damage":30,"enemies":"theJungle:2_Snecko_Cultists","floor":21,"turns":4},{"damage":10,"enemies":"theJungle:Lyon","floor":27,"turns":3},{"damage":25,"enemies":"theJungle:JungleHuntersEncounter","floor":28,"turns":4},{"damage":6,"enemies":"theJungle:SlimyTreeVines","floor":30,"turns":4},{"damage":27,"enemies":"theJungle:2_Phrogs","floor":31,"turns":6},{"damage":35,"enemies":"theJungle:FunGuy","floor":33,"turns":10},{"damage":11,"enemies":"Orb Walker","floor":35,"turns":3},{"damage":31,"enemies":"3 Darklings","floor":37,"turns":4},{"damage":44,"enemies":"Spire Growth","floor":39,"turns":3},{"damage":1,"enemies":"4 Shapes","floor":41,"turns":4},{"damage":22,"enemies":"Maw","floor":44,"turns":6},{"damage":21,"enemies":"Spire Growth","floor":45,"turns":3},{"damage":24,"enemies":"3 Darklings","floor":46,"turns":3},{"damage":2,"enemies":"Maw","floor":47,"turns":6},{"damage":13,"enemies":"Writhing Mass","floor":48,"turns":5},{"damage":110,"enemies":"Awakened One","floor":50,"turns":10}],"seed_played":"-9016675808037875419","potions_obtained":[{"floor":2,"key":"Weak Potion"},{"floor":4,"key":"DuplicationPotion"},{"floor":13,"key":"Strength Potion"},{"floor":14,"key":"SpeedPotion"},{"floor":27,"key":"SpeedPotion"},{"floor":31,"key":"Guardian:BlockOnCardUsePotion"}],"is_trial":false,"path_per_floor":["M","M","?","M","?","R","E","?","T","?","$","M","M","M","R","B",null,"M","M","$","M","?","R","$","R","T","M","M","?","M","E","R","B",null,"M","?","M","?","M","R","M","$","T","M","M","M","M","M","R","B"],"character_chosen":"DEFECT","items_purchased":["Ball Lightning","Static Discharge"],"campfire_rested":2,"item_purchase_floors":[11,20],"current_hp_per_floor":[70,73,73,75,75,75,57,46,53,53,53,59,66,69,69,67,82,82,71,71,55,55,79,79,79,79,79,71,91,102,92,92,74,102,101,101,94,94,57,87,102,102,114,99,88,74,89,103,103,0,0],"gold":20,"neow_bonus":"REMOVE_TWO","is_daily":false,"chose_seed":false,"campfire_upgraded":5,"win_rate":0.0,"timestamp":1610068702,"path_taken":["M","M","?","M","?","R","E","?","T","?","$","M","M","M","R","BOSS","M","?","$","M","?","R","$","R","T","M","M","?","M","E","R","BOSS","M","?","?","?","M","R","M","$","T","M","M","M","M","M","R","BOSS"],"items_purchased_type":["Card","Card"],"build_version":"2020-12-22","purchased_purges":2,"victory":false,"max_hp_per_floor":[75,75,75,75,75,75,75,75,82,82,82,82,82,82,82,82,82,82,82,82,82,82,82,82,82,82,82,82,102,102,102,102,102,102,102,102,102,102,102,102,102,102,114,114,114,114,114,114,114,114,114],"card_choices":[{"not_picked":["Coolheaded","Rip and Tear"],"picked":"Self Repair","floor":1},{"not_picked":["FTL","Reinforced Body"],"picked":"Cold Snap","floor":2},{"not_picked":["Cold Snap","Coolheaded"],"picked":"Leap","floor":4},{"not_picked":["Gash","Barrage"],"picked":"Tempest","floor":7},{"not_picked":["Gash","Static Discharge"],"picked":"Ball Lightning","floor":12},{"not_picked":["Machine Learning","Go for the Eyes"],"picked":"Self Repair","floor":13},{"not_picked":["Steam Power","Leap"],"picked":"conspire:Rain","floor":14},{"not_picked":["Hyperbeam","Multi-Cast"],"picked":"Echo Form","floor":16},{"not_picked":["Streamline","Scrape+1","Turbo"],"picked":"SKIP","floor":18},{"not_picked":["Chaos","Redo"],"picked":"BootSequence","floor":19},{"not_picked":["Blizzard","Amplify"],"picked":"Storm","floor":21},{"not_picked":["Go for the Eyes+1","Turbo"],"picked":"Undo+1","floor":27},{"not_picked":["Steam","Rip and Tear"],"picked":"hubris:Ukulele","floor":28},{"not_picked":["Turbo+1","Blizzard"],"picked":"Ball Lightning","floor":30},{"not_picked":["Recycle+1","Chill"],"picked":"Loop","floor":31},{"not_picked":["hubris:SpecializedCircuitry","Echo Form"],"picked":"Amplify","floor":33},{"not_picked":["Sunder+1","Go for the Eyes"],"picked":"Tempest+1","floor":35},{"not_picked":["Fusion","Steam+1","conspire:SharedLibrary"],"picked":"SKIP","floor":37},{"not_picked":["Steam","Cold Snap"],"picked":"Ball Lightning","floor":39},{"not_picked":["Force Field+1","Hello World"],"picked":"hubris:Ukulele","floor":41},{"not_picked":["Steam+1","Sweeping Beam+1"],"picked":"Chaos+1","floor":44},{"not_picked":["Compile Driver","Beam Cell","conspire:SharedLibrary+1"],"picked":"SKIP","floor":45},{"not_picked":["Sunder+1","Scrape"],"picked":"BootSequence+1","floor":46},{"not_picked":["Barrage","Steam+1","Double Energy"],"picked":"SKIP","floor":47},{"not_picked":["Streamline","Hologram+1","Skim+1"],"picked":"SKIP","floor":48}],"player_experience":965040,"relics_obtained":[{"floor":7,"key":"conspire:IceCreamScoop"},{"floor":9,"key":"Strawberry"},{"floor":26,"key":"DemoMod:OrangeGuonStone"},{"floor":31,"key":"Mercury Hourglass"},{"floor":43,"key":"DemoMod:Orange"}],"event_choices":[{"damage_healed":0,"gold_gain":75,"player_choice":"Gather Gold","damage_taken":11,"max_hp_gain":0,"max_hp_loss":0,"event_name":"World of Goop","floor":8,"gold_loss":0},{"cards_removed":["Defend_B"],"damage_healed":0,"gold_gain":0,"player_choice":"Offered Basic","damage_taken":0,"max_hp_gain":0,"max_hp_loss":0,"event_name":"Bonfire Elementals","floor":10,"gold_loss":0},{"cards_removed":["Self Repair"],"damage_healed":0,"gold_gain":0,"player_choice":"Give","damage_taken":0,"max_hp_gain":0,"max_hp_loss":0,"event_name":"betterNote:BetterNote","floor":22,"gold_loss":0,"cards_obtained":["Strike_G"]},{"cards_removed":["Defend_B"],"damage_healed":0,"gold_gain":0,"player_choice":"Purged","damage_taken":0,"max_hp_gain":0,"max_hp_loss":0,"event_name":"Purifier","floor":36,"gold_loss":0},{"cards_removed":["Amplify"],"damage_healed":0,"gold_gain":0,"player_choice":"Removed Skill","damage_taken":0,"max_hp_gain":0,"max_hp_loss":0,"event_name":"Falling","floor":38,"gold_loss":0}],"is_beta":false,"boss_relics":[{"not_picked":["Coffee Dripper","Runic Dome"],"picked":"Ectoplasm"},{"not_picked":["hubris:CrackedHourglass","hubris:VirtuousBlindfold"],"picked":"Sozu"}],"items_purged_floors":[11,20],"is_endless":false,"potions_floor_spawned":[2,4,13,14,27,28,30,31,33,37,39,44,45,48],"killed_by":"Awakened One","ascension_level":0}}