{"host":"z9811rt50ti81n54","time":1610074906,"event":{"mods":["BaseMod","Minty Spire (QoL Compilation)","Random Character Button","SuperFastMode"],"gold_per_floor":[119,119,119,131,131,131,172,186,186,186,72,13,13,88,88,213,213,226,41,41,41,41,41,41,76,76,76,97,118,118,141,141,264,264,280,26,26,0,0,0,0,0,0,0,35,53,76,97,97,97],"floor_reached":51,"playtime":1307,"items_purged":["Strike_B","Leap"],"score":760,"play_id":"616f55d9-b542-42a1-a8e5-14b666d19df1","local_time":"20210108120146","is_ascension_mode":false,"campfire_choices":[{"data":"Zap","floor":6,"key":"SMITH"},{"data":"Hyperbeam","floor":10,"key":"SMITH"},{"data":"Thunder Strike","floor":15,"key":"SMITH"},{"data":"Reboot","floor":23,"key":"SMITH"},{"data":"Double Energy","floor":27,"key":"SMITH"},{"data":"Capacitor","floor":32,"key":"SMITH"},{"data":"Steam Power","floor":40,"key":"SMITH"},{"data":"Ghostly","floor":42,"key":"SMITH"},{"data":"Ghostly","floor":44,"key":"SMITH"},{"data":"Ghostly","floor":49,"key":"SMITH"}],"circlet_count":0,"master_deck":["Zap+1","Capacitor+1","Thunder Strike+1","Ball Lightning","Double Energy+1","Hello World+1","Creative AI+1","Leap","Core Surge","Reboot+1","Loop+1","Self Repair+1","Rebound","Undo","Defragment+1","Ghostly+1","Ghostly+1","Ghostly+1","Ghostly","Ghostly","Steam Power+1","Biased Cognition+1","Steam Power+1","Machine Learning+1"],"relics":["Cracked Core","NeowsBlessing","Golden Idol","InkBottle","Frozen Egg 2","Singing Bowl","Pandora\u0027s Box","Lee\u0027s Waffle","Bag of Marbles","Kunai","Runic Dome","Strawberry","Red Mask","Darkstone Periapt","TungstenRod","Lantern"],"acts_visited":["Exordium","TheCity","TheBeyond"],"potions_floor_usage":[28,28,33,50],"damage_taken":[{"damage":0,"enemies":"2 Louse","floor":1,"turns":1},{"damage":0,"enemies":"Jaw Worm","floor":4,"turns":1},{"damage":0,"enemies":"3 Sentries","floor":7,"turns":1},{"damage":3,"enemies":"Small Slimes","floor":8,"turns":2},{"damage":32,"enemies":"Hexaghost","floor":16,"turns":7},{"damage":14,"enemies":"3 Byrds","floor":18,"turns":3},{"damage":12,"enemies":"Book of Stabbing","floor":25,"turns":7},{"damage":20,"enemies":"2 Thieves","floor":28,"turns":4},{"damage":0,"enemies":"Snake Plant","floor":29,"turns":4},{"damage":6,"enemies":"Centurion and Healer","floor":31,"turns":6},{"damage":18,"enemies":"Automaton","floor":33,"turns":9},{"damage":4,"enemies":"3 Shapes","floor":35,"turns":3},{"damage":23,"enemies":"Giant Head","floor":45,"turns":9},{"damage":0,"enemies":"Orb Walker","floor":46,"turns":4},{"damage":24,"enemies":"Jaw Worm Horde","floor":48,"turns":3},{"damage":46,"enemies":"Time Eater","floor":50,"turns":9}],"seed_played":"3088827268368921318","potions_obtained":[{"floor":1,"key":"FairyPotion"},{"floor":16,"key":"AttackPotion"},{"floor":25,"key":"AttackPotion"},{"floor":28,"key":"BlessingOfTheForge"},{"floor":48,"key":"PotionOfCapacity"}],"is_trial":false,"path_per_floor":["M","?","?","M","?","R","E","M","T","R","$","?","$","?","R","B",null,"M","$","?","?","$","R","?","E","T","R","M","M","?","M","R","B",null,"M","$","?","?","$","R","?","R","T","R","E","M","T","M","R","B",null],"character_chosen":"DEFECT","items_purchased":["Hello World+1","Lee\u0027s Waffle","Self Repair+1","Strawberry"],"campfire_rested":0,"item_purchase_floors":[11,19,19,36],"current_hp_per_floor":[75,75,80,80,74,74,74,71,71,71,71,71,71,64,64,32,74,62,83,83,83,83,83,41,39,39,39,31,43,43,47,47,39,47,49,56,56,56,56,56,56,56,56,56,43,53,53,41,41,27],"gold":97,"neow_bonus":"THREE_ENEMY_KILL","is_daily":false,"chose_seed":false,"campfire_upgraded":10,"win_rate":0.0,"timestamp":1610074906,"path_taken":["M","?","?","M","?","R","E","?","T","R","$","?","?","?","R","BOSS","M","$","?","?","?","R","?","E","T","R","?","M","?","M","R","BOSS","M","$","?","?","?","R","?","R","T","R","E","M","?","M","R","BOSS"],"items_purchased_type":["Card","Relic","Card","Relic"],"build_version":"2020-12-22","purchased_purges":2,"victory":true,"max_hp_per_floor":[75,75,80,80,74,74,74,74,74,74,74,74,74,74,74,74,74,76,83,83,83,83,83,41,41,41,41,43,45,45,47,47,47,47,49,56,56,56,56,56,56,56,56,56,56,56,56,58,58,58],"card_choices":[{"not_picked":["Streamline","Coolheaded"],"picked":"Capacitor","floor":1},{"not_picked":["Compile Driver","Coolheaded"],"picked":"Ball Lightning","floor":4},{"not_picked":["FTL","Steam"],"picked":"Hyperbeam","floor":7},{"not_picked":["Redo","Beam Cell"],"picked":"Double Energy","floor":8},{"not_picked":["Electrodynamics+1","Hyperbeam"],"picked":"Creative AI+1","floor":16},{"not_picked":["Capacitor+1","Steam","Stack"],"picked":"Singing Bowl","floor":18},{"not_picked":["Redo+1","Barrage"],"picked":"Steam Power","floor":25},{"not_picked":["Leap+1","Hologram","Recycle"],"picked":"Singing Bowl","floor":28},{"not_picked":["Multi-Cast","Chill","Recycle"],"picked":"Singing Bowl","floor":29},{"not_picked":["Go for the Eyes","Scrape","Stack"],"picked":"Singing Bowl","floor":31},{"not_picked":["Seek","Rainbow"],"picked":"Biased Cognition+1","floor":33},{"not_picked":["Beam Cell","Hologram+1","Stack+1"],"picked":"Singing Bowl","floor":35},{"not_picked":["Static Discharge+1","Leap+1"],"picked":"Steam Power+1","floor":45},{"not_picked":["Reinforced Body+1","Beam Cell+1"],"picked":"Machine Learning+1","floor":46},{"not_picked":["Hologram+1","Compile Driver","Recycle"],"picked":"Singing Bowl","floor":48}],"player_experience":317984,"relics_obtained":[{"floor":7,"key":"InkBottle"},{"floor":9,"key":"Frozen Egg 2"},{"floor":25,"key":"Bag of Marbles"},{"floor":26,"key":"Kunai"},{"floor":43,"key":"Darkstone Periapt"},{"floor":45,"key":"TungstenRod"},{"floor":47,"key":"Lantern"}],"event_choices":[{"damage_healed":0,"gold_gain":0,"cards_transformed":["Strike_B"],"player_choice":"Change","damage_taken":0,"max_hp_gain":0,"max_hp_loss":0,"event_name":"Living Wall","floor":2,"gold_loss":0,"cards_obtained":["Thunder Strike"]},{"damage_healed":0,"gold_gain":0,"player_choice":"Donut","damage_taken":0,"max_hp_gain":5,"max_hp_loss":0,"event_name":"Big Fish","floor":3,"gold_loss":0},{"damage_healed":0,"gold_gain":0,"player_choice":"Lose Max HP","damage_taken":0,"relics_obtained":["Golden Idol"],"max_hp_gain":0,"max_hp_loss":6,"event_name":"Golden Idol","floor":5,"gold_loss":0},{"damage_healed":0,"gold_gain":0,"player_choice":"Paid Gold","damage_taken":0,"relics_obtained":["Singing Bowl"],"max_hp_gain":0,"max_hp_loss":0,"event_name":"WeMeetAgain","floor":12,"gold_loss":59},{"damage_healed":0,"gold_gain":75,"player_choice":"Touch","damage_taken":7,"max_hp_gain":0,"max_hp_loss":0,"event_name":"FaceTrader","floor":14,"gold_loss":0},{"damage_healed":0,"gold_gain":0,"cards_transformed":["Dualcast","Barrage"],"player_choice":"Became Test Subject","damage_taken":0,"max_hp_gain":0,"max_hp_loss":0,"event_name":"Drug Dealer","floor":20,"gold_loss":0,"cards_obtained":["Rebound","Undo"]},{"damage_healed":0,"gold_gain":0,"player_choice":"Read","damage_taken":0,"max_hp_gain":0,"max_hp_loss":0,"event_name":"The Library","floor":21,"gold_loss":0,"cards_obtained":["Defragment"]},{"damage_healed":0,"gold_gain":0,"player_choice":"Became a Ghost","damage_taken":0,"max_hp_gain":0,"max_hp_loss":42,"event_name":"Ghosts","floor":24,"gold_loss":0,"cards_obtained":["Ghostly","Ghostly","Ghostly","Ghostly","Ghostly"]},{"damage_healed":0,"gold_gain":0,"player_choice":"Ignored","damage_taken":0,"max_hp_gain":0,"max_hp_loss":0,"event_name":"NoteForYourself","floor":30,"gold_loss":0},{"damage_healed":0,"gold_gain":0,"player_choice":"Ignored","damage_taken":0,"max_hp_gain":0,"max_hp_loss":0,"event_name":"Mysterious Sphere","floor":37,"gold_loss":0},{"damage_healed":0,"gold_gain":0,"player_choice":"Paid","damage_taken":0,"relics_obtained":["Red Mask"],"max_hp_gain":0,"max_hp_loss":0,"event_name":"Tomb of Lord Red Mask","floor":38,"gold_loss":26},{"cards_removed":["Hyperbeam"],"damage_healed":0,"gold_gain":0,"player_choice":"Removed Attack","damage_taken":0,"max_hp_gain":0,"max_hp_loss":0,"event_name":"Falling","floor":41,"gold_loss":0}],"is_beta":false,"boss_relics":[{"not_picked":["SlaversCollar","Calling Bell"],"picked":"Pandora\u0027s Box"},{"not_picked":["SacredBark","Coffee Dripper"],"picked":"Runic Dome"}],"items_purged_floors":[11,36],"is_endless":false,"potions_floor_spawned":[1,16,25,28,48],"ascension_level":0}}