{"host":"kncugt8qnf1emsb0","time":1610097429,"event":{"mods":["ATMod(°¢èªMod)","AchievementEnabler","Act Like it!","BaseMod","Friendly Minions","Lobotomy","LobotomyExtend","Minty Spire (QoL Compilation)","MostiFishMod","Quick Restart","Remilia£¨ÀÙÃ×ÀòÑÇ£©","RumiaBox-Â¶Ã×æ«µÄÉñÃØºÐ×Ó","Shop Mod","StSLib","TestMod","The Marked","¡¾ÒÅÎï¿¨ÅÆ¡¿REMEMod"],"gold_per_floor":[117,133,149,149,165,165,165,247,247,263,263,213,227,227,227,331,331,945,969,983,1002,1023,1035,1057,1160,1183,1194,1227,1247,1262,1262,1262,1445,45,148,167,169,169],"floor_reached":37,"playtime":2290,"items_purged":["RedMoon","Defend_RM","Defend_RM","Defend_RM","Strike_RM"],"score":572,"play_id":"5df5446d-caf6-4963-b60b-842d9d136ad3","local_time":"20210108171709","is_ascension_mode":false,"campfire_choices":[{"data":"BloodHunter","floor":7,"key":"SMITH"},{"data":"REME_WheelOfFate","floor":11,"key":"SMITH"},{"data":"AT_KingSlayer","floor":15,"key":"SMITH"},{"data":"BloodyMagicSquare","floor":32,"key":"SMITH"}],"circlet_count":0,"master_deck":["Strike_RM","REME_BodyOfCthun","AT_KingSlayer+1","BloodAndWine","QueenOfHatred","REME_HeartOfCthun","BloodHunter+1","Scorched","REME_WheelOfFate+1","SuperhumanBloodyKnife+1","QueenOfMidnight","ForecastOfChange","BloodyMagicSquare+1","ShyLook","ScarletMeister","ScarletImprint+1","BlasphemousPunishment+1","FairyFestival","LaLuna","BatForm+1","ScarletCoffin","FieryBird"],"relics":["ScarletHat","DaveBox","testmod-TestBox","REME_ComplimentaryCards","AT_ATBox","DiscerningMonocle","testmod-RealStoneCalender","CogitoBucket","SynthV:TestCard","LetterFromLob","AT_BellowingDragoncrestRing","MerchantsRug","Matryoshka","Sling","AT_RedTearstoneRing","testmod-ArcanaOfDestiny","Happy Flower","GodSword5","OrangePellets","Pen Nib","Bag of Marbles","testmod-Acrobat","Transparent","Strawberry","Dodecahedron","Nunchaku","AT_EbonyIvory","Regal Pillow","testmod-CasingShield","AtMidnight","ResearcherNote","Frozen Egg 2","Sundial","TimeFreeze","SynthV:MejaisSoulstealer","AT_SpeedBoots"],"acts_visited":["Exordium","TheCity","TheBeyond"],"potions_floor_usage":[3,35,35],"damage_taken":[{"damage":3,"enemies":"Jaw Worm","floor":1,"turns":4},{"damage":0,"enemies":"2 Louse","floor":3,"turns":2},{"damage":1,"enemies":"Small Slimes","floor":5,"turns":3},{"damage":13,"enemies":"Lagavulin","floor":6,"turns":5},{"damage":0,"enemies":"Blue Slaver","floor":13,"turns":2},{"damage":23,"enemies":"The Guardian","floor":16,"turns":6},{"damage":27,"enemies":"2 Thieves","floor":18,"turns":1},{"damage":45,"enemies":"Shell Parasite","floor":20,"turns":1},{"damage":0,"enemies":"Centurion and Healer","floor":21,"turns":1},{"damage":8,"enemies":"Snake Plant","floor":22,"turns":1},{"damage":8,"enemies":"Snecko","floor":23,"turns":1},{"damage":31,"enemies":"Centurion and Healer","floor":24,"turns":1},{"damage":17,"enemies":"Shelled Parasite and Fungi","floor":25,"turns":2},{"damage":0,"enemies":"Snecko","floor":27,"turns":1},{"damage":18,"enemies":"Slavers","floor":28,"turns":1},{"damage":8,"enemies":"Centurion and Healer","floor":29,"turns":1},{"damage":8,"enemies":"Cultist and Chosen","floor":30,"turns":1},{"damage":55,"enemies":"Collector","floor":33,"turns":1},{"damage":13,"enemies":"3 Darklings","floor":35,"turns":2},{"damage":45,"enemies":"3 Shapes","floor":36,"turns":1},{"damage":51,"enemies":"Maw","floor":37,"turns":1}],"seed_played":"-3685863279336586836","potions_obtained":[{"floor":1,"key":"REME_GoldPotion"},{"floor":3,"key":"Explosive Potion"},{"floor":35,"key":"testmod-SpacePotion"}],"is_trial":false,"path_per_floor":["M","$","M","?","M","E","R","$","T","$","R","?","M","?","R","B",null,"M","$","M","M","M","M","M","M","T","M","E","M","M","$","R","B",null,"M","M","M"],"character_chosen":"REMILIA","items_purchased":["AT_BellowingDragoncrestRing","REME_HeartOfCthun","DestinyDice","Explosive Potion","MerchantsRug","Swift Potion","Sling","REME_WheelOfFate","AT_RedTearstoneRing","testmod-ArcanaOfDestiny","Energy Potion","LiquidMemories","LiquidBronze","OrangePellets","Pen Nib","Bag of Marbles","Block Potion","DuplicationPotion","Strawberry","Dodecahedron","Nunchaku","ForecastOfChange","BloodyMagicSquare","DistilledChaos","Frozen Egg 2","Sundial","TimeFreeze","BatForm+1"],"campfire_rested":0,"item_purchase_floors":[2,2,2,2,2,2,8,8,8,8,8,8,8,10,10,10,10,10,19,19,19,19,19,19,31,31,31,31],"current_hp_per_floor":[72,72,72,75,74,63,63,63,63,63,63,63,63,63,63,50,75,75,82,82,82,82,82,82,82,82,82,82,82,82,82,82,82,82,82,82,41,41],"gold":169,"neow_bonus":"","is_daily":false,"chose_seed":false,"campfire_upgraded":4,"win_rate":0.0,"timestamp":1610097429,"path_taken":["M","$","M","?","M","E","R","$","T","$","R","?","M","?","R","BOSS","M","$","M","M","M","M","M","M","T","M","E","?","M","$","R","BOSS","M","M","M"],"items_purchased_type":["Relic","Card","Potion","Potion","Relic","Potion","Relic","Card","Relic","Relic","Potion","Potion","Potion","Relic","Relic","Relic","Potion","Potion","Relic","Relic","Relic","Card","Card","Potion","Relic","Relic","Relic","Card"],"build_version":"2020-12-22","purchased_purges":5,"victory":false,"max_hp_per_floor":[75,75,75,75,75,75,75,75,75,75,75,75,75,75,75,75,75,75,82,82,82,82,82,82,82,82,82,82,82,82,82,82,82,82,82,82,82,82],"card_choices":[{"not_picked":["EndlessAdversity","DiffusionOfMisfortune"],"picked":"BloodAndWine","floor":1},{"not_picked":["MeatLantern","BeautyBeast"],"picked":"QueenOfHatred","floor":1},{"not_picked":["BloodyMagicSquare","UltimateOffering","Stigmanizer","ScarletDream"],"picked":"BloodHunter","floor":3},{"not_picked":["BigBadWolf","OldLady"],"picked":"Scorched","floor":3},{"not_picked":["LeisurelyOfLord","UnderTheZenith","MastersStateliness","BloodHunter","EndlessAdversity"],"picked":"SKIP","floor":5},{"not_picked":["TwelveNightmare","BloodHunter","ScarletImprint","NightDance","RedRainbow"],"picked":"SKIP","floor":6},{"not_picked":["VampireSweep","ScarletDevil","ScarletDevilSign","MastersStateliness"],"picked":"SuperhumanBloodyKnife","floor":13},{"not_picked":["HeartBreak","ChaoticDestiny","ForecastOfChange","CurseOfVladTepes"],"picked":"QueenOfMidnight","floor":16},{"not_picked":["OldLady","NakedNest"],"picked":"Yin","floor":18},{"not_picked":["UnstableMagic","StarOfDavid","DiffusionOfMisfortune","TransientEternity","BlasphemousPunishment"],"picked":"SKIP","floor":18},{"not_picked":["Septette","ScarletDevil","UnstableMagic","ScarletDream+1","RedRainbow"],"picked":"SKIP","floor":20},{"not_picked":["OSAHOGD","Bloodbath"],"picked":"ShyLook","floor":21},{"not_picked":["Maim","ScarletImprint","BadLadyScramble","DiffusionOfMisfortune+1"],"picked":"ScarletMeister","floor":21},{"not_picked":["BloodHunter+1","Stigmanizer","FavorOfDestiny+1","EndlessAdversity","EternalNight"],"picked":"SKIP","floor":22},{"not_picked":["BloodHunter","ScarletDream","RedMagic+1","NightLord+1"],"picked":"ScarletImprint+1","floor":23},{"not_picked":["QueenOfMidnight","ScarletDevil","FavorOfDestiny+1","TwelveNightmare+1","CharismaGuard"],"picked":"SKIP","floor":24},{"not_picked":["UnderTheZenith","EquivalentExchange","VampireKiss+1","RedRainbow"],"picked":"BlasphemousPunishment+1","floor":25},{"not_picked":["Freischutz","BeautyBeast"],"picked":"FairyFestival","floor":27},{"not_picked":["LeisurelyOfLord","BlasphemousPunishment+1","BloodAndWine","EmergencyRegeneration","StarOfDavid"],"picked":"SKIP","floor":27},{"not_picked":["Porccubus","RedShoes"],"picked":"LaLuna","floor":28},{"not_picked":["VampireSweep","AfternoonTea","ScarletDevil","UnderTheZenith","VampireKiss"],"picked":"SKIP","floor":28},{"not_picked":["EternalNight","EmergencyRegeneration","BadLadyScramble","ChainGang","BloodAndWine"],"picked":"SKIP","floor":29},{"not_picked":["EternalNight","EmergencyRegeneration","BadLadyScramble","ChainGang","BloodAndWine"],"picked":"SKIP","floor":29},{"not_picked":["ScarletDevilSign+1","ScarletGensokyo","BombardNight","UnstableMagic","EndlessAdversity+1"],"picked":"SKIP","floor":30},{"not_picked":["ChaoticDestiny","CurseOfVladTepes+1","BloodyCatastrophe","HellCatastrophe"],"picked":"ScarletCoffin","floor":33},{"not_picked":["BadLadyScramble","BloodyMagicSquare+1","EndlessAdversity+1","HunterOfTheNight+1","BombardNight"],"picked":"SKIP","floor":35},{"not_picked":["VoidDream","SingingMachine"],"picked":"FieryBird","floor":36},{"not_picked":["EmergencyRegeneration+1","MillenniumVampire+1","BloodHunter","UltimateOffering+1","ScarletDevil+1"],"picked":"SKIP","floor":36}],"player_experience":15414,"relics_obtained":[{"floor":1,"key":"SynthV:TestCard"},{"floor":1,"key":"LetterFromLob"},{"floor":6,"key":"Matryoshka"},{"floor":9,"key":"Happy Flower"},{"floor":9,"key":"GodSword5"},{"floor":26,"key":"Regal Pillow"},{"floor":28,"key":"testmod-CasingShield"},{"floor":30,"key":"AtMidnight"},{"floor":36,"key":"AT_SpeedBoots"}],"event_choices":[{"cards_removed":["Strike_RM"],"damage_healed":0,"gold_gain":0,"player_choice":"Card Removal","damage_taken":0,"max_hp_gain":0,"max_hp_loss":0,"event_name":"The Cleric","floor":12,"gold_loss":50},{"damage_healed":0,"gold_gain":0,"player_choice":"Grow","damage_taken":0,"max_hp_gain":0,"max_hp_loss":0,"event_name":"Living Wall","floor":14,"gold_loss":0,"cards_upgraded":["SuperhumanBloodyKnife"]}],"is_beta":false,"boss_relics":[{"not_picked":["ExusiaiGun","PatriotShield"],"picked":"Transparent"},{"not_picked":["Velvet Choker","testmod-KeyOfTheVoid"],"picked":"SynthV:MejaisSoulstealer"}],"items_purged_floors":[2,8,10,19,31],"is_endless":false,"potions_floor_spawned":[1,3,16,18,22,24,25,33,35],"killed_by":"Maw","ascension_level":0}}