{"host":"7po9pgh86bqe2blc","time":1610125528,"event":{"mods":["BaseMod","ChefMod","Colored Map","Colored Powertips","Hermit","Minty Spire (QoL Compilation)","StSLib","The Cursed","The Disciple","The Hierophant","The Runesmith"],"gold_per_floor":[118,138,156,156,172,172,184,184,184,184,36,59,93,116,116,116,116],"floor_reached":16,"playtime":1182,"items_purged":["hierophant:Strike_Hierophant"],"score":104,"play_id":"da3d1044-ee3b-45e6-9100-28088de8add5","local_time":"20210108180528","is_ascension_mode":false,"campfire_choices":[{"data":"hierophant:Punish","floor":6,"key":"SMITH"},{"data":"hierophant:Smite","floor":8,"key":"SMITH"},{"data":"hierophant:Community","floor":15,"key":"SMITH"}],"circlet_count":0,"master_deck":["hierophant:Strike_Hierophant","hierophant:Strike_Hierophant","hierophant:Punish+1","hierophant:Defend_Hierophant","hierophant:Defend_Hierophant","hierophant:Defend_Hierophant","hierophant:Defend_Hierophant","hierophant:ChurchCoffers+1","hierophant:Smite+1","hierophant:TollTheBells","hierophant:OrnateBuckler","hierophant:TollTheBells","hierophant:Community+1"],"relics":["hierophant:PropheticMaskRelic","CaptainsWheel","Mango"],"acts_visited":["Exordium"],"potions_floor_usage":[12,16],"damage_taken":[{"damage":0,"enemies":"2 Louse","floor":1,"turns":3},{"damage":6,"enemies":"Jaw Worm","floor":2,"turns":2},{"damage":0,"enemies":"Cultist","floor":3,"turns":2},{"damage":0,"enemies":"2 Fungi Beasts","floor":5,"turns":2},{"damage":0,"enemies":"Exordium Wildlife","floor":7,"turns":2},{"damage":0,"enemies":"Lots of Slimes","floor":12,"turns":2},{"damage":18,"enemies":"Gremlin Nob","floor":13,"turns":5},{"damage":0,"enemies":"2 Fungi Beasts","floor":14,"turns":2},{"damage":58,"enemies":"Hexaghost","floor":16,"turns":11}],"seed_played":"843721369926784586","potions_obtained":[{"floor":5,"key":"Block Potion"},{"floor":12,"key":"Ancient Potion"},{"floor":14,"key":"GamblersBrew"}],"is_trial":false,"path_per_floor":["M","M","M","?","M","R","M","R","T","?","$","M","E","M","R","B"],"character_chosen":"HIEROPHANT","items_purchased":["hierophant:Community"],"campfire_rested":0,"item_purchase_floors":[11],"current_hp_per_floor":[75,69,69,62,62,62,62,62,62,62,62,62,58,58,58,0,0],"gold":116,"neow_bonus":"UPGRADE_CARD","is_daily":false,"chose_seed":false,"campfire_upgraded":3,"win_rate":0.0,"timestamp":1610125528,"path_taken":["M","M","M","?","M","R","M","R","T","?","$","M","E","M","R","BOSS"],"items_purchased_type":["Card"],"build_version":"2020-12-13","purchased_purges":1,"victory":false,"max_hp_per_floor":[75,75,75,75,75,75,75,75,75,75,75,75,89,89,89,89,89],"card_choices":[{"not_picked":["hierophant:SealAway","hierophant:MirrorShield"],"picked":"hierophant:Smite","floor":1},{"not_picked":["hierophant:Purify","hierophant:ThreeLashes","hierophant:Sermon"],"picked":"SKIP","floor":2},{"not_picked":["hierophant:Bribe","hierophant:FieryStrike"],"picked":"hierophant:TollTheBells","floor":3},{"not_picked":["hierophant:ThreeLashes","hierophant:OrnateJavelin","hierophant:Remorse"],"picked":"SKIP","floor":5},{"not_picked":["hierophant:Remorse","hierophant:Blessing"],"picked":"hierophant:OrnateBuckler","floor":7},{"not_picked":["hierophant:Blessing","hierophant:Zeal","hierophant:Exaltation"],"picked":"SKIP","floor":12},{"not_picked":["hierophant:Doubloon","hierophant:RecallFunds","hierophant:Empathy"],"picked":"SKIP","floor":13},{"not_picked":["hierophant:AuricForm","hierophant:CursedGold","hierophant:Doubloon"],"picked":"SKIP","floor":14}],"player_experience":312520,"relics_obtained":[{"floor":9,"key":"CaptainsWheel"},{"floor":13,"key":"Mango"}],"event_choices":[{"cards_removed":["hierophant:Strike_Hierophant"],"damage_healed":0,"gold_gain":0,"player_choice":"Card Removal","damage_taken":7,"max_hp_gain":0,"max_hp_loss":0,"event_name":"Golden Wing","floor":4,"gold_loss":0},{"damage_healed":0,"gold_gain":0,"player_choice":"1 cards matched","damage_taken":0,"max_hp_gain":0,"max_hp_loss":0,"event_name":"Match and Keep!","floor":10,"gold_loss":0,"cards_obtained":["hierophant:TollTheBells"]}],"is_beta":false,"boss_relics":[],"items_purged_floors":[11],"is_endless":false,"potions_floor_spawned":[5,12,14],"killed_by":"Hexaghost","ascension_level":0}}