{"host":"b1nq0yziqa64sqqa","time":1610121156,"event":{"mods":["AchievementEnabler","BaseMod","Colored Map","Colored Powertips","Highlight Path","Minty Spire (QoL Compilation)","Quick Restart","StSLib","SuperFastMode"],"gold_per_floor":[209,209,62,77,252,287,287,287,287,287,303,314,314,325,325,429,429,443,443,9,25,40,40,60,60,60,60,160,160,160,177,177,272,272,284,284,284,1,13,13,25,25,74,91,4,24,24,44,44,44,44],"floor_reached":50,"playtime":2469,"items_purged":["Shame","Defend_B"],"score":491,"play_id":"85af908e-0035-4530-8430-108d6df76503","local_time":"20210108175236","is_ascension_mode":false,"campfire_choices":[{"floor":8,"key":"REST"},{"floor":15,"key":"REST"},{"floor":23,"key":"REST"},{"floor":25,"key":"REST"},{"floor":27,"key":"REST"},{"floor":29,"key":"REST"},{"floor":32,"key":"REST"},{"data":"Fission","floor":40,"key":"SMITH"},{"floor":42,"key":"REST"},{"floor":47,"key":"REST"},{"floor":49,"key":"REST"}],"circlet_count":0,"master_deck":["Strike_B","Strike_B+1","Strike_B+1","Defend_B","Zap","Dualcast","Loop","Fission+1","Aggregate+1","Creative AI","Capacitor","Steam","Leap","Chill","Sweeping Beam","Turbo","Redo","Rainbow","Redo+1","Rebound+1","Core Surge+1","Coolheaded","Steam","Lockon","Rip and Tear+1","Force Field","White Noise","Amplify","Ball Lightning+1","Steam","Streamline+1","Cold Snap","Fusion+1","BootSequence+1"],"relics":["Cracked Core","Orichalcum","Orrery","Mercury Hourglass","Lizard Tail","Nunchaku","Spirit Poop","Astrolabe","Pocketwatch","TungstenRod","Du-Vu Doll","CaptainsWheel","Mummified Hand","SacredBark","Membership Card","Potion Belt","Whetstone"],"acts_visited":["Exordium","TheCity","TheBeyond"],"potions_floor_usage":[16,16,16,24,28,33,41,44,44,46,50,50],"damage_taken":[{"damage":8,"enemies":"Jaw Worm","floor":1,"turns":4},{"damage":6,"enemies":"Small Slimes","floor":4,"turns":4},{"damage":24,"enemies":"3 Sentries","floor":6,"turns":9},{"damage":0,"enemies":"Cultist","floor":11,"turns":3},{"damage":4,"enemies":"Looter","floor":12,"turns":3},{"damage":9,"enemies":"3 Louse","floor":14,"turns":5},{"damage":3,"enemies":"The Guardian","floor":16,"turns":7},{"damage":17,"enemies":"3 Byrds","floor":18,"turns":4},{"damage":15,"enemies":"2 Thieves","floor":21,"turns":4},{"damage":17,"enemies":"Sentry and Sphere","floor":22,"turns":7},{"damage":24,"enemies":"Snake Plant","floor":24,"turns":4},{"damage":8,"enemies":"Colosseum Slavers","floor":28,"turns":2},{"damage":18,"enemies":"Colosseum Nobs","floor":28,"turns":5},{"damage":0,"enemies":"Cultist and Chosen","floor":31,"turns":6},{"damage":0,"enemies":"Collector","floor":33,"turns":7},{"damage":23,"enemies":"3 Darklings","floor":35,"turns":7},{"damage":12,"enemies":"Orb Walker","floor":39,"turns":4},{"damage":15,"enemies":"3 Darklings","floor":41,"turns":4},{"damage":44,"enemies":"Transient","floor":44,"turns":5},{"damage":7,"enemies":"Writhing Mass","floor":46,"turns":4},{"damage":20,"enemies":"Jaw Worm Horde","floor":48,"turns":5},{"damage":78,"enemies":"Awakened One","floor":50,"turns":8}],"seed_played":"2622229937393402139","potions_obtained":[{"floor":1,"key":"EssenceOfDarkness"},{"floor":6,"key":"SkillPotion"},{"floor":12,"key":"BlessingOfTheForge"},{"floor":22,"key":"GamblersBrew"},{"floor":24,"key":"FocusPotion"},{"floor":28,"key":"BlessingOfTheForge"},{"floor":31,"key":"PowerPotion"},{"floor":39,"key":"AttackPotion"},{"floor":41,"key":"ColorlessPotion"}],"is_trial":false,"path_per_floor":["M","?","$","M","?","E","T","R","T","?","M","M","?","M","R","B",null,"M","?","$","M","M","R","M","R","T","R","?","R","?","M","R","B",null,"M","?","?","$","M","R","M","R","T","M","$","M","R","M","R","B"],"character_chosen":"DEFECT","items_purchased":["Orrery","TungstenRod","ColorlessPotion","Membership Card","DistilledChaos","Potion Belt","Ball Lightning","Cold Snap","Energy Potion"],"campfire_rested":10,"item_purchase_floors":[3,20,20,38,38,38,38,45,45],"current_hp_per_floor":[67,55,55,49,49,25,25,47,47,47,47,43,28,19,41,38,75,58,58,58,43,26,48,24,46,46,68,42,64,51,51,75,75,80,57,57,57,57,45,45,30,54,54,10,10,3,27,7,31,0,0],"gold":44,"neow_bonus":"HUNDRED_GOLD","is_daily":false,"chose_seed":false,"campfire_upgraded":1,"win_rate":0.0,"timestamp":1610121156,"path_taken":["M","?","$","M","?","E","?","R","T","?","M","?","?","M","R","BOSS","M","?","$","M","M","R","M","R","T","R","?","R","?","?","R","BOSS","M","?","?","?","?","R","M","R","T","M","$","M","R","M","R","BOSS"],"items_purchased_type":["Relic","Relic","Potion","Relic","Potion","Relic","Card","Card","Potion"],"build_version":"2020-12-22","purchased_purges":2,"victory":false,"max_hp_per_floor":[75,75,75,75,75,75,75,75,75,75,75,75,75,75,75,75,75,75,75,75,75,75,75,75,75,75,75,75,75,80,80,80,80,80,80,80,80,80,80,80,80,80,80,80,80,80,80,80,80,80,80],"card_choices":[{"not_picked":["Skim","Steam"],"picked":"Loop","floor":1},{"not_picked":["Redo","Ball Lightning"],"picked":"Fission","floor":3},{"not_picked":["Recycle","BootSequence"],"picked":"Aggregate","floor":3},{"not_picked":["Undo","Hologram"],"picked":"Creative AI","floor":3},{"not_picked":["Force Field","Beam Cell"],"picked":"Capacitor","floor":3},{"not_picked":["Meteor Strike","Genetic Algorithm"],"picked":"Steam","floor":3},{"not_picked":["Loop","Storm"],"picked":"Leap","floor":4},{"not_picked":["Ball Lightning","Storm"],"picked":"Chill","floor":6},{"not_picked":["Reboot","Steam"],"picked":"Sweeping Beam","floor":11},{"not_picked":["Capacitor","Ball Lightning"],"picked":"Turbo","floor":12},{"not_picked":["Streamline","Aggregate"],"picked":"Redo","floor":14},{"not_picked":["Fission","Creative AI"],"picked":"Rainbow","floor":16},{"not_picked":["Static Discharge","Heatsinks"],"picked":"Coolheaded","floor":18},{"not_picked":["Go for the Eyes","Capacitor"],"picked":"Steam","floor":21},{"not_picked":["Go for the Eyes","Aggregate+1"],"picked":"Lockon","floor":22},{"not_picked":["Sweeping Beam","Redo"],"picked":"Rip and Tear+1","floor":24},{"not_picked":["Sweeping Beam","Genetic Algorithm"],"picked":"Force Field","floor":28},{"not_picked":["Hologram","Darkness"],"picked":"White Noise","floor":31},{"not_picked":["Seek","Hyperbeam"],"picked":"Amplify","floor":33},{"not_picked":["Sweeping Beam+1","Go for the Eyes+1","Hologram"],"picked":"SKIP","floor":35},{"not_picked":["Static Discharge+1","Turbo","Steam"],"picked":"SKIP","floor":39},{"not_picked":["Sweeping Beam+1","Force Field+1"],"picked":"Steam","floor":41},{"not_picked":["Go for the Eyes+1","Steam Power+1"],"picked":"Streamline+1","floor":44},{"not_picked":["Steam+1","Storm+1"],"picked":"Fusion+1","floor":46},{"not_picked":["Doom and Gloom+1","Ball Lightning"],"picked":"BootSequence+1","floor":48}],"player_experience":76018,"relics_obtained":[{"floor":6,"key":"Mercury Hourglass"},{"floor":7,"key":"Lizard Tail"},{"floor":9,"key":"Nunchaku"},{"floor":26,"key":"Du-Vu Doll"},{"floor":28,"key":"CaptainsWheel"},{"floor":28,"key":"Mummified Hand"},{"floor":43,"key":"Whetstone"}],"event_choices":[{"damage_healed":0,"gold_gain":0,"player_choice":"Success","damage_taken":12,"relics_obtained":["Orichalcum"],"max_hp_gain":0,"max_hp_loss":0,"event_name":"Scrap Ooze","floor":2,"gold_loss":0},{"damage_healed":0,"gold_gain":175,"player_choice":"AGREE","damage_taken":0,"max_hp_gain":0,"max_hp_loss":0,"event_name":"Liars Game","floor":5,"gold_loss":0,"cards_obtained":["Doubt"]},{"cards_removed":["Doubt"],"damage_healed":0,"gold_gain":0,"player_choice":"Offered Curse","damage_taken":0,"relics_obtained":["Spirit Poop"],"max_hp_gain":0,"max_hp_loss":0,"event_name":"Bonfire Elementals","floor":10,"gold_loss":0},{"damage_healed":0,"gold_gain":0,"player_choice":"Entered Light","damage_taken":15,"max_hp_gain":0,"max_hp_loss":0,"event_name":"Shining Light","floor":13,"gold_loss":0,"cards_upgraded":["Strike_B","Aggregate"]},{"damage_healed":0,"gold_gain":0,"player_choice":"Stole Relic","damage_taken":0,"relics_obtained":["Pocketwatch"],"max_hp_gain":0,"max_hp_loss":0,"event_name":"Addict","floor":19,"gold_loss":0,"cards_obtained":["Shame"]},{"damage_healed":0,"gold_gain":0,"player_choice":"Fight","damage_taken":0,"max_hp_gain":0,"max_hp_loss":0,"event_name":"Colosseum","floor":28,"gold_loss":0},{"damage_healed":0,"gold_gain":0,"player_choice":"Fought Nobs","damage_taken":0,"max_hp_gain":0,"max_hp_loss":0,"event_name":"Colosseum","floor":28,"gold_loss":0},{"damage_healed":0,"gold_gain":0,"player_choice":"Shed Blood","damage_taken":19,"max_hp_gain":5,"max_hp_loss":0,"event_name":"Forgotten Altar","floor":30,"gold_loss":0},{"damage_healed":0,"gold_gain":0,"player_choice":"Ignored","damage_taken":0,"max_hp_gain":0,"max_hp_loss":0,"event_name":"Mysterious Sphere","floor":36,"gold_loss":0},{"damage_healed":0,"gold_gain":0,"player_choice":"Ignored","damage_taken":0,"max_hp_gain":0,"max_hp_loss":0,"event_name":"Tomb of Lord Red Mask","floor":37,"gold_loss":0}],"is_beta":false,"boss_relics":[{"not_picked":["Snecko Eye","Busted Crown"],"picked":"Astrolabe"},{"not_picked":["FrozenCore","Fusion Hammer"],"picked":"SacredBark"}],"items_purged_floors":[20,45],"is_endless":false,"potions_floor_spawned":[1,6,12,22,24,28,31,39,41],"killed_by":"Awakened One","ascension_level":0}}