{"host":"j25kpsdysct9h495","time":1610134749,"event":{"mods":["BaseMod","Bestiary","Minty Spire (QoL Compilation)","Rare Cards Sparkle","StSLib"],"gold_per_floor":[110,110,110,86,86,86,102,102,126,144,24,50,65,80,80,182,182,201,216,229,229,229],"floor_reached":21,"playtime":1346,"items_purged":["Strike_B"],"score":181,"play_id":"eb162af2-fb3f-49aa-8990-6cca271ce595","local_time":"20210108173909","is_ascension_mode":false,"campfire_choices":[{"data":"Go for the Eyes","floor":6,"key":"SMITH"},{"data":"Go for the Eyes","floor":8,"key":"SMITH"},{"floor":15,"key":"REST"}],"circlet_count":0,"master_deck":["Strike_B","Strike_B","Strike_B","Defend_B","Defend_B","Defend_B","Defend_B","Zap+1","Dualcast","Go for the Eyes+1","Go for the Eyes+1","Hologram","Streamline","Beam Cell","Turbo","Gash+1"],"relics":["Cracked Core","NeowsBlessing","Bronze Scales","Meat on the Bone"],"acts_visited":["Exordium","TheCity"],"potions_floor_usage":[],"damage_taken":[{"damage":0,"enemies":"Small Slimes","floor":1,"turns":1},{"damage":0,"enemies":"Jaw Worm","floor":7,"turns":1},{"damage":0,"enemies":"Cultist","floor":10,"turns":1},{"damage":39,"enemies":"3 Sentries","floor":12,"turns":6},{"damage":5,"enemies":"Exordium Wildlife","floor":13,"turns":4},{"damage":2,"enemies":"Looter","floor":14,"turns":2},{"damage":49,"enemies":"The Guardian","floor":16,"turns":9},{"damage":22,"enemies":"Shell Parasite","floor":18,"turns":6},{"damage":22,"enemies":"2 Thieves","floor":19,"turns":5},{"damage":41,"enemies":"Centurion and Healer","floor":20,"turns":10}],"seed_played":"-3227788237719440676","potions_obtained":[{"floor":12,"key":"SmokeBomb"},{"floor":13,"key":"SteroidPotion"},{"floor":16,"key":"BlessingOfTheForge"}],"is_trial":false,"path_per_floor":["M","?","?","$","?","R","M","R","T","M","$","E","M","M","R","B",null,"M","M","M","?"],"character_chosen":"DEFECT","items_purchased":["Go for the Eyes","Streamline"],"campfire_rested":1,"item_purchase_floors":[4,11],"current_hp_per_floor":[75,75,75,75,75,75,75,75,75,75,75,36,43,41,63,26,75,53,43,14,0,0],"gold":229,"neow_bonus":"THREE_ENEMY_KILL","is_daily":false,"chose_seed":false,"campfire_upgraded":2,"win_rate":0.0,"timestamp":1610134749,"path_taken":["M","?","?","$","?","R","M","R","T","M","$","E","M","M","R","BOSS","M","?","M","?"],"items_purchased_type":["Card","Card"],"build_version":"2020-12-22","purchased_purges":1,"victory":false,"max_hp_per_floor":[75,75,75,75,75,75,75,75,75,75,75,75,75,75,75,75,75,75,75,75,75,75],"card_choices":[{"not_picked":["Cold Snap","Darkness"],"picked":"Go for the Eyes","floor":1},{"not_picked":["Loop","Sweeping Beam","Ball Lightning"],"picked":"SKIP","floor":7},{"not_picked":["Reinforced Body","Lockon"],"picked":"Hologram","floor":10},{"not_picked":["Ball Lightning","Skim"],"picked":"Beam Cell","floor":12},{"not_picked":["Cold Snap","Stack","Sunder"],"picked":"SKIP","floor":13},{"not_picked":["Reprogram","Thunder Strike","Recycle"],"picked":"SKIP","floor":14},{"not_picked":["Redo","Consume+1"],"picked":"Turbo","floor":18},{"not_picked":["Fusion","Aggregate","Defragment"],"picked":"SKIP","floor":19},{"not_picked":["Compile Driver","Coolheaded"],"picked":"Gash+1","floor":20}],"player_experience":59918,"relics_obtained":[{"floor":9,"key":"Bronze Scales"},{"floor":12,"key":"Meat on the Bone"}],"event_choices":[{"damage_healed":0,"gold_gain":0,"player_choice":"Ignored","damage_taken":0,"max_hp_gain":0,"max_hp_loss":0,"event_name":"Liars Game","floor":2,"gold_loss":0},{"damage_healed":0,"gold_gain":0,"player_choice":"Ignored","damage_taken":0,"max_hp_gain":0,"max_hp_loss":0,"event_name":"Shining Light","floor":3,"gold_loss":0},{"damage_healed":0,"gold_gain":0,"player_choice":"Upgraded","damage_taken":0,"max_hp_gain":0,"max_hp_loss":0,"event_name":"Upgrade Shrine","floor":5,"gold_loss":0,"cards_upgraded":["Zap"]}],"is_beta":false,"boss_relics":[{"not_picked":["Runic Dome","Snecko Eye","Sozu"]}],"items_purged_floors":[11],"is_endless":false,"potions_floor_spawned":[12,13,16,18,20],"ascension_level":0}}