{"host":"0rxdudjy6rylha1k","time":1610149015,"event":{"mods":["Aspiration","BaseMod","Colored Map","Colored Powertips","Downfall","Highlight Path","Hubris","Minty Spire (QoL Compilation)","StSLib"],"gold_per_floor":[99,99,117,26,11,22,22,22,22,50,50,63,63,96,107,207,207,57,77,77,90,75,94,94,86,86,104,29,53,53,80,97,201,201,201,218,48,67,81,238,238,248,248,248,248,261,261,275,293,293,293,293,293,293],"floor_reached":52,"playtime":7483,"items_purged":[],"score":698,"play_id":"6e2db2c2-1fec-4148-9fa2-d9a9c38fa72c","local_time":"20210108163655","is_ascension_mode":true,"campfire_choices":[{"floor":1.0,"key":"RECALL"},{"data":"hexamod:Float","floor":9.0,"key":"SMITH"},{"data":"hexamod:TimeOfNeed","floor":11.0,"key":"SMITH"},{"data":"hexamod:HeatMetal","floor":13.0,"key":"SMITH"},{"data":"hexamod:GiftsFromTheDead","floor":18.0,"key":"SMITH"},{"data":"hexamod:GhostOfSpireFuture","floor":28,"key":"SMITH"},{"data":"hexamod:GhostOfSpirePresent","floor":30,"key":"SMITH"},{"data":"hexamod:Hexaguard","floor":35,"key":"SMITH"},{"data":"hexamod:SpectralSpark","floor":47,"key":"SMITH"}],"circlet_count":0,"master_deck":["hexamod:Strike+1","hexamod:Strike+1","hexamod:Strike+1","hexamod:Defend+1","hexamod:Defend+1","hexamod:Defend","hexamod:Defend+1","hexamod:Sear","hexamod:Float+1","hexamod:SpectralSpark+1","hexamod:TimeOfNeed+1","hexamod:Hexaguard+1","hexamod:GhostOfSpireFuture+1","hexamod:HeatMetal+1","hexamod:GhostflameBarrier+1","hexamod:GiftsFromTheDead+1","hexamod:GhostOfSpirePresent+1","hexamod:SearingWound+1","hexamod:HeatShield+1","hexamod:ThermalTransfer+1","hexamod:AdvancingGuard+1","hexamod:HeatCrush+1","hexamod:SpectersWail"],"relics":["hexamod:SpiritBrand","Toxic Egg 2","TungstenRod","Busted Crown","downfall:HeartBlessingRed","downfall:HeartBlessingGreen","downfall:RedIOU","downfall:HeartBlessingBlue","hexamod:TheBrokenSeal","SlaversCollar","Vajra","aspiration:ArtOfWarUpgrade","Lizard Tail"],"acts_visited":["Exordium","TheCity","TheBeyond","TheEnding"],"potions_floor_usage":[31,31,33,36,37,39,39,39,39,42,48,52],"damage_taken":[{"damage":0.0,"enemies":"2 Louse","floor":3.0,"turns":4.0},{"damage":0.0,"enemies":"downfall:FleeingMerchant","floor":4.0,"turns":4.0},{"damage":4.0,"enemies":"downfall:FleeingMerchant","floor":5.0,"turns":4.0},{"damage":0.0,"enemies":"Cultist","floor":6.0,"turns":4.0},{"damage":5.0,"enemies":"Lagavulin","floor":10.0,"turns":7.0},{"damage":6.0,"enemies":"Small Slimes","floor":12.0,"turns":3.0},{"damage":9.0,"enemies":"3 Sentries","floor":14.0,"turns":10.0},{"damage":0.0,"enemies":"2 Fungi Beasts","floor":15.0,"turns":3.0},{"damage":42.0,"enemies":"downfall:Defect","floor":16.0,"turns":12.0},{"damage":12.0,"enemies":"3 Byrds","floor":19.0,"turns":4.0},{"damage":3.0,"enemies":"Shell Parasite","floor":21.0,"turns":6.0},{"damage":6.0,"enemies":"downfall:FleeingMerchant","floor":22.0,"turns":4.0},{"damage":8.0,"enemies":"Sentry and Sphere","floor":23.0,"turns":7.0},{"damage":7.0,"enemies":"Snake Plant","floor":27.0,"turns":4.0},{"damage":5,"enemies":"Centurion and Healer","floor":29,"turns":8},{"damage":8,"enemies":"Snecko","floor":31,"turns":6},{"damage":48,"enemies":"Cultist and Chosen","floor":32,"turns":10},{"damage":21,"enemies":"downfall:Silent","floor":33,"turns":10},{"damage":11,"enemies":"Orb Walker","floor":36,"turns":3},{"damage":8,"enemies":"downfall:FleeingMerchant","floor":37,"turns":4},{"damage":0,"enemies":"3 Darklings","floor":38,"turns":7},{"damage":0,"enemies":"Jaw Worm Horde","floor":39,"turns":5},{"damage":0,"enemies":"downfall:FleeingMerchant","floor":40,"turns":4},{"damage":0,"enemies":"Maw","floor":42,"turns":7},{"damage":3,"enemies":"Spire Growth","floor":46,"turns":5},{"damage":11,"enemies":"4 Shapes","floor":48,"turns":6},{"damage":0,"enemies":"Jaw Worm Horde","floor":49,"turns":6},{"damage":10,"enemies":"downfall:Ironclad","floor":50,"turns":7},{"damage":200,"enemies":"downfall:CharBossMerchant","floor":52,"turns":13}],"seed_played":"448890615248225857","potions_obtained":[{"floor":3.0,"key":"BlessingOfTheForge"},{"floor":6.0,"key":"SteroidPotion"},{"floor":10.0,"key":"BlessingOfTheForge"},{"floor":14.0,"key":"Guardian:BlockOnCardUsePotion"},{"floor":16.0,"key":"Regen Potion"},{"floor":19.0,"key":"Energy Potion"},{"floor":21.0,"key":"LiquidMemories"},{"floor":23.0,"key":"hexamod:EctoCoolerPotion"},{"floor":23.0,"key":"AttackPotion"},{"floor":27.0,"key":"EssenceOfSteel"},{"floor":31,"key":"SpeedPotion"},{"floor":32,"key":"hexamod:InfernoChargePotion"},{"floor":33,"key":"champ:CounterPotion"},{"floor":36,"key":"GamblersBrew"},{"floor":38,"key":"EntropicBrew"},{"floor":46,"key":"Weak Potion"},{"floor":49,"key":"SneckoOil"}],"is_trial":false,"path_per_floor":["R","?","M","$","$","M","T","?","R","E","R","M","R","E","M","B",null,"R","M","?","M","$","M","T","?","?","M","R","M","R","M","M","B",null,"R","M","$","M","M","$","T","M","R","?","R","M","R","M","M","B",null,"E"],"character_chosen":"THE_SPIRIT","items_purchased":["hexamod:TimeOfNeed","Vajra","Art of War","hexamod:AdvancingGuard+1"],"campfire_rested":0,"item_purchase_floors":[4,37,40,40],"current_hp_per_floor":[77,77,77,77,73,73,73,73,73,68,68,62,62,53,53,11,77,77,65,65,77,77,76,76,76,76,76,86,87,87,86,64,43,97,97,86,78,78,78,78,78,78,78,88,88,85,85,74,74,64,97,0,0,0],"gold":293,"neow_bonus":"TEN_PERCENT_HP_BONUS","is_daily":false,"chose_seed":false,"campfire_upgraded":8,"win_rate":0.0,"timestamp":1610149015,"path_taken":["R","?","M","?","$","M","T","?","R","E","R","M","R","E","M","BOSS","R","M","?","M","$","M","T","?","?","M","R","M","R","?","M","BOSS","R","M","$","M","M","$","T","M","R","?","R","M","R","M","M","BOSS","E"],"items_purchased_type":["Card","Relic","Relic","Card"],"build_version":"2020-12-22","purchased_purges":0,"victory":false,"max_hp_per_floor":[77,77,77,77,77,77,77,77,77,77,77,77,77,77,77,77,77,77,77,77,77,77,77,77,77,77,77,87,87,87,87,97,97,97,97,97,97,97,97,97,97,97,97,97,97,97,97,97,97,97,97,97,97,97],"card_choices":[{"not_picked":["hexamod:GhostOfSpirePast","hexamod:SkipABeat","hexamod:HeatCrush"],"picked":"SKIP","floor":3.0},{"not_picked":["hexamod:BurningTouch","hexamod:RetreatToShadows"],"picked":"hexamod:SpectralSpark","floor":4.0},{"not_picked":["hexamod:Haunt","hexamod:Firestarter"],"picked":"hexamod:Hexaguard","floor":5.0},{"not_picked":["hexamod:ChargedBarrage","hexamod:Firestarter"],"picked":"hexamod:GhostOfSpireFuture","floor":6.0},{"not_picked":["hexamod:HauntingEcho","hexamod:RetreatToShadows+1","hexamod:RainOfEmbers"],"picked":"SKIP","floor":10.0},{"not_picked":["hexamod:Incineration","hexamod:HauntingEcho"],"picked":"hexamod:HeatMetal","floor":12.0},{"not_picked":["hexamod:GhostOfSpireFuture","hexamod:RetreatToShadows+1"],"picked":"hexamod:FifthSeal","floor":14.0},{"not_picked":["hexamod:SwordOfDarkness","hexamod:InspiringFlames+1"],"picked":"hexamod:GhostflameBarrier+1","floor":15.0},{"not_picked":["hexamod:Toasty","hexamod:TurnItUp+1"],"picked":"hexamod:GiftsFromTheDead","floor":16.0},{"not_picked":[],"picked":"hexamod:SixthSeal","floor":19.0},{"not_picked":[],"picked":"hexamod:GhostOfSpirePresent","floor":19.0},{"not_picked":[],"picked":"hexamod:FirstSeal","floor":21.0},{"not_picked":["hexamod:CatchUp+1"],"picked":"SKIP","floor":21.0},{"not_picked":[],"picked":"hexamod:FourthSeal","floor":22.0},{"not_picked":["hexamod:HeatShield+1"],"picked":"SKIP","floor":22.0},{"not_picked":["hexamod:GhostShield+1"],"picked":"SKIP","floor":23.0},{"not_picked":["hexamod:FirstSeal"],"picked":"SKIP","floor":27.0},{"not_picked":["hexamod:NecessarySacrifice+1"],"picked":"SKIP","floor":27.0},{"not_picked":["hexamod:NightmareStrike"],"picked":"SKIP","floor":29},{"not_picked":[],"picked":"hexamod:ThirdSeal","floor":31},{"not_picked":["hexamod:FourthSeal"],"picked":"SKIP","floor":31},{"not_picked":["hexamod:SwordOfDarkness"],"picked":"SKIP","floor":32},{"not_picked":[],"picked":"hexamod:SearingWound+1","floor":33},{"not_picked":[],"picked":"hexamod:HeatShield+1","floor":36},{"not_picked":[],"picked":"hexamod:ThermalTransfer+1","floor":37},{"not_picked":["hexamod:CatchUp+1"],"picked":"SKIP","floor":38},{"not_picked":["hexamod:SkipABeat+1"],"picked":"SKIP","floor":39},{"not_picked":["hexamod:ShieldOfDarkness+1"],"picked":"SKIP","floor":40},{"not_picked":["hexamod:ShieldOfDarkness+1"],"picked":"SKIP","floor":42},{"not_picked":[],"picked":"hexamod:HeatCrush+1","floor":46},{"not_picked":["hexamod:SwordOfDarkness"],"picked":"SKIP","floor":48},{"not_picked":[],"picked":"hexamod:SpectersWail","floor":49}],"player_experience":2456156,"relics_obtained":[{"floor":7.0,"key":"Toxic Egg 2"},{"floor":10.0,"key":"TungstenRod"},{"floor":14.0,"key":"Whetstone"},{"floor":41,"key":"Lizard Tail"}],"event_choices":[{"cards_removed":["hexamod:Strike"],"damage_healed":0.0,"max_hp_gain":0.0,"max_hp_loss":0.0,"gold_gain":0.0,"event_name":"Bonfire Elementals","player_choice":"Offered Basic","floor":2.0,"gold_loss":0.0,"damage_taken":0.0}],"is_beta":false,"boss_relics":[{"not_picked":["aspiration:FutureDiary","Snecko Eye"],"picked":"Busted Crown"},{"not_picked":["Runic Pyramid","hubris:RunicObelisk"],"picked":"SlaversCollar"}],"items_purged_floors":[],"is_endless":false,"potions_floor_spawned":[3,6,10,14,16,19,21,23,32,33,36,38,46,49],"killed_by":"downfall:CharBossMerchant","ascension_level":1}}