{"host":"yimsjc3cz1ak4m0l","time":1610090992,"event":{"mods":["2.2 Compatiblity","A Magickal Journey","Act Like it!","AlwaysNeverKeys","Aspiration","Bartender","BaseMod","BetterRewards","CatGirl Mod","Chen","Colored Map","Colored Powertips","Colorless Booster Pack","Conjunction","Conspire","Defuse TimeMaze Blight","Downfall","Energized Spire","FutureSeer","GifTheSpireLib","Gremlin Skip","GungeonMod","Halation","HexUI Lib","Highlight Path","Hubris","Hyrulean Relics","Infinite Spire","Jedi Mod","Mimic Mod","Minty Spire (QoL Compilation)","Potionbrewer","Quick Restart","Relic Sorter","Replay The Spire","Reworked Bosses","RumiaBox-????????","Shop Mod","Small Relic Pack","Spikes Relics","StSLib","Strawberry Spire","Stuff the Spire","The Administrix","The Alterego","The Animator","The Bladedancer","The Bug Knight","The Marked","Trackpad","Treasure Hunter","Useless Jewels Mod","Wandering Minibosses","egg","??????REMEMod"],"gold_per_floor":[126,126,148,248,275,275,275,307,351,315,343,343,343,354,354,465,465,540,540,671,711,723,723,763,763,763,763,763,763,440,458,458,555,555,575,575,593,593,668,668,699,699,754,754,771,771,782,832,832,832,832],"floor_reached":50,"playtime":4052,"items_purged":[],"score":573,"play_id":"fbaf28d9-1269-4426-a9e2-d63fddeee49b","local_time":"20210108022952","is_ascension_mode":false,"campfire_choices":[{"data":"animator:Demiurge","floor":6.0,"key":"SMITH"},{"data":"animator:Darkness","floor":12.0,"key":"SMITH"},{"data":"animator:Entoma+2","floor":15.0,"key":"SMITH"},{"data":"animator:Kaijin","floor":23,"key":"SMITH"},{"floor":25,"key":"REST"},{"floor":29,"key":"REST"},{"data":"animator:DolaStephanie","floor":32,"key":"SMITH"},{"data":"animator:Cocytus","floor":40,"key":"SMITH"},{"data":"animator:DolaSchwi","floor":44,"key":"SMITH"},{"data":"animator:Albedo","floor":46,"key":"SMITH"},{"data":"animator:Yoichi","floor":49,"key":"SMITH"}],"circlet_count":0,"master_deck":["animator:Defend_Overlord+1","animator:Defend+1","animator:Defend+1","animator:Defend+1","animator:Cocytus+1","animator:Demiurge+1","animator:NarberalGamma+1","animator:Shalltear+1","animator:Entoma+10","animator:Darkness+1","animator:Megumin+11","animator:ChlammyZell+1","animator:Mitsuba","animator:Tet+1","animator:Albedo+1","animator:ElricEdward+1","animator:NarberalGamma+1","animator:Kaijin+1","animator:DwarfShaman+1","animator:DolaStephanie+1","StuffTheSpire:CuriosityCurse","animator:PandorasActor+1","animator:Priestess+1","animator:MaesHughes+1","Parasite","animator:Souei+1","animator:Jibril","animator:Yoichi+1","animator:DolaSchwi+1","animator:Spearman+1","animator:AcuraAkari+1"],"relics":["animator:LivingPicture","halation:PinkSoulGem","aspiration:DSix","DemoMod:SerJunkan","REME_ComplimentaryCards","animator:TheMissingPiece","animator:PurgingStone","Blood Vial","ZombieArmy","Nunchaku","Lantern","trackpad:StolenKidneys","Silver_Glasses","potionbrewer:Torch","trackpad:IceCube","aspiration:Stabinomicon","strawberrySpire:MawJerky","MerchantsRug","halation:HeavySnake","conspire:Flyswatter","DemoMod:Junk","Calipers"],"acts_visited":["Exordium","TheCity","TheBeyond"],"potions_floor_usage":[16,33,50],"damage_taken":[{"damage":1.0,"enemies":"2 Louse","floor":1.0,"turns":4.0},{"damage":9.0,"enemies":"Jaw Worm","floor":3.0,"turns":4.0},{"damage":2.0,"enemies":"Cultist","floor":5.0,"turns":3.0},{"damage":21.0,"enemies":"Gremlin Nob","floor":8.0,"turns":5.0},{"damage":0.0,"enemies":"3 Louse","floor":9.0,"turns":6.0},{"damage":21.0,"enemies":"Lagavulin","floor":11.0,"turns":6.0},{"damage":0.0,"enemies":"3 Louse","floor":14.0,"turns":3.0},{"damage":19,"enemies":"Fading Forest","floor":16,"turns":11},{"damage":9,"enemies":"2 Thieves","floor":18,"turns":3},{"damage":19,"enemies":"conspire:FuzzyDice","floor":20,"turns":6},{"damage":0,"enemies":"Centurion and Healer","floor":21,"turns":6},{"damage":3,"enemies":"Snake Plant","floor":22,"turns":4},{"damage":42,"enemies":"Nightmare","floor":24,"turns":7},{"damage":0,"enemies":"3 Cultists","floor":31,"turns":2},{"damage":25,"enemies":"bossMod:newCollector","floor":33,"turns":7},{"damage":3,"enemies":"3 Shapes","floor":35,"turns":2},{"damage":6,"enemies":"3 Darklings","floor":37,"turns":4},{"damage":15,"enemies":"Writhing Mass","floor":39,"turns":5},{"damage":25,"enemies":"R_Hoarder","floor":41,"turns":8},{"damage":5,"enemies":"Sphere and 2 Shapes","floor":43,"turns":6},{"damage":0,"enemies":"Sphere and 2 Shapes","floor":45,"turns":2},{"damage":19,"enemies":"3 Darklings","floor":47,"turns":3},{"damage":7,"enemies":"Mind Bloom Boss Battle","floor":48,"turns":4},{"damage":41,"enemies":"conspire:OrnateMirror","floor":50,"turns":3}],"seed_played":"5050006355240694191","potions_obtained":[{"floor":3.0,"key":"Swift Potion"},{"floor":5.0,"key":"Explosive Potion"},{"floor":11.0,"key":"LiquidBronze"},{"floor":21,"key":"FearPotion"},{"floor":31,"key":"ColorlessPotion"},{"floor":33,"key":"Elixir"},{"floor":37,"key":"Dexterity Potion"},{"floor":45,"key":"Adrenaline Potion"}],"is_trial":false,"path_per_floor":["M","?","M","?","M","R","?","E","MIM","?","E","R","?","M","R","B",null,"M","AVR","M","M","M","R","NM","R","T","?","?","R","$","M","R","B",null,"M","?","M","AVR","M","R","E","?","MIM","R","M","R","M","?","R","B"],"character_chosen":"THE_ANIMATOR","items_purchased":["MerchantsRug","DemoMod:SerJunkan"],"campfire_rested":2,"item_purchase_floors":[30,30],"current_hp_per_floor":[65,65,58,58,58,58,58,39,41,41,22,22,22,27,27,20,70,61,61,46,48,49,49,9,31,31,15,15,37,37,40,40,19,77,76,76,74,74,64,64,52,52,49,49,51,51,34,35,35,0,0],"gold":832,"neow_bonus":"DSIX","is_daily":false,"chose_seed":false,"campfire_upgraded":9,"win_rate":0.0,"timestamp":1610090992,"path_taken":["M","?","M","?","?","R","?","E","MIM","?","E","R","?","?","R","BOSS","M","AVR","M","M","M","R","NM","R","T","?","?","R","?","M","R","BOSS","M","?","?","AVR","M","R","E","?","MIM","R","M","R","?","?","R","BOSS"],"items_purchased_type":["Relic","Relic"],"build_version":"2020-12-22","purchased_purges":0,"victory":false,"max_hp_per_floor":[66,66,67,67,67,67,67,67,67,67,67,67,67,70,70,70,70,70,70,72,72,74,74,74,74,74,74,74,74,74,75,75,77,77,79,79,81,81,81,81,86,86,86,86,86,86,86,86,86,88,88],"card_choices":[{"not_picked":["animator:Shigure","animator:Caster"],"picked":"animator:Shalltear","floor":1.0},{"not_picked":["animator:Cocytus","animator:Priestess"],"picked":"animator:Entoma","floor":3.0},{"not_picked":["animator:Shalltear","animator:ShinjiMatou"],"picked":"animator:Darkness","floor":5.0},{"not_picked":["animator:Demiurge","animator:NarberalGamma"],"picked":"animator:Entoma","floor":8.0},{"not_picked":["animator:ChaikaBohdan","animator:RinTohsaka"],"picked":"animator:Megumin","floor":8.0},{"not_picked":["animator:Megumin","animator:Priestess"],"picked":"animator:ChlammyZell","floor":9.0},{"not_picked":["animator:Shion","animator:Benimaru"],"picked":"animator:Mitsuba","floor":11.0},{"not_picked":["TH:CursedSword","TH:PixieDust"],"picked":"SKIP","floor":11.0},{"not_picked":["animator:Shinoa","animator:LizardPriest"],"picked":"animator:Tet","floor":14.0},{"not_picked":["animator:GoblinSlayer","animator:ChaikaTrabant"],"picked":"animator:Albedo","floor":16},{"not_picked":["animator:ShinjiMatou+1","animator:Scar+1"],"picked":"animator:ElricEdward+1","floor":18},{"not_picked":["animator:Cocytus","animator:Demiurge"],"picked":"animator:NarberalGamma","floor":20},{"not_picked":["animator:ElricEdward","animator:Spearman"],"picked":"animator:Kaijin","floor":21},{"not_picked":["animator:Mitsuba","animator:Guren"],"picked":"animator:DwarfShaman","floor":22},{"not_picked":["animator:Kaijin","animator:Yuuichirou+1"],"picked":"animator:DolaStephanie","floor":24},{"not_picked":["TH:CopperCoins","TH:Mimic"],"picked":"SKIP","floor":24},{"not_picked":["animator:Evileye","animator:Sebas"],"picked":"animator:PandorasActor","floor":31},{"not_picked":["animator:Saber","animator:Shiro"],"picked":"animator:Eris","floor":33},{"not_picked":["animator:NarberalGamma+1","animator:Vanir"],"picked":"animator:Priestess+1","floor":35},{"not_picked":["animator:Vanir+1","animator:ChaikaBohdan"],"picked":"animator:MaesHughes+1","floor":37},{"not_picked":["animator:Priestess","animator:DolaStephanie"],"picked":"animator:Souei+1","floor":39},{"not_picked":["animator:DolaCouronne","animator:IzunaHatsuse"],"picked":"animator:Jibril","floor":41},{"not_picked":["animator:MaesHughes","animator:DwarfShaman"],"picked":"animator:Yoichi","floor":41},{"not_picked":["animator:Father","animator:Shion"],"picked":"animator:DolaSchwi","floor":43},{"not_picked":["animator:Vanir+1","animator:DolaRiku+1"],"picked":"animator:Spearman","floor":45},{"not_picked":["animator:Souei","animator:Priestess+1"],"picked":"animator:AcuraAkari+1","floor":47},{"not_picked":["animator:ElricEdward","animator:Aqua+1"],"picked":"animator:Megumin","floor":48}],"player_experience":252560,"relics_obtained":[{"floor":1.0,"key":"Blood Vial"},{"floor":1.0,"key":"strawberrySpire:CharschorBlot"},{"floor":8.0,"key":"ZombieArmy"},{"floor":9.0,"key":"Nunchaku"},{"floor":11.0,"key":"Lantern"},{"floor":24,"key":"trackpad:IceCube"},{"floor":27,"key":"aspiration:Stabinomicon"},{"floor":41,"key":"DemoMod:Junk"},{"floor":43,"key":"DemoMod:Junk"},{"floor":48,"key":"Calipers"}],"event_choices":[{"damage_healed":0.0,"max_hp_gain":0.0,"max_hp_loss":0.0,"gold_gain":100.0,"event_name":"Golden Shrine","player_choice":"Pray","floor":4.0,"gold_loss":0.0,"damage_taken":0.0},{"damage_healed":0.0,"max_hp_gain":0.0,"max_hp_loss":0.0,"gold_gain":0.0,"event_name":"conspire:Investor","player_choice":"Leave","floor":7.0,"gold_loss":0.0,"damage_taken":0.0},{"damage_healed":0.0,"max_hp_gain":0.0,"max_hp_loss":0.0,"gold_gain":0.0,"event_name":"World of Goop","player_choice":"Left Gold","floor":10.0,"gold_loss":36.0,"damage_taken":0.0},{"damage_healed":0,"gold_gain":0,"player_choice":"Obtained Book","damage_taken":16,"max_hp_gain":0,"max_hp_loss":0,"event_name":"Cursed Tome","floor":27,"gold_loss":0},{"damage_healed":0,"gold_gain":0,"player_choice":"Bought 0 Potions","damage_taken":0,"max_hp_gain":0,"max_hp_loss":0,"event_name":"The Woman in Blue","floor":36,"gold_loss":0},{"damage_healed":0,"gold_gain":0,"player_choice":"Fight","damage_taken":0,"max_hp_gain":0,"max_hp_loss":0,"event_name":"MindBloom","floor":48,"gold_loss":0}],"is_beta":false,"boss_relics":[{"not_picked":["relicPack:ShieldShield","Velvet Choker"],"picked":"trackpad:StolenKidneys"},{"not_picked":["aspiration:RitualDagger","hubris:RunicObelisk"],"picked":"halation:HeavySnake"}],"items_purged_floors":[],"is_endless":true,"potions_floor_spawned":[3,5,11,21,31,33,37,45,47,48],"killed_by":"conspire:OrnateMirror","ascension_level":0}}