{"host":"vjza61176pkzgzt7","time":1610069650,"event":{"mods":["BaseMod","Better Third Choice","Minty Spire (QoL Compilation)","StSLib","The Forsaken","The Senshi"],"gold_per_floor":[115,115,115,133,33,33,56,96,96,117,117,137,137,137,137,261,261,245,44,44,44,65,65,89,49,49,49,65,65,65],"floor_reached":29,"playtime":2357,"items_purged":["Injury"],"score":223,"play_id":"31dc79be-84c6-41e4-8ceb-7169bec4dedf","local_time":"20210107193410","is_ascension_mode":false,"campfire_choices":[{"data":"theSenshi:MoonPrismPowerMakeUp","floor":6,"key":"SMITH"},{"floor":11,"key":"REST"},{"floor":13,"key":"REST"},{"data":"theSenshi:RoseThrow","floor":15,"key":"SMITH"},{"floor":23,"key":"REST"},{"floor":27,"key":"REST"}],"circlet_count":0,"master_deck":["theSenshi:SailorKick","theSenshi:SailorKick","theSenshi:SailorKick","theSenshi:SailorKick","theSenshi:SailorBlock","theSenshi:SailorBlock","theSenshi:SailorBlock","theSenshi:SailorBlock","theSenshi:RoseThrow+1","theSenshi:MoonPrismPowerMakeUp+1","theSenshi:MoonsReflection","theSenshi:SailorChibiMoonAssists","theSenshi:RainbowMoonHeartAche","theSenshi:SailorVenusAssists","theSenshi:MoonKick","theSenshi:MoonGorgeousMeditation","Parasite","theSenshi:FatedKiss+1","theSenshi:MoonTiaraMagic","theSenshi:MoonPrismPowerMakeUp+1","theSenshi:SailorChibiMoonAssists","Necronomicurse","theSenshi:Overload+1","theSenshi:SailorChibiMoonAssists+1","theSenshi:SupersonicWaves+1"],"relics":["theSenshi:TransformationBroochRelic","NeowsBlessing","Golden Idol","Kunai","Sundial","SlaversCollar","DollysMirror","Necronomicon"],"acts_visited":["Exordium","TheCity"],"potions_floor_usage":[8,16,16],"damage_taken":[{"damage":0,"enemies":"2 Louse","floor":1,"turns":1},{"damage":0,"enemies":"Cultist","floor":4,"turns":1},{"damage":1,"enemies":"Small Slimes","floor":7,"turns":2},{"damage":52,"enemies":"Gremlin Nob","floor":8,"turns":6},{"damage":10,"enemies":"3 Louse","floor":10,"turns":5},{"damage":6,"enemies":"Large Slime","floor":12,"turns":6},{"damage":43,"enemies":"Slime Boss","floor":16,"turns":15},{"damage":30,"enemies":"2 Thieves","floor":18,"turns":4},{"damage":7,"enemies":"3 Byrds","floor":22,"turns":6},{"damage":31,"enemies":"Centurion and Healer","floor":24,"turns":7},{"damage":23,"enemies":"Shelled Parasite and Fungi","floor":28,"turns":5},{"damage":12,"enemies":"Book of Stabbing","floor":29,"turns":1}],"seed_played":"7407084999040256777","potions_obtained":[{"floor":4,"key":"Weak Potion"},{"floor":8,"key":"Ancient Potion"},{"floor":12,"key":"PowerPotion"},{"floor":24,"key":"GamblersBrew"}],"is_trial":false,"path_per_floor":["M","?","?","M","$","R","M","E","T","M","R","M","R","?","R","B",null,"M","$","?","?","M","R","M","?","T","R","M","E"],"character_chosen":"THE_SENSHI","items_purchased":["theSenshi:SailorChibiMoonAssists","DollysMirror","theSenshi:SailorChibiMoonAssists"],"campfire_rested":4,"item_purchase_floors":[5,19,19],"current_hp_per_floor":[75,75,75,75,75,75,74,22,22,12,34,28,50,68,68,25,75,45,45,45,29,22,44,13,13,13,35,12,0,0],"gold":65,"neow_bonus":"THREE_ENEMY_KILL","is_daily":false,"chose_seed":false,"campfire_upgraded":2,"win_rate":0.0,"timestamp":1610069650,"path_taken":["M","?","?","?","?","R","M","E","T","M","R","M","R","?","R","BOSS","M","$","?","?","M","R","M","?","T","R","M","E"],"items_purchased_type":["Card","Relic","Card"],"build_version":"2020-12-22","purchased_purges":1,"victory":false,"max_hp_per_floor":[75,75,75,75,75,75,75,75,75,75,75,75,75,75,75,75,75,75,75,75,75,75,75,75,75,75,75,75,75,75],"card_choices":[{"not_picked":["theSenshi:SailorStarMakerAssists","theSenshi:TallSilhouette"],"picked":"theSenshi:SailorMercuryAssists","floor":1},{"not_picked":["theSenshi:SchoolBag","theSenshi:MoonlightKnight"],"picked":"theSenshi:MoonsReflection","floor":4},{"not_picked":["theSenshi:MercurysCunning","theSenshi:Overload"],"picked":"theSenshi:RainbowMoonHeartAche","floor":7},{"not_picked":["theSenshi:HesSoDreamy","theSenshi:Sidestep"],"picked":"theSenshi:SailorVenusAssists","floor":8},{"not_picked":["theSenshi:SailorV","theSenshi:SailorNeptuneAssists"],"picked":"theSenshi:MoonKick","floor":10},{"not_picked":["theSenshi:TallSilhouette","theSenshi:MoonPunch"],"picked":"theSenshi:MoonGorgeousMeditation","floor":12},{"not_picked":["theSenshi:SailorPlutoAssists","theSenshi:WarriorOfTheMoon"],"picked":"theSenshi:FatedKiss","floor":16},{"not_picked":["theSenshi:SupersonicWaves","theSenshi:MoonHealingEscalation"],"picked":"theSenshi:MoonTiaraMagic","floor":18},{"not_picked":["theSenshi:MoonSpiralHeartAttack","theSenshi:MoonPunch"],"picked":"theSenshi:Overload+1","floor":22},{"not_picked":["theSenshi:MoonlightKnight+1","theSenshi:LunaWiseMentor+1"],"picked":"theSenshi:SailorChibiMoonAssists+1","floor":24},{"not_picked":["theSenshi:LunasBite","theSenshi:TuxedoSmokingBomber"],"picked":"theSenshi:SupersonicWaves+1","floor":28}],"player_experience":177016,"relics_obtained":[{"floor":8,"key":"Kunai"},{"floor":9,"key":"Sundial"},{"floor":21,"key":"Necronomicon"}],"event_choices":[{"damage_healed":0,"gold_gain":0,"player_choice":"Take Wound","damage_taken":0,"relics_obtained":["Golden Idol"],"max_hp_gain":0,"max_hp_loss":0,"event_name":"Golden Idol","floor":2,"gold_loss":0,"cards_obtained":["Injury"]},{"cards_removed":["theSenshi:SailorMercuryAssists"],"damage_healed":5,"gold_gain":0,"player_choice":"Offered Common","damage_taken":0,"max_hp_gain":0,"max_hp_loss":0,"event_name":"Bonfire Elementals","floor":3,"gold_loss":0},{"cards_removed":["theSenshi:SailorMercuryAssists"],"damage_healed":5,"gold_gain":0,"player_choice":"Offered Special","damage_taken":0,"max_hp_gain":0,"max_hp_loss":0,"event_name":"Bonfire Elementals","floor":3,"gold_loss":0},{"damage_healed":18,"gold_gain":0,"player_choice":"Healed and dodged fight","damage_taken":0,"max_hp_gain":0,"max_hp_loss":0,"event_name":"Mushrooms","floor":14,"gold_loss":0,"cards_obtained":["Parasite"]},{"damage_healed":0,"gold_gain":0,"player_choice":"Obtained Book","damage_taken":16,"max_hp_gain":0,"max_hp_loss":0,"event_name":"Cursed Tome","floor":21,"gold_loss":0},{"damage_healed":0,"gold_gain":0,"player_choice":"Upgrade","damage_taken":0,"max_hp_gain":0,"max_hp_loss":0,"event_name":"Designer","floor":25,"gold_loss":40,"cards_upgraded":["theSenshi:FatedKiss"]}],"is_beta":false,"boss_relics":[{"not_picked":["Coffee Dripper","Calling Bell"],"picked":"SlaversCollar"}],"items_purged_floors":[5],"is_endless":false,"potions_floor_spawned":[4,8,12,24],"killed_by":"Book of Stabbing","ascension_level":0}}