{"host":"C","time":1610095675,"event":{"mods":["2.2 Compatiblity","AchievementEnabler","BaseMod","BetterRewards","CatGirl Mod","Colored Map","Colored Powertips","Downfall","Energized Spire","Friendly Minions","GungeonMod","Hermit","Hero for Fun","Highlight Path","Jorbs\u0027s Wanderer Trilogy","Koishi","Minty Spire (QoL Compilation)","Quick Restart","Random Character Mod","Replay The Spire","Shade Mod","StSLib","SuperFastMode","The Animator","The Bug Knight","The Cursed","The Dragon Tamer","The Exalted","The Hierophant","The Kombatant","The Marked","The Mystic","The Necromancer","The Saiyan","The Servant 0.9.4","The Spell Scribe","The Valiant","TheSwordswoman"],"gold_per_floor":[110,123,73,93,93,121,121,135,135,150,161,14,45,65,65,166,166,176,231,146,146,164,89,89,89,389,389,401,401,401,415,415,519,519,535,547,1546,1696,1696,1696,823,834,834,834,852,864,36,0,0,0],"floor_reached":51,"playtime":2768,"items_purged":["Regret","DTMod:Strike"],"score":832,"play_id":"87b4f29a-faf4-4ebd-b3ad-f86ccd20d12b","local_time":"20210108104755","is_ascension_mode":false,"metric_token":2451,"campfire_choices":[{"data":"DTMod:HeatWave","floor":7,"key":"SMITH"},{"floor":15,"key":"REST"},{"data":"DTMod:Harmonize","floor":24,"key":"SMITH"},{"data":"DTMod:Astonish","floor":27,"key":"SMITH"},{"data":"DTMod:LastStand","floor":29,"key":"SMITH"},{"data":"DTMod:Training","floor":32,"key":"SMITH"},{"data":"Replay:SS_fish_2","floor":40,"key":"SMITH"},{"data":"Replay:BasicMightCard","floor":44,"key":"SMITH"},{"data":"Mayhem","floor":49,"key":"SMITH"}],"dtmod_dragon_data":[6,50,2,3,4,2],"circlet_count":0,"master_deck":["DTMod:Strike","DTMod:DoubleHit","DTMod:TargetDefense","DTMod:TargetDefense","DTMod:TargetDefense","DTMod:TargetDefense","DTMod:SwitchingTactic+1","DTMod:HeatWave+1","DTMod:MagicField","DTMod:FlameSlash","DTMod:BreakAttack","DTMod:Training+1","DTMod:BlazingStrike","DTMod:InvisibleFlame","DTMod:CalculatedDefense","DTMod:HeadStart","DTMod:LastStand+1","DTMod:Astonish+1","DTMod:Harmonize+1","DTMod:BlazingStrike+1","DTMod:Safeguard","CurseOfTheBell","DTMod:FlameSlash+1","stsjorbsmod:PollutedStrike","Replay:SS_fish_2+1","DTMod:WarmUp+1","Replay:BasicMightCard+1","Crow Ritual","DTMod:Training+1","DTMod:BreakAttack","Mayhem+1"],"relics":["DTMod:PactStone","NeowsBlessing","HollowMod:LifeEnderRelic","Vajra","DTMod:OddArmor","Replay:Mystery Machine","DemoMod:GlassGuonStoneRelic","energizedSpire:OgreHead","Bromod:ArcaneTrickery","DTMod:DragonFood","Ring of Hypnosis","Ring of Peace","Old Coin","DemoMod:JetPack","Calling Bell","Omamori","Divine Protection","Torii","ReplayTheSpireMod:CursedCoin","Medical Kit","Durian","Eternal Feather","Pantograph","ReplayTheSpireMod:Ninjato","DTMod:MindBender","Red Mask"],"acts_visited":["Exordium","TheCity","TheBeyond"],"potions_floor_usage":[50,50],"damage_taken":[{"damage":0,"enemies":"Cultist","floor":1,"turns":1},{"damage":0,"enemies":"Jaw Worm","floor":2,"turns":1},{"damage":0,"enemies":"2 Louse","floor":4,"turns":1},{"damage":14,"enemies":"3 Sentries","floor":6,"turns":9},{"damage":0,"enemies":"Exordium Wildlife","floor":8,"turns":5},{"damage":0,"enemies":"Exordium Thugs","floor":10,"turns":5},{"damage":0,"enemies":"Looter","floor":11,"turns":2},{"damage":17,"enemies":"Lagavulin","floor":13,"turns":7},{"damage":0,"enemies":"3 Louse","floor":14,"turns":2},{"damage":0,"enemies":"Slime Boss","floor":16,"turns":11},{"damage":0,"enemies":"Shell Parasite","floor":18,"turns":5},{"damage":0,"enemies":"2 Thieves","floor":22,"turns":5},{"damage":0,"enemies":"Snecko","floor":28,"turns":7},{"damage":0,"enemies":"Snake Plant","floor":31,"turns":5},{"damage":1,"enemies":"Collector","floor":33,"turns":11},{"damage":0,"enemies":"3 Darklings","floor":35,"turns":8},{"damage":0,"enemies":"Orb Walker","floor":36,"turns":3},{"damage":0,"enemies":"Sphere and 2 Shapes","floor":42,"turns":18},{"damage":0,"enemies":"Jaw Worm Horde","floor":45,"turns":11},{"damage":0,"enemies":"4 Shapes","floor":46,"turns":6},{"damage":0,"enemies":"Time Eater","floor":50,"turns":12}],"seed_played":"-4940605447566309005","potions_obtained":[{"floor":4,"key":"ColorlessPotion"},{"floor":6,"key":"Block Potion"},{"floor":10,"key":"SpeedPotion"},{"floor":11,"key":"DemoMod:LeadSkinPotion"},{"floor":18,"key":"Adrenaline Potion"}],"is_trial":false,"path_per_floor":["M","M","?","M","?","E","R","M","T","M","M","$","E","M","R","B",null,"M","?","?","?","M","$","R","?","T","R","M","R","T","M","R","B",null,"M","M","?","$","?","R","$","M","T","R","M","M","$","?","R","B",null],"character_chosen":"THE_DT","items_purchased":["DTMod:OddArmor","ReplayTheSpireMod:CursedCoin","Medical Kit","Durian","DTMod:WarmUp+1","Replay:BasicMightCard","Crow Ritual","Pantograph","ReplayTheSpireMod:Ninjato","DTMod:MindBender","Mayhem"],"campfire_rested":1,"item_purchase_floors":[12,38,41,41,41,41,41,47,47,47,47],"current_hp_per_floor":[45,45,45,45,41,27,27,27,27,27,27,27,10,10,23,23,45,45,27,27,27,27,27,27,27,27,27,27,27,27,27,27,26,45,45,45,45,45,45,45,50,50,50,50,50,50,50,50,50,50],"gold":0,"neow_bonus":"THREE_ENEMY_KILL","is_daily":false,"chose_seed":false,"campfire_upgraded":8,"win_rate":0.0,"timestamp":1610095675,"path_taken":["M","?","?","M","?","E","R","M","T","M","M","?","E","M","R","BOSS","M","?","?","?","M","$","R","?","T","R","M","R","?","M","R","BOSS","M","M","?","$","?","R","$","M","T","R","M","M","$","?","R","BOSS"],"items_purchased_type":["Relic","Relic","Relic","Relic","Card","Card","Card","Relic","Relic","Relic","Card"],"build_version":"2020-12-18","purchased_purges":2,"victory":true,"max_hp_per_floor":[45,45,45,45,45,45,45,45,45,45,45,45,45,45,45,45,45,45,45,45,45,45,45,45,45,45,45,45,45,45,45,45,45,45,45,45,45,45,45,45,50,50,50,50,50,50,50,50,50,50],"card_choices":[{"not_picked":["DTMod:BurningEnergy","DTMod:Weaken"],"picked":"DTMod:HeatWave","floor":1},{"not_picked":["DTMod:BizarreTactic","DTMod:TauntingStrike"],"picked":"DTMod:MagicField","floor":2},{"not_picked":["DTMod:Adaptation","DTMod:Training"],"picked":"DTMod:FlameSlash","floor":4},{"not_picked":["DTMod:Feint","DTMod:Hide"],"picked":"DTMod:BreakAttack","floor":6},{"not_picked":["DTMod:Hide","DTMod:Threaten","DTMod:Conduct"],"picked":"SKIP","floor":8},{"not_picked":["DTMod:BuildUp","DTMod:ComboAttack"],"picked":"DTMod:Training","floor":10},{"not_picked":["DTMod:FlameSlash","DTMod:Training"],"picked":"DTMod:BlazingStrike","floor":11},{"not_picked":["DTMod:Haste","DTMod:Weaken"],"picked":"DTMod:InvisibleFlame","floor":13},{"not_picked":["DTMod:Weaken","DTMod:DragonDance"],"picked":"DTMod:CalculatedDefense","floor":14},{"not_picked":["DTMod:ShadowImage","DTMod:Multitask"],"picked":"DTMod:HeadStart","floor":16},{"not_picked":["DTMod:Conduct","DTMod:BlazingStrike"],"picked":"DTMod:LastStand","floor":18},{"not_picked":["DTMod:WarmUp","DTMod:FlameSlash"],"picked":"DTMod:Astonish","floor":19},{"not_picked":["DTMod:Punisher","DTMod:Training"],"picked":"DTMod:Harmonize","floor":22},{"not_picked":["DTMod:BlazingStrike","DTMod:BurningEnergy","DTMod:RecklessFlurry"],"picked":"SKIP","floor":28},{"not_picked":["DTMod:BizarreTactic","DTMod:StarRain"],"picked":"DTMod:BlazingStrike+1","floor":31},{"not_picked":["DTMod:LightShield","DTMod:OpeningTactic"],"picked":"DTMod:Safeguard","floor":33},{"not_picked":["DTMod:Conduct","DTMod:BuildUp","DTMod:Observe"],"picked":"SKIP","floor":35},{"not_picked":["DTMod:CleansingStrike+1","DTMod:Overwhelm+1"],"picked":"DTMod:FlameSlash+1","floor":36},{"not_picked":["Deep Breath","Swift Strike"],"picked":"Replay:SS_fish_2","floor":39},{"not_picked":["DTMod:Cover","DTMod:Conduct","DTMod:BreakAttack"],"picked":"SKIP","floor":42},{"not_picked":["DTMod:BlazingStrike","DTMod:GhostSkin"],"picked":"DTMod:Training+1","floor":45},{"not_picked":["DTMod:ComboAttack+1","DTMod:Weaken+1","DTMod:BreakAttack"],"picked":"SKIP","floor":46},{"not_picked":["DTMod:ComboAttack+1","DTMod:Weaken+1"],"picked":"DTMod:BreakAttack","floor":46}],"player_experience":52206,"relics_obtained":[{"floor":6,"key":"HollowMod:LifeEnderRelic"},{"floor":9,"key":"Vajra"},{"floor":13,"key":"Replay:Mystery Machine"},{"floor":19,"key":"Bromod:ArcaneTrickery"},{"floor":21,"key":"Ring of Hypnosis"},{"floor":21,"key":"Ring of Peace"},{"floor":26,"key":"Old Coin"},{"floor":30,"key":"DemoMod:JetPack"},{"floor":34,"key":"Omamori"},{"floor":34,"key":"Divine Protection"},{"floor":34,"key":"Torii"},{"floor":43,"key":"Eternal Feather"}],"event_choices":[{"cards_removed":["DTMod:Strike"],"damage_healed":0,"gold_gain":0,"player_choice":"Card Removal","damage_taken":0,"max_hp_gain":0,"max_hp_loss":0,"event_name":"The Cleric","floor":3,"gold_loss":50},{"damage_healed":0,"gold_gain":0,"player_choice":"Obtained Relic","damage_taken":0,"relics_obtained":["DTMod:DragonFood"],"max_hp_gain":0,"max_hp_loss":0,"event_name":"Addict","floor":20,"gold_loss":85},{"damage_healed":0,"gold_gain":0,"player_choice":"Ignored","damage_taken":0,"max_hp_gain":0,"max_hp_loss":0,"event_name":"Ghosts","floor":25,"gold_loss":0},{"damage_healed":0,"gold_gain":999,"player_choice":"Gold","damage_taken":0,"max_hp_gain":0,"max_hp_loss":0,"event_name":"MindBloom","floor":37,"gold_loss":0,"cards_obtained":["Normality","Normality"]},{"damage_healed":0,"gold_gain":0,"player_choice":"Memory 1","damage_taken":0,"max_hp_gain":0,"max_hp_loss":0,"event_name":"SensoryStone","floor":39,"gold_loss":0},{"damage_healed":0,"gold_gain":0,"player_choice":"Paid","damage_taken":0,"relics_obtained":["Red Mask"],"max_hp_gain":0,"max_hp_loss":0,"event_name":"Tomb of Lord Red Mask","floor":48,"gold_loss":36}],"is_beta":true,"boss_relics":[{"not_picked":["Cursed Key","Astrolabe"],"picked":"energizedSpire:OgreHead"},{"not_picked":["Empty Cage","ReplayTheSpireMod:DimensionalGlitch"],"picked":"Calling Bell"}],"items_purged_floors":[23,41],"is_endless":false,"potions_floor_spawned":[4,6,10,11,13,18,22,33,36,42,46],"ascension_level":0}}