{"host":"ct28ocsd8g8yr2ah","time":1610142352,"event":{"mods":["BaseMod","Better Third Choice","Hermit","Marisa????????","Minty Spire (QoL Compilation)","Remilia??????","StSLib","The Animator","The Gatherer","The Servant 0.9.4","Waifu the Spire"],"gold_per_floor":[217,44,57,57,67,104,104,148,148,176,176,176,176,189,189,292,292,311,343,29,39,39,39,73,93,93,103,113,124,124,24,24,129,179,191,191,191,205,205,205,205,223,223,235,285,285,300,310,310,310,310],"floor_reached":50,"playtime":4013,"items_purged":["animator:Strike","animator:Strike"],"score":614,"play_id":"808ea5da-502a-4203-a057-0690de654695","local_time":"20210109024552","is_ascension_mode":false,"campfire_choices":[{"floor":7,"key":"REST"},{"floor":11,"key":"REST"},{"data":"animator:SuzuneAmano","floor":15,"key":"SMITH"},{"floor":23,"key":"REST"},{"floor":32,"key":"REST"},{"floor":40,"key":"REST"},{"floor":46,"key":"REST"},{"floor":49,"key":"REST"}],"circlet_count":0,"master_deck":["animator:Strike_GATE","animator:Defend_GATE","animator:Defend","animator:Defend","animator:Defend","animator:TukaLunaMarceau+1","animator:Kuribayashi","animator:SuzuneAmano+1","animator:PandorasActor","animator:CrowleyEusford","animator:KyokoSakura","animator:KyokoSakura","animator:Bozes","animator:Shalltear","animator:Melzalgald","animator:Saitama","animator:NagisaMomoe","animator:Shuna","animator:IrohaTamaki","Writhe","animator:SayakaMiki","animator:Demiurge","animator:MadokaKaname","animator:Kyubey","animator:NagisaMomoe","animator:IchigoKurosaki","animator:Kuroyukihime","animator:Lelouch","animator:DolaCouronne+1","animator:Shalltear+1","animator:LeleiLaLalena","animator:IzunaHatsuse","animator:FeridBathory","animator:DolaSchwi+1"],"relics":["animator:LivingPicture","animator:TheMissingPiece","CaptainsWheel","animator:OldCoffin","ScarletDevilRocket","Mango","Mark of Pain","animator:EngravedStaff","PreservedInsect","Turnip","Dream Catcher","MutagenicStrength","Tiny House","animator:AlchemistGlove","Prayer Wheel"],"acts_visited":["Exordium","TheCity","TheBeyond"],"potions_floor_usage":[33,41,48,48,50],"damage_taken":[{"damage":6,"enemies":"2 Louse","floor":1,"turns":3},{"damage":0,"enemies":"Small Slimes","floor":3,"turns":3},{"damage":2,"enemies":"Cultist","floor":5,"turns":3},{"damage":34,"enemies":"3 Sentries","floor":6,"turns":6},{"damage":14,"enemies":"Gremlin Nob","floor":8,"turns":3},{"damage":12,"enemies":"Lagavulin","floor":10,"turns":7},{"damage":4,"enemies":"Looter","floor":14,"turns":2},{"damage":23,"enemies":"The Guardian","floor":16,"turns":8},{"damage":3,"enemies":"3 Byrds","floor":18,"turns":5},{"damage":6,"enemies":"Shell Parasite","floor":19,"turns":5},{"damage":27,"enemies":"Snake Plant","floor":21,"turns":5},{"damage":4,"enemies":"animator:HornedBat","floor":24,"turns":5},{"damage":0,"enemies":"Snecko","floor":25,"turns":5},{"damage":17,"enemies":"Cultist and Chosen","floor":27,"turns":5},{"damage":16,"enemies":"Chosen and Byrds","floor":28,"turns":7},{"damage":8,"enemies":"Centurion and Healer","floor":29,"turns":5},{"damage":0,"enemies":"Champ","floor":33,"turns":12},{"damage":0,"enemies":"Orb Walker","floor":35,"turns":4},{"damage":36,"enemies":"3 Darklings","floor":38,"turns":5},{"damage":52,"enemies":"Giant Head","floor":41,"turns":9},{"damage":2,"enemies":"Spire Growth","floor":42,"turns":4},{"damage":11,"enemies":"Jaw Worm Horde","floor":44,"turns":5},{"damage":0,"enemies":"Mind Bloom Boss Battle","floor":45,"turns":4},{"damage":0,"enemies":"Sphere and 2 Shapes","floor":47,"turns":5},{"damage":8,"enemies":"Transient","floor":48,"turns":5},{"damage":133,"enemies":"Donu and Deca","floor":50,"turns":11}],"seed_played":"3020994244532305842","potions_obtained":[{"floor":3,"key":"SpeedPotion"},{"floor":14,"key":"FairyPotion"},{"floor":19,"key":"Explosive Potion"},{"floor":27,"key":"DistilledChaos"},{"floor":33,"key":"FairyPotion"},{"floor":35,"key":"SmokeBomb"},{"floor":44,"key":"LiquidMemories"},{"floor":45,"key":"SkillPotion"},{"floor":48,"key":"Regen Potion"}],"is_trial":false,"path_per_floor":["M","$","M","?","M","E","R","E","T","E","R","?","?","M","R","B",null,"M","M","$","M","?","R","E","M","T","M","M","M","?","$","R","B",null,"M","?","?","M","?","R","E","M","T","M","?","R","M","M","R","B"],"character_chosen":"THE_ANIMATOR","items_purchased":["animator:PandorasActor","animator:CrowleyEusford","animator:EngravedStaff"],"campfire_rested":7,"item_purchase_floors":[2,2,20],"current_hp_per_floor":[60,60,60,60,58,24,43,29,29,31,55,80,80,76,76,53,80,77,71,71,44,44,68,64,65,65,48,38,30,30,30,54,60,86,86,76,76,40,40,65,13,11,11,26,26,52,52,44,70,0,0],"gold":310,"neow_bonus":"HUNDRED_GOLD","is_daily":false,"chose_seed":false,"campfire_upgraded":1,"win_rate":0.0,"timestamp":1610142352,"path_taken":["M","$","M","?","M","E","R","E","T","E","R","?","?","M","R","BOSS","M","M","$","?","?","R","E","M","T","M","M","M","?","$","R","BOSS","M","?","?","M","?","R","E","M","T","M","?","R","?","M","R","BOSS"],"items_purchased_type":["Card","Card","Relic"],"build_version":"2020-12-22","purchased_purges":2,"victory":false,"max_hp_per_floor":[66,66,66,66,66,66,66,66,66,80,80,80,80,80,80,80,80,80,80,80,80,80,80,80,81,81,81,81,81,81,81,81,81,86,86,86,86,86,86,86,86,86,86,87,87,87,87,87,87,87,87],"card_choices":[{"not_picked":["animator:Shigure","animator:Cocytus"],"picked":"animator:SuzuneAmano","floor":1},{"not_picked":["animator:Cocytus","animator:Tatsumaki"],"picked":"animator:KyokoSakura","floor":3},{"not_picked":["animator:FielNirvalen","animator:DolaRiku"],"picked":"animator:KyokoSakura","floor":5},{"not_picked":["animator:Tyuule","animator:RoryMercury"],"picked":"animator:Bozes","floor":6},{"not_picked":["animator:Bozes","animator:CrowleyEusford"],"picked":"animator:Shalltear","floor":8},{"not_picked":["animator:Jibril","animator:Demiurge","animator:PinaCoLada"],"picked":"SKIP","floor":10},{"not_picked":["animator:YachiyoNanami","animator:YuiTsuruno"],"picked":"animator:Melzalgald","floor":14},{"not_picked":["animator:PinaCoLada","animator:Rimuru"],"picked":"animator:Saitama","floor":16},{"not_picked":["animator:YuiTsuruno","animator:YachiyoNanami"],"picked":"animator:NagisaMomoe","floor":18},{"not_picked":["animator:ChlammyZell","animator:Shinoa"],"picked":"animator:Shuna","floor":19},{"not_picked":["animator:Yoichi","animator:Tyuule+1"],"picked":"animator:IrohaTamaki","floor":21},{"not_picked":["animator:IrohaTamaki+1","animator:NarberalGamma"],"picked":"animator:SayakaMiki","floor":24},{"not_picked":["animator:NarberalGamma","animator:Entoma"],"picked":"animator:Demiurge","floor":25},{"not_picked":["animator:Kuribayashi+1","animator:Kaijin"],"picked":"animator:MadokaKaname","floor":27},{"not_picked":["animator:Shuna","animator:Shigure","animator:Vesta+1"],"picked":"SKIP","floor":28},{"not_picked":["animator:YuiTsuruno","animator:Tatsumaki","animator:MumenRider+1"],"picked":"SKIP","floor":29},{"not_picked":["animator:Boros","animator:MadokaKaname"],"picked":"animator:Kyubey","floor":33},{"not_picked":["animator:HomuraAkemi","animator:OrikoMikuni"],"picked":"animator:NagisaMomoe","floor":35},{"not_picked":["animator:QuestionMark","animator:Emilia"],"picked":"animator:IchigoKurosaki","floor":36},{"not_picked":["animator:Magilou","animator:KotoriKanbe"],"picked":"animator:Kuroyukihime","floor":36},{"not_picked":["animator:NononJakuzure","animator:TakanashiRikka"],"picked":"animator:Lelouch","floor":36},{"not_picked":["animator:PandorasActor","animator:YuiTsuruno"],"picked":"animator:DolaCouronne+1","floor":38},{"not_picked":["animator:Souei","animator:Shion+1"],"picked":"animator:Shalltear+1","floor":40},{"not_picked":["animator:Cocytus+1","animator:Shuna","animator:Shalltear+1"],"picked":"SKIP","floor":42},{"not_picked":["animator:Tyuule","animator:YaoHaDucy"],"picked":"animator:LeleiLaLalena","floor":44},{"not_picked":["animator:Shuna+1","animator:FielNirvalen+1"],"picked":"animator:IzunaHatsuse","floor":45},{"not_picked":["animator:Bozes+1","animator:DolaRiku+1"],"picked":"animator:FeridBathory","floor":47},{"not_picked":["animator:Genos","animator:YaoHaDucy","animator:DolaRiku"],"picked":"SKIP","floor":47},{"not_picked":["animator:Genos","animator:YaoHaDucy","animator:DolaRiku"],"picked":"SKIP","floor":47},{"not_picked":["animator:Tet+1","animator:KyokoSakura+1"],"picked":"animator:DolaSchwi+1","floor":48},{"not_picked":["animator:Hakurou","animator:IzunaHatsuse+1","animator:DolaStephanie+1"],"picked":"SKIP","floor":48}],"player_experience":495518,"relics_obtained":[{"floor":6,"key":"CaptainsWheel"},{"floor":8,"key":"animator:OldCoffin"},{"floor":9,"key":"ScarletDevilRocket"},{"floor":10,"key":"Mango"},{"floor":24,"key":"Turnip"},{"floor":26,"key":"Dream Catcher"},{"floor":43,"key":"animator:AlchemistGlove"},{"floor":45,"key":"Prayer Wheel"}],"event_choices":[{"cards_removed":["animator:Strike"],"damage_healed":0,"gold_gain":0,"player_choice":"Forget","damage_taken":0,"max_hp_gain":0,"max_hp_loss":0,"event_name":"Living Wall","floor":4,"gold_loss":0},{"damage_healed":26,"gold_gain":0,"player_choice":"Banana","damage_taken":0,"max_hp_gain":0,"max_hp_loss":0,"event_name":"Big Fish","floor":12,"gold_loss":0},{"damage_healed":0,"gold_gain":0,"player_choice":"Ignored","damage_taken":0,"max_hp_gain":0,"max_hp_loss":0,"event_name":"NoteForYourself","floor":13,"gold_loss":0},{"damage_healed":0,"gold_gain":0,"player_choice":"Opened","damage_taken":0,"relics_obtained":["PreservedInsect"],"max_hp_gain":0,"max_hp_loss":0,"event_name":"The Mausoleum","floor":22,"gold_loss":0,"cards_obtained":["Writhe"]},{"damage_healed":0,"gold_gain":0,"player_choice":"Inject Mutagens","damage_taken":0,"relics_obtained":["MutagenicStrength"],"max_hp_gain":0,"max_hp_loss":0,"event_name":"Drug Dealer","floor":30,"gold_loss":0},{"damage_healed":0,"gold_gain":0,"player_choice":"Memory 3","damage_taken":10,"max_hp_gain":0,"max_hp_loss":0,"event_name":"SensoryStone","floor":36,"gold_loss":0},{"damage_healed":0,"gold_gain":0,"player_choice":"Ignored","damage_taken":0,"max_hp_gain":0,"max_hp_loss":0,"event_name":"Mysterious Sphere","floor":37,"gold_loss":0},{"damage_healed":0,"gold_gain":0,"player_choice":"Ignored","damage_taken":0,"max_hp_gain":0,"max_hp_loss":0,"event_name":"Tomb of Lord Red Mask","floor":39,"gold_loss":0},{"damage_healed":0,"gold_gain":0,"player_choice":"Fight","damage_taken":0,"max_hp_gain":0,"max_hp_loss":0,"event_name":"MindBloom","floor":45,"gold_loss":0}],"is_beta":false,"boss_relics":[{"not_picked":["SlaversCollar","animator:RacePiece"],"picked":"Mark of Pain"},{"not_picked":["Black Star","Runic Dome"],"picked":"Tiny House"}],"items_purged_floors":[2,31],"is_endless":false,"potions_floor_spawned":[3,14,19,24,27,29,33,35,44,45,47,48],"killed_by":"Donu and Deca","ascension_level":0}}