{"host":"p9t7qd83igtcp2bh","time":1610103020,"event":{"mods":["2.2 Compatiblity","AchievementEnabler","BaseMod","Colored Map","Colored Powertips","Custom Start","DeckTracker","Keyboard Shortcuts","Minty Spire (QoL Compilation)","Permanent Neow","Spicy Shops","StSLib","SuperFastMode","everything is the same but u backflip on backflip"],"gold_per_floor":[16,16,32,52,65,91,102,27,51,51,16,16,16,16,16,92,92,107,107,107,107,119,119,135,160,233,251,270,286,13,13,13,13,13],"floor_reached":33,"playtime":933,"items_purged":["Strike_B","Strike_B+1"],"score":571,"play_id":"db94fed3-81e9-4858-ae0b-17b736958b61","local_time":"20210108195020","is_ascension_mode":true,"campfire_choices":[{"data":"Darkness","floor":10,"key":"SMITH"},{"data":"Defragment","floor":12,"key":"SMITH"},{"data":"Lockon","floor":15,"key":"SMITH"},{"data":"Seek","floor":23,"key":"SMITH"},{"data":"Skim","floor":32,"key":"SMITH"}],"circlet_count":0,"master_deck":["AscendersBane","Strike_B+1","Defend_B","Defend_B","Defend_B","Defend_B","Zap","Dualcast+1","Darkness+1","Defragment+1","Coolheaded","Lockon+1","Sweeping Beam","Seek+1","Rebound+1","Cold Snap+1","Leap","Skim+1","Coolheaded+1","Hologram","BootSequence"],"relics":["Cracked Core","Turnip","Anchor","Nunchaku","Philosopher\u0027s Stone","Nloth\u0027s Gift","Whetstone","The Courier"],"acts_visited":["Exordium","TheCity"],"potions_floor_usage":[16,16,16,25,27,33,33,33],"damage_taken":[{"damage":1.0,"enemies":"Small Slimes","floor":1.0,"turns":3.0},{"damage":6.0,"enemies":"Cultist","floor":3.0,"turns":4.0},{"damage":5.0,"enemies":"2 Louse","floor":4.0,"turns":4.0},{"damage":6.0,"enemies":"2 Fungi Beasts","floor":5.0,"turns":4.0},{"damage":17.0,"enemies":"Gremlin Nob","floor":6.0,"turns":4.0},{"damage":8,"enemies":"Looter","floor":7,"turns":3},{"damage":0,"enemies":"Slime Boss","floor":16,"turns":4},{"damage":9,"enemies":"Shell Parasite","floor":18,"turns":3},{"damage":0,"enemies":"Chosen","floor":22,"turns":4},{"damage":4,"enemies":"Centurion and Healer","floor":24,"turns":6},{"damage":18,"enemies":"Gremlin Leader","floor":25,"turns":5},{"damage":10,"enemies":"Snake Plant","floor":27,"turns":3},{"damage":2,"enemies":"Snecko","floor":28,"turns":7},{"damage":0,"enemies":"Cultist and Chosen","floor":29,"turns":4},{"damage":20,"enemies":"Automaton","floor":33,"turns":6}],"seed_played":"7002210811929671638","potions_obtained":[{"floor":4.0,"key":"Block Potion"},{"floor":5.0,"key":"SkillPotion"},{"floor":7,"key":"EntropicBrew"},{"floor":16,"key":"LiquidMemories"},{"floor":25,"key":"BlessingOfTheForge"},{"floor":29,"key":"LiquidMemories"}],"is_trial":false,"path_per_floor":["M","?","M","M","M","E","M","$","T","R","?","R","?","?","R","B",null,"M","?","?","?","M","R","M","E","T","M","M","M","$","?","R","B"],"character_chosen":"DEFECT","items_purchased":["BootSequence","LiquidMemories"],"campfire_rested":0,"item_purchase_floors":[30,30],"current_hp_per_floor":[63,63,57,52,46,29,21,21,21,21,38,38,38,17,17,17,58,49,49,49,49,49,49,45,27,27,17,15,15,15,15,15,0,0],"gold":13,"neow_bonus":"ONE_RARE_RELIC","is_daily":false,"chose_seed":false,"campfire_upgraded":5,"win_rate":0.0,"timestamp":1610103020,"path_taken":["M","?","M","M","?","E","M","$","T","R","?","R","?","?","R","BOSS","M","?","?","?","M","R","?","E","T","M","M","M","$","?","R","BOSS"],"items_purchased_type":["Card","Potion"],"build_version":"2020-12-22","purchased_purges":2,"victory":false,"max_hp_per_floor":[71,71,71,71,71,71,71,71,71,71,71,71,71,71,71,71,71,71,71,71,71,71,71,71,71,71,71,71,71,71,71,71,71,71],"card_choices":[{"not_picked":["Steam Power","Gash"],"picked":"Compile Driver","floor":1.0},{"not_picked":["Sweeping Beam","Force Field"],"picked":"Darkness","floor":3.0},{"not_picked":["Darkness","Heatsinks"],"picked":"Defragment","floor":4.0},{"not_picked":["Undo","Stack"],"picked":"Coolheaded","floor":5.0},{"not_picked":["Genetic Algorithm","Scrape"],"picked":"Lockon","floor":6.0},{"not_picked":["Steam","Auto Shields"],"picked":"Sweeping Beam","floor":7},{"not_picked":["Fission","Rainbow"],"picked":"Seek","floor":16},{"not_picked":["Coolheaded","Hello World"],"picked":"Rebound","floor":18},{"not_picked":["Auto Shields","Sweeping Beam"],"picked":"Cold Snap","floor":22},{"not_picked":["Streamline","Go for the Eyes"],"picked":"Leap","floor":24},{"not_picked":["Compile Driver","Gash"],"picked":"Skim","floor":25},{"not_picked":["Compile Driver","Cold Snap"],"picked":"Coolheaded+1","floor":27},{"not_picked":["Ball Lightning+1","Force Field","Hyperbeam"],"picked":"SKIP","floor":28},{"not_picked":["Go for the Eyes","Barrage"],"picked":"Hologram","floor":29}],"player_experience":602430,"relics_obtained":[{"floor":6.0,"key":"Pen Nib"},{"floor":9,"key":"Nunchaku"},{"floor":25,"key":"Whetstone"},{"floor":26,"key":"The Courier"}],"event_choices":[{"cards_removed":["Compile Driver"],"damage_healed":0.0,"max_hp_gain":0.0,"max_hp_loss":0.0,"gold_gain":0.0,"event_name":"WeMeetAgain","player_choice":"Gave Card","floor":2.0,"gold_loss":0.0,"damage_taken":0.0,"relics_obtained":["Anchor"]},{"damage_healed":17,"gold_gain":0,"player_choice":"Healed","damage_taken":0,"max_hp_gain":0,"max_hp_loss":0,"event_name":"The Cleric","floor":11,"gold_loss":35},{"damage_healed":0,"gold_gain":0,"player_choice":"Grow","damage_taken":0,"max_hp_gain":0,"max_hp_loss":0,"event_name":"Living Wall","floor":13,"gold_loss":0,"cards_upgraded":["Dualcast"]},{"damage_healed":0,"gold_gain":0,"player_choice":"Entered Light","damage_taken":21,"max_hp_gain":0,"max_hp_loss":0,"event_name":"Shining Light","floor":14,"gold_loss":0,"cards_upgraded":["Strike_B","Strike_B"]},{"damage_healed":0,"gold_gain":0,"player_choice":"Ignored","damage_taken":0,"max_hp_gain":0,"max_hp_loss":0,"event_name":"Ghosts","floor":19,"gold_loss":0},{"cards_removed":["Strike_B"],"damage_healed":0,"gold_gain":0,"player_choice":"Elegance","damage_taken":0,"max_hp_gain":0,"max_hp_loss":0,"event_name":"Back to Basics","floor":20,"gold_loss":0},{"damage_healed":0,"gold_gain":0,"player_choice":"Traded Relic","damage_taken":0,"relics_obtained":["Nloth\u0027s Gift"],"max_hp_gain":0,"max_hp_loss":0,"event_name":"N\u0027loth","floor":21,"relics_lost":["Pen Nib"],"gold_loss":0},{"damage_healed":0,"gold_gain":0,"player_choice":"Ignored","damage_taken":0,"max_hp_gain":0,"max_hp_loss":0,"event_name":"Vampires","floor":31,"gold_loss":0}],"is_beta":false,"boss_relics":[{"not_picked":["Runic Dome","Tiny House"],"picked":"Philosopher\u0027s Stone"}],"items_purged_floors":[8,30],"is_endless":false,"potions_floor_spawned":[4,5,7,16,22,25,29],"killed_by":"Automaton","ascension_level":16}}