{"host":"2p2urjtdoqk7wfo5","time":1610089039,"event":{"mods":["AchievementEnabler","BaseMod","Colored Powertips","Minty Spire (QoL Compilation)"],"gold_per_floor":[113,130,230,246,266,266,284,319,319,319,354,366,366,46,46,147,147,165,165,177,102,22,56,56,84,84,84,102,102,102,102,102,204,204,220,220,273,127,127,127,127],"floor_reached":40,"playtime":4768,"items_purged":[],"score":455,"play_id":"6e791001-f46f-4885-89f4-2d0ff6e61b4e","local_time":"20210107225719","is_ascension_mode":false,"campfire_choices":[{"data":"All Out Attack","floor":6,"key":"SMITH"},{"floor":10,"key":"REST"},{"data":"Footwork","floor":15,"key":"SMITH"},{"data":"A Thousand Cuts","floor":24,"key":"SMITH"},{"data":"1","floor":27,"key":"LIFT"},{"floor":29,"key":"REST"},{"data":"2","floor":32,"key":"LIFT"}],"circlet_count":0,"master_deck":["Defend_G","Defend_G","Defend_G","Defend_G","Survivor","Neutralize","All Out Attack+1","Flying Knee","Catalyst","Deadly Poison","A Thousand Cuts+1","Finisher","Blur","Footwork+1","Corpse Explosion","CurseOfTheBell","Slice+1","Crippling Poison","Well Laid Plans","Masterful Stab+1","Choke+1","Dodge and Roll+1","Bite+1","Bite+1","Bite+1","Bite+1","Bite+1","Caltrops+1"],"relics":["Sozu","Pear","MealTicket","Boot","Darkstone Periapt","Meat on the Bone","Calling Bell","Vajra","Molten Egg 2","Girya","Bottled Tornado","Bag of Preparation","Du-Vu Doll","Empty Cage","The Specimen","Lee\u0027s Waffle"],"acts_visited":["Exordium","TheCity","TheBeyond"],"potions_floor_usage":[],"damage_taken":[{"damage":3,"enemies":"Jaw Worm","floor":1,"turns":4},{"damage":1,"enemies":"Cultist","floor":2,"turns":4},{"damage":0,"enemies":"2 Louse","floor":4,"turns":2},{"damage":5,"enemies":"Exordium Wildlife","floor":5,"turns":5},{"damage":5,"enemies":"Looter","floor":7,"turns":3},{"damage":21,"enemies":"Lagavulin","floor":8,"turns":5},{"damage":13,"enemies":"3 Sentries","floor":11,"turns":5},{"damage":1,"enemies":"2 Fungi Beasts","floor":12,"turns":2},{"damage":40,"enemies":"Hexaghost","floor":16,"turns":12},{"damage":30,"enemies":"Spheric Guardian","floor":18,"turns":5},{"damage":0,"enemies":"3 Byrds","floor":20,"turns":2},{"damage":26,"enemies":"Gremlin Leader","floor":23,"turns":5},{"damage":33,"enemies":"Slavers","floor":25,"turns":3},{"damage":16,"enemies":"Centurion and Healer","floor":28,"turns":4},{"damage":45,"enemies":"Collector","floor":33,"turns":9},{"damage":11,"enemies":"Orb Walker","floor":35,"turns":2},{"damage":40,"enemies":"2 Orb Walkers","floor":37,"turns":4},{"damage":75,"enemies":"Giant Head","floor":40,"turns":8}],"seed_played":"4107750095273908691","potions_obtained":[],"is_trial":false,"path_per_floor":["M","M","?","M","M","R","M","E","T","R","E","M","T","$","R","B",null,"M","?","M","?","$","E","R","E","T","R","M","R","?","$","R","B",null,"M","?","?","$","?","E"],"character_chosen":"THE_SILENT","items_purchased":["Meat on the Bone","Footwork","Well Laid Plans","Lee\u0027s Waffle"],"campfire_rested":2,"item_purchase_floors":[14,14,22,38],"current_hp_per_floor":[67,66,66,66,61,61,56,45,45,69,56,55,55,70,70,42,86,56,84,84,84,86,60,60,39,39,39,35,60,60,60,60,33,60,52,52,30,67,64,0,0],"gold":127,"neow_bonus":"BOSS_RELIC","is_daily":false,"chose_seed":false,"campfire_upgraded":3,"win_rate":0.0,"timestamp":1610089039,"path_taken":["M","M","?","M","?","R","?","E","T","R","E","M","?","$","R","BOSS","M","?","M","?","$","E","R","E","T","R","M","R","?","$","R","BOSS","M","?","?","$","?","E"],"items_purchased_type":["Relic","Card","Card","Relic"],"build_version":"2020-12-22","purchased_purges":0,"victory":false,"max_hp_per_floor":[70,70,70,70,70,70,70,80,80,80,80,80,80,80,80,80,86,86,86,86,86,86,86,86,86,86,86,86,86,60,60,60,60,60,60,60,60,67,64,64,64],"card_choices":[{"not_picked":["Flying Knee","Escape Plan"],"picked":"All Out Attack","floor":1},{"not_picked":["Prepared","Dagger Throw"],"picked":"Flying Knee","floor":2},{"not_picked":["Masterful Stab","Dagger Throw"],"picked":"Catalyst","floor":4},{"not_picked":["Calculated Gamble","Eviscerate"],"picked":"Deadly Poison","floor":5},{"not_picked":["Dagger Throw","Flying Knee"],"picked":"A Thousand Cuts","floor":7},{"not_picked":["All Out Attack","Slice"],"picked":"Bane","floor":8},{"not_picked":["Flying Knee","Flechettes"],"picked":"Finisher","floor":11},{"not_picked":["Deflect","Backflip"],"picked":"Blur","floor":12},{"not_picked":["After Image","Phantasmal Killer"],"picked":"Corpse Explosion","floor":16},{"not_picked":["Bane+1","Crippling Poison"],"picked":"Slice+1","floor":18},{"not_picked":["PiercingWail","Bane+1"],"picked":"Crippling Poison","floor":20},{"not_picked":["Tactician","Deflect"],"picked":"Masterful Stab+1","floor":23},{"not_picked":["Underhanded Strike+1","Corpse Explosion"],"picked":"Choke+1","floor":25},{"not_picked":["Skewer+1","Quick Slash+1"],"picked":"Dodge and Roll+1","floor":28},{"not_picked":["A Thousand Cuts","Malaise"],"picked":"Glass Knife+1","floor":33},{"not_picked":["Outmaneuver+1","Poisoned Stab+1","All Out Attack+1"],"picked":"SKIP","floor":35},{"not_picked":["Dagger Spray+1","Blade Dance"],"picked":"Caltrops+1","floor":37}],"player_experience":82055,"relics_obtained":[{"floor":8,"key":"Pear"},{"floor":9,"key":"MealTicket"},{"floor":11,"key":"Boot"},{"floor":13,"key":"Darkstone Periapt"},{"floor":17,"key":"Vajra"},{"floor":17,"key":"Molten Egg 2"},{"floor":17,"key":"Girya"},{"floor":23,"key":"Bottled Tornado"},{"floor":25,"key":"Bag of Preparation"},{"floor":26,"key":"Du-Vu Doll"},{"floor":37,"key":"The Specimen"}],"event_choices":[{"damage_healed":0,"gold_gain":100,"player_choice":"Gold","damage_taken":0,"max_hp_gain":0,"max_hp_loss":0,"event_name":"Wheel of Change","floor":3,"gold_loss":0},{"damage_healed":28,"gold_gain":0,"player_choice":"Heal","damage_taken":0,"max_hp_gain":0,"max_hp_loss":0,"event_name":"The Library","floor":19,"gold_loss":0},{"cards_removed":["Strike_G"],"damage_healed":0,"gold_gain":0,"player_choice":"Gave Gold","damage_taken":0,"max_hp_gain":0,"max_hp_loss":0,"event_name":"Beggar","floor":21,"gold_loss":75},{"damage_healed":0,"gold_gain":0,"player_choice":"Became a vampire","damage_taken":0,"max_hp_gain":0,"max_hp_loss":26,"event_name":"Vampires","floor":30,"gold_loss":0,"cards_obtained":["Bite","Bite","Bite","Bite","Bite"]},{"cards_removed":["Glass Knife"],"damage_healed":0,"gold_gain":0,"player_choice":"Removed Attack","damage_taken":0,"max_hp_gain":0,"max_hp_loss":0,"event_name":"Falling","floor":36,"gold_loss":0},{"damage_healed":0,"gold_gain":0,"player_choice":"Fight","damage_taken":0,"max_hp_gain":0,"max_hp_loss":0,"event_name":"Mysterious Sphere","floor":37,"gold_loss":0},{"damage_healed":0,"gold_gain":0,"player_choice":"Max HP","damage_taken":0,"max_hp_gain":0,"max_hp_loss":3,"event_name":"Winding Halls","floor":39,"gold_loss":0}],"is_beta":false,"boss_relics":[{"not_picked":["WristBlade","Runic Pyramid"],"picked":"Calling Bell"},{"not_picked":["Velvet Choker","SacredBark"],"picked":"Empty Cage"}],"items_purged_floors":[],"is_endless":false,"potions_floor_spawned":[4,5,11,16,18,28,33],"killed_by":"Giant Head","ascension_level":0}}