{"host":"ty2cix8xj6r3ad26","time":1610147301,"event":{"mods":["AchievementEnabler","BaseMod","BetterRewards","Minty Spire (QoL Compilation)","Replay The Spire","StSLib","SuperFastMode","The Cursed","The Disciple"],"gold_per_floor":[119,119,119,136,136,165,165,197,197,197,208,222,222,245,245,376,376,394,95,114,153,153,153,188,188,242,282,295,295,44,65,65,191,191,205,218,239,55,120,120,160,173,173,273,286,619,647,663,663,663,663,663,28,63,63],"floor_reached":56,"playtime":5731,"items_purged":["Strike_G","Strike_G","Strike_G","Injury","Sickly"],"score":2420,"play_id":"af9394d1-ab0a-4a6d-b72e-ae556454c884","local_time":"20210109010821","is_ascension_mode":true,"campfire_choices":[{"floor":7,"key":"REST"},{"data":"Neutralize","floor":15,"key":"SMITH"},{"data":"After Image","floor":23,"key":"SMITH"},{"data":"Footwork","floor":25,"key":"SMITH"},{"data":"Footwork","floor":29,"key":"SMITH"},{"data":"Dodge and Roll","floor":32,"key":"SMITH"},{"data":"Apotheosis","floor":40,"key":"SMITH"},{"data":"Bullet Time","floor":40,"key":"SMITH"},{"floor":49,"key":"RECALL"},{"data":"Prepared","floor":52,"key":"SMITH"},{"data":"Backstab","floor":52,"key":"SMITH"}],"circlet_count":0,"master_deck":["AscendersBane","Strike_G+1","Survivor","Neutralize+1","Footwork+1","Quick Slash+1","Backstab+1","Footwork+1","A Thousand Cuts+1","Dodge and Roll+1","Backflip","Poison Darts","CurseOfTheBell","Slice+1","Crippling Poison+1","After Image+1","ReplayTheSpireMod:Speed Training","Caltrops+1","Catalyst","Bane","After Image+1","Bouncing Flask","Bullet Time+1","Apotheosis+1","Prepared+1","Infinite Blades+1","Acrobatics"],"relics":["Ring of the Snake","Paper Crane","ReplayTheSpireMod:Shallot","HandDrill","Darkstone Periapt","Centennial Puzzle","Replay:PocketPolymizer","Ring of Hypnosis","Replay:Wax Seal","Replay:Bottled Snecko","Matryoshka","Calling Bell","Ancient Tea Set","White Beast Statue","CaptainsWheel","Toy Ornithopter","Red Mask","Pondfish Scales","Vajra","ReplayTheSpireMod:TigerMarble","Frozen Egg 2","Snake Skull","Cursed Key","Replay:Arrowhead","Juzu Bracelet","Bag of Preparation","MealTicket","Divine Protection","Replay:Accelerometer","ReplayTheSpireMod:Lightbulb","Bag of Marbles"],"acts_visited":["Exordium","TheCity","TheBeyond","TheEnding"],"potions_floor_usage":[0,4,6,12,16,24,33,37,39,50,50,50,55],"damage_taken":[{"damage":0,"enemies":"Small Slimes","floor":1,"turns":3},{"damage":0,"enemies":"Jaw Worm","floor":4,"turns":4},{"damage":4,"enemies":"Lagavulin","floor":6,"turns":7},{"damage":0,"enemies":"Replay:BlueRogue","floor":8,"turns":8},{"damage":0,"enemies":"2 Louse","floor":11,"turns":2},{"damage":0,"enemies":"Exordium Thugs","floor":12,"turns":4},{"damage":0,"enemies":"2 Fungi Beasts","floor":14,"turns":4},{"damage":0,"enemies":"The Guardian","floor":16,"turns":10},{"damage":0,"enemies":"Chosen","floor":18,"turns":6},{"damage":0,"enemies":"Spheric Guardian","floor":20,"turns":4},{"damage":11,"enemies":"Masked Bandits","floor":21,"turns":4},{"damage":0,"enemies":"Replay:Snechameleon","floor":24,"turns":7},{"damage":0,"enemies":"Gremlin Leader","floor":27,"turns":6},{"damage":0,"enemies":"Snake Plant","floor":28,"turns":4},{"damage":0,"enemies":"Chosen and Byrds","floor":31,"turns":4},{"damage":1,"enemies":"Automaton","floor":33,"turns":9},{"damage":0,"enemies":"Orb Walker","floor":35,"turns":3},{"damage":0,"enemies":"3 Darklings","floor":36,"turns":4},{"damage":0,"enemies":"Jaw Worm Horde","floor":37,"turns":5},{"damage":0,"enemies":"2 Orb Walkers","floor":39,"turns":4},{"damage":0,"enemies":"Giant Head","floor":41,"turns":7},{"damage":0,"enemies":"Sphere and 2 Shapes","floor":42,"turns":3},{"damage":0,"enemies":"Spire Growth","floor":45,"turns":4},{"damage":0,"enemies":"R_Hoarder","floor":47,"turns":9},{"damage":0,"enemies":"4 Shapes","floor":48,"turns":4},{"damage":5,"enemies":"Awakened One","floor":50,"turns":11},{"damage":25,"enemies":"Shield and Spear","floor":54,"turns":5},{"damage":65,"enemies":"The Heart","floor":55,"turns":8}],"seed_played":"4238434033490703114","potions_obtained":[{"floor":10,"key":"GhostInAJar"},{"floor":10,"key":"Dexterity Potion"},{"floor":10,"key":"Weak Potion"},{"floor":12,"key":"SpeedPotion"},{"floor":16,"key":"Ancient Potion"},{"floor":18,"key":"Block Potion"},{"floor":24,"key":"Milkshake"},{"floor":27,"key":"GhostInAJar"},{"floor":31,"key":"Toxic Potion"},{"floor":33,"key":"Venom Potion"},{"floor":37,"key":"Energy Potion"},{"floor":39,"key":"Ancient Potion"},{"floor":42,"key":"Swift Potion"},{"floor":44,"key":"CultistPotion"},{"floor":54,"key":"FearPotion"}],"is_trial":false,"path_per_floor":["M","?","?","M","?","E","R","E","T","?","M","M","?","M","R","B",null,"M","$","M","?","?","R","E","R","T","E","M","R","$","M","R","B",null,"M","M","M","$","?","R","E","M","T","?","M","?","E","M","R","B",null,"R","$","E","B",null],"character_chosen":"THE_SILENT","items_purchased":["Paper Crane","EntropicBrew","Footwork","Blade Dance","Quick Slash","ReplayTheSpireMod:Shallot","HandDrill","Backstab","Darkstone Periapt","Centennial Puzzle","Toy Ornithopter","Caltrops+1","Snake Skull","Catalyst","Apotheosis","Replay:Accelerometer","ReplayTheSpireMod:Lightbulb"],"campfire_rested":1,"item_purchase_floors":[0,0,0,0,0,0,0,0,0,0,19,30,30,30,38,53,53],"current_hp_per_floor":[21,21,7,7,7,3,24,24,24,24,24,24,30,30,30,30,71,71,71,71,60,60,60,65,65,65,65,65,65,65,65,65,69,79,79,79,82,82,82,82,82,82,88,66,66,66,66,66,66,76,85,85,88,63,3],"gold":63,"neow_bonus":"","is_daily":false,"chose_seed":false,"campfire_upgraded":9,"win_rate":0.0,"timestamp":1610147301,"path_taken":["M","?","?","M","?","E","R","E","T","?","M","?","?","M","R","BOSS","M","$","M","?","?","R","E","R","T","E","?","R","$","M","R","BOSS","M","M","M","$","?","R","E","M","T","?","M","?","E","M","R","BOSS","R","$","E","BOSS"],"items_purchased_type":["Relic","Potion","Card","Card","Card","Relic","Relic","Card","Relic","Relic","Relic","Card","Relic","Card","Card","Relic","Relic"],"build_version":"2020-12-22","purchased_purges":5,"victory":true,"max_hp_per_floor":[70,70,70,70,70,70,70,70,70,70,70,70,76,76,76,76,82,82,82,82,82,82,82,82,82,82,82,82,82,82,82,82,82,82,82,82,82,82,82,82,82,82,88,88,88,88,88,88,88,88,88,88,88,88,88],"card_choices":[{"not_picked":["Dagger Throw","Hidden Blade"],"picked":"Footwork","floor":1},{"not_picked":["Slice","Sucker Punch"],"picked":"Dodge and Roll","floor":4},{"not_picked":["Acrobatics","Hidden Blade"],"picked":"Backflip","floor":6},{"not_picked":["Skewer","Hidden Blade","Wraith Form v2"],"picked":"SKIP","floor":8},{"not_picked":["Bane","Dodge and Roll","Deflect"],"picked":"SKIP","floor":11},{"not_picked":["Dodge and Roll","Underhanded Strike","Dagger Spray"],"picked":"SKIP","floor":12},{"not_picked":["Deadly Poison","Eviscerate","Grand Finale"],"picked":"SKIP","floor":14},{"not_picked":["Terror","Tactician"],"picked":"Slice+1","floor":18},{"not_picked":["Sucker Punch","Dodge and Roll"],"picked":"Crippling Poison+1","floor":20},{"not_picked":["Outmaneuver","Dodge and Roll","PiercingWail+1"],"picked":"SKIP","floor":24},{"not_picked":["Dagger Spray","Dagger Throw","Draining Mist"],"picked":"SKIP","floor":27},{"not_picked":["Crippling Poison","Outmaneuver","Distraction"],"picked":"SKIP","floor":28},{"not_picked":["Crippling Poison","Outmaneuver","Distraction"],"picked":"SKIP","floor":28},{"not_picked":["Acrobatics","A Thousand Cuts+1","Bane"],"picked":"SKIP","floor":31},{"not_picked":["Atom Bomb","Bullet Time"],"picked":"After Image+1","floor":33},{"not_picked":["Predator+1","Underhanded Strike+1","Slice"],"picked":"SKIP","floor":35},{"not_picked":["Draining Mist+1","Acrobatics"],"picked":"Bouncing Flask","floor":36},{"not_picked":["Dagger Spray+1","Underhanded Strike+1"],"picked":"Bullet Time","floor":37},{"not_picked":["Acrobatics","ReplayTheSpireMod:Scrap Shanks+1"],"picked":"Infinite Blades+1","floor":41},{"not_picked":["Calculated Gamble","ReplayTheSpireMod:Exploit Weakness+1","Blade Dance"],"picked":"SKIP","floor":42},{"not_picked":["Backflip","Quick Slash+1","Hidden Blade+1"],"picked":"SKIP","floor":45},{"not_picked":["Predator","Well Laid Plans+1","Hidden Blade+1"],"picked":"SKIP","floor":47},{"not_picked":["Deflect","Poisoned Stab","Slice"],"picked":"SKIP","floor":48},{"not_picked":["Endless Agony+1","Expertise","Glass Knife"],"picked":"SKIP","floor":54}],"player_experience":465185,"relics_obtained":[{"floor":5,"key":"Ring of Hypnosis"},{"floor":6,"key":"Replay:Wax Seal"},{"floor":8,"key":"Replay:Bottled Snecko"},{"floor":9,"key":"Matryoshka"},{"floor":17,"key":"Ancient Tea Set"},{"floor":17,"key":"White Beast Statue"},{"floor":17,"key":"CaptainsWheel"},{"floor":21,"key":"Red Mask"},{"floor":24,"key":"Pondfish Scales"},{"floor":26,"key":"Vajra"},{"floor":26,"key":"ReplayTheSpireMod:TigerMarble"},{"floor":27,"key":"Frozen Egg 2"},{"floor":39,"key":"Replay:Arrowhead"},{"floor":41,"key":"Juzu Bracelet"},{"floor":43,"key":"Bag of Preparation"},{"floor":44,"key":"MealTicket"},{"floor":47,"key":"Divine Protection"},{"floor":54,"key":"Bag of Marbles"}],"event_choices":[{"damage_healed":0,"gold_gain":0,"player_choice":"Entered Light","damage_taken":14,"max_hp_gain":0,"max_hp_loss":0,"event_name":"Shining Light","floor":3,"gold_loss":0,"cards_upgraded":["Quick Slash","Strike_G"]},{"damage_healed":0,"gold_gain":0,"player_choice":"Got Potions","damage_taken":0,"max_hp_gain":0,"max_hp_loss":0,"event_name":"Lab","floor":10,"gold_loss":0},{"damage_healed":0,"gold_gain":0,"player_choice":"Take Wound","damage_taken":0,"relics_obtained":["Golden Idol"],"max_hp_gain":0,"max_hp_loss":0,"event_name":"Golden Idol","floor":13,"gold_loss":0,"cards_obtained":["Injury"]},{"damage_healed":0,"gold_gain":0,"player_choice":"Fought Bandits","damage_taken":0,"max_hp_gain":0,"max_hp_loss":0,"event_name":"Masked Bandits","floor":21,"gold_loss":0},{"damage_healed":0,"gold_gain":0,"cards_transformed":["Defend_G"],"player_choice":"Transformed","damage_taken":0,"max_hp_gain":0,"max_hp_loss":0,"event_name":"Transmorgrifier","floor":22,"gold_loss":0,"cards_obtained":["Eviscerate"]},{"damage_healed":0,"gold_gain":0,"player_choice":"Fight","damage_taken":0,"max_hp_gain":0,"max_hp_loss":0,"event_name":"Mysterious Sphere","floor":39,"gold_loss":0},{"damage_healed":0,"gold_gain":333,"player_choice":"Gave Idol","damage_taken":0,"max_hp_gain":0,"max_hp_loss":0,"event_name":"The Moai Head","floor":46,"relics_lost":["Golden Idol"],"gold_loss":0}],"is_beta":false,"boss_relics":[{"not_picked":["Painkiller Herb","Black Star"],"picked":"Calling Bell"},{"not_picked":["SlaversCollar","Replay:Bronze Core"],"picked":"Cursed Key"}],"items_purged_floors":[0,0,0,19,53],"is_endless":false,"potions_floor_spawned":[1,11,12,14,16,18,20,21,24,27,28,31,33,35,36,37,39,41,42,45,47,48,54],"ascension_level":10}}