{"host":"6ilae7ewjeys3uzr","time":1610127735,"event":{"mods":["AchievementEnabler","BaseMod","Hermit","Marisa????????","Minty Spire (QoL Compilation)","Quick Restart","StSLib","The Cursed"],"gold_per_floor":[109,109,122,47,322,352,352,363,436,386,336,355,366,398,398,497,497,513,526,226,246,265,265,215,215,215,215,230,230,230],"floor_reached":29,"playtime":908,"items_purged":["Defend_P","Regret","Defend_P","Strike_P"],"score":260,"play_id":"c136f768-c915-47ff-b9bc-51f021abad70","local_time":"20210108184215","is_ascension_mode":false,"campfire_choices":[{"data":"Eruption","floor":7,"key":"SMITH"},{"data":"Vigilance","floor":15,"key":"SMITH"},{"floor":23,"key":"REST"},{"data":"Strike_P","floor":25,"key":"SMITH"}],"circlet_count":0,"master_deck":["Strike_P+1","Defend_P","Eruption+1","Vigilance+1"],"relics":["PureWater","NeowsBlessing","Smiling Mask","Pantograph","Ice Cream","Empty Cage","Melange","Bag of Marbles"],"acts_visited":["Exordium","TheCity"],"potions_floor_usage":[8,14,14,21,21,21,28,28,29],"damage_taken":[{"damage":0,"enemies":"Cultist","floor":1,"turns":1},{"damage":0,"enemies":"Jaw Worm","floor":3,"turns":1},{"damage":0,"enemies":"Gremlin Nob","floor":6,"turns":1},{"damage":4,"enemies":"Small Slimes","floor":8,"turns":3},{"damage":17,"enemies":"Gremlin Gang","floor":12,"turns":4},{"damage":4,"enemies":"Blue Slaver","floor":13,"turns":4},{"damage":11,"enemies":"3 Sentries","floor":14,"turns":7},{"damage":44,"enemies":"The Guardian","floor":16,"turns":19},{"damage":10,"enemies":"Shell Parasite","floor":18,"turns":5},{"damage":34,"enemies":"Spheric Guardian","floor":19,"turns":4},{"damage":0,"enemies":"3 Cultists","floor":21,"turns":5},{"damage":15,"enemies":"Shelled Parasite and Fungi","floor":22,"turns":6},{"damage":45,"enemies":"Cultist and Chosen","floor":28,"turns":6},{"damage":47,"enemies":"Slavers","floor":29,"turns":3}],"seed_played":"2316458680897389868","potions_obtained":[{"floor":3,"key":"PowerPotion"},{"floor":12,"key":"BottledMiracle"},{"floor":13,"key":"Explosive Potion"},{"floor":18,"key":"LiquidBronze"},{"floor":28,"key":"EssenceOfSteel"}],"is_trial":false,"path_per_floor":["M","?","M","$","?","E","R","M","T","$","?","M","M","E","R","B",null,"M","M","$","M","M","R","$","R","T","?","M","E"],"character_chosen":"WATCHER","items_purchased":["Melange","EntropicBrew"],"campfire_rested":1,"item_purchase_floors":[20,20],"current_hp_per_floor":[72,77,77,77,77,77,77,73,73,73,73,56,52,41,41,22,77,67,33,33,33,18,41,41,41,41,77,32,0,0],"gold":230,"neow_bonus":"THREE_ENEMY_KILL","is_daily":false,"chose_seed":false,"campfire_upgraded":3,"win_rate":0.0,"timestamp":1610127735,"path_taken":["M","?","M","$","?","E","R","?","T","$","?","M","M","E","R","BOSS","M","M","$","M","M","R","$","R","T","?","M","E"],"items_purchased_type":["Relic","Potion"],"build_version":"2020-12-22","purchased_purges":4,"victory":false,"max_hp_per_floor":[72,77,77,77,77,77,77,77,77,77,77,77,77,77,77,77,77,77,77,77,77,77,77,77,77,77,77,77,77,77],"card_choices":[{"not_picked":["FollowUp","Wallop","PathToVictory"],"picked":"SKIP","floor":1},{"not_picked":["Conclude","BowlingBash","ClearTheMind"],"picked":"SKIP","floor":3},{"not_picked":["WreathOfFlame","Halt","JustLucky"],"picked":"SKIP","floor":6},{"not_picked":["Crescendo","Indignation","JustLucky"],"picked":"SKIP","floor":8},{"not_picked":["Conclude","CrushJoints","EmptyBody"],"picked":"SKIP","floor":12},{"not_picked":["FearNoEvil","PathToVictory","Evaluate"],"picked":"SKIP","floor":13},{"not_picked":["LikeWater","SignatureMove","Adaptation"],"picked":"SKIP","floor":14},{"not_picked":["Evaluate","ClearTheMind","WheelKick"],"picked":"SKIP","floor":18},{"not_picked":["BowlingBash","EmptyBody","ClearTheMind"],"picked":"SKIP","floor":19},{"not_picked":["Nirvana","WheelKick","SignatureMove"],"picked":"SKIP","floor":21},{"not_picked":["JustLucky+1","Halt","EmptyFist"],"picked":"SKIP","floor":22},{"not_picked":["Consecrate","Protect","EmptyMind+1"],"picked":"SKIP","floor":28}],"player_experience":245056,"relics_obtained":[{"floor":6,"key":"Smiling Mask"},{"floor":9,"key":"Pantograph"},{"floor":14,"key":"Ice Cream"},{"floor":26,"key":"Bag of Marbles"}],"event_choices":[{"damage_healed":0,"gold_gain":0,"player_choice":"Donut","damage_taken":0,"max_hp_gain":5,"max_hp_loss":0,"event_name":"Big Fish","floor":2,"gold_loss":0},{"damage_healed":0,"gold_gain":275,"player_choice":"Desecrate","damage_taken":0,"max_hp_gain":0,"max_hp_loss":0,"event_name":"Golden Shrine","floor":5,"gold_loss":0,"cards_obtained":["Regret"]},{"cards_removed":["Strike_P"],"damage_healed":0,"gold_gain":0,"player_choice":"Card Removal","damage_taken":0,"max_hp_gain":0,"max_hp_loss":0,"event_name":"The Cleric","floor":11,"gold_loss":50},{"damage_healed":36,"gold_gain":0,"player_choice":"Full Heal","damage_taken":0,"max_hp_gain":0,"max_hp_loss":0,"event_name":"Wheel of Change","floor":27,"gold_loss":0}],"is_beta":false,"boss_relics":[{"not_picked":["Astrolabe","Velvet Choker"],"picked":"Empty Cage"}],"items_purged_floors":[4,10,20,24],"is_endless":false,"potions_floor_spawned":[3,12,13,18,28],"killed_by":"Slavers","ascension_level":0}}