{"host":"qdfumeom6htv8yxl","time":1610119467,"event":{"mods":["AchievementEnabler","BaseMod","Bestiary","Block Reminder","Minty Spire (QoL Compilation)","Quick Restart","Relic Stats"],"gold_per_floor":[113,129,16,16,29,60,60,93,175,175,20,20,20,33,33,107,107,107,107,107,47,47,47,47,47,47,47,47,47,47,47,47,47,47,47,47,47,47,47,47,47,47,47,47,47,47,47,47,47,47,47,47],"floor_reached":51,"playtime":3210,"items_purged":["Strike_G"],"score":1568,"play_id":"719de529-5ea1-4083-b63e-62ebd857392f","local_time":"20210108092427","is_ascension_mode":true,"campfire_choices":[{"floor":7.0,"key":"REST"},{"floor":10.0,"key":"REST"},{"floor":12.0,"key":"REST"},{"data":"Deadly Poison","floor":15.0,"key":"SMITH"},{"data":"Underhanded Strike","floor":24.0,"key":"SMITH"},{"data":"Calculated Gamble","floor":32.0,"key":"SMITH"},{"data":"Panache","floor":40,"key":"SMITH"},{"data":"Acrobatics","floor":46,"key":"SMITH"},{"data":"Reflex","floor":49,"key":"SMITH"}],"circlet_count":0,"master_deck":["AscendersBane","Strike_G","Strike_G","Strike_G","Defend_G","Defend_G","Defend_G","Defend_G","Defend_G","Survivor","Neutralize","CurseOfTheBell","Backflip","Blade Dance","Footwork","Dagger Throw","Deadly Poison+1","After Image+1","Underhanded Strike+1","Backstab+1","Die Die Die+1","Sucker Punch+1","Necronomicurse","Acrobatics+1","Reflex+1","Calculated Gamble+1","Riddle With Holes+1","Blur","Panache+1","Underhanded Strike+1","Dodge and Roll+1","Footwork+1"],"relics":["Calling Bell","Ancient Tea Set","Gremlin Horn","WingedGreaves","Tough Bandages","Juzu Bracelet","Molten Egg 2","Ectoplasm","Necronomicon","Thread and Needle","Red Mask","PreservedInsect","Sozu","Strawberry","StrikeDummy","Bag of Preparation","Bird Faced Urn","Anchor"],"acts_visited":["TheCity","TheBeyond"],"potions_floor_usage":[47],"damage_taken":[{"damage":5.0,"enemies":"2 Louse","floor":1.0,"turns":3.0},{"damage":8.0,"enemies":"Cultist","floor":2.0,"turns":5.0},{"damage":0.0,"enemies":"Jaw Worm","floor":5.0,"turns":4.0},{"damage":15.0,"enemies":"Lagavulin","floor":6.0,"turns":10.0},{"damage":42.0,"enemies":"3 Sentries","floor":8.0,"turns":12.0},{"damage":0.0,"enemies":"2 Fungi Beasts","floor":14.0,"turns":3.0},{"damage":20.0,"enemies":"The Guardian","floor":16.0,"turns":10.0},{"damage":8.0,"enemies":"Spheric Guardian","floor":18.0,"turns":6.0},{"damage":13.0,"enemies":"2 Thieves","floor":21.0,"turns":3.0},{"damage":0.0,"enemies":"3 Cultists","floor":22.0,"turns":5.0},{"damage":0.0,"enemies":"Masked Bandits","floor":27.0,"turns":4.0},{"damage":1.0,"enemies":"Snecko","floor":28.0,"turns":5.0},{"damage":12.0,"enemies":"Slavers","floor":29.0,"turns":7.0},{"damage":2.0,"enemies":"Sentry and Sphere","floor":30.0,"turns":7.0},{"damage":13.0,"enemies":"Centurion and Healer","floor":31.0,"turns":6.0},{"damage":0.0,"enemies":"Automaton","floor":33.0,"turns":8.0},{"damage":4.0,"enemies":"Orb Walker","floor":35.0,"turns":3.0},{"damage":0,"enemies":"Reptomancer","floor":41,"turns":3},{"damage":3,"enemies":"Nemesis","floor":44,"turns":9},{"damage":4,"enemies":"2 Orb Walkers","floor":45,"turns":4},{"damage":5,"enemies":"Reptomancer","floor":47,"turns":4},{"damage":0,"enemies":"3 Darklings","floor":48,"turns":3},{"damage":39,"enemies":"Donu and Deca","floor":50,"turns":15},{"damage":43,"enemies":"Time Eater","floor":51,"turns":3}],"seed_played":"-7743824309343356800","potions_obtained":[{"floor":5.0,"key":"Block Potion"},{"floor":14.0,"key":"EntropicBrew"},{"floor":16.0,"key":"LiquidMemories"},{"floor":28.0,"key":"SteroidPotion"},{"floor":29.0,"key":"Explosive Potion"},{"floor":31.0,"key":"DuplicationPotion"},{"floor":33.0,"key":"Strength Potion"}],"is_trial":false,"path_per_floor":["M","M","$","?","M","E","R","E","T","R","$","R","?","M","R","B",null,"M","?","?","M","M","?","R","?","T","?","M","E","M","M","R","B",null,"M","$","?","?","$","R","E","?","T","E","?","R","E","M","R","B","B"],"character_chosen":"THE_SILENT","items_purchased":["Footwork","Dagger Throw","Backstab+1"],"campfire_rested":3,"item_purchase_floors":[3,3,11],"current_hp_per_floor":[54,46,46,46,46,31,50,8,8,27,27,46,46,46,46,26,56,48,48,27,14,14,66,66,66,66,66,65,53,51,38,38,38,59,55,55,55,55,55,55,62,62,62,59,55,55,56,64,64,30,0,0],"gold":47,"neow_bonus":"BOSS_RELIC","is_daily":false,"chose_seed":false,"campfire_upgraded":6,"win_rate":0.0,"timestamp":1610119467,"path_taken":["M","M","$","?","M","E","R","E","T","R","$","R","?","M","R","BOSS","M","?","?","M","M","?","R","?","T","?","M","E","M","M","R","BOSS","M","$","?","?","$","R","E","?","T","E","?","R","E","M","R","BOSS","BOSS"],"items_purchased_type":["Card","Card","Card"],"build_version":"2020-12-22","purchased_purges":1,"victory":false,"max_hp_per_floor":[66,66,66,66,66,66,66,66,66,66,66,66,66,66,66,66,66,66,66,66,66,66,66,66,66,66,66,66,66,66,66,66,66,66,66,66,66,66,66,66,73,69,69,69,69,69,69,69,69,69,69,69],"relic_stats":{"Sozu":3,"Tough Bandages":[303],"Gremlin Horn":[30,30],"counters":[24,142],"Bird Faced Urn":[27],"Ectoplasm":684,"PreservedInsect":171,"Juzu Bracelet":3,"Necronomicon":[37],"Bag of Preparation":[10],"obtain_stats":[{"Gremlin Horn":0,"Thread and Needle":26,"PreservedInsect":29,"Juzu Bracelet":8,"Bag of Preparation":44,"Ancient Tea Set":0,"Calling Bell":0,"Sozu":34,"Tough Bandages":6,"Anchor":47,"Strawberry":41,"Bird Faced Urn":45,"Molten Egg 2":9,"WingedGreaves":0,"Ectoplasm":17,"Necronomicon":20,"Red Mask":27,"StrikeDummy":43,"Ring of the Snake":0},{"Gremlin Horn":0,"Thread and Needle":10,"PreservedInsect":13,"Juzu Bracelet":5,"Bag of Preparation":19,"Ancient Tea Set":0,"Calling Bell":0,"Sozu":16,"Tough Bandages":4,"Anchor":21,"Strawberry":18,"Bird Faced Urn":20,"Molten Egg 2":5,"WingedGreaves":0,"Ectoplasm":7,"Necronomicon":8,"Red Mask":11,"StrikeDummy":18,"Ring of the Snake":0},{"Gremlin Horn":0,"Thread and Needle":61,"PreservedInsect":77,"Juzu Bracelet":34,"Bag of Preparation":113,"Ancient Tea Set":0,"Calling Bell":0,"Sozu":98,"Tough Bandages":22,"Anchor":121,"Strawberry":104,"Bird Faced Urn":117,"Molten Egg 2":34,"WingedGreaves":0,"Ectoplasm":47,"Necronomicon":53,"Red Mask":65,"StrikeDummy":104,"Ring of the Snake":0}]},"card_choices":[{"not_picked":["Cloak And Dagger","Slice"],"picked":"Backflip","floor":1.0},{"not_picked":["Outmaneuver","Sucker Punch"],"picked":"Blade Dance","floor":2.0},{"not_picked":["Slice","Bane"],"picked":"Deadly Poison","floor":5.0},{"not_picked":["Night Terror","Underhanded Strike"],"picked":"After Image","floor":6.0},{"not_picked":["Deadly Poison","Dagger Throw"],"picked":"Underhanded Strike","floor":8.0},{"not_picked":["Leg Sweep","Heel Hook+1"],"picked":"Well Laid Plans","floor":14.0},{"not_picked":["Burst","Glass Knife+1"],"picked":"Die Die Die+1","floor":16.0},{"not_picked":["Cloak And Dagger","Slice+1"],"picked":"Sucker Punch+1","floor":18.0},{"not_picked":["Backstab+1","Backflip","Infinite Blades"],"picked":"SKIP","floor":21.0},{"not_picked":["Deflect","Outmaneuver"],"picked":"Acrobatics","floor":22.0},{"not_picked":["Cloak And Dagger","Deflect","Flying Knee+1"],"picked":"SKIP","floor":28.0},{"not_picked":["Caltrops","Envenom"],"picked":"Reflex","floor":29.0},{"not_picked":["Riddle With Holes+1","Prepared"],"picked":"Calculated Gamble","floor":30.0},{"not_picked":["Bane+1","Slice+1"],"picked":"Riddle With Holes+1","floor":31.0},{"not_picked":["Tactician","PiercingWail+1"],"picked":"Blur","floor":35.0},{"not_picked":["Mind Blast+1","Trip"],"picked":"Panache","floor":37},{"not_picked":["Sucker Punch+1","Slice+1","Bane+1"],"picked":"SKIP","floor":41},{"not_picked":["Blur+1","Expertise+1"],"picked":"Underhanded Strike+1","floor":44},{"not_picked":["Footwork","Flying Knee+1"],"picked":"Dodge and Roll+1","floor":45},{"not_picked":["Blade Dance","Flying Knee+1"],"picked":"Footwork+1","floor":47},{"not_picked":["Footwork","Dagger Spray+1","Bane+1"],"picked":"SKIP","floor":48}],"player_experience":1734452,"relics_obtained":[{"floor":0.0,"key":"Ancient Tea Set"},{"floor":0.0,"key":"Gremlin Horn"},{"floor":0.0,"key":"WingedGreaves"},{"floor":6.0,"key":"Tough Bandages"},{"floor":8.0,"key":"Juzu Bracelet"},{"floor":9.0,"key":"Molten Egg 2"},{"floor":20.0,"key":"Necronomicon"},{"floor":26.0,"key":"Thread and Needle"},{"floor":27.0,"key":"Red Mask"},{"floor":29.0,"key":"PreservedInsect"},{"floor":41,"key":"Strawberry"},{"floor":43,"key":"StrikeDummy"},{"floor":44,"key":"Bag of Preparation"},{"floor":45,"key":"Bird Faced Urn"},{"floor":47,"key":"Anchor"}],"event_choices":[{"cards_removed":["Strike_G"],"damage_healed":0.0,"max_hp_gain":0.0,"max_hp_loss":0.0,"gold_gain":0.0,"event_name":"Purifier","player_choice":"Purged","floor":4.0,"gold_loss":0.0,"damage_taken":0.0},{"damage_healed":0.0,"max_hp_gain":0.0,"max_hp_loss":0.0,"gold_gain":0.0,"event_name":"Upgrade Shrine","player_choice":"Upgraded","floor":13.0,"gold_loss":0.0,"damage_taken":0.0,"cards_upgraded":["After Image"]},{"damage_healed":0.0,"max_hp_gain":0.0,"max_hp_loss":0.0,"gold_gain":0.0,"event_name":"Ghosts","player_choice":"Ignored","floor":19.0,"gold_loss":0.0,"damage_taken":0.0},{"damage_healed":0.0,"max_hp_gain":0.0,"max_hp_loss":0.0,"gold_gain":0.0,"event_name":"Cursed Tome","player_choice":"Obtained Book","floor":20.0,"gold_loss":0.0,"damage_taken":21.0},{"cards_removed":["Well Laid Plans"],"damage_healed":52.0,"max_hp_gain":0.0,"max_hp_loss":0.0,"gold_gain":0.0,"event_name":"Bonfire Elementals","player_choice":"Offered Uncommon","floor":23.0,"gold_loss":0.0,"damage_taken":0.0},{"damage_healed":0.0,"max_hp_gain":0.0,"max_hp_loss":0.0,"gold_gain":0.0,"event_name":"Vampires","player_choice":"Ignored","floor":25.0,"gold_loss":0.0,"damage_taken":0.0},{"damage_healed":0.0,"max_hp_gain":0.0,"max_hp_loss":0.0,"gold_gain":0.0,"event_name":"Masked Bandits","player_choice":"Fought Bandits","floor":27.0,"gold_loss":0.0,"damage_taken":0.0},{"damage_healed":0,"gold_gain":0,"player_choice":"Memory 1","damage_taken":0,"max_hp_gain":0,"max_hp_loss":0,"event_name":"SensoryStone","floor":37,"gold_loss":0},{"damage_healed":0,"gold_gain":222,"player_choice":"Wore Mask","damage_taken":0,"max_hp_gain":0,"max_hp_loss":0,"event_name":"Tomb of Lord Red Mask","floor":38,"gold_loss":0},{"damage_healed":0,"gold_gain":0,"player_choice":"Max HP","damage_taken":0,"max_hp_gain":0,"max_hp_loss":4,"event_name":"Winding Halls","floor":42,"gold_loss":0},{"damage_healed":0,"gold_gain":0,"player_choice":"Fight","damage_taken":0,"max_hp_gain":0,"max_hp_loss":0,"event_name":"Mysterious Sphere","floor":45,"gold_loss":0}],"is_beta":false,"boss_relics":[{"not_picked":["Fusion Hammer","SlaversCollar"],"picked":"Ectoplasm"},{"not_picked":["SacredBark","Runic Dome"],"picked":"Sozu"}],"items_purged_floors":[11],"is_endless":false,"potions_floor_spawned":[5,14,16,28,29,31,33,35,41,48],"killed_by":"Time Eater","ascension_level":20}}