{"host":"fevvm7bbzuh4s1jc","time":1610145227,"event":{"mods":["BaseMod","Highlight Path","Minty Spire (QoL Compilation)","Relic Stats"],"gold_per_floor":[212,8,25,35,50,80,80,111,137,137,171,57,75,100,100,174,174,193,208,258,277,277,277,305,37,37,63,63,79,94,128,128,205,205,224,224,240,29,49,83,95,95,121,131,150,170,86,120,120,120,120,120,120,63,63,63],"floor_reached":55,"playtime":5418,"items_purged":["Strike_R","Strike_R","Strike_R"],"score":2163,"play_id":"8dd83e72-3b6e-4576-a06a-4adbe965dea9","local_time":"20210108173347","is_ascension_mode":true,"campfire_choices":[{"data":"Whirlwind","floor":10,"key":"SMITH"},{"data":"Disarm","floor":15,"key":"SMITH"},{"data":"Fiend Fire","floor":23,"key":"SMITH"},{"data":"Demon Form","floor":32,"key":"SMITH"},{"floor":42,"key":"RECALL"},{"data":"Feel No Pain","floor":49,"key":"SMITH"},{"data":"Dual Wield","floor":53,"key":"SMITH"}],"circlet_count":0,"master_deck":["AscendersBane","Defend_R","Defend_R","Defend_R","Bash","Whirlwind+1","Flash of Steel","Thunderclap","Flame Barrier","Carnage","Second Wind","Demon Form+1","Disarm+1","Flame Barrier","Shrug It Off","Fiend Fire+1","Disarm","Evolve","Heavy Blade+1","Disarm","Dual Wield+1","Burning Pact","Reaper","Intimidate+1","Body Slam+1","Sentinel+1","Armaments+1","Feed","Clothesline+1","Power Through+1","Limit Break","Burning Pact","Feel No Pain+1","Power Through","Dark Embrace+1","Reaper"],"relics":["Burning Blood","Meat on the Bone","Pen Nib","Akabeko","Orichalcum","Dream Catcher","Snecko Eye","Blood Vial","Toolbox","Prayer Wheel","Omamori","Mango","Regal Pillow","Astrolabe","FossilizedHelix","Nunchaku"],"acts_visited":["Exordium","TheCity","TheBeyond","TheEnding"],"potions_floor_usage":[6,27,45,51],"damage_taken":[{"damage":11.0,"enemies":"Jaw Worm","floor":1.0,"turns":4.0},{"damage":5,"enemies":"Small Slimes","floor":3,"turns":4},{"damage":0,"enemies":"2 Louse","floor":4,"turns":1},{"damage":7,"enemies":"2 Fungi Beasts","floor":5,"turns":4},{"damage":25,"enemies":"3 Sentries","floor":6,"turns":9},{"damage":32,"enemies":"Gremlin Nob","floor":8,"turns":4},{"damage":0,"enemies":"3 Sentries","floor":11,"turns":1},{"damage":8,"enemies":"Lots of Slimes","floor":13,"turns":3},{"damage":2,"enemies":"Gremlin Nob","floor":14,"turns":3},{"damage":11,"enemies":"The Guardian","floor":16,"turns":10},{"damage":0,"enemies":"Spheric Guardian","floor":18,"turns":2},{"damage":6,"enemies":"Shell Parasite","floor":19,"turns":2},{"damage":0,"enemies":"Snake Plant","floor":21,"turns":4},{"damage":18,"enemies":"Book of Stabbing","floor":24,"turns":5},{"damage":0,"enemies":"Slavers","floor":27,"turns":3},{"damage":0,"enemies":"Centurion and Healer","floor":29,"turns":6},{"damage":12,"enemies":"Shelled Parasite and Fungi","floor":30,"turns":4},{"damage":5,"enemies":"Book of Stabbing","floor":31,"turns":8},{"damage":9,"enemies":"Automaton","floor":33,"turns":5},{"damage":7,"enemies":"3 Darklings","floor":35,"turns":4},{"damage":39,"enemies":"3 Shapes","floor":37,"turns":10},{"damage":104,"enemies":"Spire Growth","floor":39,"turns":9},{"damage":26,"enemies":"Nemesis","floor":40,"turns":7},{"damage":1,"enemies":"Maw","floor":41,"turns":7},{"damage":0,"enemies":"Sphere and 2 Shapes","floor":44,"turns":14},{"damage":48,"enemies":"3 Darklings","floor":45,"turns":8},{"damage":30,"enemies":"Transient","floor":46,"turns":6},{"damage":3,"enemies":"Giant Head","floor":48,"turns":7},{"damage":134,"enemies":"Awakened One","floor":50,"turns":16},{"damage":101,"enemies":"Donu and Deca","floor":51,"turns":11},{"damage":156,"enemies":"Shield and Spear","floor":55,"turns":6}],"seed_played":"6034126348972180316","potions_obtained":[{"floor":4,"key":"Block Potion"},{"floor":5,"key":"Swift Potion"},{"floor":13,"key":"Explosive Potion"},{"floor":16,"key":"SteroidPotion"},{"floor":31,"key":"SkillPotion"},{"floor":45,"key":"SteroidPotion"}],"is_trial":false,"path_per_floor":["M","$","M","M","M","E","?","E","T","R","E","$","M","E","R","B",null,"M","M","?","M","?","R","E","$","T","E","?","M","M","E","R","B",null,"M","?","M","$","M","E","M","R","T","M","M","M","$","E","R","B","B",null,"R","$","E"],"character_chosen":"IRONCLAD","items_purchased":["Flash of Steel","Thunderclap","FearPotion","Flame Barrier","Toolbox","Feed","Reaper","Block Potion"],"campfire_rested":0,"item_purchase_floors":[2,2,2,12,25,38,47,54],"current_hp_per_floor":[63,63,64,70,69,50,55,41,41,41,47,47,57,61,61,56,74,80,80,80,80,57,57,57,57,57,65,79,87,83,86,86,85,96,97,97,99,99,51,45,97,97,97,109,112,88,88,111,111,115,72,104,104,104,0,0],"gold":63,"neow_bonus":"HUNDRED_GOLD","is_daily":false,"chose_seed":false,"campfire_upgraded":6,"win_rate":0.0,"timestamp":1610145227,"path_taken":["M","$","M","M","M","E","?","E","T","R","E","$","M","E","R","BOSS","M","M","?","M","?","R","E","$","T","E","?","M","M","E","R","BOSS","M","?","M","$","M","E","M","R","T","M","M","M","$","E","R","BOSS","BOSS","R","$","E"],"items_purchased_type":["Card","Card","Potion","Card","Relic","Card","Card","Potion"],"build_version":"2020-12-22","purchased_purges":3,"victory":false,"max_hp_per_floor":[75,75,75,75,75,75,80,80,80,80,80,80,80,80,80,80,80,80,80,80,80,85,85,85,85,85,85,99,99,99,99,99,99,99,99,99,99,99,102,102,102,102,102,109,112,112,112,112,112,115,115,115,115,115,115,115],"relic_stats":{"Regal Pillow":0,"counters":[31,187],"Astrolabe":["Intimidate","Body Slam","Sentinel"],"Pen Nib":[20],"Orichalcum":[282],"Burning Blood":158,"Blood Vial":25,"Dream Catcher":0,"Nunchaku":[4],"Snecko Eye":[259,260,287,277],"Prayer Wheel":9,"obtain_stats":[{"Regal Pillow":31,"Astrolabe":34,"Mango":28,"Pen Nib":8,"Omamori":27,"Orichalcum":11,"Burning Blood":0,"Akabeko":9,"Blood Vial":24,"Dream Catcher":14,"Nunchaku":48,"Snecko Eye":17,"Toolbox":25,"Prayer Wheel":26,"FossilizedHelix":40,"Meat on the Bone":6},{"Regal Pillow":18,"Astrolabe":19,"Mango":15,"Pen Nib":6,"Omamori":15,"Orichalcum":7,"Burning Blood":0,"Akabeko":6,"Blood Vial":14,"Dream Catcher":9,"Nunchaku":28,"Snecko Eye":10,"Toolbox":14,"Prayer Wheel":14,"FossilizedHelix":23,"Meat on the Bone":5},{"Regal Pillow":77,"Astrolabe":82,"Mango":59,"Pen Nib":26,"Omamori":59,"Orichalcum":27,"Burning Blood":0,"Akabeko":26,"Blood Vial":56,"Dream Catcher":33,"Nunchaku":154,"Snecko Eye":43,"Toolbox":56,"Prayer Wheel":56,"FossilizedHelix":112,"Meat on the Bone":22}],"Meat on the Bone":72},"card_choices":[{"not_picked":["Sword Boomerang","Wild Strike"],"picked":"Whirlwind","floor":1.0},{"not_picked":["Sentinel","Searing Blow","Cleave"],"picked":"SKIP","floor":3},{"not_picked":["Body Slam","Clothesline"],"picked":"Flame Barrier","floor":4},{"not_picked":["Body Slam","Rampage"],"picked":"Carnage","floor":5},{"not_picked":["Anger","Pommel Strike"],"picked":"Second Wind","floor":6},{"not_picked":["Perfected Strike","Exhume"],"picked":"Demon Form","floor":8},{"not_picked":["Sentinel","Thunderclap"],"picked":"Disarm","floor":11},{"not_picked":["Anger","Body Slam","Perfected Strike"],"picked":"SKIP","floor":13},{"not_picked":["Entrench","Bloodletting"],"picked":"Shrug It Off","floor":14},{"not_picked":["Juggernaut","Demon Form"],"picked":"Fiend Fire","floor":16},{"not_picked":["Armaments","Headbutt"],"picked":"Disarm","floor":18},{"not_picked":["Second Wind","True Grit"],"picked":"Evolve","floor":19},{"not_picked":["Wild Strike","Havoc"],"picked":"Heavy Blade+1","floor":21},{"not_picked":["Thunderclap","Anger","Blood for Blood"],"picked":"SKIP","floor":24},{"not_picked":["Thunderclap","Anger","Blood for Blood"],"picked":"SKIP","floor":24},{"not_picked":["Rage","Dropkick"],"picked":"Disarm","floor":27},{"not_picked":["Intimidate+1","Infernal Blade"],"picked":"Dual Wield","floor":29},{"not_picked":["Twin Strike","Inflame","Warcry"],"picked":"SKIP","floor":29},{"not_picked":["Rampage+1","Cleave","Burning Pact"],"picked":"SKIP","floor":30},{"not_picked":["Burning Pact","True Grit","Flex"],"picked":"SKIP","floor":30},{"not_picked":["Rampage+1","Cleave"],"picked":"Burning Pact","floor":30},{"not_picked":["Burning Pact","True Grit","Flex"],"picked":"SKIP","floor":30},{"not_picked":["Anger","Limit Break","Metallicize"],"picked":"SKIP","floor":31},{"not_picked":["Double Tap","Feed"],"picked":"Reaper","floor":33},{"not_picked":["Dropkick+1","Pommel Strike"],"picked":"Armaments+1","floor":35},{"not_picked":["Shrug It Off","Flame Barrier","Pommel Strike"],"picked":"SKIP","floor":35},{"not_picked":["Havoc+1","Sword Boomerang","Anger"],"picked":"SKIP","floor":37},{"not_picked":["Blood for Blood","Cleave","Flex"],"picked":"SKIP","floor":37},{"not_picked":["Second Wind","Flex+1"],"picked":"Clothesline+1","floor":39},{"not_picked":["Cleave","Shrug It Off","Dual Wield"],"picked":"SKIP","floor":39},{"not_picked":["Cleave+1","Evolve"],"picked":"Power Through+1","floor":40},{"not_picked":["Disarm","Pummel+1"],"picked":"Limit Break","floor":41},{"not_picked":["Heavy Blade","Havoc+1"],"picked":"Burning Pact","floor":41},{"not_picked":["Perfected Strike","Iron Wave+1","True Grit"],"picked":"SKIP","floor":44},{"not_picked":["Intimidate+1","Headbutt","Wild Strike+1"],"picked":"SKIP","floor":44},{"not_picked":["Entrench","Sword Boomerang+1"],"picked":"Feel No Pain","floor":45},{"not_picked":["Clothesline+1","Flex"],"picked":"Power Through","floor":45},{"not_picked":["Sentinel","Havoc+1"],"picked":"Dark Embrace+1","floor":46},{"not_picked":["Shrug It Off","Warcry","Entrench"],"picked":"SKIP","floor":46},{"not_picked":["Warcry","Cleave","Pommel Strike"],"picked":"SKIP","floor":48}],"player_experience":2675898,"relics_obtained":[{"floor":6,"key":"Meat on the Bone"},{"floor":8,"key":"Pen Nib"},{"floor":9,"key":"Akabeko"},{"floor":11,"key":"Orichalcum"},{"floor":14,"key":"Dream Catcher"},{"floor":24,"key":"Blood Vial"},{"floor":26,"key":"Prayer Wheel"},{"floor":27,"key":"Omamori"},{"floor":31,"key":"Regal Pillow"},{"floor":40,"key":"FossilizedHelix"},{"floor":48,"key":"Nunchaku"}],"event_choices":[{"damage_healed":0,"gold_gain":0,"player_choice":"Donut","damage_taken":0,"max_hp_gain":5,"max_hp_loss":0,"event_name":"Big Fish","floor":7,"gold_loss":0},{"damage_healed":0,"gold_gain":50,"player_choice":"Stole From Cult","damage_taken":0,"max_hp_gain":0,"max_hp_loss":0,"event_name":"Nest","floor":20,"gold_loss":0},{"damage_healed":0,"gold_gain":0,"player_choice":"Shed Blood","damage_taken":28,"max_hp_gain":5,"max_hp_loss":0,"event_name":"Forgotten Altar","floor":22,"gold_loss":0},{"damage_healed":0,"gold_gain":0,"player_choice":"Stole Relic","damage_taken":0,"relics_obtained":["Mango"],"max_hp_gain":0,"max_hp_loss":0,"event_name":"Addict","floor":28,"gold_loss":0,"cards_obtained":["Shame"]},{"damage_healed":0,"gold_gain":0,"player_choice":"Ignored","damage_taken":0,"max_hp_gain":0,"max_hp_loss":0,"event_name":"SecretPortal","floor":36,"gold_loss":0}],"is_beta":false,"boss_relics":[{"not_picked":["Empty Cage","Ectoplasm"],"picked":"Snecko Eye"},{"not_picked":["Tiny House","Runic Cube"],"picked":"Astrolabe"}],"items_purged_floors":[12,25,38],"is_endless":false,"potions_floor_spawned":[4,5,13,16,21,24,31,33,35,39,44,45,48],"killed_by":"Shield and Spear","ascension_level":20}}