{"host":"lxihx0b6awoz2w1j","time":1610146644,"event":{"mods":["Act Like it!","Aspiration","BaseMod","Better Third Choice","CapriCore","Colored Powertips","Downfall","Gensokyo","Hermit","HololiveMod","Hubris","Infinite Spire","JesterMod","Luminous","Marisa????????","Melee Mod","Minty Spire (QoL Compilation)","Prisma Mod","Quick Restart","Relic Stats","Replay The Spire","Shade Mod","Spicy Shops","StSLib","The Alterego","The Blue Laboratory","The Cursed","The Disciple","The Forsaken","The Immortal","The Jungle","The Marked","The Runesmith","The Senshi","The Servant 0.9.4","Waifu the Spire"],"gold_per_floor":[119,129,149,149,149,184,194,194,194,194,212,212,237,256,256,361,361,301,301,301,301,169,169,169,169,169,169,169,169,169,169,169,169,169,169,169,169,169,169,169,169,169,169,169,169],"floor_reached":44,"playtime":1967,"items_purged":[],"score":495,"play_id":"4e6f0e86-e4a7-4bf2-8377-a903250823fe","local_time":"20210108235724","is_ascension_mode":false,"campfire_choices":[{"floor":8.0,"key":"REST"},{"data":"Blade Dance","floor":10.0,"key":"SMITH"},{"data":"Survivor","floor":15.0,"key":"SMITH"},{"floor":28.0,"key":"REST"},{"floor":32.0,"key":"REST"},{"data":"Envenom","floor":40.0,"key":"SMITH"},{"floor":42.0,"key":"REST"}],"circlet_count":0,"master_deck":["Strike_G","Strike_G","Strike_G","Strike_G+1","Defend_G","Defend_G","Defend_G","Defend_G","Defend_G","Survivor+1","Neutralize+1","Blade Dance+1","Leg Sweep","Acrobatics","Dagger Spray","Backflip","Hidden Blade","Phantasmal Killer+1","ReplayTheSpireMod:Speed Training","Burst","Atom Bomb","Cloak And Dagger","Noxious Fumes","Quick Slash","ReplayTheSpireMod:Scrap Shanks","Riddle With Holes+1","Distraction","Escape Plan+1","Flying Knee+1","Poisoned Stab","infinitespire:NeuralNetwork","Envenom+1","Dodge and Roll+1","Bane+1"],"relics":["Hololive_TheStar","aspiration:Nostalgia","Burning Blood","infinitespire:Cubic Diamond","Incense Burner","Pantograph","theForsaken:Lifeblossom","Ectoplasm","Ring of Chaos","Kunai","Blue Candle","Mercury Hourglass","theForsaken:PaleLantern","Whetstone","hubris:Towel","aspiration:SeaSaltIceCream","theMarked:ArtifactOfAir","Replay:Kaleidoscope"],"acts_visited":["Exordium","TheCity","TheBeyond"],"potions_floor_usage":[],"damage_taken":[{"damage":3.0,"enemies":"Jaw Worm","floor":1.0,"turns":5.0},{"damage":0.0,"enemies":"2 Louse","floor":2.0,"turns":3.0},{"damage":4.0,"enemies":"Small Slimes","floor":3.0,"turns":4.0},{"damage":37.0,"enemies":"Gremlin Nob","floor":6.0,"turns":6.0},{"damage":2.0,"enemies":"2 Fungi Beasts","floor":7.0,"turns":3.0},{"damage":5.0,"enemies":"Red Slaver","floor":11.0,"turns":3.0},{"damage":5.0,"enemies":"Lagavulin","floor":13.0,"turns":7.0},{"damage":0.0,"enemies":"Looter","floor":14.0,"turns":4.0},{"damage":58.0,"enemies":"The Guardian","floor":16.0,"turns":15.0},{"damage":12.0,"enemies":"2 Thieves","floor":18.0,"turns":4.0},{"damage":0.0,"enemies":"Spheric Guardian","floor":20.0,"turns":3.0},{"damage":5.0,"enemies":"Centurion and Healer","floor":21.0,"turns":9.0},{"damage":23.0,"enemies":"Gremlin Leader","floor":23.0,"turns":6.0},{"damage":12.0,"enemies":"Snecko","floor":24.0,"turns":4.0},{"damage":16.0,"enemies":"Shelled Parasite and Fungi","floor":25.0,"turns":3.0},{"damage":19.0,"enemies":"Centurion and Healer","floor":27.0,"turns":6.0},{"damage":15.0,"enemies":"Snecko","floor":29.0,"turns":3.0},{"damage":40.0,"enemies":"Automaton","floor":33.0,"turns":9.0},{"damage":9.0,"enemies":"3 Shapes","floor":35.0,"turns":3.0},{"damage":11.0,"enemies":"Orb Walker","floor":37.0,"turns":4.0},{"damage":38.0,"enemies":"Giant Head","floor":41.0,"turns":9.0},{"damage":0,"enemies":"Reptomancer","floor":44,"turns":1}],"seed_played":"941335349090027484","potions_obtained":[{"floor":3.0,"key":"Milkshake"},{"floor":14.0,"key":"blueLaboratory:Moonshine"},{"floor":16.0,"key":"blueLaboratory:NullPotion"},{"floor":18.0,"key":"blueLaboratory:FruitPunch"},{"floor":24.0,"key":"LiquidBronze"}],"is_trial":false,"path_per_floor":["M","M","M","?","?","E","M","R","T","R","M","?","E","M","R","B",null,"M","AVR","M","M","$","E","M","M","T","M","R","M","?","?","R","B",null,"M","AVR","M","?","?","R","E","R","T","E"],"character_chosen":"THE_SILENT","items_purchased":["ReplayTheSpireMod:Scrap Shanks","Riddle With Holes+1"],"campfire_rested":4,"item_purchase_floors":[22,22],"current_hp_per_floor":[70,70,70,70,70,39,43,64,64,64,65,65,66,70,70,19,70,65,65,70,70,70,56,56,51,51,44,65,62,62,44,65,38,72,71,71,70,70,68,68,36,56,56,56,56],"gold":169,"neow_bonus":"NOSTALGIA","is_daily":false,"chose_seed":false,"campfire_upgraded":3,"win_rate":0.0,"timestamp":1610146644,"path_taken":["M","M","M","?","?","E","M","R","T","R","M","?","E","M","R","BOSS","M","AVR","M","M","$","E","M","M","T","M","R","M","?","?","R","BOSS","M","AVR","M","?","?","R","E","R","T","E"],"items_purchased_type":["Card","Card"],"build_version":"2020-12-22","purchased_purges":0,"victory":false,"max_hp_per_floor":[70,70,70,70,70,70,70,70,70,70,70,70,70,70,70,70,70,70,70,70,70,70,72,72,72,72,72,72,72,72,72,72,72,72,72,72,72,72,68,68,68,68,68,68,68],"relic_stats":{"counters":[22,114],"Pantograph":7,"Blue Candle":[0],"Ectoplasm":416,"Kunai":[22],"Whetstone":["Strike_G","Flying Knee"],"obtain_stats":[{"aspiration:Nostalgia":0,"Blue Candle":26,"theForsaken:Lifeblossom":13,"infinitespire:Cubic Diamond":5,"Ring of Chaos":19,"theForsaken:PaleLantern":34,"Incense Burner":6,"Whetstone":36,"aspiration:SeaSaltIceCream":41,"Replay:Kaleidoscope":43,"hubris:Towel":38,"Burning Blood":0,"Mercury Hourglass":30,"theMarked:ArtifactOfAir":41,"Pantograph":9,"Hololive_TheStar":5,"Ectoplasm":17,"Kunai":23,"Ring of the Snake":0},{"aspiration:Nostalgia":0,"Blue Candle":15,"theForsaken:Lifeblossom":7,"infinitespire:Cubic Diamond":3,"Ring of Chaos":10,"theForsaken:PaleLantern":18,"Incense Burner":4,"Whetstone":19,"aspiration:SeaSaltIceCream":21,"Replay:Kaleidoscope":21,"hubris:Towel":20,"Burning Blood":0,"Mercury Hourglass":17,"theMarked:ArtifactOfAir":21,"Pantograph":5,"Hololive_TheStar":3,"Ectoplasm":9,"Kunai":13,"Ring of the Snake":0},{"aspiration:Nostalgia":0,"Blue Candle":79,"theForsaken:Lifeblossom":31,"infinitespire:Cubic Diamond":12,"Ring of Chaos":54,"theForsaken:PaleLantern":97,"Incense Burner":18,"Whetstone":100,"aspiration:SeaSaltIceCream":113,"Replay:Kaleidoscope":113,"hubris:Towel":104,"Burning Blood":0,"Mercury Hourglass":88,"theMarked:ArtifactOfAir":113,"Pantograph":21,"Hololive_TheStar":12,"Ectoplasm":50,"Kunai":72,"Ring of the Snake":0}],"Burning Blood":99,"Mercury Hourglass":[108]},"card_choices":[{"not_picked":["Finisher","Predator"],"picked":"Blade Dance","floor":1.0},{"not_picked":["Acrobatics","Distraction"],"picked":"Leg Sweep","floor":2.0},{"not_picked":["Skewer","Deadly Poison"],"picked":"Acrobatics","floor":3.0},{"not_picked":["hubris:Counter","Finisher","Doppelganger"],"picked":"Dagger Spray","floor":6.0},{"not_picked":["ReplayTheSpireMod:Exploit Weakness","Slice","PiercingWail"],"picked":"Backflip","floor":7.0},{"not_picked":["Dagger Spray","Dodge and Roll","Dagger Throw"],"picked":"Hidden Blade","floor":11.0},{"not_picked":["Quick Slash","Slice","Bane"],"picked":"ReplayTheSpireMod:Speed Training","floor":13.0},{"not_picked":["Dagger Spray","Dagger Throw","Deflect"],"picked":"Burst","floor":14.0},{"not_picked":["Adrenaline","ReplayTheSpireMod:Necrosis","Venomology"],"picked":"Atom Bomb","floor":16.0},{"not_picked":["Backflip","Riddle With Holes","Concentrate+1"],"picked":"Cloak And Dagger","floor":18.0},{"not_picked":["Dagger Throw","Predator","Deadly Poison+1"],"picked":"Noxious Fumes","floor":20.0},{"not_picked":["Bouncing Flask","Underhanded Strike","hubris:SlightOfHand"],"picked":"Quick Slash","floor":21.0},{"not_picked":["Catalyst+1","Malaise","Hidden Blade","hubris:SlightOfHand+1"],"picked":"SKIP","floor":23.0},{"not_picked":["Sucker Punch","Dagger Spray","Heel Hook"],"picked":"Distraction","floor":24.0},{"not_picked":["hubris:TrickCloak","Prepared","Acrobatics"],"picked":"Escape Plan+1","floor":25.0},{"not_picked":["Concentrate","Blade Dance","Cloak And Dagger+1"],"picked":"Flying Knee","floor":27.0},{"not_picked":["Endless Agony","Bane","Deadly Poison+1"],"picked":"Poisoned Stab","floor":29.0},{"not_picked":["infinitespire:TheBestDefense","ReplayTheSpireMod:Book of Names"],"picked":"infinitespire:NeuralNetwork","floor":31.0},{"not_picked":["Venomology","Bullet Time","Storm of Steel"],"picked":"Envenom","floor":33.0},{"not_picked":["Deadly Poison","Distraction","Escape Plan"],"picked":"Dodge and Roll+1","floor":35.0},{"not_picked":["Outmaneuver","Hidden Blade","Poisoned Stab","Backflip+1"],"picked":"SKIP","floor":37.0},{"not_picked":["Dagger Throw","ReplayTheSpireMod:Speed Training+1","Quick Slash+1"],"picked":"Bane+1","floor":41.0}],"player_experience":546914,"relics_obtained":[{"floor":6.0,"key":"Incense Burner"},{"floor":9.0,"key":"Pantograph"},{"floor":13.0,"key":"theForsaken:Lifeblossom"},{"floor":23.0,"key":"Kunai"},{"floor":26.0,"key":"Blue Candle"},{"floor":41.0,"key":"aspiration:SeaSaltIceCream"},{"floor":43.0,"key":"Replay:Kaleidoscope"}],"event_choices":[{"damage_healed":0.0,"max_hp_gain":0.0,"max_hp_loss":4.0,"gold_gain":0.0,"event_name":"Winding Halls","player_choice":"Max HP","floor":39.0,"gold_loss":0.0,"damage_taken":0.0}],"is_beta":false,"boss_relics":[{"not_picked":["hubris:BlackHole","Astrolabe"],"picked":"Ectoplasm"},{"not_picked":["Runic Pyramid","Runic Dome"],"picked":"theForsaken:PaleLantern"}],"items_purged_floors":[],"is_endless":false,"potions_floor_spawned":[3,14,16,18,21,24,37],"killed_by":"Reptomancer","ascension_level":0}}