{"host":"xs2umar4czbsv0xl","time":1610085541,"event":{"mods":["AchievementEnabler","Act Like it!","BaseMod","Gensokyo","Marisa????????","Minty Spire (QoL Compilation)","Reimu??????","Remilia??????","Replay The Spire","StSLib","The Hierophant","The Wild Card"],"gold_per_floor":[109,109,8,8,8,38,57,88,88,88,88,104,104,115,115,213,213,225,300,42,59,74,74,108,108,134,147,160,176,187,167,167,167,167],"floor_reached":33,"playtime":8256,"items_purged":["Regret"],"score":327,"play_id":"b426c181-94c8-49c4-9a58-3ce51e682eec","local_time":"20210107235901","is_ascension_mode":false,"campfire_choices":[{"floor":10,"key":"RECALL"},{"data":"Cloak And Dagger","floor":13,"key":"SMITH"},{"data":"Phantasmal Killer","floor":13,"key":"SMITH"},{"data":"Finisher","floor":15,"key":"SMITH"},{"data":"Neutralize","floor":15,"key":"SMITH"},{"data":"Hidden Blade","floor":23,"key":"SMITH"},{"data":"Dagger Spray","floor":23,"key":"SMITH"},{"data":"Bullet Time","floor":25,"key":"SMITH"},{"data":"Quick Slash","floor":25,"key":"SMITH"},{"floor":32,"key":"REST"}],"circlet_count":0,"master_deck":["Strike_G","Strike_G","Strike_G","Strike_G","Defend_G","Defend_G","Defend_G","Defend_G","Defend_G","Neutralize+1","Phantasmal Killer+1","Flechettes","Quick Slash+1","theWildCard:Scathach","Cloak And Dagger+1","Finisher+1","Outmaneuver","m_Survivalism","Dagger Spray","Well Laid Plans","Unload","Dagger Spray+1","Dagger Spray+1","Hidden Blade+1","Bullet Time+1","Backflip","Dagger Throw","Escape Plan","Dagger Spray+1"],"relics":["Ring of the Snake","Replay:Arrowhead","Strawberry","Bottled Flame","CaptainsWheel","Ring of Chaos","Ninja Scroll","Blue Doll","Tiny Chest"],"acts_visited":["Exordium","TheCity"],"potions_floor_usage":[8,8,24,24,24,33,33,33],"damage_taken":[{"damage":1,"enemies":"Jaw Worm","floor":1,"turns":7},{"damage":10,"enemies":"3 Sentries","floor":6,"turns":8},{"damage":0,"enemies":"2 Louse","floor":7,"turns":3},{"damage":0,"enemies":"Gremlin Nob","floor":8,"turns":2},{"damage":2,"enemies":"Small Slimes","floor":12,"turns":5},{"damage":0,"enemies":"3 Louse","floor":14,"turns":2},{"damage":19,"enemies":"The Guardian","floor":16,"turns":8},{"damage":8,"enemies":"Shell Parasite","floor":18,"turns":3},{"damage":0,"enemies":"Spheric Guardian","floor":21,"turns":1},{"damage":14,"enemies":"Snake Plant","floor":22,"turns":3},{"damage":7,"enemies":"Slavers","floor":24,"turns":4},{"damage":1,"enemies":"Sentry and Sphere","floor":27,"turns":3},{"damage":4,"enemies":"Shelled Parasite and Fungi","floor":28,"turns":3},{"damage":0,"enemies":"Chosen and Byrds","floor":29,"turns":2},{"damage":0,"enemies":"Centurion and Healer","floor":30,"turns":3},{"damage":72,"enemies":"Automaton","floor":33,"turns":10}],"seed_played":"6842791654040943386","potions_obtained":[{"floor":1,"key":"Poison Potion"},{"floor":6,"key":"Poison Potion"},{"floor":8,"key":"FearPotion"},{"floor":14,"key":"SpeedPotion"},{"floor":21,"key":"SkillPotion"},{"floor":24,"key":"LiquidMemories"},{"floor":28,"key":"EssenceOfSteel"},{"floor":31,"key":"Adrenaline Potion"}],"is_trial":false,"path_per_floor":["M","?","$","?","?","E","M","E","T","R","?","M","R","M","R","B",null,"M","?","$","M","M","R","E","R","T","M","M","M","M","?","R","B"],"character_chosen":"THE_SILENT","items_purchased":["Quick Slash","Ninja Scroll"],"campfire_rested":1,"item_purchase_floors":[3,20],"current_hp_per_floor":[69,69,69,62,62,59,59,59,59,59,59,57,57,57,57,38,77,69,62,62,62,48,48,41,41,41,40,36,36,36,36,59,0,0],"gold":167,"neow_bonus":"ONE_RANDOM_RARE_CARD","is_daily":false,"chose_seed":false,"campfire_upgraded":8,"win_rate":0.0,"timestamp":1610085541,"path_taken":["M","?","$","?","?","E","?","E","T","R","?","M","R","M","R","BOSS","M","?","$","M","M","R","E","R","T","?","M","M","M","?","R","BOSS"],"items_purchased_type":["Card","Relic"],"build_version":"2020-12-22","purchased_purges":1,"victory":false,"max_hp_per_floor":[70,70,70,70,70,77,77,77,77,77,77,77,77,77,77,77,77,77,77,77,77,77,77,77,77,77,77,77,77,77,77,77,77,77],"card_choices":[{"not_picked":["Sneak Up","Dagger Throw"],"picked":"Flechettes","floor":1},{"not_picked":["Masterful Stab","Deadly Poison"],"picked":"Cloak And Dagger","floor":6},{"not_picked":["Tactician","Bane"],"picked":"Finisher","floor":7},{"not_picked":["Replay:Poison Smokescreen","Prepared"],"picked":"Outmaneuver","floor":8},{"not_picked":["Eviscerate","ReplayTheSpireMod:Necrosis"],"picked":"Dagger Spray","floor":12},{"not_picked":["Dagger Spray","Noxious Fumes"],"picked":"Well Laid Plans","floor":14},{"not_picked":["Venomology","Die Die Die"],"picked":"Unload","floor":16},{"not_picked":["Masterful Stab","Dodge and Roll"],"picked":"Dagger Spray","floor":18},{"not_picked":["Dodge and Roll","ReplayTheSpireMod:Tripwire"],"picked":"Dagger Spray+1","floor":21},{"not_picked":["Deflect","Replay:Poison Smokescreen"],"picked":"Hidden Blade","floor":22},{"not_picked":["Underhanded Strike","Footwork"],"picked":"Bullet Time","floor":24},{"not_picked":["Poisoned Stab","Toxin Wave"],"picked":"Backflip","floor":27},{"not_picked":["Prepared","Draining Mist"],"picked":"Dagger Throw","floor":28},{"not_picked":["Backflip","Deadly Poison+1"],"picked":"Escape Plan","floor":29},{"not_picked":["Riddle With Holes","Prepared"],"picked":"Dagger Spray+1","floor":30}],"player_experience":149102,"relics_obtained":[{"floor":6,"key":"Strawberry"},{"floor":8,"key":"Bottled Flame"},{"floor":9,"key":"CaptainsWheel"},{"floor":24,"key":"Blue Doll"},{"floor":26,"key":"Tiny Chest"}],"event_choices":[{"damage_healed":0,"gold_gain":0,"player_choice":"Box","damage_taken":0,"relics_obtained":["Replay:Arrowhead"],"max_hp_gain":0,"max_hp_loss":0,"event_name":"Big Fish","floor":2,"gold_loss":0,"cards_obtained":["Regret"]},{"cards_removed":["Strike_G"],"damage_healed":0,"gold_gain":0,"player_choice":"Card Removal","damage_taken":7,"max_hp_gain":0,"max_hp_loss":0,"event_name":"Golden Wing","floor":4,"gold_loss":0},{"damage_healed":0,"gold_gain":75,"player_choice":"Touch","damage_taken":7,"max_hp_gain":0,"max_hp_loss":0,"event_name":"FaceTrader","floor":19,"gold_loss":0},{"damage_healed":0,"gold_gain":0,"player_choice":"Bought 1 Potion","damage_taken":0,"max_hp_gain":0,"max_hp_loss":0,"event_name":"The Woman in Blue","floor":31,"gold_loss":0}],"is_beta":false,"boss_relics":[{"not_picked":["Kintsugi","Cursed Key"],"picked":"Ring of Chaos"}],"items_purged_floors":[3],"is_endless":false,"potions_floor_spawned":[1,6,8,14,21,24,28],"killed_by":"Automaton","ascension_level":0}}