{"host":"91blwi3hgehj6ch9","time":1610086147,"event":{"mods":["2.2 Compatiblity","AchievementEnabler","BaseMod","Colored Map","DeckTracker","Keyboard Shortcuts","Minty Spire (QoL Compilation)","Permanent Neow","Quick Restart","StSLib","SuperFastMode"],"gold_per_floor":[111,36,56,156,173,173,173,173,200,213,213,213,226,246,246,246,246],"floor_reached":16,"playtime":249,"items_purged":["Defend_P"],"score":143,"play_id":"724ceead-9d5d-485d-aead-7f033fe6d786","local_time":"20210108150907","is_ascension_mode":true,"campfire_choices":[{"data":"Eruption","floor":6.0,"key":"SMITH"},{"data":"EmptyFist","floor":8.0,"key":"SMITH"},{"floor":15.0,"key":"REST"}],"circlet_count":0,"master_deck":["AscendersBane","Strike_P","Strike_P","Strike_P","Defend_P","Defend_P","Eruption+1","Vigilance","Sanctity","Prostrate+1","EmptyFist+1","Consecrate","Halt","Prostrate"],"relics":["PureWater","Bag of Marbles","Golden Idol"],"acts_visited":["Exordium"],"potions_floor_usage":[],"damage_taken":[{"damage":0.0,"enemies":"Jaw Worm","floor":1.0,"turns":3.0},{"damage":21.0,"enemies":"Cultist","floor":3.0,"turns":6.0},{"damage":16.0,"enemies":"Small Slimes","floor":5.0,"turns":3.0},{"damage":2.0,"enemies":"Gremlin Gang","floor":10.0,"turns":2.0},{"damage":0.0,"enemies":"Blue Slaver","floor":13.0,"turns":2.0},{"damage":0.0,"enemies":"2 Fungi Beasts","floor":14.0,"turns":2.0},{"damage":39,"enemies":"Hexaghost","floor":16,"turns":2}],"seed_played":"1572230146846389638","potions_obtained":[{"floor":1.0,"key":"Fire Potion"},{"floor":3.0,"key":"SteroidPotion"}],"is_trial":false,"path_per_floor":["M","$","M","?","M","R","?","R","T","M","?","?","M","M","R","B"],"character_chosen":"WATCHER","items_purchased":[],"campfire_rested":1,"item_purchase_floors":[],"current_hp_per_floor":[65,65,44,44,28,28,28,28,28,26,26,19,19,19,39,0,0],"gold":246,"neow_bonus":"TRANSFORM_CARD","is_daily":false,"chose_seed":false,"campfire_upgraded":2,"win_rate":0.0,"timestamp":1610086147,"path_taken":["M","$","M","?","?","R","?","R","T","?","?","?","M","M","R","BOSS"],"items_purchased_type":[],"build_version":"2020-12-22","purchased_purges":1,"victory":false,"max_hp_per_floor":[72,72,72,72,72,72,72,72,72,72,67,67,67,67,67,67,67],"card_choices":[{"not_picked":["Sanctity","CarveReality"],"picked":"Prostrate","floor":1.0},{"not_picked":["Weave","FlurryOfBlows"],"picked":"EmptyFist","floor":3.0},{"not_picked":["BowlingBash","JustLucky"],"picked":"Consecrate","floor":5.0},{"not_picked":["TalkToTheHand","SignatureMove","ThirdEye"],"picked":"SKIP","floor":10.0},{"not_picked":["EmptyFist","Consecrate"],"picked":"Halt","floor":13.0},{"not_picked":["ConjureBlade","EmptyFist"],"picked":"Prostrate","floor":14.0}],"player_experience":138127,"relics_obtained":[{"floor":9.0,"key":"Bag of Marbles"}],"event_choices":[{"damage_healed":0.0,"max_hp_gain":0.0,"max_hp_loss":0.0,"gold_gain":100.0,"event_name":"Golden Shrine","player_choice":"Pray","floor":4.0,"gold_loss":0.0,"damage_taken":0.0},{"damage_healed":0.0,"max_hp_gain":0.0,"max_hp_loss":0.0,"gold_gain":0.0,"event_name":"Accursed Blacksmith","player_choice":"Forge","floor":7.0,"gold_loss":0.0,"damage_taken":0.0,"cards_upgraded":["Prostrate"]},{"damage_healed":0.0,"max_hp_gain":0.0,"max_hp_loss":5.0,"gold_gain":0.0,"event_name":"Golden Idol","player_choice":"Lose Max HP","floor":11.0,"gold_loss":0.0,"damage_taken":0.0,"relics_obtained":["Golden Idol"]},{"cards_removed":["Strike_P"],"damage_healed":0.0,"max_hp_gain":0.0,"max_hp_loss":0.0,"gold_gain":0.0,"event_name":"Golden Wing","player_choice":"Card Removal","floor":12.0,"gold_loss":0.0,"damage_taken":7.0}],"is_beta":false,"boss_relics":[],"items_purged_floors":[2],"is_endless":false,"potions_floor_spawned":[1,3],"killed_by":"Hexaghost","ascension_level":11}}