{"host":"w5ovz9boloi14a0g","time":1610077198,"event":{"mods":["BaseMod","Downfall","Googly Eyes","Minty Spire (QoL Compilation)","StSLib","SuperFastMode"],"gold_per_floor":[99,109,128,128,143,154,181,200,200,217,281,281,301,57,69,69,69,69],"floor_reached":16,"playtime":781,"items_purged":[],"score":96,"play_id":"8198c4f5-1abf-48a7-9f1b-ffc4a0f29271","local_time":"20210107213958","is_ascension_mode":false,"campfire_choices":[{"data":"Slimebound:CorrosiveSpit","floor":1,"key":"SMITH"},{"data":"Slimebound:DouseInSlime","floor":12,"key":"SMITH"}],"circlet_count":0,"master_deck":["Slimebound:Strike_Slimebound","Slimebound:Strike_Slimebound","Slimebound:Strike_Slimebound","Slimebound:Tackle","Slimebound:Defend_Slimebound","Slimebound:Defend_Slimebound","Slimebound:Defend_Slimebound","Slimebound:Defend_Slimebound","Slimebound:Split+1","Slimebound:CorrosiveSpit+1","Slimebound:SlimeSpikes","Slimebound:LeechEnergy","Slimebound:GoopSpray","Slimebound:ViciousTackle","Slimebound:DouseInSlime+1","Slimebound:FinishingTackle","Slimebound:Equalize"],"relics":["Slimebound:AbsorbEndCombat","Centennial Puzzle","Omamori","Pen Nib"],"acts_visited":["Exordium"],"potions_floor_usage":[],"damage_taken":[{"damage":7,"enemies":"2 Louse","floor":2,"turns":2},{"damage":4,"enemies":"Cultist","floor":3,"turns":4},{"damage":8,"enemies":"Small Slimes","floor":5,"turns":3},{"damage":10,"enemies":"Blue Slaver","floor":6,"turns":3},{"damage":8,"enemies":"2 Fungi Beasts","floor":8,"turns":3},{"damage":8,"enemies":"3 Louse","floor":10,"turns":3},{"damage":32,"enemies":"3 Sentries","floor":11,"turns":8},{"damage":15,"enemies":"Large Slime","floor":13,"turns":4},{"damage":16,"enemies":"downfall:FleeingMerchant","floor":14,"turns":4},{"damage":22,"enemies":"Lots of Slimes","floor":15,"turns":4},{"damage":57,"enemies":"downfall:Watcher","floor":16,"turns":8}],"seed_played":"-4144194490656882813","potions_obtained":[{"floor":2,"key":"EntropicBrew"},{"floor":5,"key":"Fire Potion"},{"floor":6,"key":"Weak Potion"}],"is_trial":false,"path_per_floor":["R","M","M","?","M","M","T","M","?","M","?","R","M","$","M","B"],"character_chosen":"SLIMEBOUND","items_purchased":["Slimebound:Equalize","Pen Nib"],"campfire_rested":0,"item_purchase_floors":[14,14],"current_hp_per_floor":[66,63,66,66,66,66,66,66,71,71,49,49,50,50,40,0,0,0],"gold":69,"neow_bonus":"TEN_PERCENT_HP_BONUS","is_daily":false,"chose_seed":false,"campfire_upgraded":2,"win_rate":0.0,"timestamp":1610077198,"path_taken":["R","M","M","?","M","M","T","?","?","M","?","R","M","?","M","BOSS"],"items_purchased_type":["Card","Relic"],"build_version":"2020-12-22","purchased_purges":0,"victory":false,"max_hp_per_floor":[66,66,66,66,66,66,66,66,71,71,71,71,71,71,71,71,71,71],"card_choices":[{"not_picked":["Slimebound:DivideAndConquer","Slimebound:Equalize"],"picked":"Slimebound:SlimeSpikes","floor":2},{"not_picked":["Slimebound:Nibble","Slimebound:SplitMire"],"picked":"Slimebound:LeechEnergy","floor":3},{"not_picked":["Slimebound:SplitAcid","Slimebound:GrowthPunch"],"picked":"Slimebound:GoopSpray","floor":5},{"not_picked":["Slimebound:FormOfPuddle","Slimebound:ServeAndProtect","Slimebound:RollThrough"],"picked":"SKIP","floor":6},{"not_picked":["Slimebound:SplitMire","Slimebound:ServeAndProtect"],"picked":"Slimebound:ViciousTackle","floor":8},{"not_picked":["Slimebound:ServeAndProtect","Slimebound:SpikyOuterGoop"],"picked":"Slimebound:DouseInSlime","floor":10},{"not_picked":["Slimebound:FormOfPuddle","Slimebound:DivideAndConquer","Slimebound:LivingWall"],"picked":"SKIP","floor":13},{"not_picked":["Slimebound:FormOfPuddle","Slimebound:DivideAndConquer","Slimebound:LivingWall"],"picked":"SKIP","floor":13},{"not_picked":["Slimebound:ServeAndProtect","Slimebound:SplitLeeching"],"picked":"Slimebound:FinishingTackle","floor":14},{"not_picked":["Slimebound:Schlurp","Slimebound:ProtectTheBoss","Slimebound:Dissolve"],"picked":"SKIP","floor":15}],"player_experience":67027,"relics_obtained":[{"floor":7,"key":"Centennial Puzzle"},{"floor":11,"key":"Omamori"}],"event_choices":[{"damage_healed":0,"gold_gain":0,"player_choice":"Upgraded","damage_taken":0,"max_hp_gain":0,"max_hp_loss":0,"event_name":"Upgrade Shrine","floor":4,"gold_loss":0,"cards_upgraded":["Slimebound:Split"]},{"damage_healed":0,"gold_gain":0,"player_choice":"Donut","damage_taken":0,"max_hp_gain":5,"max_hp_loss":0,"event_name":"Big Fish","floor":9,"gold_loss":0}],"is_beta":false,"boss_relics":[],"items_purged_floors":[],"is_endless":false,"potions_floor_spawned":[2,5,6,15],"killed_by":"downfall:Watcher","ascension_level":0}}