{"host":"TheHustler","time":1610117663,"event":{"mods":["BaseMod","Block Reminder","Colored Map","Colored Powertips","Minty Spire (QoL Compilation)","Quick Restart","StSLib","SuperFastMode","Unceasing Turn Reminder"],"gold_per_floor":[144,189,234,45,45,45,90,135,160,319,364,364,454,499,499,799,799,844,889,934,984,1029,1119,1119,1164,1189,1189,1243,1288,595,904,904,1213,1213,1276,1330,667,817,871,871,961,961,961,1015,1078,1078,1123,1168,1168,1168],"floor_reached":51,"playtime":1759,"items_purged":["Twin Strike","Body Slam"],"score":782,"play_id":"71156995-2f88-44a6-bd2c-f56d46e99b7e","local_time":"20210108155423","daily_mods":["Draft","Uncertain Future","Midas"],"is_ascension_mode":false,"campfire_choices":[{"floor":12.0,"key":"REST"},{"floor":15.0,"key":"REST"},{"floor":24,"key":"REST"},{"floor":27,"key":"REST"},{"floor":32,"key":"REST"},{"floor":40,"key":"REST"},{"floor":46,"key":"REST"},{"floor":49,"key":"REST"}],"circlet_count":0,"master_deck":["Iron Wave","Anger","Havoc","Flame Barrier","Disarm","Cleave","Battle Trance","Dual Wield","Wild Strike","Metallicize","Shrug It Off","True Grit","Warcry","Thunderclap","Ghostly Armor","Sadistic Nature+1","Pommel Strike","Intimidate","Metallicize","Metallicize","Immolate","Inflame+1","Clothesline","Shrug It Off","Entrench+1","Twin Strike+1","Pommel Strike+1","Dark Embrace","Iron Wave+1","Reaper+1","Body Slam+1","Intimidate","Demon Form","Apotheosis","Panacea","Uppercut+1","Parasite","Shrug It Off","Thunderclap+1"],"relics":["Burning Blood","Boot","Meat on the Bone","Gremlin Horn","Runic Cube","Molten Egg 2","CeramicFish","Vajra","Prayer Wheel","Torii","White Beast Statue","Philosopher\u0027s Stone","Oddly Smooth Stone","Regal Pillow","StoneCalendar","Turnip","Self Forming Clay"],"acts_visited":["Exordium","TheCity","TheBeyond"],"potions_floor_usage":[30,31,42,50,50,50],"damage_taken":[{"damage":2.0,"enemies":"2 Louse","floor":1.0,"turns":3.0},{"damage":0.0,"enemies":"Small Slimes","floor":2.0,"turns":5.0},{"damage":1.0,"enemies":"Jaw Worm","floor":3.0,"turns":3.0},{"damage":0.0,"enemies":"Gremlin Gang","floor":7.0,"turns":3.0},{"damage":2.0,"enemies":"2 Fungi Beasts","floor":8.0,"turns":3.0},{"damage":17.0,"enemies":"Lagavulin Event","floor":10.0,"turns":5.0},{"damage":9.0,"enemies":"3 Louse","floor":11.0,"turns":3.0},{"damage":10.0,"enemies":"Gremlin Nob","floor":13.0,"turns":5.0},{"damage":6.0,"enemies":"Blue Slaver","floor":14.0,"turns":3.0},{"damage":27.0,"enemies":"Hexaghost","floor":16.0,"turns":12.0},{"damage":23.0,"enemies":"Chosen","floor":18.0,"turns":7.0},{"damage":0.0,"enemies":"Shell Parasite","floor":19.0,"turns":6.0},{"damage":17,"enemies":"Sentry and Sphere","floor":20,"turns":6},{"damage":15,"enemies":"Shelled Parasite and Fungi","floor":22,"turns":6},{"damage":38,"enemies":"Book of Stabbing","floor":23,"turns":8},{"damage":9,"enemies":"Centurion and Healer","floor":25,"turns":8},{"damage":23,"enemies":"Snecko","floor":28,"turns":8},{"damage":21,"enemies":"Snake Plant","floor":29,"turns":5},{"damage":31,"enemies":"Colosseum Slavers","floor":31,"turns":4},{"damage":18,"enemies":"Colosseum Nobs","floor":31,"turns":5},{"damage":69,"enemies":"Collector","floor":33,"turns":14},{"damage":8,"enemies":"3 Darklings","floor":35,"turns":5},{"damage":0,"enemies":"3 Shapes","floor":36,"turns":2},{"damage":6,"enemies":"Mind Bloom Boss Battle","floor":38,"turns":9},{"damage":31,"enemies":"Transient","floor":39,"turns":5},{"damage":17,"enemies":"Giant Head","floor":41,"turns":8},{"damage":28,"enemies":"Writhing Mass","floor":44,"turns":5},{"damage":46,"enemies":"4 Shapes","floor":45,"turns":4},{"damage":54,"enemies":"Jaw Worm Horde","floor":47,"turns":7},{"damage":0,"enemies":"Maw","floor":48,"turns":8},{"damage":53,"enemies":"Awakened One","floor":50,"turns":13}],"seed_played":"-6062085814737979882","potions_obtained":[{"floor":1.0,"key":"Weak Potion"},{"floor":8.0,"key":"GamblersBrew"},{"floor":10.0,"key":"SteroidPotion"},{"floor":13.0,"key":"ColorlessPotion"},{"floor":16.0,"key":"AttackPotion"},{"floor":25,"key":"DistilledChaos"},{"floor":31,"key":"Ancient Potion"},{"floor":33,"key":"DistilledChaos"},{"floor":38,"key":"HeartOfIron"},{"floor":42,"key":"Fruit Juice"},{"floor":42,"key":"LiquidMemories"},{"floor":45,"key":"Dexterity Potion"},{"floor":48,"key":"HeartOfIron"}],"is_trial":false,"path_per_floor":["M","M","M","$","?","?","M","M","T","?","M","R","E","M","R","B",null,"M","M","M","?","M","E","R","M","T","R","M","M","$","?","R","B",null,"M","M","$","?","M","R","E","?","T","M","M","R","M","M","R","B",null],"character_chosen":"IRONCLAD","items_purchased":["Sadistic Nature","Vajra","Prayer Wheel","Fruit Juice","Dark Embrace","Oddly Smooth Stone","Regal Pillow","Apotheosis","Panacea"],"campfire_rested":8,"item_purchase_floors":[4,30,30,30,30,37,37,37,37],"current_hp_per_floor":[80,80,80,80,80,80,80,80,80,69,66,80,76,76,80,59,80,63,69,58,58,49,29,53,50,50,74,57,54,59,46,71,20,85,85,85,85,85,60,85,85,90,90,68,40,82,52,58,90,58],"gold":1168,"neow_bonus":"","is_daily":true,"chose_seed":false,"campfire_upgraded":0,"win_rate":0.0,"timestamp":1610117663,"path_taken":["M","M","M","$","?","?","M","M","T","?","M","R","E","M","R","BOSS","M","M","M","?","M","E","R","M","T","R","?","M","$","?","R","BOSS","M","M","$","?","M","R","E","?","T","M","M","R","?","M","R","BOSS"],"items_purchased_type":["Card","Relic","Relic","Potion","Card","Relic","Relic","Card","Card"],"build_version":"2020-12-18","purchased_purges":2,"victory":true,"max_hp_per_floor":[80,80,80,80,80,80,80,80,80,80,80,80,80,80,80,80,80,80,80,80,80,80,80,80,80,80,80,80,80,85,85,85,85,85,85,85,85,85,85,85,85,90,90,90,90,90,90,90,90,90],"card_choices":[{"not_picked":["Intimidate","Metallicize"],"picked":"Iron Wave","floor":0.0},{"not_picked":["Rampage","Sword Boomerang"],"picked":"Anger","floor":0.0},{"not_picked":["Clothesline","Wild Strike"],"picked":"Havoc","floor":0.0},{"not_picked":["Clash","Anger"],"picked":"Twin Strike","floor":0.0},{"not_picked":["Pommel Strike","Warcry"],"picked":"Flame Barrier","floor":0.0},{"not_picked":["Warcry","Flex"],"picked":"Disarm","floor":0.0},{"not_picked":["Fire Breathing","Armaments"],"picked":"Cleave","floor":0.0},{"not_picked":["Cleave","Rupture"],"picked":"Battle Trance","floor":0.0},{"not_picked":["Sword Boomerang","Sever Soul"],"picked":"Dual Wield","floor":0.0},{"not_picked":["Whirlwind","Combust"],"picked":"Wild Strike","floor":0.0},{"not_picked":["Flex","Reckless Charge"],"picked":"Metallicize","floor":0.0},{"not_picked":["Entrench","Battle Trance"],"picked":"Shrug It Off","floor":0.0},{"not_picked":["Reckless Charge","Seeing Red"],"picked":"True Grit","floor":0.0},{"not_picked":["Clash","Cleave"],"picked":"Warcry","floor":0.0},{"not_picked":["Disarm","Flex"],"picked":"Thunderclap","floor":0.0},{"not_picked":["Armaments","Perfected Strike","True Grit"],"picked":"SKIP","floor":1.0},{"not_picked":["Hemokinesis","Flex"],"picked":"Ghostly Armor","floor":2.0},{"not_picked":["Flame Barrier","Clothesline","Rupture"],"picked":"SKIP","floor":3.0},{"not_picked":["Wild Strike","Burning Pact"],"picked":"Pommel Strike","floor":7.0},{"not_picked":["Cleave","Bloodletting","Battle Trance"],"picked":"SKIP","floor":8.0},{"not_picked":["Perfected Strike","Fire Breathing"],"picked":"Intimidate","floor":11.0},{"not_picked":["Infernal Blade","Rage"],"picked":"Metallicize","floor":13.0},{"not_picked":["Clothesline","Combust"],"picked":"Metallicize","floor":14.0},{"not_picked":["Fiend Fire","Corruption"],"picked":"Immolate","floor":16.0},{"not_picked":["Thunderclap","Warcry"],"picked":"Inflame+1","floor":18.0},{"not_picked":["Armaments","Twin Strike"],"picked":"Clothesline","floor":19.0},{"not_picked":["Ghostly Armor","Rampage"],"picked":"Shrug It Off","floor":20},{"not_picked":["Dual Wield","Twin Strike+1"],"picked":"Body Slam","floor":22},{"not_picked":["Shrug It Off","Brutality"],"picked":"Entrench+1","floor":23},{"not_picked":["Flex","Carnage+1"],"picked":"Twin Strike+1","floor":25},{"not_picked":["Iron Wave+1","Warcry+1"],"picked":"Pommel Strike+1","floor":28},{"not_picked":["Iron Wave+1","Perfected Strike+1","Warcry"],"picked":"SKIP","floor":29},{"not_picked":["Flex","Wild Strike+1"],"picked":"Iron Wave+1","floor":31},{"not_picked":["Impervious","Immolate+1"],"picked":"Reaper+1","floor":33},{"not_picked":["Sword Boomerang+1","Armaments"],"picked":"Body Slam+1","floor":35},{"not_picked":["Sword Boomerang+1","Heavy Blade+1"],"picked":"Intimidate","floor":35},{"not_picked":["Entrench+1","Shockwave+1"],"picked":"Demon Form","floor":36},{"not_picked":["Rupture","Carnage+1","Iron Wave+1"],"picked":"SKIP","floor":36},{"not_picked":["Sword Boomerang+1","Flame Barrier"],"picked":"Uppercut+1","floor":39},{"not_picked":["True Grit","Clothesline+1","Headbutt+1"],"picked":"SKIP","floor":39},{"not_picked":["Combust+1","Pummel+1","Iron Wave+1"],"picked":"SKIP","floor":41},{"not_picked":["Power Through","Sentinel+1","Bludgeon+1"],"picked":"SKIP","floor":44},{"not_picked":["Wild Strike+1","Perfected Strike+1","Headbutt+1"],"picked":"SKIP","floor":44},{"not_picked":["Armaments","Battle Trance"],"picked":"Shrug It Off","floor":45},{"not_picked":["Hemokinesis+1","Headbutt+1"],"picked":"Thunderclap+1","floor":45},{"not_picked":["Rupture","Sword Boomerang+1","Anger+1"],"picked":"SKIP","floor":47},{"not_picked":["Feed+1","Blood for Blood+1","Sword Boomerang+1"],"picked":"SKIP","floor":47},{"not_picked":["Ghostly Armor","Carnage+1","Reckless Charge+1"],"picked":"SKIP","floor":48},{"not_picked":["Thunderclap+1","Spot Weakness","Cleave+1"],"picked":"SKIP","floor":48}],"player_experience":623127,"relics_obtained":[{"floor":9.0,"key":"Boot"},{"floor":13.0,"key":"Gremlin Horn"},{"floor":23,"key":"Molten Egg 2"},{"floor":26,"key":"CeramicFish"},{"floor":31,"key":"Torii"},{"floor":31,"key":"White Beast Statue"},{"floor":38,"key":"StoneCalendar"},{"floor":41,"key":"Turnip"},{"floor":43,"key":"Self Forming Clay"}],"event_choices":[{"damage_healed":0.0,"max_hp_gain":0.0,"max_hp_loss":0.0,"gold_gain":0.0,"event_name":"Liars Game","player_choice":"Ignored","floor":5.0,"gold_loss":0.0,"damage_taken":0.0},{"damage_healed":0.0,"max_hp_gain":0.0,"max_hp_loss":0.0,"gold_gain":0.0,"event_name":"Living Wall","player_choice":"Grow","floor":6.0,"gold_loss":0.0,"damage_taken":0.0,"cards_upgraded":["Sadistic Nature"]},{"damage_healed":0.0,"max_hp_gain":0.0,"max_hp_loss":0.0,"gold_gain":0.0,"event_name":"Dead Adventurer","player_choice":"Searched \u00272\u0027 times","floor":10.0,"gold_loss":0.0,"damage_taken":0.0,"relics_obtained":["Meat on the Bone"]},{"damage_healed":0,"gold_gain":100,"player_choice":"Bet on Murderer","damage_taken":0,"max_hp_gain":0,"max_hp_loss":0,"event_name":"The Joust","floor":21,"gold_loss":50},{"damage_healed":0,"gold_gain":0,"player_choice":"Fight","damage_taken":0,"max_hp_gain":0,"max_hp_loss":0,"event_name":"Colosseum","floor":31,"gold_loss":0},{"damage_healed":0,"gold_gain":0,"player_choice":"Fought Nobs","damage_taken":0,"max_hp_gain":0,"max_hp_loss":0,"event_name":"Colosseum","floor":31,"gold_loss":0},{"damage_healed":0,"gold_gain":0,"player_choice":"Fight","damage_taken":0,"max_hp_gain":0,"max_hp_loss":0,"event_name":"MindBloom","floor":38,"gold_loss":0},{"damage_healed":0,"gold_gain":0,"player_choice":"Got Potions","damage_taken":0,"max_hp_gain":0,"max_hp_loss":0,"event_name":"Lab","floor":42,"gold_loss":0}],"is_beta":true,"boss_relics":[{"not_picked":["Calling Bell","Runic Pyramid"],"picked":"Runic Cube"},{"not_picked":["Sozu","Tiny House"],"picked":"Philosopher\u0027s Stone"}],"items_purged_floors":[30,37],"is_endless":false,"potions_floor_spawned":[1,8,10,13,16,18,22,25,28,31,33,35,36,38,39,41,44,45,47,48],"ascension_level":0}}