{"host":"i1h39d0gfh5c6uxl","time":1610092227,"event":{"mods":["AchievementEnabler","BaseMod","Colored Map","Colored Powertips","Highlight Path","Minty Spire (QoL Compilation)"],"gold_per_floor":[361,378,391,35,45,76,76,108,183,215,225,244,244,244],"floor_reached":13,"playtime":821,"items_purged":["Doubt"],"score":214,"play_id":"56f07e75-b8a2-4869-8fa3-ad4206d08c15","local_time":"20210108155027","is_ascension_mode":true,"campfire_choices":[{"data":"Uppercut","floor":7,"key":"SMITH"}],"circlet_count":0,"master_deck":["AscendersBane","Strike_R","Strike_R","Strike_R","Strike_R","Strike_R","Defend_R","Defend_R","Defend_R","Defend_R","Bash","Pummel","Cleave","Twin Strike","Berserk+1","Uppercut+1","Clothesline","Armaments","Shrug It Off"],"relics":["Burning Blood","Frozen Egg 2","Boot","Calipers","Mummified Hand","MealTicket"],"acts_visited":["Exordium"],"potions_floor_usage":[6,10,11,12],"damage_taken":[{"damage":2,"enemies":"Cultist","floor":1,"turns":4},{"damage":3,"enemies":"Small Slimes","floor":2,"turns":4},{"damage":2,"enemies":"Jaw Worm","floor":3,"turns":3},{"damage":13,"enemies":"Red Slaver","floor":5,"turns":3},{"damage":12,"enemies":"Gremlin Nob","floor":6,"turns":3},{"damage":35,"enemies":"3 Sentries","floor":8,"turns":8},{"damage":20,"enemies":"Lagavulin","floor":10,"turns":4},{"damage":6,"enemies":"3 Louse","floor":11,"turns":3},{"damage":15,"enemies":"Gremlin Gang","floor":12,"turns":4},{"damage":31,"enemies":"Gremlin Nob","floor":13,"turns":3}],"seed_played":"177063449730461193","potions_obtained":[{"floor":1,"key":"PowerPotion"},{"floor":8,"key":"FearPotion"},{"floor":10,"key":"Strength Potion"},{"floor":11,"key":"Strength Potion"}],"is_trial":false,"path_per_floor":["M","M","M","$","M","E","R","E","T","E","M","M","E"],"character_chosen":"IRONCLAD","items_purchased":["Frozen Egg 2"],"campfire_rested":0,"item_purchase_floors":[4],"current_hp_per_floor":[72,75,75,75,68,62,62,33,33,19,19,10,0,0],"gold":244,"neow_bonus":"TWO_FIFTY_GOLD","is_daily":false,"chose_seed":false,"campfire_upgraded":1,"win_rate":0.0,"timestamp":1610092227,"path_taken":["M","M","M","$","M","E","R","E","T","E","M","M","E"],"items_purchased_type":["Relic"],"build_version":"2020-12-22","purchased_purges":1,"victory":false,"max_hp_per_floor":[75,75,75,75,75,75,75,75,75,75,75,75,75,75],"card_choices":[{"not_picked":["Rampage","Flex"],"picked":"Pummel","floor":1},{"not_picked":["Flex","Rage"],"picked":"Cleave","floor":2},{"not_picked":["Wild Strike","Anger"],"picked":"Twin Strike","floor":3},{"not_picked":["Thunderclap","Dark Embrace+1"],"picked":"Berserk+1","floor":5},{"not_picked":["Seeing Red","Wild Strike"],"picked":"Uppercut","floor":6},{"not_picked":["Havoc","Flex"],"picked":"Clothesline","floor":8},{"not_picked":["Heavy Blade","Havoc"],"picked":"Armaments","floor":10},{"not_picked":["Bloodletting","Clash"],"picked":"Shrug It Off","floor":11},{"not_picked":["Armaments","Clash","Searing Blow"],"picked":"SKIP","floor":12}],"player_experience":1328911,"relics_obtained":[{"floor":6,"key":"Boot"},{"floor":8,"key":"Calipers"},{"floor":9,"key":"Mummified Hand"},{"floor":10,"key":"MealTicket"}],"event_choices":[],"is_beta":false,"boss_relics":[],"items_purged_floors":[4],"is_endless":false,"potions_floor_spawned":[1,8,10,11],"killed_by":"Gremlin Nob","ascension_level":20}}