{"host":"4qkvkh7pd9qr2mca","time":1610138538,"event":{"mods":["AchievementEnabler","BaseMod","Colored Map","Colored Powertips","Highlight Path","Minty Spire (QoL Compilation)","Permanent Neow","Quick Restart","StSLib","SuperFastMode"],"gold_per_floor":[10,28,39,53,53,83,83,118,144,179,190,205,86,99,99,172,172,187,202,182,15,26,26,26,26,95,95,122,122,157,172,172,248,248,262,133,146,146,0,27,27,52,77,110,110,110,110,156,156,156,156],"floor_reached":52,"playtime":2516,"items_purged":["Strike_G"],"score":2217,"play_id":"ec4808bc-3bc6-410f-8be9-264832a1e943","local_time":"20210108214218","is_ascension_mode":true,"campfire_choices":[{"floor":7.0,"key":"REST"},{"floor":15.0,"key":"DIG"},{"floor":23,"key":"REST"},{"floor":25,"key":"DIG"},{"floor":27,"key":"DIG"},{"floor":29,"key":"DIG"},{"floor":32,"key":"DIG"},{"floor":41,"key":"DIG"},{"floor":46,"key":"DIG"},{"floor":49,"key":"DIG"}],"circlet_count":0,"master_deck":["AscendersBane","Defend_G","Defend_G","Defend_G","Defend_G","Survivor","Neutralize","Cloak And Dagger","Blade Dance","Blade Dance","Terror+1","Backflip+1","Die Die Die","Dash","Crippling Poison","Blur","Footwork","Glass Knife","Burst","Bite","Bite","Bite","Bite","Bite","Catalyst+1","Adrenaline","Noxious Fumes+1","PiercingWail","Deflect","Secret Weapon","Dramatic Entrance"],"relics":["Ring of the Serpent","Shovel","PreservedInsect","Dream Catcher","Akabeko","Snake Skull","Bag of Marbles","Busted Crown","Oddly Smooth Stone","Juzu Bracelet","Kunai","Happy Flower","Toy Ornithopter","The Specimen","The Courier","War Paint","Nunchaku","Red Mask","Turnip","Anchor","Tingsha","Bag of Preparation","Bird Faced Urn","StoneCalendar","Ice Cream","Strawberry"],"acts_visited":["Exordium","TheCity","TheBeyond"],"potions_floor_usage":[22,33,50,51],"damage_taken":[{"damage":2.0,"enemies":"Cultist","floor":1.0,"turns":4.0},{"damage":0.0,"enemies":"Jaw Worm","floor":2.0,"turns":4.0},{"damage":0.0,"enemies":"Small Slimes","floor":3.0,"turns":2.0},{"damage":10.0,"enemies":"3 Louse","floor":4.0,"turns":3.0},{"damage":31.0,"enemies":"Lagavulin","floor":6.0,"turns":6.0},{"damage":4.0,"enemies":"3 Sentries","floor":8.0,"turns":4.0},{"damage":0.0,"enemies":"Gremlin Nob","floor":10.0,"turns":1.0},{"damage":1.0,"enemies":"2 Fungi Beasts","floor":11.0,"turns":2.0},{"damage":0.0,"enemies":"Large Slime","floor":12.0,"turns":4.0},{"damage":0.0,"enemies":"3 Louse","floor":14.0,"turns":2.0},{"damage":22.0,"enemies":"Hexaghost","floor":16.0,"turns":12.0},{"damage":0.0,"enemies":"Chosen","floor":18.0,"turns":2.0},{"damage":9.0,"enemies":"Shell Parasite","floor":19.0,"turns":5.0},{"damage":22,"enemies":"Shelled Parasite and Fungi","floor":22,"turns":4},{"damage":15,"enemies":"Book of Stabbing","floor":28,"turns":4},{"damage":1,"enemies":"Gremlin Leader","floor":30,"turns":4},{"damage":6,"enemies":"Snecko","floor":31,"turns":4},{"damage":70,"enemies":"Automaton","floor":33,"turns":14},{"damage":6,"enemies":"3 Shapes","floor":35,"turns":3},{"damage":0,"enemies":"Orb Walker","floor":37,"turns":3},{"damage":18,"enemies":"Nemesis","floor":40,"turns":5},{"damage":8,"enemies":"Giant Head","floor":42,"turns":6},{"damage":4,"enemies":"Nemesis","floor":44,"turns":7},{"damage":1,"enemies":"2 Orb Walkers","floor":48,"turns":3},{"damage":2,"enemies":"Donu and Deca","floor":50,"turns":9},{"damage":0,"enemies":"Awakened One","floor":51,"turns":22}],"seed_played":"4523901756878056526","potions_obtained":[{"floor":4.0,"key":"Poison Potion"},{"floor":6.0,"key":"SteroidPotion"},{"floor":8.0,"key":"GhostInAJar"},{"floor":11.0,"key":"Energy Potion"},{"floor":12.0,"key":"DistilledChaos"},{"floor":16.0,"key":"PowerPotion"},{"floor":19.0,"key":"FairyPotion"},{"floor":22,"key":"AttackPotion"},{"floor":33,"key":"EssenceOfSteel"},{"floor":35,"key":"Weak Potion"}],"is_trial":false,"path_per_floor":["M","M","M","M","?","E","R","E","T","E","M","M","$","M","R","B",null,"M","M","?","$","M","R","?","R","T","R","E","R","E","M","R","B",null,"M","$","M","?","?","E","R","E","T","E","?","R","?","?","R","B","B",null],"character_chosen":"THE_SILENT","items_purchased":["Footwork","Oddly Smooth Stone","Nunchaku"],"campfire_rested":2,"item_purchase_floors":[13,21,36],"current_hp_per_floor":[57,57,57,47,42,11,30,26,26,26,25,25,25,25,25,3,50,50,41,41,41,19,38,38,38,38,38,33,33,38,38,38,19,39,39,39,46,44,44,36,36,40,40,42,32,32,32,37,44,51,51],"gold":156,"neow_bonus":"TRANSFORM_TWO_CARDS","is_daily":false,"chose_seed":false,"campfire_upgraded":0,"win_rate":0.0,"timestamp":1610138538,"path_taken":["M","M","M","M","?","E","R","E","T","E","M","M","$","M","R","BOSS","M","M","?","?","M","R","?","R","T","R","E","R","E","M","R","BOSS","M","$","M","?","?","E","R","E","T","E","?","R","?","?","R","BOSS","BOSS"],"items_purchased_type":["Card","Relic","Relic"],"build_version":"2020-12-22","purchased_purges":1,"victory":true,"max_hp_per_floor":[66,66,66,66,66,66,66,66,66,66,66,66,66,66,66,66,66,66,66,66,66,66,66,46,46,46,46,46,46,46,46,46,46,46,46,46,46,44,44,44,44,44,44,44,44,44,44,44,51,51,51],"card_choices":[{"not_picked":["Dodge and Roll","Prepared"],"picked":"Blade Dance","floor":1.0},{"not_picked":["Masterful Stab","Backflip"],"picked":"Terror","floor":2.0},{"not_picked":["Flying Knee","Bane"],"picked":"Backflip","floor":3.0},{"not_picked":["Sucker Punch","Eviscerate","Backflip"],"picked":"SKIP","floor":4.0},{"not_picked":["Acrobatics","Distraction"],"picked":"Die Die Die","floor":6.0},{"not_picked":["PiercingWail","Bane"],"picked":"Dash","floor":8.0},{"not_picked":["Reflex","Backflip","Bane"],"picked":"SKIP","floor":10.0},{"not_picked":["Cloak And Dagger","Outmaneuver"],"picked":"Crippling Poison","floor":11.0},{"not_picked":["Calculated Gamble","Tactician"],"picked":"Blur","floor":12.0},{"not_picked":["Dagger Throw","Cloak And Dagger"],"picked":"Glass Knife","floor":14.0},{"not_picked":["Night Terror","Grand Finale"],"picked":"Burst","floor":16.0},{"not_picked":["All Out Attack"],"picked":"SKIP","floor":18.0},{"not_picked":["Flechettes"],"picked":"SKIP","floor":19.0},{"not_picked":["Expertise"],"picked":"SKIP","floor":22},{"not_picked":["Flying Knee"],"picked":"SKIP","floor":28},{"not_picked":["Masterful Stab"],"picked":"SKIP","floor":30},{"not_picked":[],"picked":"Catalyst+1","floor":31},{"not_picked":[],"picked":"Adrenaline","floor":33},{"not_picked":[],"picked":"Noxious Fumes+1","floor":35},{"not_picked":["Backflip"],"picked":"SKIP","floor":37},{"not_picked":["All Out Attack+1"],"picked":"SKIP","floor":40},{"not_picked":[],"picked":"PiercingWail","floor":42},{"not_picked":[],"picked":"Deflect","floor":44},{"not_picked":[],"picked":"Secret Weapon","floor":45},{"not_picked":[],"picked":"Secret Weapon","floor":45},{"not_picked":[],"picked":"Dramatic Entrance","floor":45}],"player_experience":517101,"relics_obtained":[{"floor":6.0,"key":"PreservedInsect"},{"floor":8.0,"key":"Dream Catcher"},{"floor":9.0,"key":"Akabeko"},{"floor":10.0,"key":"Snake Skull"},{"floor":15.0,"key":"Bag of Marbles"},{"floor":25,"key":"Juzu Bracelet"},{"floor":26,"key":"Kunai"},{"floor":27,"key":"Happy Flower"},{"floor":28,"key":"Toy Ornithopter"},{"floor":29,"key":"The Specimen"},{"floor":30,"key":"The Courier"},{"floor":32,"key":"War Paint"},{"floor":40,"key":"Turnip"},{"floor":41,"key":"Anchor"},{"floor":42,"key":"Tingsha"},{"floor":43,"key":"Bag of Preparation"},{"floor":44,"key":"Bird Faced Urn"},{"floor":46,"key":"StoneCalendar"},{"floor":48,"key":"Ice Cream"},{"floor":49,"key":"Strawberry"}],"event_choices":[{"damage_healed":0.0,"max_hp_gain":0.0,"max_hp_loss":0.0,"gold_gain":0.0,"event_name":"Scrap Ooze","player_choice":"Success","floor":5.0,"gold_loss":0.0,"damage_taken":5.0,"relics_obtained":["Shovel"]},{"damage_healed":0.0,"max_hp_gain":0.0,"max_hp_loss":0.0,"gold_gain":0.0,"event_name":"The Woman in Blue","player_choice":"Bought 1 Potion","floor":20.0,"gold_loss":0.0,"damage_taken":0.0},{"damage_healed":0,"gold_gain":0,"player_choice":"Became a vampire","damage_taken":0,"max_hp_gain":0,"max_hp_loss":20,"event_name":"Vampires","floor":24,"gold_loss":0,"cards_obtained":["Bite","Bite","Bite","Bite","Bite"]},{"damage_healed":0,"gold_gain":0,"player_choice":"Max HP","damage_taken":0,"max_hp_gain":0,"max_hp_loss":2,"event_name":"Winding Halls","floor":38,"gold_loss":0},{"damage_healed":0,"gold_gain":0,"player_choice":"Paid","damage_taken":0,"relics_obtained":["Red Mask"],"max_hp_gain":0,"max_hp_loss":0,"event_name":"Tomb of Lord Red Mask","floor":39,"gold_loss":146},{"damage_healed":0,"gold_gain":0,"player_choice":"Memory 3","damage_taken":10,"max_hp_gain":0,"max_hp_loss":0,"event_name":"SensoryStone","floor":45,"gold_loss":0},{"cards_removed":["Secret Weapon"],"damage_healed":0,"gold_gain":0,"player_choice":"Removed Skill","damage_taken":0,"max_hp_gain":0,"max_hp_loss":0,"event_name":"Falling","floor":47,"gold_loss":0},{"damage_healed":0,"gold_gain":0,"player_choice":"Fight","damage_taken":0,"max_hp_gain":0,"max_hp_loss":0,"event_name":"Mysterious Sphere","floor":48,"gold_loss":0}],"is_beta":false,"boss_relics":[{"not_picked":["HoveringKite","Black Star"],"picked":"Busted Crown"},{"not_picked":["Sozu","Tiny House"],"picked":"Ring of the Serpent"}],"items_purged_floors":[13],"is_endless":false,"potions_floor_spawned":[4,6,8,11,12,16,18,19,22,33,35],"ascension_level":20}}