{"host":"u7lm8z2rvb4dg2oo","time":1610078253,"event":{"mods":["AchievementEnabler","BaseMod","Colored Map","Colored Powertips","Curses Come First","Googly Eyes","Highlight Path","Minty Spire (QoL Compilation)","Quick Restart","StSLib"],"gold_per_floor":[249,117,129,141,151,166,194,207,207,207],"floor_reached":8,"playtime":667,"items_purged":[],"score":99,"play_id":"42c5bdd6-89c8-43a6-91d9-f050dc99b138","local_time":"20210107225733","is_ascension_mode":true,"campfire_choices":[],"circlet_count":0,"master_deck":["AscendersBane","Strike_P","Strike_P","Strike_P","Strike_P","Defend_P","Defend_P","Defend_P","Defend_P","Eruption","Vigilance","Conclude","CutThroughFate","ThirdEye","PathToVictory","ThirdEye"],"relics":["PureWater","Dead Branch"],"acts_visited":["Exordium"],"potions_floor_usage":[],"damage_taken":[{"damage":24.0,"enemies":"Jaw Worm","floor":1.0,"turns":3.0},{"damage":5.0,"enemies":"2 Louse","floor":2.0,"turns":4.0},{"damage":0.0,"enemies":"Small Slimes","floor":3.0,"turns":2.0},{"damage":0.0,"enemies":"Blue Slaver","floor":4.0,"turns":4.0},{"damage":5.0,"enemies":"2 Fungi Beasts","floor":5.0,"turns":2.0},{"damage":25.0,"enemies":"3 Sentries","floor":6.0,"turns":5.0},{"damage":1.0,"enemies":"Looter","floor":7.0,"turns":3.0},{"damage":19,"enemies":"Lagavulin","floor":8,"turns":6}],"seed_played":"-7386319440806251150","potions_obtained":[{"floor":2.0,"key":"BottledMiracle"},{"floor":3.0,"key":"Fruit Juice"},{"floor":6.0,"key":"BlessingOfTheForge"},{"floor":7.0,"key":"LiquidMemories"}],"is_trial":false,"path_per_floor":["M","M","M","M","M","E","M","E"],"character_chosen":"WATCHER","items_purchased":[],"campfire_rested":0,"item_purchase_floors":[],"current_hp_per_floor":[21,48,43,43,48,43,18,17,0,0],"gold":207,"neow_bonus":"TEN_PERCENT_HP_BONUS","is_daily":false,"chose_seed":false,"campfire_upgraded":0,"win_rate":0.0,"timestamp":1610078253,"path_taken":["M","M","M","M","M","E","M","E"],"items_purchased_type":[],"build_version":"2020-12-22","purchased_purges":0,"victory":false,"max_hp_per_floor":[72,79,79,79,84,84,84,84,84,84],"card_choices":[{"not_picked":["FollowUp","Sanctity"],"picked":"Conclude","floor":1.0},{"not_picked":["EmptyBody","FlyingSleeves"],"picked":"CutThroughFate","floor":2.0},{"not_picked":["FollowUp","Devotion","FlurryOfBlows"],"picked":"SKIP","floor":3.0},{"not_picked":["Evaluate","FlurryOfBlows"],"picked":"ThirdEye","floor":4.0},{"not_picked":["Fasting2","Study"],"picked":"PathToVictory","floor":5.0},{"not_picked":["Prostrate","EmptyBody"],"picked":"ThirdEye","floor":6.0},{"not_picked":["CutThroughFate","Fasting2","Prostrate"],"picked":"SKIP","floor":7.0}],"player_experience":1122415,"relics_obtained":[{"floor":6.0,"key":"Dead Branch"}],"event_choices":[],"is_beta":false,"boss_relics":[],"items_purged_floors":[],"is_endless":false,"potions_floor_spawned":[2,3,6,7],"killed_by":"Lagavulin","ascension_level":12}}