{"host":"qf6a1vkjx65tfr1z","time":1610077238,"event":{"mods":["2.2 Compatiblity","Aspiration","BaseMod","CCEM","Card Forge","Colored Map","Colorless Booster Pack","Conspire","Custom Start","Defuse TimeMaze Blight","Dota2Spire","Downfall","Duelist Mod","Energized Spire","Friendly Minions","GifTheSpireLib","Glutton Mod","Halation","Hubris","Hunter ??","Infinite Spire","Jedi Mod","Koishi","LagranYue(???·?)","Magitek Elite","Marisa????????","Minty Spire (QoL Compilation)","Quick Restart","Rare Cards Sparkle","RatMod","Relic Filter","Replay The Spire","RumiaBox-????????","Shop Mod","Small Relic Pack","Somnambulant","Spikes Relics","StSLib","Stuff the Spire","Td1madao Mod","The Accelerator","The Bug Knight","The Construct","The Cursed","The Mystic","The Necromancer","The Sage","The Servant 0.9.4","The Witch","Transform Curses","Unceasing Turn Reminder","Yuyuko","vexMod","??????REMEMod"],"gold_per_floor":[117,117,136,152,172,207,218,250,250,263,263,296,296,1022,1022,1127,1793,1806,1819,1759,1770,1770,1796,1809,1822,1822,1835,1867,1877,1877,1827,1827,1925,1925,1941,1941,1959,1721,1731,1731,1771,1771,1771,1792,1792,1792],"floor_reached":45,"playtime":4781,"items_purged":["Strike_W+1"],"score":709,"play_id":"892a0278-1e4e-4fe2-a858-f6a96b162d72","local_time":"20210107224038","is_ascension_mode":false,"campfire_choices":[{"floor":11.0,"key":"REST"},{"data":"Blood_Curse","floor":15.0,"key":"SMITH"},{"floor":30.0,"key":"REST"},{"floor":32.0,"key":"DIG"},{"floor":40.0,"key":"REST"},{"data":"Negative_Energy_Shield","floor":42,"key":"SMITH"}],"circlet_count":0,"master_deck":["Defend_W+1","Negative_Energy_Arrows+1","Bone_Wall+1","Flesh_Made_Foul+1","Bones_to_Steel+1","Whirlwind_of_Bones+1","Vampiric_Strike+1","Negative_Energy_Javelin+1","Bone_Shift+1","Blood_Magic+1","Toxic_Smoke_Screen+1","Blood_Curse+1","Summon_Death_Knight+1","Corrupt+1","Blood_Wake+1","Bone_Armory+1","Hellfire+1","Epidemic+1","Summon_Vampire_Lady+1","Exhume+1","Barricade+1","Necrotic_Claws+1","conspire:Treasure","Panacea+6","CBP: UltraDivineWater+1","CBP: MannCoSupplyCrateSeries3","jedi:cleanse+1","Negative_Energy_Shield+1"],"relics":["StuffTheSpire:OccultApparatus","Hammer of Thor","Seething Fire","Anvil of the Gods","SecretRecord","SecretRecord","infinitespire:Golems Mask","Gremlin Food","Replay:Ringing Soul","MerchantsRug","hubris:GlazedTorus","halation:Thesaurus","Snack Pack","Blue Doll","vexMod:RockOfEvil","PreservedInsect","hubris:SphereOfDissonance","GodSword1","Dream Catcher","SecretRecord","SecretRecord","SecretRecord","SecretRecord","SecretRecord","jedi:Pinwheel","War Paint","Dota2Spire:EyeOfSkadi"],"acts_visited":["Exordium","TheCity","TheBeyond"],"potions_floor_usage":[45],"damage_taken":[{"damage":4.0,"enemies":"Jaw Worm","floor":1.0,"turns":5.0},{"damage":9.0,"enemies":"Cultist","floor":3.0,"turns":3.0},{"damage":19.0,"enemies":"conspire:RoseBush","floor":4.0,"turns":2.0},{"damage":23.0,"enemies":"Exordium Thugs","floor":5.0,"turns":5.0},{"damage":27.0,"enemies":"Gremlin Nob","floor":6.0,"turns":4.0},{"damage":0.0,"enemies":"3 Louse","floor":7.0,"turns":3.0},{"damage":4.0,"enemies":"HollowMod:MossKnight","floor":8.0,"turns":5.0},{"damage":15.0,"enemies":"Lots of Slimes","floor":10.0,"turns":3.0},{"damage":31.0,"enemies":"3 Sentries","floor":12.0,"turns":4.0},{"damage":60.0,"enemies":"Fading Forest","floor":16.0,"turns":11.0},{"damage":26.0,"enemies":"Spheric Guardian","floor":18.0,"turns":3.0},{"damage":7.0,"enemies":"Shell Parasite","floor":19.0,"turns":4.0},{"damage":33.0,"enemies":"Cultist and Chosen","floor":21.0,"turns":4.0},{"damage":25.0,"enemies":"Book of Stabbing","floor":23.0,"turns":4.0},{"damage":26.0,"enemies":"conspire:HollyBat","floor":24.0,"turns":6.0},{"damage":14.0,"enemies":"Centurion and Healer","floor":25.0,"turns":2.0},{"damage":16.0,"enemies":"Snake Plant","floor":27.0,"turns":3.0},{"damage":27.0,"enemies":"REME_1_Revenger","floor":28.0,"turns":3.0},{"damage":13.0,"enemies":"Chosen and Byrds","floor":29.0,"turns":3.0},{"damage":64.0,"enemies":"Automaton","floor":33.0,"turns":5.0},{"damage":26.0,"enemies":"3 Shapes","floor":35.0,"turns":4.0},{"damage":21.0,"enemies":"3 Darklings","floor":37.0,"turns":4.0},{"damage":53.0,"enemies":"Maw","floor":39.0,"turns":4.0},{"damage":26,"enemies":"HollowMod:StalkingDevout","floor":41,"turns":4},{"damage":78,"enemies":"Transient","floor":44,"turns":5},{"damage":23,"enemies":"Sphere and 2 Shapes","floor":45,"turns":3}],"seed_played":"371306090510876104","potions_obtained":[{"floor":3.0,"key":"Adrenaline Potion"},{"floor":5.0,"key":"BlessingOfTheForge"},{"floor":6.0,"key":"SpeedPotion"},{"floor":7.0,"key":"FearPotion"},{"floor":8.0,"key":"EssenceOfSteel"}],"is_trial":false,"path_per_floor":["M","?","M","M","M","E","M","E","T","M","R","E","?","$","R","B",null,"M","M","$","M","?","E","M","M","T","M","E","M","R","?","R_BF","B",null,"M","$","M","$","M","R","E","R","T","M","M"],"character_chosen":"NECROMANCER","items_purchased":["MerchantsRug","hubris:GlazedTorus","Blood_Magic","Toxic_Smoke_Screen","halation:Thesaurus","Blue Doll","Blood_Curse","Blood_Wake","jedi:Pinwheel"],"campfire_rested":3,"item_purchase_floors":[14,14,14,14,14,14,14,20,38],"current_hp_per_floor":[80,80,73,56,37,14,23,28,28,29,53,31,31,34,34,39,88,71,66,69,45,45,28,2,73,73,60,42,35,65,65,65,14,106,101,101,95,95,62,98,78,78,83,20,0,0],"gold":1792,"neow_bonus":"TEN_PERCENT_HP_BONUS","is_daily":false,"chose_seed":false,"campfire_upgraded":2,"win_rate":0.0,"timestamp":1610077238,"path_taken":["M","?","?","M","M","E","M","E","T","M","R","E","?","$","R","BOSS","M","M","$","M","?","E","M","M","T","M","E","M","R","?","R_BF","BOSS","M","?","M","$","M","R","E","R","T","M","M"],"items_purchased_type":["Relic","Relic","Card","Card","Relic","Relic","Card","Card","Relic"],"build_version":"2020-12-22","purchased_purges":1,"victory":false,"max_hp_per_floor":[82,82,82,82,82,82,82,82,82,82,82,82,82,85,85,88,88,91,91,94,94,94,97,97,97,97,100,103,103,103,103,103,106,106,109,109,112,112,112,115,118,118,123,123,123,123],"card_choices":[{"not_picked":["Negative_Energy_Mist","Bone_Shift"],"picked":"Flesh_Made_Foul","floor":1.0},{"not_picked":["Chill_Blood","Negative_Energy_Shield"],"picked":"Bones_to_Steel","floor":3.0},{"not_picked":["Negative_Energy_Burst","Negative_Energy_Javelin"],"picked":"Whirlwind_of_Bones","floor":4.0},{"not_picked":["Deaths_Shadow","Negative_Energy_Javelin"],"picked":"Vampiric_Strike","floor":5.0},{"not_picked":["Summon_Undead","Grasp_Heart"],"picked":"Consume_Illness","floor":6.0},{"not_picked":["Negative_Energy_Mist","Spectral_Walk"],"picked":"Negative_Energy_Javelin","floor":7.0},{"not_picked":["Bone_Prison","Shackles_Of_Pain"],"picked":"Bone_Shift","floor":8.0},{"not_picked":["Consume_Illness","Negative_Energy_Javelin","Blood_Shield"],"picked":"SKIP","floor":10.0},{"not_picked":["Blood_Whip","Necromantic_Selection","Bone_Shift"],"picked":"SKIP","floor":12.0},{"not_picked":["Blood_Wake","Cloudkill"],"picked":"Summon_Death_Knight","floor":16.0},{"not_picked":["Life_Tap","Death_Coil"],"picked":"Corrupt","floor":18.0},{"not_picked":["Blood_Whip+1","Bone_Armor","Life_Drain+1"],"picked":"SKIP","floor":19.0},{"not_picked":["Bones_to_Steel","Negative_Energy_Javelin+1","Shade_Step"],"picked":"SKIP","floor":21.0},{"not_picked":["Bone_Armor+1","Life_Tap"],"picked":"Bone_Armory","floor":23.0},{"not_picked":["Consume_Illness","Bone_Shift+1","Bones_to_Steel+1"],"picked":"SKIP","floor":24.0},{"not_picked":["Shade_Step","Bone_Spikes","Consume_Illness"],"picked":"SKIP","floor":25.0},{"not_picked":["Stop_Heart+1","Blood_Shield"],"picked":"Hellfire","floor":27.0},{"not_picked":["Scare+1","Whirlwind_of_Bones"],"picked":"Epidemic","floor":28.0},{"not_picked":["Bone_Armor","Vampiric_Strike","Blood_Shield+1"],"picked":"SKIP","floor":29.0},{"not_picked":["Detonate_Bones","Requiem"],"picked":"Summon_Vampire_Lady","floor":33.0},{"not_picked":["Bone_Shift","Bone_Armor","Death_Coil+1"],"picked":"SKIP","floor":35.0},{"not_picked":["Deaths_Shadow","Violent_Necrosis+1"],"picked":"Necrotic_Claws","floor":37.0},{"not_picked":["Bones_to_Steel","Bone_Bullets+1","Bone_Armor"],"picked":"SKIP","floor":39.0},{"not_picked":["Bones_to_Steel","Bone_Bullets+1","Bone_Armor"],"picked":"SKIP","floor":39.0},{"not_picked":["Corrupt","Scare"],"picked":"Negative_Energy_Shield","floor":41},{"not_picked":["Bone_Bullets","Death_March_Dance+1","Bone_Spikes"],"picked":"SKIP","floor":44}],"player_experience":98187,"relics_obtained":[{"floor":6.0,"key":"infinitespire:Golems Mask"},{"floor":8.0,"key":"Gremlin Food"},{"floor":9.0,"key":"Replay:Ringing Soul"},{"floor":12.0,"key":"GodSword3"},{"floor":23.0,"key":"PreservedInsect"},{"floor":26.0,"key":"hubris:SphereOfDissonance"},{"floor":28.0,"key":"GodSword1"},{"floor":32.0,"key":"Dream Catcher"},{"floor":41,"key":"War Paint"},{"floor":43,"key":"Dota2Spire:EyeOfSkadi"}],"event_choices":[{"damage_healed":0.0,"max_hp_gain":0.0,"max_hp_loss":0.0,"gold_gain":0.0,"event_name":"Wheel of Change","player_choice":"Cursed","floor":2.0,"gold_loss":0.0,"damage_taken":0.0,"cards_obtained":["Decay"]},{"damage_healed":0.0,"max_hp_gain":0.0,"max_hp_loss":0.0,"gold_gain":0.0,"event_name":"Lab","player_choice":"Got Potions","floor":13.0,"gold_loss":0.0,"damage_taken":0.0},{"damage_healed":0.0,"max_hp_gain":0.0,"max_hp_loss":0.0,"gold_gain":0.0,"event_name":"The Joust","player_choice":"Bet on Murderer","floor":31.0,"gold_loss":50.0,"damage_taken":0.0}],"is_beta":false,"boss_relics":[{"not_picked":["vexMod:MysteryBossChallenge","SacredBark"],"picked":"vexMod:RockOfEvil"},{"not_picked":["Busted Crown","halation:LoveArrow"],"picked":"StuffTheSpire:Kangaroo"}],"items_purged_floors":[14],"is_endless":false,"potions_floor_spawned":[3,5,6,7,8,16,19,23,24,28,29,35,44],"killed_by":"Sphere and 2 Shapes","ascension_level":0}}