{"host":"ik8ww1p4uabx5gam","time":1610076375,"event":{"mods":["Always Whale","Aspiration","BaseMod","Better Third Choice","BetterRewards","Colored Map","Conspire","Energized Spire","FetchMod","Hubris","Infinite Spire","Ironclad Rager","Jedi Mod","Minty Spire (QoL Compilation)","Random Character Button","Replay The Spire","Shop Mod","Spicy Shops","Spikes Relics","StSLib","The Blue Laboratory","Wandering Minibosses","??????REMEMod"],"gold_per_floor":[10,10,10,28,39,71,100,114,114,172,172,172],"floor_reached":11,"playtime":355,"items_purged":[],"score":77,"play_id":"e3bfdd42-55db-4457-8947-faa33168abc7","local_time":"20210107212615","is_ascension_mode":true,"campfire_choices":[],"circlet_count":0,"master_deck":["Survivor","Neutralize","REME_BattleFury","Shame","Poisoned Stab","Poisoned Stab","Poisoned Stab","Poisoned Stab","Poisoned Stab","Dodge and Roll","Dodge and Roll","Dodge and Roll","Dodge and Roll","Dodge and Roll","Deflect","Deadly Poison","Draining Mist","PiercingWail","Bane","Dagger Spray"],"relics":["Ring of the Snake","REME_ComplimentaryCards","hubris:TenFootPole","Garlic","Juzu Bracelet","infinitespire:Bottled Soul"],"acts_visited":["Exordium"],"potions_floor_usage":[10,10,11],"damage_taken":[{"damage":0,"enemies":"Cultist","floor":1,"turns":3},{"damage":3,"enemies":"Jaw Worm","floor":4,"turns":3},{"damage":0,"enemies":"2 Louse","floor":5,"turns":2},{"damage":15,"enemies":"Lagavulin","floor":6,"turns":5},{"damage":2,"enemies":"conspire:MimicChest","floor":7,"turns":4},{"damage":0,"enemies":"Looter","floor":8,"turns":5},{"damage":10,"enemies":"Gremlin Nob","floor":10,"turns":3},{"damage":20,"enemies":"Gremlin Nob","floor":11,"turns":3}],"seed_played":"7700075035657934440","potions_obtained":[{"floor":1,"key":"SneckoOil"},{"floor":6,"key":"SkillPotion"},{"floor":7,"key":"SkillPotion"}],"is_trial":false,"path_per_floor":["M","?","?","M","M","E","?","M","T","?","E"],"character_chosen":"THE_SILENT","items_purchased":[],"campfire_rested":0,"item_purchase_floors":[],"current_hp_per_floor":[45,45,45,42,42,27,25,25,25,15,0,0],"gold":172,"neow_bonus":"SILENT_ASSASSIN","is_daily":false,"chose_seed":false,"campfire_upgraded":0,"win_rate":0.0,"timestamp":1610076375,"path_taken":["M","?","?","?","M","E","?","M","T","?","E"],"items_purchased_type":[],"build_version":"2020-12-22","purchased_purges":0,"victory":false,"max_hp_per_floor":[63,63,63,63,63,63,63,63,63,63,63,63],"card_choices":[{"not_picked":["Slice","Fluid Movement"],"picked":"Deflect","floor":1},{"not_picked":["Heel Hook","Reflex"],"picked":"Draining Mist","floor":4},{"not_picked":["Poisoned Stab","Slice"],"picked":"PiercingWail","floor":5},{"not_picked":["Acrobatics","ReplayTheSpireMod:Shiv Toss"],"picked":"Bane","floor":6},{"not_picked":["Sucker Punch","Cloak And Dagger"],"picked":"Dagger Spray","floor":7},{"not_picked":["Flying Knee","Deadly Poison","jedi:studyshivs"],"picked":"SKIP","floor":8}],"player_experience":939752,"relics_obtained":[{"floor":6,"key":"hubris:TenFootPole"},{"floor":7,"key":"Garlic"},{"floor":9,"key":"Juzu Bracelet"},{"floor":10,"key":"infinitespire:Bottled Soul"}],"event_choices":[{"damage_healed":0,"gold_gain":0,"player_choice":"Leave","damage_taken":0,"max_hp_gain":0,"max_hp_loss":0,"event_name":"conspire:Investor","floor":2,"gold_loss":0},{"damage_healed":0,"gold_gain":0,"player_choice":"Searched \u00271\u0027 times","damage_taken":0,"max_hp_gain":0,"max_hp_loss":0,"event_name":"Dead Adventurer","floor":10,"gold_loss":0}],"is_beta":false,"boss_relics":[],"items_purged_floors":[],"is_endless":false,"potions_floor_spawned":[1,6,7],"killed_by":"Gremlin Nob","ascension_level":1}}