{"host":"6pgtslebjnyv5xmi","time":1610074606,"event":{"mods":["AchievementEnabler","BaseMod","Colored Map","Minty Spire (QoL Compilation)","Rare Cards Sparkle","StSLib","SuperFastMode","everything is the same but u backflip on backflip"],"gold_per_floor":[113,131,131,145,320,320,320,337,337,356,356,431,451,465,465,566,566,585,207,225,68,84,84,84,84],"floor_reached":24,"playtime":1092,"items_purged":["Doubt"],"score":190,"play_id":"65e404b4-d73f-4b03-ad5f-541b7dac6419","local_time":"20210108115646","is_ascension_mode":false,"campfire_choices":[{"data":"Adaptation","floor":6.0,"key":"SMITH"},{"data":"Vigilance","floor":11.0,"key":"SMITH"},{"data":"Establishment","floor":15,"key":"SMITH"},{"data":"Omniscience","floor":23,"key":"SMITH"}],"circlet_count":0,"master_deck":["Strike_P","Strike_P","Strike_P","Strike_P","Defend_P","Defend_P","Defend_P","Defend_P","Eruption+1","Vigilance+1","Brilliance+1","Adaptation+1","FearNoEvil","Establishment+1","Omniscience+1","DevaForm","Vault","Judgement","Adaptation+1"],"relics":["HolyWater"],"acts_visited":["Exordium","TheCity"],"potions_floor_usage":[16,16,16,18,22,24],"damage_taken":[{"damage":0.0,"enemies":"Small Slimes","floor":1.0,"turns":4.0},{"damage":0.0,"enemies":"2 Louse","floor":2.0,"turns":2.0},{"damage":0.0,"enemies":"Cultist","floor":4.0,"turns":2.0},{"damage":0.0,"enemies":"Blue Slaver","floor":8.0,"turns":2.0},{"damage":2.0,"enemies":"Lots of Slimes","floor":10.0,"turns":5.0},{"damage":0,"enemies":"Exordium Wildlife","floor":13,"turns":3},{"damage":0,"enemies":"Large Slime","floor":14,"turns":3},{"damage":43,"enemies":"The Guardian","floor":16,"turns":12},{"damage":3,"enemies":"2 Thieves","floor":18,"turns":2},{"damage":10,"enemies":"Shell Parasite","floor":20,"turns":6},{"damage":19,"enemies":"Shelled Parasite and Fungi","floor":22,"turns":5},{"damage":46,"enemies":"Masked Bandits","floor":24,"turns":3}],"seed_played":"8942576856425238738","potions_obtained":[{"floor":1.0,"key":"ColorlessPotion"},{"floor":4.0,"key":"Weak Potion"},{"floor":14,"key":"Energy Potion"},{"floor":16,"key":"DistilledChaos"},{"floor":20,"key":"Fire Potion"},{"floor":22,"key":"PowerPotion"}],"is_trial":false,"path_per_floor":["M","M","?","M","?","R","?","M","T","M","R","?","M","M","R","B",null,"M","$","M","$","M","R","?"],"character_chosen":"WATCHER","items_purchased":["DevaForm","Vault","Judgement"],"campfire_rested":0,"item_purchase_floors":[19,19,21],"current_hp_per_floor":[72,72,72,72,72,72,72,72,72,70,70,63,63,63,63,20,72,69,69,59,59,40,40,0,0],"gold":84,"neow_bonus":"ONE_RANDOM_RARE_CARD","is_daily":false,"chose_seed":false,"campfire_upgraded":4,"win_rate":0.0,"timestamp":1610074606,"path_taken":["M","M","?","M","?","R","?","M","T","?","R","?","M","M","R","BOSS","M","$","?","$","?","R","?"],"items_purchased_type":["Card","Card","Card"],"build_version":"2020-12-22","purchased_purges":1,"victory":false,"max_hp_per_floor":[72,72,72,72,72,72,72,72,72,72,72,72,72,72,72,72,72,72,72,72,72,72,72,72,72],"card_choices":[{"not_picked":["Study","Swivel"],"picked":"Adaptation","floor":1.0},{"not_picked":["Protect","EmptyBody","PathToVictory"],"picked":"SKIP","floor":2.0},{"not_picked":["JustLucky","BattleHymn","CarveReality"],"picked":"SKIP","floor":4.0},{"not_picked":["Evaluate","Perseverance","Indignation"],"picked":"SKIP","floor":8.0},{"not_picked":["Indignation","Halt","LikeWater"],"picked":"SKIP","floor":10.0},{"not_picked":["DeceiveReality","FollowUp"],"picked":"FearNoEvil","floor":13},{"not_picked":["EmptyBody","Crescendo"],"picked":"Establishment","floor":14},{"not_picked":["Vault","ConjureBlade"],"picked":"Omniscience","floor":16},{"not_picked":["Halt","CutThroughFate","DeceiveReality"],"picked":"SKIP","floor":18},{"not_picked":["WheelKick","PathToVictory+1","ReachHeaven"],"picked":"SKIP","floor":20},{"not_picked":["ClearTheMind","SashWhip"],"picked":"Adaptation+1","floor":22}],"player_experience":895484,"relics_obtained":[],"event_choices":[{"damage_healed":0.0,"max_hp_gain":0.0,"max_hp_loss":0.0,"gold_gain":0.0,"event_name":"Living Wall","player_choice":"Grow","floor":3.0,"gold_loss":0.0,"damage_taken":0.0,"cards_upgraded":["Eruption"]},{"damage_healed":0.0,"max_hp_gain":0.0,"max_hp_loss":0.0,"gold_gain":175.0,"event_name":"Liars Game","player_choice":"AGREE","floor":5.0,"gold_loss":0.0,"damage_taken":0.0,"cards_obtained":["Doubt"]},{"damage_healed":0.0,"max_hp_gain":0.0,"max_hp_loss":0.0,"gold_gain":0.0,"event_name":"Accursed Blacksmith","player_choice":"Forge","floor":7.0,"gold_loss":0.0,"damage_taken":0.0,"cards_upgraded":["Brilliance"]},{"damage_healed":0,"gold_gain":75,"player_choice":"Touch","damage_taken":7,"max_hp_gain":0,"max_hp_loss":0,"event_name":"FaceTrader","floor":12,"gold_loss":0},{"damage_healed":0,"gold_gain":0,"player_choice":"Fought Bandits","damage_taken":0,"max_hp_gain":0,"max_hp_loss":0,"event_name":"Masked Bandits","floor":24,"gold_loss":0}],"is_beta":false,"boss_relics":[{"not_picked":["Busted Crown","Calling Bell"],"picked":"HolyWater"}],"items_purged_floors":[19],"is_endless":false,"potions_floor_spawned":[1,4,14,16,20,22],"killed_by":"Masked Bandits","ascension_level":0}}