{"host":"jwbw4f4imxd0v0b0","time":1610076094,"event":{"mods":["BaseMod","Colored Map","Highlight Path","Minty Spire (QoL Compilation)","Relic Stats","StSLib"],"gold_per_floor":[144,189,234,84,84,84,129,174,199,358,403,403,493,538,538,838,838,892,946,991,1041,1086,1185,1185,1239,1264,1264,1309,1363,422,722,722,1031,1031,1085,1139,615,765,819,819,909,909,909,963,1008,1008,1053,1098,1098,1098],"floor_reached":51,"playtime":3394,"items_purged":["Hemokinesis"],"score":807,"play_id":"4e6f485b-350a-4e7c-b947-978181e7b629","local_time":"20210107212134","daily_mods":["Draft","Uncertain Future","Midas"],"is_ascension_mode":false,"campfire_choices":[{"floor":12,"key":"REST"},{"floor":15,"key":"REST"},{"floor":24,"key":"REST"},{"floor":27,"key":"REST"},{"floor":32,"key":"REST"},{"floor":40,"key":"REST"},{"floor":46,"key":"REST"},{"data":"Parasite","floor":49,"key":"PURGE"}],"circlet_count":0,"master_deck":["Metallicize","Sword Boomerang","Havoc","Twin Strike","Flame Barrier","Disarm","Armaments+1","Rupture","Dual Wield","Combust","Metallicize","Shrug It Off","True Grit","Cleave","Disarm","Flame Barrier","TalkToTheHand","Combust","TalkToTheHand","Juggernaut","CurseOfTheBell","Panacea+1","TalkToTheHand+1","Tantrum+1","Exhume","Pommel Strike+1","TalkToTheHand+1","Master of Strategy","Die Die Die+1","Brutality","Sword Boomerang+1","Pummel+1","Body Slam+1"],"relics":["Burning Blood","PrismaticShard","Boot","Meat on the Bone","Gremlin Horn","Calling Bell","CeramicFish","Molten Egg 2","Torii","White Beast Statue","Bag of Preparation","Vajra","DollysMirror","Prayer Wheel","StoneCalendar","Self Forming Clay","Philosopher\u0027s Stone","Oddly Smooth Stone","Regal Pillow","Frozen Eye","Turnip","Peace Pipe","Blue Candle"],"acts_visited":["TheCity","TheBeyond"],"potions_floor_usage":[11,23,25,28,31,50,50,50],"damage_taken":[{"damage":0,"enemies":"2 Louse","floor":1,"turns":2},{"damage":0,"enemies":"Small Slimes","floor":2,"turns":4},{"damage":6,"enemies":"Jaw Worm","floor":3,"turns":4},{"damage":3,"enemies":"Gremlin Gang","floor":7,"turns":5},{"damage":1,"enemies":"2 Fungi Beasts","floor":8,"turns":5},{"damage":15,"enemies":"Lagavulin Event","floor":10,"turns":6},{"damage":0,"enemies":"3 Louse","floor":11,"turns":1},{"damage":6,"enemies":"Gremlin Nob","floor":13,"turns":5},{"damage":2,"enemies":"Blue Slaver","floor":14,"turns":4},{"damage":17,"enemies":"Hexaghost","floor":16,"turns":9},{"damage":1,"enemies":"Chosen","floor":18,"turns":6},{"damage":9,"enemies":"Shell Parasite","floor":19,"turns":5},{"damage":23,"enemies":"Sentry and Sphere","floor":20,"turns":6},{"damage":14,"enemies":"Shelled Parasite and Fungi","floor":22,"turns":6},{"damage":8,"enemies":"Book of Stabbing","floor":23,"turns":6},{"damage":7,"enemies":"Centurion and Healer","floor":25,"turns":5},{"damage":4,"enemies":"Snecko","floor":28,"turns":4},{"damage":5,"enemies":"Snake Plant","floor":29,"turns":6},{"damage":10,"enemies":"Colosseum Slavers","floor":31,"turns":3},{"damage":15,"enemies":"Colosseum Nobs","floor":31,"turns":6},{"damage":25,"enemies":"Collector","floor":33,"turns":8},{"damage":20,"enemies":"3 Darklings","floor":35,"turns":5},{"damage":5,"enemies":"3 Shapes","floor":36,"turns":3},{"damage":6,"enemies":"Mind Bloom Boss Battle","floor":38,"turns":5},{"damage":25,"enemies":"Transient","floor":39,"turns":5},{"damage":8,"enemies":"Giant Head","floor":41,"turns":7},{"damage":13,"enemies":"Writhing Mass","floor":44,"turns":6},{"damage":27,"enemies":"4 Shapes","floor":45,"turns":3},{"damage":13,"enemies":"Jaw Worm Horde","floor":47,"turns":2},{"damage":5,"enemies":"Maw","floor":48,"turns":6},{"damage":63,"enemies":"Awakened One","floor":50,"turns":9}],"seed_played":"-6062085814737979882","potions_obtained":[{"floor":1,"key":"Weak Potion"},{"floor":8,"key":"GamblersBrew"},{"floor":10,"key":"SteroidPotion"},{"floor":13,"key":"ColorlessPotion"},{"floor":16,"key":"AttackPotion"},{"floor":25,"key":"DistilledChaos"},{"floor":28,"key":"DuplicationPotion"},{"floor":29,"key":"DuplicationPotion"},{"floor":31,"key":"Weak Potion"},{"floor":33,"key":"DistilledChaos"}],"is_trial":false,"path_per_floor":["M","M","M","$","?","?","M","M","T","?","M","R","E","M","R","B",null,"M","M","M","?","M","E","R","M","T","R","M","M","$","?","R","B",null,"M","M","$","?","M","R","E","?","T","M","M","R","M","M","R","B",null],"character_chosen":"IRONCLAD","items_purchased":["PrismaticShard","Vajra","DollysMirror","Fruit Juice","Prayer Wheel","Master of Strategy","Oddly Smooth Stone","Pummel+1","SteroidPotion","Regal Pillow","Frozen Eye"],"campfire_rested":7,"item_purchase_floors":[4,30,30,30,30,30,37,37,37,37,37],"current_hp_per_floor":[80,80,80,80,80,80,80,80,80,71,77,80,80,80,80,69,80,80,77,60,60,52,50,74,73,73,80,80,80,80,72,85,66,85,71,72,72,72,53,85,83,83,83,76,55,85,78,79,79,34],"gold":1098,"neow_bonus":"","is_daily":true,"chose_seed":false,"campfire_upgraded":0,"win_rate":0.0,"timestamp":1610076094,"path_taken":["M","M","M","$","?","?","M","M","T","?","M","R","E","M","R","BOSS","M","M","M","?","M","E","R","M","T","R","?","M","$","?","R","BOSS","M","M","$","?","M","R","E","?","T","M","M","R","?","M","R","BOSS"],"items_purchased_type":["Relic","Relic","Relic","Potion","Relic","Card","Relic","Card","Potion","Relic","Relic"],"build_version":"2020-12-22","purchased_purges":1,"victory":true,"max_hp_per_floor":[80,80,80,80,80,80,80,80,80,80,80,80,80,80,80,80,80,80,80,80,80,80,80,80,80,80,80,80,80,80,85,85,85,85,85,85,85,85,85,85,85,85,85,85,85,85,85,85,82,82],"relic_stats":{"Regal Pillow":12,"Gremlin Horn":[21,21],"Torii":22,"counters":[31,157],"Self Forming Clay":[180],"CeramicFish":117,"Blue Candle":[1],"StoneCalendar":[52],"Bag of Preparation":[30],"Boot":[200],"Burning Blood":154,"Peace Pipe":1,"Prayer Wheel":7,"Turnip":[3],"obtain_stats":[{"Regal Pillow":37,"Gremlin Horn":13,"Torii":17,"Self Forming Clay":31,"CeramicFish":17,"Blue Candle":43,"Vajra":30,"Oddly Smooth Stone":37,"StoneCalendar":31,"Bag of Preparation":26,"PrismaticShard":4,"Boot":9,"Burning Blood":0,"White Beast Statue":23,"Calling Bell":17,"Peace Pipe":41,"Frozen Eye":37,"DollysMirror":30,"Molten Egg 2":17,"Prayer Wheel":30,"Philosopher\u0027s Stone":34,"Turnip":38,"Meat on the Bone":10},{"Regal Pillow":23,"Gremlin Horn":8,"Torii":10,"Self Forming Clay":20,"CeramicFish":10,"Blue Candle":26,"Vajra":18,"Oddly Smooth Stone":23,"StoneCalendar":20,"Bag of Preparation":16,"PrismaticShard":3,"Boot":5,"Burning Blood":0,"White Beast Statue":15,"Calling Bell":10,"Peace Pipe":26,"Frozen Eye":23,"DollysMirror":18,"Molten Egg 2":10,"Prayer Wheel":18,"Philosopher\u0027s Stone":21,"Turnip":24,"Meat on the Bone":5},{"Regal Pillow":114,"Gremlin Horn":32,"Torii":45,"Self Forming Clay":98,"CeramicFish":45,"Blue Candle":131,"Vajra":89,"Oddly Smooth Stone":114,"StoneCalendar":98,"Bag of Preparation":79,"PrismaticShard":10,"Boot":20,"Burning Blood":0,"White Beast Statue":74,"Calling Bell":45,"Peace Pipe":131,"Frozen Eye":114,"DollysMirror":89,"Molten Egg 2":45,"Prayer Wheel":89,"Philosopher\u0027s Stone":106,"Turnip":119,"Meat on the Bone":20}],"Meat on the Bone":12},"card_choices":[{"not_picked":["Intimidate","Iron Wave"],"picked":"Metallicize","floor":0},{"not_picked":["Rampage","Anger"],"picked":"Sword Boomerang","floor":0},{"not_picked":["Clothesline","Wild Strike"],"picked":"Havoc","floor":0},{"not_picked":["Clash","Anger"],"picked":"Twin Strike","floor":0},{"not_picked":["Pommel Strike","Warcry"],"picked":"Flame Barrier","floor":0},{"not_picked":["Warcry","Flex"],"picked":"Disarm","floor":0},{"not_picked":["Fire Breathing","Cleave"],"picked":"Armaments","floor":0},{"not_picked":["Cleave","Battle Trance"],"picked":"Rupture","floor":0},{"not_picked":["Sword Boomerang","Sever Soul"],"picked":"Dual Wield","floor":0},{"not_picked":["Whirlwind","Wild Strike"],"picked":"Combust","floor":0},{"not_picked":["Flex","Reckless Charge"],"picked":"Metallicize","floor":0},{"not_picked":["Entrench","Battle Trance"],"picked":"Shrug It Off","floor":0},{"not_picked":["Reckless Charge","Seeing Red"],"picked":"True Grit","floor":0},{"not_picked":["Clash","Warcry"],"picked":"Cleave","floor":0},{"not_picked":["Thunderclap","Flex"],"picked":"Disarm","floor":0},{"not_picked":["Armaments","Perfected Strike","True Grit"],"picked":"SKIP","floor":1},{"not_picked":["Flex","Ghostly Armor"],"picked":"Hemokinesis","floor":2},{"not_picked":["Clothesline","Rupture"],"picked":"Flame Barrier","floor":3},{"not_picked":["Cold Snap","Clothesline"],"picked":"TalkToTheHand","floor":7},{"not_picked":["Deep Breath","ClearTheMind","Double Tap"],"picked":"SKIP","floor":8},{"not_picked":["Sword Boomerang","SashWhip"],"picked":"Combust","floor":10},{"not_picked":["Shrug It Off","Bandage Up","FlurryOfBlows"],"picked":"SKIP","floor":11},{"not_picked":["SignatureMove","Deflect"],"picked":"TalkToTheHand","floor":13},{"not_picked":["Clash","Beam Cell","Armaments"],"picked":"SKIP","floor":14},{"not_picked":["Unload","Glass Knife"],"picked":"Juggernaut","floor":16},{"not_picked":["LikeWater","Doom and Gloom+1"],"picked":"Panacea+1","floor":18},{"not_picked":["Dodge and Roll","EmptyMind"],"picked":"TalkToTheHand+1","floor":19},{"not_picked":["Recycle","Swivel+1","EmptyBody"],"picked":"SKIP","floor":20},{"not_picked":["EmptyFist+1","Eviscerate+1","Clothesline+1"],"picked":"SKIP","floor":22},{"not_picked":["FlurryOfBlows+1","Hemokinesis+1"],"picked":"Tantrum+1","floor":23},{"not_picked":["Bane+1","Havoc"],"picked":"Exhume","floor":25},{"not_picked":["Headbutt+1","Pommel Strike+1","Beam Cell+1"],"picked":"SKIP","floor":28},{"not_picked":["Beam Cell+1","Flechettes+1"],"picked":"Pommel Strike+1","floor":29},{"not_picked":["Buffer","Secret Technique"],"picked":"Die Die Die+1","floor":33},{"not_picked":["FlurryOfBlows+1","True Grit"],"picked":"Brutality","floor":35},{"not_picked":["Underhanded Strike+1","Choke+1","Quick Slash+1"],"picked":"SKIP","floor":35},{"not_picked":["DeceiveReality+1","Auto Shields"],"picked":"Sword Boomerang+1","floor":36},{"not_picked":["BowlingBash+1","JustLucky+1","Swift Strike+1"],"picked":"SKIP","floor":36},{"not_picked":["Concentrate","FTL+1"],"picked":"Body Slam+1","floor":39},{"not_picked":["Wireheading+1","Prostrate+1","Flechettes+1"],"picked":"SKIP","floor":39},{"not_picked":["Slice+1","Dropkick+1","Dagger Throw+1"],"picked":"SKIP","floor":41},{"not_picked":["Iron Wave+1","Heel Hook+1","Deadly Poison"],"picked":"SKIP","floor":44},{"not_picked":["Scrape+1","Sever Soul+1","Brilliance+1"],"picked":"SKIP","floor":44},{"not_picked":["Perfected Strike+1","EmptyMind+1","Rebound+1"],"picked":"SKIP","floor":45},{"not_picked":["SashWhip+1","Infinite Blades","Combust"],"picked":"SKIP","floor":45},{"not_picked":["Steam","Evaluate","Prostrate+1"],"picked":"SKIP","floor":47},{"not_picked":["Rebound+1","EmptyBody","Study+1"],"picked":"SKIP","floor":47},{"not_picked":["Sword Boomerang+1","Go for the Eyes+1","Backflip+1"],"picked":"SKIP","floor":48},{"not_picked":["Uppercut+1","Panache","Combust+1"],"picked":"SKIP","floor":48}],"player_experience":1012938,"relics_obtained":[{"floor":9,"key":"Boot"},{"floor":13,"key":"Gremlin Horn"},{"floor":17,"key":"CeramicFish"},{"floor":17,"key":"Molten Egg 2"},{"floor":17,"key":"Torii"},{"floor":23,"key":"White Beast Statue"},{"floor":26,"key":"Bag of Preparation"},{"floor":31,"key":"StoneCalendar"},{"floor":31,"key":"Self Forming Clay"},{"floor":38,"key":"Turnip"},{"floor":41,"key":"Peace Pipe"},{"floor":43,"key":"Blue Candle"}],"event_choices":[{"damage_healed":0,"gold_gain":0,"player_choice":"Ignored","damage_taken":0,"max_hp_gain":0,"max_hp_loss":0,"event_name":"Liars Game","floor":5,"gold_loss":0},{"damage_healed":0,"gold_gain":0,"player_choice":"Grow","damage_taken":0,"max_hp_gain":0,"max_hp_loss":0,"event_name":"Living Wall","floor":6,"gold_loss":0,"cards_upgraded":["Armaments"]},{"damage_healed":0,"gold_gain":0,"player_choice":"Searched \u00272\u0027 times","damage_taken":0,"relics_obtained":["Meat on the Bone"],"max_hp_gain":0,"max_hp_loss":0,"event_name":"Dead Adventurer","floor":10,"gold_loss":0},{"damage_healed":0,"gold_gain":100,"player_choice":"Bet on Murderer","damage_taken":0,"max_hp_gain":0,"max_hp_loss":0,"event_name":"The Joust","floor":21,"gold_loss":50},{"damage_healed":0,"gold_gain":0,"player_choice":"Fight","damage_taken":0,"max_hp_gain":0,"max_hp_loss":0,"event_name":"Colosseum","floor":31,"gold_loss":0},{"damage_healed":0,"gold_gain":0,"player_choice":"Fought Nobs","damage_taken":0,"max_hp_gain":0,"max_hp_loss":0,"event_name":"Colosseum","floor":31,"gold_loss":0},{"damage_healed":0,"gold_gain":0,"player_choice":"Fight","damage_taken":0,"max_hp_gain":0,"max_hp_loss":0,"event_name":"MindBloom","floor":38,"gold_loss":0},{"damage_healed":0,"gold_gain":0,"player_choice":"Got Potions","damage_taken":0,"max_hp_gain":0,"max_hp_loss":0,"event_name":"Lab","floor":42,"gold_loss":0}],"is_beta":false,"boss_relics":[{"not_picked":["Runic Cube","Runic Pyramid"],"picked":"Calling Bell"},{"not_picked":["Sozu","Tiny House"],"picked":"Philosopher\u0027s Stone"}],"items_purged_floors":[30],"is_endless":false,"potions_floor_spawned":[1,8,10,13,16,18,22,25,28,29,31,31,33,35,36,38,39,41,44,45,47,48],"ascension_level":0}}