{"host":"5wf60zc4jjt9ov65","time":1610077927,"event":{"mods":["AchievementEnabler","BaseMod","Beaked The Cultist","Better Altar","Better Match","Better Note","Better Sensory Stone","Better Skull","Better Third Choice","BetterRewards","Colored Map","Colored Powertips","Downfall","Googly Eyes","Halation","Highlight Path","Hubris","Infinite Spire","Minty Spire (QoL Compilation)","Permanent Neow","Quick Restart","Replay The Spire","StSLib","The Bug Knight","The Construct"],"gold_per_floor":[10,10,10,10,21,21,38,51,51,17,17,32,167,187,187,289,289,309,321,371,381,381,410,24,53,53,70,70,70,70,82,82,101,101,249,349,385,430,430,470,520,589,589,589,589,589,642,719,969,1051,1051,1222,1222,1296,1296,1342,1429,1429,1529,1730,1690,1690,1690,1795,1720,1720,1720,1720,1916,1916,2033,1958,2082,2227,2416,2416,2559,2559,2609,2609,2806,2721,2721,2905,2955,3107,3107,3293,3522,3620,3853,3853,4088,4412,3679,3679,3679,2953,3144,3218,3482,3482,3790,3790,4045,3601,3601,3601,3833,3833,3833,3352,3375,3375,3604,3668,3915,4189,4189,4566,4566,4881,5212,5212,5212,5212,5579,5579,4775,4775,5081,5081,4671,4981,4856,4856,5245,5245,5612,5306,5720,5763,5248,5248,5602,5602,5652,6004,6004,6416,6416,6829,6829,7348,7348,7348,7094,7572,8129],"floor_reached":160,"playtime":13361,"items_purged":["Defend_B+1","Defend_B+1","Shame","Clumsy","hubris:Sloth","BasicCrystalCard","Loop","Clumsy","Lockon"],"score":4149,"play_id":"e41af186-7b37-4ffc-998d-420942752dbc","local_time":"20210107225207","is_ascension_mode":false,"campfire_choices":[{"data":"ReplayTheSpireMod:Calculation Training","floor":6.0,"key":"SMITH"},{"floor":15.0,"key":"DIG"},{"data":"White Noise","floor":30.0,"key":"SMITH"},{"data":"Genetic Algorithm","floor":32.0,"key":"SMITH"},{"data":"Capacitor","floor":34.0,"key":"SMITH"},{"data":"hubris:Lust","floor":44.0,"key":"PURGE"},{"data":"Darkness","floor":51.0,"key":"SMITH"},{"data":"hubris:Fate","floor":63.0,"key":"SMITH"},{"data":"Aggregate","floor":76.0,"key":"SMITH"},{"data":"Strike_B","floor":78.0,"key":"PURGE"},{"data":"hubris:Disease","floor":85.0,"key":"PURGE"},{"data":"hubris:Disease","floor":102.0,"key":"PURGE"},{"data":"Regret","floor":111.0,"key":"PURGE"},{"data":"Self Repair+1","floor":119.0,"key":"PURGE"},{"data":"Darkness+1","floor":128,"key":"PURGE"},{"data":"hubris:Sloth","floor":132,"key":"SMITH"},{"data":"infinitespire:Punishment","floor":136,"key":"SMITH"},{"data":"Electrodynamics","floor":144,"key":"SMITH"},{"data":"hubris:InfiniteBlow+6","floor":146,"key":"SMITH"},{"data":"hubris:InfiniteBlow+8","floor":156,"key":"SMITH"}],"circlet_count":0,"master_deck":["Strike_B+1","Zap+1","Dualcast+1","Core Surge+1","ReplayTheSpireMod:Calculation Training+1","Force Field+1","Hologram+1","Glacier+1","Cold Snap+1","Apotheosis+1","Sweeping Beam+1","Biased Cognition+1","Conserve Battery+1","White Noise+1","Glacier","Genetic Algorithm+1","hubris:PowerSurge+1","Capacitor+1","AbeCurse","Core Surge+1","Biased Cognition+1","hubris:InfiniteBlow+9","hubris:Fate+1","infinitespire:Punishment+1","Electrodynamics+1","Aggregate+1","Hologram+1","Buffer+1","Echo Form+1","construct:ShieldGenerator+1","infinitespire:UltimateForm+1","Blizzard+1","infinitespire:SealOfDarkness+","hubris:Lust","hubris:DuctTapeCard"],"relics":["Cracked Core","halation:EternalFortune","halation:PinkSoulGem","Replay:Bottled Eggs","hubris:MobiusCoin","hubris:SlimyHat","Cursed Key","Girya","Pantograph","halation:Toothbrush","hubris:FunFungus","infinitespire:EvilPickle","Replay:Wanted Poster","Peace Pipe","Darkstone Periapt","Ice Cream","Question Card","Durian","hubris:DeckOfHolding","infinitespire:SolderingIron","hubris:Towel","halation:PromiseList","hubris:BottledRain","Golden Idol","Inserter","Replay:Wax Seal","CultistMask","hubris:SoftwareUpdate","beaked:SacredNecklace","Potion Belt","Frozen Egg 2","infinitespire:WardingShard","Carrot","halation:Sosunser","White Beast Statue","hubris:Icosahedron","Replay:Frozen Program","hubris:BallOfYels","Garlic","Matryoshka","halation:HeavySnake","Toolbox","ReplayTheSpireMod:TigerMarble","Replay:Bandana","Lantern","halation:BottledHappiness","PreservedInsect","Pen Nib","PrismaticShard","Happy Flower","construct:ClawGrip","Mercury Hourglass","Enchiridion","MutagenicStrength","HollowMod:LifeEnderRelic","Calipers","Lee\u0027s Waffle","halation:PrussianBluePaint","Replay:Antivirus Software","Mummified Hand","ReplayTheSpireMod:Ninjato","Raider\u0027s Mask","infinitespire:FocusingShard","infinitespire:EvilPickle","Busted Crown","Membership Card","Blue Doll","Dream Catcher","Lizard Tail","infinitespire:BottledMercury","hubris:DuctTape","Replay:Rubber Ducky","halation:NonexistentMirror","halation:MonkeysPaw","Toxic Egg 2","Strawberry","halation:Diary","Mirror"],"acts_visited":["Exordium","TheCity","TheBeyond","TheCity","TheBeyond","Exordium","TheCity","TheBeyond","TheEnding"],"potions_floor_usage":[137,148,148],"damage_taken":[{"damage":0.0,"enemies":"Small Slimes","floor":1.0,"turns":3.0},{"damage":0.0,"enemies":"2 Louse","floor":5.0,"turns":2.0},{"damage":1.0,"enemies":"Jaw Worm","floor":7.0,"turns":3.0},{"damage":3.0,"enemies":"Lots of Slimes","floor":8.0,"turns":4.0},{"damage":0.0,"enemies":"2 Fungi Beasts","floor":12.0,"turns":3.0},{"damage":8.0,"enemies":"3 Sentries","floor":13.0,"turns":7.0},{"damage":10.0,"enemies":"Looter","floor":14.0,"turns":3.0},{"damage":35.0,"enemies":"Fading Forest","floor":16.0,"turns":11.0},{"damage":0.0,"enemies":"Spheric Guardian","floor":18.0,"turns":3.0},{"damage":0.0,"enemies":"Chosen","floor":19.0,"turns":4.0},{"damage":8.0,"enemies":"Centurion and Healer","floor":21.0,"turns":10.0},{"damage":18.0,"enemies":"Book of Stabbing","floor":23.0,"turns":9.0},{"damage":5.0,"enemies":"HollowMod:Nosk","floor":25.0,"turns":9.0},{"damage":15.0,"enemies":"Snake Plant","floor":27.0,"turns":5.0},{"damage":3.0,"enemies":"Shelled Parasite and Fungi","floor":31.0,"turns":8.0},{"damage":9.0,"enemies":"Snecko","floor":33.0,"turns":8.0},{"damage":36.0,"enemies":"Pondfish","floor":35.0,"turns":20.0},{"damage":16.0,"enemies":"3 Darklings","floor":37.0,"turns":8.0},{"damage":1.0,"enemies":"Orb Walker","floor":38.0,"turns":3.0},{"damage":6.0,"enemies":"Jaw Worm Horde","floor":40.0,"turns":7.0},{"damage":47.0,"enemies":"Reptomancer","floor":42.0,"turns":12.0},{"damage":16.0,"enemies":"Sphere and 2 Shapes","floor":47.0,"turns":4.0},{"damage":17.0,"enemies":"beaked:SuperParasite","floor":48.0,"turns":16.0},{"damage":29.0,"enemies":"infinitespire:Three Voidlings","floor":49.0,"turns":6.0},{"damage":2.0,"enemies":"Nightmare_Alpha","floor":49.0,"turns":10.0},{"damage":4.0,"enemies":"4 Shapes","floor":50.0,"turns":4.0},{"damage":0.0,"enemies":"Time Eater","floor":52.0,"turns":11.0},{"damage":0.0,"enemies":"Small Slimes","floor":54.0,"turns":4.0},{"damage":24.0,"enemies":"Gremlin Nob","floor":56.0,"turns":4.0},{"damage":18.0,"enemies":"Jaw Worm","floor":57.0,"turns":3.0},{"damage":17.0,"enemies":"Lagavulin","floor":59.0,"turns":4.0},{"damage":0.0,"enemies":"2 Louse","floor":60.0,"turns":2.0},{"damage":0.0,"enemies":"Blue Slaver","floor":64.0,"turns":5.0},{"damage":16.0,"enemies":"The Guardian","floor":69.0,"turns":7.0},{"damage":20.0,"enemies":"Spheric Guardian","floor":71.0,"turns":4.0},{"damage":0.0,"enemies":"Chosen","floor":73.0,"turns":6.0},{"damage":17.0,"enemies":"Shelled Parasite and Fungi","floor":74.0,"turns":3.0},{"damage":39.0,"enemies":"Snecko","floor":75.0,"turns":4.0},{"damage":0.0,"enemies":"Chosen and Byrds","floor":77.0,"turns":7.0},{"damage":11.0,"enemies":"3 Cultists","floor":81.0,"turns":9.0},{"damage":0.0,"enemies":"Sentry and Sphere","floor":84.0,"turns":3.0},{"damage":0.0,"enemies":"Collector","floor":86.0,"turns":6.0},{"damage":27.0,"enemies":"3 Darklings","floor":88.0,"turns":6.0},{"damage":12.0,"enemies":"Orb Walker","floor":89.0,"turns":2.0},{"damage":15.0,"enemies":"Writhing Mass","floor":91.0,"turns":4.0},{"damage":56.0,"enemies":"R_Hoarder","floor":93.0,"turns":7.0},{"damage":40.0,"enemies":"Maw","floor":94.0,"turns":10.0},{"damage":0.0,"enemies":"Jaw Worm Horde","floor":99.0,"turns":3.0},{"damage":0.0,"enemies":"Spire Growth","floor":101.0,"turns":3.0},{"damage":28.0,"enemies":"Donu and Deca","floor":103.0,"turns":7.0},{"damage":0.0,"enemies":"Cultist","floor":105.0,"turns":2.0},{"damage":0.0,"enemies":"Jaw Worm","floor":109.0,"turns":3.0},{"damage":0.0,"enemies":"2 Louse","floor":115.0,"turns":1.0},{"damage":14.0,"enemies":"Lagavulin Event","floor":116.0,"turns":5.0},{"damage":0.0,"enemies":"Exordium Wildlife","floor":117.0,"turns":2.0},{"damage":0.0,"enemies":"2 Fungi Beasts","floor":118.0,"turns":1.0},{"damage":0.0,"enemies":"Hexaghost","floor":120.0,"turns":6.0},{"damage":0.0,"enemies":"2 Thieves","floor":122.0,"turns":3.0},{"damage":0.0,"enemies":"3 Byrds","floor":123.0,"turns":2.0},{"damage":45,"enemies":"Slavers","floor":127,"turns":3},{"damage":1,"enemies":"Cultist and Chosen","floor":131,"turns":4},{"damage":0,"enemies":"Snecko","floor":134,"turns":2},{"damage":0,"enemies":"Pondfish","floor":137,"turns":5},{"damage":0,"enemies":"3 Shapes","floor":139,"turns":1},{"damage":19,"enemies":"Orb Walker","floor":141,"turns":3},{"damage":6,"enemies":"Mind Bloom Boss Battle","floor":142,"turns":4},{"damage":0,"enemies":"R_Hoarder","floor":145,"turns":5},{"damage":1,"enemies":"Nightmare_Alpha","floor":148,"turns":7},{"damage":0,"enemies":"Sphere and 2 Shapes","floor":150,"turns":2},{"damage":5,"enemies":"Jaw Worm Horde","floor":152,"turns":4},{"damage":0,"enemies":"infinitespire:LordOfFortification","floor":154,"turns":10},{"damage":0,"enemies":"Shield and Spear","floor":158,"turns":3},{"damage":47,"enemies":"The Heart","floor":159,"turns":9}],"seed_played":"-8478120493645144199","potions_obtained":[{"floor":1.0,"key":"Adrenaline Potion"},{"floor":7.0,"key":"hexamod:EctoCoolerPotion"},{"floor":13.0,"key":"AttackPotion"},{"floor":25.0,"key":"EntropicBrew"},{"floor":27.0,"key":"Milkshake"},{"floor":35.0,"key":"Flashbang"},{"floor":38.0,"key":"DistilledChaos"},{"floor":48.0,"key":"SteroidPotion"},{"floor":49.0,"key":"PowerPotion"},{"floor":50.0,"key":"DistilledChaos"},{"floor":54.0,"key":"infinitespire:BlackPotion"},{"floor":60.0,"key":"Fire Potion"},{"floor":61.0,"key":"EssenceOfDarkness"},{"floor":61.0,"key":"Guardian:BlockOnCardUsePotion"},{"floor":73.0,"key":"Cursed Concoction"},{"floor":75.0,"key":"EntropicBrew"},{"floor":90.0,"key":"SpeedPotion"},{"floor":90.0,"key":"Toxic Potion"},{"floor":91.0,"key":"PowerPotion"},{"floor":94.0,"key":"FocusPotion"},{"floor":99.0,"key":"EssenceOfDarkness"},{"floor":101.0,"key":"ColorlessPotion"},{"floor":103.0,"key":"ColorlessPotion"},{"floor":105.0,"key":"Elixir"},{"floor":109.0,"key":"DistilledChaos"},{"floor":115.0,"key":"DuplicationPotion"},{"floor":116.0,"key":"Slimebound:ThreeZeroPotion"},{"floor":137,"key":"Weak Potion"},{"floor":139,"key":"PowerPotion"},{"floor":145,"key":"GamblersBrew"},{"floor":148,"key":"Death Potion"},{"floor":158,"key":"champ:CounterPotion"}],"is_trial":false,"path_per_floor":["M","?","?","?","M","R","M","M","T","$","?","M","E","M","R_BF","B",null,"M","M","?","M","?","E","$","E","T","M","PTL","PTL","R","M","R","M","R","B",null,"M","M","?","M","AVR","E","?","R","T","T","M","E","?","M","R","B",null,"M","AVR","?","M","?","E","M","?","T","R","M","?","?","?","R_BF","B",null,"M","?","M","M","M","R","M","R","T","?","M","?","?","M","R","B",null,"M","M","?","M","?","E","M","$","T","?","$","M","T","M","R","B",null,"M","$","?","?","M","?","R","$","T","AVR","M","?","M","M","R","B",null,"M","M","AVR","?","?","E","R","$","T","M","R","$","M","?","R","B",null,"M","$","M","?","?","R","E","R","T","NM","?","M","AVR","M","R_BF","B",null,"R","$","E","B",null],"character_chosen":"DEFECT","items_purchased":["Cold Snap+1","Genetic Algorithm","Pantograph","infinitespire:WardingShard","Carrot","halation:Sosunser","Replay:Frozen Program","hubris:BallOfYels","Garlic","Adrenaline Potion","Toolbox","ReplayTheSpireMod:TigerMarble","Lantern","halation:BottledHappiness","Calipers","Lee\u0027s Waffle","halation:PrussianBluePaint","ReplayTheSpireMod:Ninjato","Raider\u0027s Mask","Membership Card","Blue Doll","Dream Catcher","Toxic Egg 2","Strawberry","halation:Diary"],"campfire_rested":0,"item_purchase_floors":[10,24,24,95,95,95,98,98,98,98,106,106,112,112,129,129,129,133,133,140,140,140,157,157,157],"current_hp_per_floor":[75,78,78,78,78,78,77,74,74,74,74,74,76,73,73,65,78,78,78,78,77,78,67,67,69,69,64,64,64,64,72,72,76,76,71,78,76,78,78,78,81,56,56,59,59,65,61,93,98,95,95,98,98,101,104,80,71,71,56,61,61,67,67,89,89,89,68,99,103,104,85,88,107,106,80,80,107,110,116,116,116,116,119,119,122,125,125,125,113,82,102,102,59,125,128,134,134,137,137,143,143,146,146,146,146,149,149,152,152,158,161,164,170,173,173,173,176,176,179,179,179,179,179,179,163,163,118,121,192,198,198,201,201,201,201,201,201,201,201,201,198,201,201,201,201,201,207,209,209,210,210,210,210,210,210,210,217,217,217],"gold":8129,"neow_bonus":"THREE_RARE_CARDS","is_daily":false,"chose_seed":false,"campfire_upgraded":12,"win_rate":0.0,"timestamp":1610077927,"path_taken":["M","?","?","?","M","R","M","M","T","?","?","?","E","M","R_BF","BOSS","M","M","?","?","?","E","?","E","T","M","PTL","PTL","R","M","R","M","R","BOSS","M","M","?","?","AVR","E","?","R","T","?","?","E","?","M","R","BOSS","M","AVR","?","M","?","E","M","?","T","R","?","?","?","?","R_BF","BOSS","M","?","M","M","M","R","M","R","T","?","?","?","?","M","R","BOSS","M","M","?","M","?","E","M","$","T","?","?","?","?","M","R","BOSS","M","$","?","?","M","?","R","?","T","AVR","M","?","?","M","R","BOSS","M","M","AVR","?","?","E","R","$","T","M","R","$","M","?","R","BOSS","M","$","M","?","?","R","E","R","T","NM","?","M","AVR","M","R_BF","BOSS","R","$","E","BOSS"],"items_purchased_type":["Card","Card","Relic","Relic","Relic","Relic","Relic","Relic","Relic","Potion","Relic","Relic","Relic","Relic","Relic","Relic","Relic","Relic","Relic","Relic","Relic","Relic","Relic","Relic","Relic"],"build_version":"2020-12-22","purchased_purges":9,"victory":true,"max_hp_per_floor":[75,78,78,78,78,78,78,78,78,78,78,78,78,78,78,78,78,78,78,78,78,78,78,78,78,78,78,78,78,78,78,78,78,78,78,78,78,78,78,78,81,81,81,84,84,90,90,93,98,98,98,98,98,101,104,104,104,104,104,107,107,113,113,113,113,104,104,104,104,104,104,107,107,107,107,107,107,110,116,116,116,116,119,119,122,125,125,125,125,125,125,125,125,125,128,134,134,137,137,143,143,146,146,146,146,149,149,152,152,158,161,164,170,173,173,173,176,176,179,179,179,179,179,179,179,179,179,182,192,198,198,201,201,201,201,201,201,201,201,201,201,201,201,201,201,201,207,210,210,210,210,210,210,210,210,210,217,217,217],"card_choices":[{"not_picked":["All For One","Multi-Cast"],"picked":"Core Surge","floor":0.0},{"not_picked":["Barrage","Gash"],"picked":"ReplayTheSpireMod:Calculation Training","floor":1.0},{"not_picked":["Barrage","BasicCrystalCard"],"picked":"Darkness","floor":5.0},{"not_picked":["Beam Cell","ReplaySolidLightProjector"],"picked":"Hologram","floor":7.0},{"not_picked":["Panic Button","Amplify"],"picked":"Glacier","floor":8.0},{"not_picked":["Streamline","Rebound"],"picked":"Self Repair","floor":12.0},{"not_picked":["Doom and Gloom","Steam"],"picked":"Lockon","floor":13.0},{"not_picked":["Beam Cell","Hologram"],"picked":"Sweeping Beam","floor":14.0},{"not_picked":["hubris:Prefetch","All For One"],"picked":"Biased Cognition","floor":16.0},{"not_picked":["ReplayTheSpireMod:Repulse","Crystallizer"],"picked":"Conserve Battery","floor":18.0},{"not_picked":["Storm","Self Repair+1"],"picked":"White Noise","floor":19.0},{"not_picked":["BasicCrystalCard","Sweeping Beam"],"picked":"Streamline","floor":21.0},{"not_picked":["Auto Shields","Doom and Gloom","Panic Button+1"],"picked":"SKIP","floor":23.0},{"not_picked":["Steam+1","Stack","Chaos+1"],"picked":"SKIP","floor":25.0},{"not_picked":["Steam","Go for the Eyes"],"picked":"hubris:PowerSurge","floor":27.0},{"not_picked":["Steam+1","Fusion","Turbo"],"picked":"SKIP","floor":31.0},{"not_picked":["BasicCrystalCard","Turbo"],"picked":"Capacitor","floor":33.0},{"not_picked":["Thunder Strike","hubris:Prefetch"],"picked":"Core Surge","floor":35.0},{"not_picked":["BootSequence","Go for the Eyes","Barrage"],"picked":"SKIP","floor":37.0},{"not_picked":["Gash+1","Storm+1","Leap+1"],"picked":"SKIP","floor":38.0},{"not_picked":["Steam","BasicCrystalCard","Heatsinks"],"picked":"SKIP","floor":40.0},{"not_picked":["Tempest","Redo","Leap+1"],"picked":"SKIP","floor":42.0},{"not_picked":["Conserve Battery","Sweeping Beam","Hologram+1"],"picked":"SKIP","floor":47.0},{"not_picked":["Redo","Heatsinks+1","Go for the Eyes"],"picked":"SKIP","floor":48.0},{"not_picked":["ReplayTheSpireMod:Haul","infinitespire:Fortify"],"picked":"hubris:Fate","floor":49.0},{"not_picked":["Stack+1","ReplayTheSpireMod:Calculation Training","Cold Snap","Beam Cell+1"],"picked":"SKIP","floor":50.0},{"not_picked":["Streamline","Cold Snap","Compile Driver"],"picked":"Loop","floor":54.0},{"not_picked":["Gash","White Noise","Panic Button","Leap"],"picked":"SKIP","floor":57.0},{"not_picked":["Steam Power","Beam Cell","Darkness"],"picked":"Electrodynamics","floor":59.0},{"not_picked":["Streamline","Redo","ReplaySort"],"picked":"BasicCrystalCard","floor":60.0},{"not_picked":["Reinforced Body","Sweeping Beam","Stack","BasicCrystalCard"],"picked":"SKIP","floor":64.0},{"not_picked":["ReplaySolidLightProjector+1","Rebound","Streamline"],"picked":"Aggregate","floor":71.0},{"not_picked":["Cold Snap","Core Surge","Turbo","Beam Cell"],"picked":"SKIP","floor":73.0},{"not_picked":["Scrape+1","Electrodynamics","Steam Power","Streamline"],"picked":"SKIP","floor":74.0},{"not_picked":["ReplaySolidLightProjector","Storm","Gash","Core Surge"],"picked":"SKIP","floor":75.0},{"not_picked":["Stack","BasicCrystalCard+1","All For One","Aggregate+1"],"picked":"SKIP","floor":77.0},{"not_picked":["Rebound","Go for the Eyes+1","Gash","ReplaySolidLightProjector+1"],"picked":"SKIP","floor":81.0},{"not_picked":["Sunder","Streamline","Go for the Eyes","Time Bomb"],"picked":"SKIP","floor":84.0},{"not_picked":["Streamline+1","Redo","Stack+1","Multi-Cast"],"picked":"SKIP","floor":88.0},{"not_picked":["Reprogram+1","Scrape+1","Undo","BasicCrystalCard"],"picked":"SKIP","floor":89.0},{"not_picked":["Rebound","Turbo","Ball Lightning"],"picked":"Hologram+1","floor":90.0},{"not_picked":["Turbo","Beam Cell","ReplayTheSpireMod:Repulse+1","Redo"],"picked":"SKIP","floor":91.0},{"not_picked":["Biased Cognition+1","Undo+1","Coolheaded","Fission"],"picked":"SKIP","floor":93.0},{"not_picked":["Go for the Eyes+1","Steam Power","Hologram+1"],"picked":"Buffer+1","floor":94.0},{"not_picked":["Replay:Fractal Strike","ReplayTheSpireMod:Book of Names"],"picked":"infinitespire:Collect","floor":94.0},{"not_picked":["Beam Cell+1","hubris:Ukulele+1","Go for the Eyes+1","Double Energy+1"],"picked":"SKIP","floor":99.0},{"not_picked":["Barrage+1","ReplayGash","Self Repair+1","Gash+1"],"picked":"SKIP","floor":101.0},{"not_picked":["hubris:SpecializedCircuitry+1","Biased Cognition+1","Creative AI+1"],"picked":"Echo Form+1","floor":103.0},{"not_picked":["White Noise","Cold Snap","Darkness","hubris:Ukulele"],"picked":"SKIP","floor":105.0},{"not_picked":["Electrodynamics+1","White Noise","Cold Snap","Ball Lightning"],"picked":"SKIP","floor":109.0},{"not_picked":["Slimebound:FlameTackle","Sneak Up","Replay:BluntJabs","HollowMod:CloakDash"],"picked":"SKIP","floor":115.0},{"not_picked":["ReplayTheSpireMod:Trickstab","sneckomod:CheapStock+1","Crescendo","champ:DefensiveShout"],"picked":"SKIP","floor":117.0},{"not_picked":["HollowMod:LifebloodCocoon","Feel No Pain+1","beaked:SurvivalInstinct","Tantrum"],"picked":"SKIP","floor":118.0},{"not_picked":["Malaise","construct:MassProduction","sneckomod:MorePower+1"],"picked":"construct:ShieldGenerator+1","floor":120.0},{"not_picked":["Caltrops+1","Replay:AtTheReady+1","sneckomod:CheapStock+1","construct:SaveState+1"],"picked":"SKIP","floor":122.0},{"not_picked":["ReplayTheSpireMod:GoodbyeWorld+1","Dash","Cold Snap","Guardian:Recover"],"picked":"SKIP","floor":123.0},{"not_picked":["CrushJoints","Panacea","Rage","HollowMod:VoidDash"],"picked":"SKIP","floor":127},{"not_picked":["Conserve Battery","SashWhip","Slimebound:PressTheAttack"],"picked":"Blizzard+1","floor":131},{"not_picked":["sneckomod:SoulCleanse","Guardian:Recover","beaked:SurvivalInstinct","sneckomod:DefensiveFlair"],"picked":"SKIP","floor":134},{"not_picked":["champ:FlashCut+1"],"picked":"construct:Analyze+1","floor":139},{"not_picked":["EmptyFist+1","Deadly Poison"],"picked":"SKIP","floor":141},{"not_picked":["ReplayTheSpireMod:??????????????????????","hubris:InfiniteBlow+1"],"picked":"infinitespire:SealOfDarkness+","floor":143},{"not_picked":["construct:ChargeShot","hexamod:SoulSteal+1"],"picked":"SKIP","floor":145},{"not_picked":["Endless Agony","Consecrate"],"picked":"SKIP","floor":148},{"not_picked":["Endless Agony","Consecrate"],"picked":"SKIP","floor":148},{"not_picked":["Slimebound:OneTwoCombo","beaked:RitualOfBody+1"],"picked":"SKIP","floor":150},{"not_picked":["expansioncontent:BronzeBeam+1","Twin Strike+1"],"picked":"SKIP","floor":152},{"not_picked":["hexamod:SpectersWail","Poisoned Stab"],"picked":"SKIP","floor":158}],"player_experience":30667,"relics_obtained":[{"floor":9.0,"key":"Replay:Bottled Eggs"},{"floor":13.0,"key":"hubris:MobiusCoin"},{"floor":15.0,"key":"hubris:SlimyHat"},{"floor":23.0,"key":"Girya"},{"floor":25.0,"key":"halation:Toothbrush"},{"floor":26.0,"key":"hubris:FunFungus"},{"floor":42.0,"key":"Peace Pipe"},{"floor":45.0,"key":"Darkstone Periapt"},{"floor":46.0,"key":"Ice Cream"},{"floor":48.0,"key":"halation:EternalFortune"},{"floor":48.0,"key":"Question Card"},{"floor":49.0,"key":"Durian"},{"floor":54.0,"key":"halation:EternalFortune"},{"floor":59.0,"key":"halation:PromiseList"},{"floor":60.0,"key":"halation:EternalFortune"},{"floor":62.0,"key":"hubris:BottledRain"},{"floor":79.0,"key":"Replay:Wax Seal"},{"floor":86.0,"key":"halation:EternalFortune"},{"floor":90.0,"key":"Potion Belt"},{"floor":93.0,"key":"Frozen Egg 2"},{"floor":96.0,"key":"White Beast Statue"},{"floor":100.0,"key":"Matryoshka"},{"floor":113.0,"key":"PreservedInsect"},{"floor":113.0,"key":"Pen Nib"},{"floor":116.0,"key":"Happy Flower"},{"floor":117.0,"key":"halation:EternalFortune"},{"floor":125.0,"key":"Enchiridion"},{"floor":127,"key":"HollowMod:LifeEnderRelic"},{"floor":130,"key":"Replay:Antivirus Software"},{"floor":130,"key":"Mummified Hand"},{"floor":142,"key":"Lizard Tail"},{"floor":145,"key":"infinitespire:BottledMercury"},{"floor":147,"key":"hubris:DuctTape"},{"floor":148,"key":"halation:EternalFortune"},{"floor":148,"key":"Replay:Rubber Ducky"},{"floor":158,"key":"Mirror"}],"event_choices":[{"damage_healed":0.0,"max_hp_gain":0.0,"max_hp_loss":0.0,"gold_gain":0.0,"cards_transformed":["Strike_B"],"event_name":"Living Wall","player_choice":"Change","floor":3.0,"gold_loss":0.0,"damage_taken":0.0,"cards_obtained":["Force Field"]},{"damage_healed":74.0,"max_hp_gain":0.0,"max_hp_loss":78.0,"gold_gain":0.0,"event_name":"betterThird:BetterShining","player_choice":"Embrace","floor":11.0,"gold_loss":0.0,"damage_taken":0.0},{"damage_healed":0.0,"max_hp_gain":0.0,"max_hp_loss":0.0,"gold_gain":0.0,"cards_transformed":["Strike_B"],"event_name":"Transmorgrifier","player_choice":"Transformed","floor":20.0,"gold_loss":0.0,"damage_taken":0.0,"cards_obtained":["Glacier"]},{"cards_removed":["Streamline"],"damage_healed":5.0,"max_hp_gain":0.0,"max_hp_loss":0.0,"gold_gain":0.0,"event_name":"Bonfire Elementals","player_choice":"Offered Common","floor":22.0,"gold_loss":0.0,"damage_taken":0.0},{"cards_removed":["Streamline"],"damage_healed":5.0,"max_hp_gain":0.0,"max_hp_loss":0.0,"gold_gain":0.0,"event_name":"Bonfire Elementals","player_choice":"Offered Special","floor":22.0,"gold_loss":0.0,"damage_taken":0.0},{"damage_healed":0.0,"max_hp_gain":0.0,"max_hp_loss":0.0,"gold_gain":0.0,"event_name":"Duplicator","player_choice":"Copied","floor":39.0,"gold_loss":0.0,"damage_taken":0.0,"cards_obtained":["Biased Cognition"]},{"damage_healed":0.0,"max_hp_gain":0.0,"max_hp_loss":0.0,"gold_gain":0.0,"event_name":"Dead Adventurer","player_choice":"Searched \u00272\u0027 times","floor":56.0,"gold_loss":0.0,"damage_taken":0.0,"relics_obtained":["infinitespire:SolderingIron"]},{"damage_healed":0.0,"max_hp_gain":0.0,"max_hp_loss":0.0,"gold_gain":0.0,"event_name":"The Woman in Blue","player_choice":"Bought 3 Potions","floor":61.0,"gold_loss":0.0,"damage_taken":0.0},{"damage_healed":0.0,"max_hp_gain":0.0,"max_hp_loss":0.0,"gold_gain":0.0,"event_name":"betterMatch:BetterMatch","player_choice":"2","floor":65.0,"gold_loss":0.0,"damage_taken":0.0,"cards_obtained":["betterMatch:RareCard"]},{"damage_healed":0.0,"max_hp_gain":0.0,"max_hp_loss":9.0,"gold_gain":0.0,"event_name":"Golden Idol","player_choice":"Lose Max HP","floor":66.0,"gold_loss":0.0,"damage_taken":0.0,"relics_obtained":["Golden Idol"]},{"damage_healed":89.0,"max_hp_gain":0.0,"max_hp_loss":104.0,"gold_gain":0.0,"event_name":"betterThird:BetterShining","player_choice":"Upgrade","floor":67.0,"gold_loss":0.0,"damage_taken":21.0,"cards_upgraded":["Force Field","Self Repair"]},{"cards_removed":["Slimebound:Icky"],"damage_healed":0.0,"max_hp_gain":0.0,"max_hp_loss":0.0,"gold_gain":0.0,"event_name":"Beggar","player_choice":"Gave Gold","floor":72.0,"gold_loss":75.0,"damage_taken":0.0},{"damage_healed":0.0,"max_hp_gain":0.0,"max_hp_loss":0.0,"gold_gain":0.0,"event_name":"FaceTrader","player_choice":"Trade","floor":80.0,"gold_loss":0.0,"damage_taken":0.0,"relics_obtained":["CultistMask"]},{"damage_healed":0.0,"max_hp_gain":0.0,"max_hp_loss":0.0,"gold_gain":0.0,"event_name":"Addict","player_choice":"Obtained Relic","floor":82.0,"gold_loss":85.0,"damage_taken":0.0,"relics_obtained":["hubris:SoftwareUpdate"]},{"cards_removed":["Defend_B"],"damage_healed":0.0,"max_hp_gain":0.0,"max_hp_loss":0.0,"gold_gain":0.0,"event_name":"Wheel of Change","player_choice":"Card Removal","floor":83.0,"gold_loss":0.0,"damage_taken":0.0},{"cards_removed":["Defend_B"],"damage_healed":0.0,"max_hp_gain":0.0,"max_hp_loss":0.0,"gold_gain":0.0,"event_name":"The Cleric","player_choice":"Card Removal","floor":108.0,"gold_loss":50.0,"damage_taken":0.0},{"damage_healed":0.0,"max_hp_gain":0.0,"max_hp_loss":0.0,"gold_gain":0.0,"event_name":"Big Fish","player_choice":"Box","floor":110.0,"gold_loss":0.0,"damage_taken":0.0,"relics_obtained":["Replay:Bandana"],"cards_obtained":["Regret"]},{"damage_healed":0.0,"max_hp_gain":0.0,"max_hp_loss":0.0,"gold_gain":0.0,"event_name":"Dead Adventurer","player_choice":"Searched \u00272\u0027 times","floor":116.0,"gold_loss":0.0,"damage_taken":0.0},{"damage_healed":0.0,"max_hp_gain":0.0,"max_hp_loss":0.0,"gold_gain":0.0,"event_name":"Cursed Tome","player_choice":"Obtained Book","floor":125.0,"gold_loss":0.0,"damage_taken":16.0},{"damage_healed":0.0,"max_hp_gain":0.0,"max_hp_loss":0.0,"gold_gain":0.0,"event_name":"Drug Dealer","player_choice":"Inject Mutagens","floor":126.0,"gold_loss":0.0,"damage_taken":0.0,"relics_obtained":["MutagenicStrength"]},{"damage_healed":0,"gold_gain":0,"player_choice":"Paid Gold","damage_taken":0,"relics_obtained":["infinitespire:FocusingShard"],"max_hp_gain":0,"max_hp_loss":0,"event_name":"WeMeetAgain","floor":135,"gold_loss":125},{"damage_healed":0,"gold_gain":0,"player_choice":"Fight","damage_taken":0,"max_hp_gain":0,"max_hp_loss":0,"event_name":"MindBloom","floor":142,"gold_loss":0}],"is_beta":false,"boss_relics":[{"not_picked":["beaked:MawFillet","Tiny House"],"picked":"Cursed Key"},{"not_picked":["Velvet Choker","halation:Yufonium"],"picked":"Replay:Wanted Poster"},{"not_picked":["Replay:Grab Bag","halation:HeavySnake","halation:CatFaceCupcake"]},{"not_picked":["Snecko Eye","halation:SmartPhone"],"picked":"Inserter"},{"not_picked":["halation:LoveArrow","Ring of Chaos"],"picked":"beaked:SacredNecklace"},{"not_picked":["Fusion Hammer","Runic Pyramid"],"picked":"halation:HeavySnake"},{"not_picked":["hubris:Stopwatch","Snecko Eye"],"picked":"construct:ClawGrip"},{"not_picked":["Replay:Bronze Core","halation:PlatinumPhoenix"],"picked":"Busted Crown"},{"not_picked":["Velvet Choker","construct:WeddingRing"],"picked":"halation:MonkeysPaw"}],"items_purged_floors":[24,41,55,95,98,106,112,114,129],"is_endless":true,"potions_floor_spawned":[1,7,13,25,27,35,38,48,49,49,50,54,60,73,75,77,84,91,94,99,101,103,105,109,115,116,117,118,120,122,123,127,131,134,137,139,141,142,145,148,150,152,154,158,159],"ascension_level":0}}