{"host":"2lvuisjyit3p3u01","time":1610106073,"event":{"mods":["Act Like it!","BaseMod","Bestiary","Better Synergies","CapriCore","Colored Map","Colored Powertips","Duelist Mod","GifTheSpireLib","Minty Spire (QoL Compilation)","Quick Restart","Replay The Spire","StSLib"],"gold_per_floor":[286,349,65,65,123,123,199,199,222,222,13,35,56,83,83,246,296,375,397,33,33,89,89,140,174,199,224,50,50,56,56],"floor_reached":30,"playtime":1966,"items_purged":["theDuelist:CastleWalls","theDuelist:CastleWalls","theDuelist:GoldenSparks+1"],"score":325,"play_id":"c533f032-f72e-4fbd-9014-a665d7f7c260","local_time":"20210108134113","is_ascension_mode":false,"campfire_choices":[{"data":"theDuelist:CyberneticFusion","floor":6.0,"key":"SMITH"},{"data":"theDuelist:Deskbot003","floor":10.0,"key":"SMITH"},{"data":"theDuelist:MetalDetector","floor":15.0,"key":"SMITH"},{"data":"theDuelist:PerfectMachineKing","floor":23,"key":"SMITH"}],"circlet_count":0,"master_deck":["theDuelist:Deskbot004+1","theDuelist:PotDuality+1","theDuelist:Deskbot003+1","theDuelist:Biofalcon+1","theDuelist:Deskbot005+1","theDuelist:GearGigant+1","theDuelist:Deskbot005+1","theDuelist:SwordsConcealing+1","theDuelist:Deskbot001+1","theDuelist:JunkKuriboh+1","theDuelist:CyberArchfiend+1","theDuelist:CyberneticFusion+1","theDuelist:Oilman+1","theDuelist:MetalDetector+1","theDuelist:DarkFactory+1","theDuelist:Deskbot004+1","theDuelist:SlotMachine+1","theDuelist:GreenGadget+1","theDuelist:PerfectMachineKing+1","theDuelist:GenexAllyBirdman+1","theDuelist:GenexAllyBirdman+1"],"relics":["theDuelist:MillenniumPuzzle","theDuelist:CardPoolRelic","theDuelist:CardPoolBasicRelic","theDuelist:BoosterPackPoolRelic","theDuelist:CardPoolAddRelic","theDuelist:CardPoolMinusRelic","theDuelist:CardPoolSaveRelic","theDuelist:CardPoolOptionsRelic","Sling","Anchor","Replay:Bandana","Tiny House","theDuelist:DuelistOrichalcum","theDuelist:KaibaToken","theDuelist:ElectricBurst","theDuelist:ZoneToken"],"acts_visited":["Exordium","TheCity"],"potions_floor_usage":[18,18,27],"damage_taken":[{"damage":0.0,"enemies":"2 Louse","floor":1.0,"turns":3.0},{"damage":3.0,"enemies":"Jaw Worm","floor":2.0,"turns":5.0},{"damage":22.0,"enemies":"Lagavulin","floor":7.0,"turns":4.0},{"damage":0.0,"enemies":"Small Slimes","floor":12.0,"turns":1.0},{"damage":3.0,"enemies":"Exordium Thugs","floor":13.0,"turns":6.0},{"damage":3.0,"enemies":"Red Slaver","floor":14.0,"turns":2.0},{"damage":3.0,"enemies":"The Guardian","floor":16.0,"turns":3.0},{"damage":16,"enemies":"Chosen","floor":18,"turns":6},{"damage":25,"enemies":"3 Byrds","floor":19,"turns":7},{"damage":2,"enemies":"3 Cultists","floor":22,"turns":5},{"damage":16,"enemies":"theDuelist:KaibaA2","floor":24,"turns":5},{"damage":14,"enemies":"Cultist and Chosen","floor":25,"turns":5},{"damage":11,"enemies":"Snake Plant","floor":27,"turns":3},{"damage":4,"enemies":"Centurion and Healer","floor":30,"turns":4}],"seed_played":"8009717827472894411","potions_obtained":[{"floor":7.0,"key":"theDuelist:SolderPotion"},{"floor":12.0,"key":"Cursed Concoction"},{"floor":16.0,"key":"theDuelist:FusionPotion"},{"floor":17,"key":"Ancient Potion"},{"floor":22,"key":"theDuelist:TributeBottle"},{"floor":24,"key":"Strength Potion"},{"floor":25,"key":"DistilledChaos"}],"is_trial":false,"path_per_floor":["M","M","$","?","?","R","E","?","T","R","$","M","M","M","R","B",null,"M","M","$","?","M","R","E","M","T","M","$","?","M"],"character_chosen":"THE_DUELIST","items_purchased":["theDuelist:Deskbot003","Sling","theDuelist:Oilman+1","Fire Potion","theDuelist:SwordsConcealing","theDuelist:DuelistOrichalcum","theDuelist:VampireVial","FearPotion"],"campfire_rested":0,"item_purchase_floors":[3,3,11,11,20,20,20,28],"current_hp_per_floor":[80,77,77,77,77,77,55,55,55,55,55,55,52,49,49,46,85,69,44,44,44,42,42,26,12,12,1,1,1,0,0],"gold":56,"neow_bonus":"HUNDRED_GOLD","is_daily":false,"chose_seed":false,"campfire_upgraded":4,"win_rate":0.0,"timestamp":1610106073,"path_taken":["M","M","$","?","?","R","E","?","T","R","$","M","M","M","R","BOSS","M","M","$","?","M","R","E","?","T","M","?","?","M"],"items_purchased_type":["Card","Relic","Card","Potion","Card","Relic","Potion","Potion"],"build_version":"2020-12-22","purchased_purges":3,"victory":false,"max_hp_per_floor":[80,80,80,80,80,80,80,80,80,80,80,80,80,80,80,80,85,85,85,85,85,85,85,85,85,85,85,85,85,85,85],"card_choices":[{"not_picked":["theDuelist:BreakDraw","theDuelist:AncientGearFist","theDuelist:Factory100Machines","theDuelist:MachineFactory"],"picked":"theDuelist:CyberneticFusion","floor":1.0},{"not_picked":["theDuelist:Geargiauger","theDuelist:YellowGadget","theDuelist:Deskbot005","theDuelist:SolarWindJammer"],"picked":"theDuelist:GearGigant","floor":2.0},{"not_picked":["theDuelist:AncientGearFist","theDuelist:AncientGearExplosive","theDuelist:ZONE","theDuelist:RevolvingSwitchyard"],"picked":"theDuelist:PotDuality","floor":7.0},{"not_picked":["theDuelist:GravityBlaster","theDuelist:AncientGearFist","theDuelist:PotDuality","theDuelist:AncientGearWorkshop","theDuelist:MachineDuplication"],"picked":"SKIP","floor":12.0},{"not_picked":["theDuelist:LimiterRemoval","theDuelist:BreakDraw","theDuelist:MachineDuplication","theDuelist:SevenCompleted"],"picked":"theDuelist:DarkFactory","floor":13.0},{"not_picked":["theDuelist:ParallelPortArmor","theDuelist:IronDraw","theDuelist:ArtifactIgnition","theDuelist:Tuningware"],"picked":"theDuelist:MetalDetector","floor":14.0},{"not_picked":["theDuelist:Shekhinaga","theDuelist:SolemnStrike","theDuelist:GoldenBlastJuggler","theDuelist:Deskbot007"],"picked":"theDuelist:SlotMachine","floor":16.0},{"not_picked":["theDuelist:FrontlineObserver","theDuelist:YellowGadget+1","theDuelist:Deskbot004+1","theDuelist:RoboticKnight"],"picked":"theDuelist:JunkKuriboh","floor":18},{"not_picked":["theDuelist:GearGigant","theDuelist:Geargiauger","theDuelist:Deskbot005+1","theDuelist:YellowGadget"],"picked":"theDuelist:Deskbot001+1","floor":19},{"not_picked":["theDuelist:Hinotama","theDuelist:LightningDarts","theDuelist:JunkSpeeder","theDuelist:Raigeki"],"picked":"theDuelist:PerfectMachineKing","floor":22},{"not_picked":["theDuelist:CannonSoldier+1","theDuelist:Deskbot004","theDuelist:FrontlineObserver","theDuelist:Biofalcon"],"picked":"theDuelist:GenexAllyBirdman","floor":24},{"not_picked":["theDuelist:ScrapIronScarecrow","theDuelist:Deskbot004","theDuelist:Deskbot005","theDuelist:MetalDragon"],"picked":"theDuelist:GenexAllyBirdman","floor":25},{"not_picked":["theDuelist:AncientGearFist+1","theDuelist:CoreBlaster+1","theDuelist:DoubleTool+1","theDuelist:ParallelPortArmor","theDuelist:SparkBlaster+1"],"picked":"SKIP","floor":27}],"player_experience":276608,"relics_obtained":[{"floor":7.0,"key":"Anchor"},{"floor":9.0,"key":"Replay:Bandana"},{"floor":24,"key":"theDuelist:ElectricBurst"},{"floor":26,"key":"theDuelist:ZoneToken"}],"event_choices":[{"damage_healed":0.0,"max_hp_gain":0.0,"max_hp_loss":0.0,"gold_gain":0.0,"event_name":"Tomb of the Nameless","player_choice":"Leave","duelist":true,"floor":4.0,"gold_loss":0.0,"damage_taken":0.0},{"damage_healed":0.0,"max_hp_gain":0.0,"max_hp_loss":0.0,"gold_gain":58.0,"event_name":"Golden Wing","player_choice":"Gained Gold","floor":5.0,"gold_loss":0.0,"damage_taken":0.0},{"damage_healed":0.0,"max_hp_gain":0.0,"max_hp_loss":0.0,"gold_gain":0.0,"event_name":"Card Trader","player_choice":"Traded Sparks for Cyber Archfiend","duelist":true,"floor":8.0,"gold_loss":0.0,"damage_taken":0.0},{"damage_healed":0,"gold_gain":0,"player_choice":"Gave Potion","damage_taken":0,"relics_obtained":["theDuelist:KaibaToken"],"max_hp_gain":0,"max_hp_loss":0,"event_name":"WeMeetAgain","floor":21,"gold_loss":0},{"damage_healed":0,"gold_gain":0,"player_choice":"Ignored","damage_taken":0,"max_hp_gain":0,"max_hp_loss":0,"event_name":"Upgrade Shrine","floor":29,"gold_loss":0}],"is_beta":false,"boss_relics":[{"not_picked":["Ectoplasm","Painkiller Herb"],"picked":"Tiny House"}],"items_purged_floors":[3,11,28],"is_endless":false,"potions_floor_spawned":[7,12,16,22,24,25],"killed_by":"Centurion and Healer","ascension_level":0}}