{"host":"sav7uxregyirlf69","time":1610097420,"event":{"mods":["AchievementEnabler","BaseMod","Colored Map","DeckTracker","Keyboard Shortcuts","Minty Spire (QoL Compilation)","READ ME - Guardian Mod","StSLib","SuperFastMode"],"gold_per_floor":[109,122,122,22,97,97,97,117,117,117,137,153,153,168,168,243,243,262,262,57,57,0,0,29,29,82,7,39,39,39,53,53,125,125,143,43,43,0,18,18,35,35,35,35,53,53,53,70,70,70,70,70],"floor_reached":51,"playtime":1207,"items_purged":["Strike_G","Deadly Poison"],"score":1342,"play_id":"c86ef469-354f-4262-952a-b389f18edade","local_time":"20210108181700","is_ascension_mode":true,"campfire_choices":[{"data":"All Out Attack","floor":6.0,"key":"SMITH"},{"data":"Footwork","floor":10.0,"key":"SMITH"},{"data":"Envenom","floor":13.0,"key":"SMITH"},{"data":"Neutralize","floor":15.0,"key":"SMITH"},{"data":"Phantasmal Killer","floor":23,"key":"SMITH"},{"data":"Caltrops","floor":25,"key":"SMITH"},{"floor":29,"key":"REST"},{"data":"Noxious Fumes","floor":32,"key":"SMITH"},{"floor":42,"key":"REST"},{"floor":46,"key":"REST"},{"data":"Blur","floor":49,"key":"SMITH"}],"circlet_count":0,"master_deck":["AscendersBane","Survivor","Neutralize+1","Good Instincts","All Out Attack+1","Footwork+1","Blur+1","Envenom+1","Riddle With Holes","Adrenaline","Deflect","Adrenaline","Phantasmal Killer+1","Infinite Blades","Caltrops+1","Backflip","Noxious Fumes+1","Acrobatics+1","Good Instincts","Backflip+1"],"relics":["Ring of the Snake","Thread and Needle","Pandora\u0027s Box","Ancient Tea Set","Boot","Matryoshka","Empty Cage","Red Mask","Mummified Hand","Bottled Lightning"],"acts_visited":["Exordium","TheCity","TheBeyond"],"potions_floor_usage":[28,50,50],"damage_taken":[{"damage":2.0,"enemies":"Jaw Worm","floor":1.0,"turns":6.0},{"damage":0.0,"enemies":"2 Louse","floor":2.0,"turns":2.0},{"damage":0.0,"enemies":"Small Slimes","floor":8.0,"turns":1.0},{"damage":1.0,"enemies":"Blue Slaver","floor":11.0,"turns":5.0},{"damage":0.0,"enemies":"2 Fungi Beasts","floor":12.0,"turns":3.0},{"damage":0.0,"enemies":"3 Louse","floor":14.0,"turns":3.0},{"damage":0.0,"enemies":"Hexaghost","floor":16.0,"turns":12.0},{"damage":11.0,"enemies":"3 Byrds","floor":18.0,"turns":3.0},{"damage":7,"enemies":"Gremlin Leader","floor":24,"turns":8},{"damage":30,"enemies":"Slavers","floor":28,"turns":5},{"damage":0,"enemies":"Chosen","floor":31,"turns":3},{"damage":34,"enemies":"Automaton","floor":33,"turns":10},{"damage":34,"enemies":"3 Shapes","floor":35,"turns":4},{"damage":0,"enemies":"Orb Walker","floor":39,"turns":4},{"damage":17,"enemies":"Jaw Worm Horde","floor":41,"turns":4},{"damage":4,"enemies":"Transient","floor":45,"turns":6},{"damage":0,"enemies":"Sphere and 2 Shapes","floor":48,"turns":5},{"damage":30,"enemies":"Awakened One","floor":50,"turns":12},{"damage":23,"enemies":"Time Eater","floor":51,"turns":6}],"seed_played":"5011795708733939480","potions_obtained":[{"floor":2.0,"key":"SpeedPotion"},{"floor":11.0,"key":"BlessingOfTheForge"},{"floor":28,"key":"ColorlessPotion"},{"floor":33,"key":"BlessingOfTheForge"},{"floor":41,"key":"CultistPotion"}],"is_trial":false,"path_per_floor":["M","M","?","$","?","R","?","M","T","R","M","M","R","M","R","B",null,"M","?","$","?","?","R","E","R","T","?","E","R","$","M","R","B",null,"M","$","?","?","M","?","M","R","T","?","M","R","$","M","R","B","B"],"character_chosen":"THE_SILENT","items_purchased":["Poisoned Stab","Backflip","Noxious Fumes","Fruit Juice"],"campfire_rested":3,"item_purchase_floors":[4,20,20,20],"current_hp_per_floor":[57,57,57,57,46,46,51,51,51,51,50,50,50,50,50,50,66,55,55,55,55,55,55,48,48,48,48,23,45,45,45,45,11,60,26,26,26,26,26,26,9,30,30,30,26,47,47,47,47,17,0,0],"gold":70,"neow_bonus":"RANDOM_COLORLESS","is_daily":false,"chose_seed":false,"campfire_upgraded":8,"win_rate":0.0,"timestamp":1610097420,"path_taken":["M","M","?","$","?","R","?","M","T","R","M","M","R","M","R","BOSS","M","?","$","?","?","R","E","R","T","?","E","R","$","M","R","BOSS","M","$","?","?","M","?","M","R","T","?","M","R","?","M","R","BOSS","BOSS"],"items_purchased_type":["Card","Card","Card","Potion"],"build_version":"2020-12-22","purchased_purges":2,"victory":false,"max_hp_per_floor":[66,66,66,66,66,66,71,71,71,71,71,71,71,71,71,71,71,71,71,71,71,71,71,71,71,71,71,76,76,76,76,76,76,76,76,76,76,76,76,72,72,72,72,72,72,72,72,72,72,72,72,72],"card_choices":[{"not_picked":["Blind","Mind Blast"],"picked":"Good Instincts","floor":0.0},{"not_picked":["PiercingWail","Heel Hook"],"picked":"All Out Attack","floor":1.0},{"not_picked":["Backflip","Sucker Punch"],"picked":"Footwork","floor":2.0},{"not_picked":["Flechettes","Deflect"],"picked":"Blur","floor":8.0},{"not_picked":["Prepared","PiercingWail","Poisoned Stab"],"picked":"SKIP","floor":11.0},{"not_picked":["Concentrate","Finisher"],"picked":"Envenom","floor":12.0},{"not_picked":["PiercingWail","Underhanded Strike"],"picked":"Riddle With Holes","floor":14.0},{"not_picked":["Venomology","A Thousand Cuts"],"picked":"Adrenaline","floor":16.0},{"not_picked":["Footwork","Infinite Blades","PiercingWail"],"picked":"SKIP","floor":18.0},{"not_picked":["PiercingWail","Prepared","Quick Slash"],"picked":"SKIP","floor":24},{"not_picked":["Distraction","Expertise","Unload"],"picked":"SKIP","floor":28},{"not_picked":["Outmaneuver","Poisoned Stab","Quick Slash"],"picked":"SKIP","floor":31},{"not_picked":["Outmaneuver","Bouncing Flask"],"picked":"Acrobatics+1","floor":35},{"not_picked":["Poisoned Stab","Prepared+1","Sucker Punch"],"picked":"SKIP","floor":39},{"not_picked":["Terror","Backstab","Skewer"],"picked":"SKIP","floor":41},{"not_picked":["Metamorphosis","Violence"],"picked":"Good Instincts","floor":44},{"not_picked":["Endless Agony","Expertise"],"picked":"Backflip+1","floor":45},{"not_picked":["Crippling Poison","Bane","Caltrops"],"picked":"SKIP","floor":48}],"player_experience":1199885,"relics_obtained":[{"floor":9.0,"key":"Thread and Needle"},{"floor":24,"key":"Ancient Tea Set"},{"floor":26,"key":"Boot"},{"floor":28,"key":"Matryoshka"},{"floor":43,"key":"Mummified Hand"},{"floor":43,"key":"Bottled Lightning"}],"event_choices":[{"damage_healed":0.0,"max_hp_gain":0.0,"max_hp_loss":0.0,"gold_gain":0.0,"cards_transformed":["Defend_G"],"event_name":"Living Wall","player_choice":"Change","floor":3.0,"gold_loss":0.0,"damage_taken":0.0,"cards_obtained":["Prepared"]},{"damage_healed":0.0,"max_hp_gain":0.0,"max_hp_loss":0.0,"gold_gain":75.0,"event_name":"World of Goop","player_choice":"Gather Gold","floor":5.0,"gold_loss":0.0,"damage_taken":11.0},{"damage_healed":0.0,"max_hp_gain":5.0,"max_hp_loss":0.0,"gold_gain":0.0,"event_name":"Big Fish","player_choice":"Donut","floor":7.0,"gold_loss":0.0,"damage_taken":0.0},{"damage_healed":0.0,"max_hp_gain":0.0,"max_hp_loss":0.0,"gold_gain":0.0,"event_name":"Ghosts","player_choice":"Ignored","floor":19.0,"gold_loss":0.0,"damage_taken":0.0},{"damage_healed":0.0,"max_hp_gain":0.0,"max_hp_loss":0.0,"gold_gain":0.0,"event_name":"Vampires","player_choice":"Ignored","floor":21.0,"gold_loss":0.0,"damage_taken":0.0},{"damage_healed":0,"gold_gain":0,"player_choice":"Paid Fearfully","damage_taken":0,"max_hp_gain":0,"max_hp_loss":0,"event_name":"Masked Bandits","floor":22,"gold_loss":57},{"cards_removed":["Quick Slash"],"damage_healed":0,"gold_gain":0,"player_choice":"Gave Gold","damage_taken":0,"max_hp_gain":0,"max_hp_loss":0,"event_name":"Beggar","floor":27,"gold_loss":75},{"cards_removed":["Prepared"],"damage_healed":0,"gold_gain":0,"player_choice":"Removed Skill","damage_taken":0,"max_hp_gain":0,"max_hp_loss":0,"event_name":"Falling","floor":37,"gold_loss":0},{"damage_healed":0,"gold_gain":0,"player_choice":"Paid","damage_taken":0,"relics_obtained":["Red Mask"],"max_hp_gain":0,"max_hp_loss":0,"event_name":"Tomb of Lord Red Mask","floor":38,"gold_loss":43},{"damage_healed":0,"gold_gain":0,"player_choice":"Max HP","damage_taken":0,"max_hp_gain":0,"max_hp_loss":4,"event_name":"Winding Halls","floor":40,"gold_loss":0},{"damage_healed":0,"gold_gain":0,"player_choice":"Memory 1","damage_taken":0,"max_hp_gain":0,"max_hp_loss":0,"event_name":"SensoryStone","floor":44,"gold_loss":0}],"is_beta":false,"boss_relics":[{"not_picked":["Philosopher\u0027s Stone","SlaversCollar"],"picked":"Pandora\u0027s Box"},{"not_picked":["HoveringKite","Snecko Eye"],"picked":"Empty Cage"}],"items_purged_floors":[4,36],"is_endless":false,"potions_floor_spawned":[2,11,12,28,31,33,39,41,45],"killed_by":"Time Eater","ascension_level":20}}