{"host":"wha9hktbkslqvblg","time":1610110040,"event":{"mods":["BaseMod","Colored Map","Minty Spire (QoL Compilation)","Relic Stats","SuperFastMode","everything is the same but u backflip on backflip"],"gold_per_floor":[18,33,45,62,89,14,14,26,26,52,71,101,101,131,131,131,131],"floor_reached":16,"playtime":282,"items_purged":["Strike_R"],"score":244,"play_id":"8fa70a49-685a-403a-9b4e-5e93f7170b5a","local_time":"20210108214720","is_ascension_mode":true,"campfire_choices":[{"data":"Immolate","floor":15,"key":"SMITH"}],"circlet_count":0,"master_deck":["AscendersBane","Strike_R","Strike_R","Strike_R","Strike_R","Defend_R","Defend_R","Defend_R","Defend_R","Bash","Immolate+1","Shockwave","Second Wind","Ghostly Armor"],"relics":["Burning Blood","Bronze Scales","Ginger","Nunchaku","Happy Flower","Pen Nib","Blood Vial"],"acts_visited":["Exordium"],"potions_floor_usage":[10,10,10,14,16,16],"damage_taken":[{"damage":1,"enemies":"Cultist","floor":1,"turns":3},{"damage":0,"enemies":"2 Louse","floor":2,"turns":2},{"damage":6,"enemies":"Jaw Worm","floor":3,"turns":4},{"damage":0,"enemies":"3 Louse","floor":4,"turns":1},{"damage":0,"enemies":"Gremlin Gang","floor":8,"turns":1},{"damage":10,"enemies":"3 Sentries","floor":10,"turns":3},{"damage":6,"enemies":"Looter","floor":11,"turns":3},{"damage":24,"enemies":"Gremlin Nob","floor":12,"turns":4},{"damage":19,"enemies":"Lagavulin","floor":14,"turns":7},{"damage":25,"enemies":"Hexaghost","floor":16,"turns":9}],"seed_played":"-7754160106400796339","potions_obtained":[{"floor":3,"key":"EntropicBrew"},{"floor":4,"key":"SkillPotion"},{"floor":8,"key":"AttackPotion"},{"floor":10,"key":"Energy Potion"},{"floor":14,"key":"Swift Potion"}],"is_trial":false,"path_per_floor":["M","M","M","M","T","$","?","M","T","E","M","E","T","E","R","B"],"character_chosen":"IRONCLAD","items_purchased":[],"campfire_rested":0,"item_purchase_floors":[],"current_hp_per_floor":[73,75,75,75,75,75,80,80,80,76,76,58,58,45,45,22,22],"gold":131,"neow_bonus":"THREE_RARE_CARDS","is_daily":false,"chose_seed":false,"campfire_upgraded":1,"win_rate":0.0,"timestamp":1610110040,"path_taken":["M","?","M","?","?","?","?","M","T","E","M","E","?","E","R","BOSS"],"items_purchased_type":[],"build_version":"2020-12-22","purchased_purges":1,"victory":false,"max_hp_per_floor":[75,75,75,75,75,75,80,80,80,80,80,80,80,80,80,80,80],"relic_stats":{"Blood Vial":2,"Nunchaku":[2],"Happy Flower":[5],"counters":[10,37],"Bronze Scales":[63],"Pen Nib":[1],"Ginger":[0],"obtain_stats":[{"Blood Vial":14,"Nunchaku":10,"Happy Flower":12,"Bronze Scales":5,"Pen Nib":13,"Ginger":9,"Burning Blood":0},{"Blood Vial":9,"Nunchaku":6,"Happy Flower":8,"Bronze Scales":4,"Pen Nib":8,"Ginger":5,"Burning Blood":0},{"Blood Vial":28,"Nunchaku":14,"Happy Flower":21,"Bronze Scales":10,"Pen Nib":21,"Ginger":11,"Burning Blood":0}],"Burning Blood":38},"card_choices":[{"not_picked":["Juggernaut","Offering"],"picked":"Immolate","floor":0},{"not_picked":["True Grit","Sever Soul","Rampage"],"picked":"SKIP","floor":1},{"not_picked":["Thunderclap","Dark Embrace"],"picked":"Shockwave","floor":2},{"not_picked":["Warcry","Sword Boomerang","Rampage"],"picked":"SKIP","floor":3},{"not_picked":["Combust","Entrench","Thunderclap"],"picked":"SKIP","floor":4},{"not_picked":["Wild Strike","Infernal Blade","Headbutt"],"picked":"SKIP","floor":8},{"not_picked":["True Grit","Thunderclap","Clothesline"],"picked":"SKIP","floor":10},{"not_picked":["Feel No Pain","Blood for Blood"],"picked":"Second Wind","floor":11},{"not_picked":["Exhume","Berserk"],"picked":"Ghostly Armor","floor":12},{"not_picked":["Wild Strike","Twin Strike","Rampage"],"picked":"SKIP","floor":14}],"player_experience":944188,"relics_obtained":[{"floor":5,"key":"Bronze Scales"},{"floor":9,"key":"Ginger"},{"floor":10,"key":"Nunchaku"},{"floor":12,"key":"Happy Flower"},{"floor":13,"key":"Pen Nib"},{"floor":14,"key":"Blood Vial"}],"event_choices":[{"damage_healed":0,"gold_gain":0,"player_choice":"Donut","damage_taken":0,"max_hp_gain":5,"max_hp_loss":0,"event_name":"Big Fish","floor":7,"gold_loss":0}],"is_beta":false,"boss_relics":[],"items_purged_floors":[6],"is_endless":false,"potions_floor_spawned":[3,4,8,10,14],"killed_by":"Hexaghost","ascension_level":20}}