{"host":"z9811rt50ti81n54","time":1610104115,"event":{"mods":["BaseMod","Minty Spire (QoL Compilation)","Random Character Button","SuperFastMode"],"gold_per_floor":[113,1,17,32,49,77,152,13,87,87,87,87,111,125,125,244,244,258,273,273,273,297,297,310,61,115,133,133,133,148,163,163,286,286,305,328,328,328,342,342,144,164,187,210,261,285,86,86,86,86],"floor_reached":51,"playtime":1636,"items_purged":["Normality","Strike_P","Strike_P","BattleHymn"],"score":680,"play_id":"5ebad532-a478-447a-a361-f2d3fe2ed4b1","local_time":"20210108200835","is_ascension_mode":false,"campfire_choices":[{"data":"Chrysalis","floor":11.0,"key":"SMITH"},{"floor":15.0,"key":"REST"},{"data":"Ragnarok","floor":23.0,"key":"SMITH"},{"floor":28.0,"key":"REST"},{"floor":32.0,"key":"REST"},{"data":"Wish","floor":40,"key":"SMITH"},{"floor":49,"key":"REST"}],"circlet_count":0,"master_deck":["Defend_P","Defend_P","Defend_P","Defend_P","Vigilance","Chrysalis+1","Tantrum","Indignation","Adaptation","FollowUp","TalkToTheHand","Ragnarok+1","ClearTheMind","Scrawl","DeusExMachina","Sanctity+1","Wish+1","Madness","Madness","Swivel+1"],"relics":["HolyWater","StoneCalendar","White Beast Statue","Golden Idol","Busted Crown","Strange Spoon","Strawberry","Art of War","Ancient Tea Set"],"acts_visited":["Exordium","TheCity","TheBeyond"],"potions_floor_usage":[42,45,45,48,50],"damage_taken":[{"damage":0.0,"enemies":"2 Louse","floor":1.0,"turns":1.0},{"damage":2.0,"enemies":"Jaw Worm","floor":3.0,"turns":4.0},{"damage":0.0,"enemies":"Small Slimes","floor":4.0,"turns":3.0},{"damage":12.0,"enemies":"Blue Slaver","floor":5.0,"turns":4.0},{"damage":0.0,"enemies":"Lagavulin","floor":6.0,"turns":4.0},{"damage":24.0,"enemies":"Gremlin Gang","floor":13.0,"turns":4.0},{"damage":0.0,"enemies":"Red Slaver","floor":14.0,"turns":2.0},{"damage":14.0,"enemies":"The Guardian","floor":16.0,"turns":7.0},{"damage":8.0,"enemies":"Chosen","floor":18.0,"turns":3.0},{"damage":0.0,"enemies":"Spheric Guardian","floor":19.0,"turns":2.0},{"damage":10.0,"enemies":"Snecko","floor":22.0,"turns":5.0},{"damage":12.0,"enemies":"Cultist and Chosen","floor":24.0,"turns":7.0},{"damage":17.0,"enemies":"Centurion and Healer","floor":27.0,"turns":7.0},{"damage":13.0,"enemies":"Shelled Parasite and Fungi","floor":30.0,"turns":2.0},{"damage":0.0,"enemies":"3 Cultists","floor":31.0,"turns":3.0},{"damage":93.0,"enemies":"Automaton","floor":33.0,"turns":7.0},{"damage":3,"enemies":"3 Darklings","floor":35,"turns":3},{"damage":0,"enemies":"Orb Walker","floor":36,"turns":1},{"damage":2,"enemies":"3 Darklings","floor":39,"turns":4},{"damage":33,"enemies":"4 Shapes","floor":42,"turns":7},{"damage":8,"enemies":"Transient","floor":45,"turns":5},{"damage":4,"enemies":"Maw","floor":46,"turns":5},{"damage":0,"enemies":"Sphere and 2 Shapes","floor":48,"turns":1},{"damage":20,"enemies":"Time Eater","floor":50,"turns":6}],"seed_played":"9190135185134302933","potions_obtained":[{"floor":3.0,"key":"EssenceOfSteel"},{"floor":5.0,"key":"SteroidPotion"},{"floor":13.0,"key":"Fruit Juice"},{"floor":14.0,"key":"GamblersBrew"},{"floor":16.0,"key":"BlessingOfTheForge"},{"floor":18.0,"key":"Strength Potion"},{"floor":21.0,"key":"FairyPotion"},{"floor":24.0,"key":"Ancient Potion"},{"floor":33.0,"key":"FearPotion"},{"floor":35,"key":"Regen Potion"},{"floor":42,"key":"Fruit Juice"},{"floor":45,"key":"Fire Potion"},{"floor":46,"key":"SmokeBomb"}],"is_trial":false,"path_per_floor":["M","$","M","M","M","E","?","$","T","?","R","?","M","M","R","B",null,"M","M","?","?","M","R","M","$","T","M","R","?","M","M","R","B",null,"M","M","?","?","M","R","$","M","T","T","M","M","$","M","R","B",null],"character_chosen":"WATCHER","items_purchased":["BattleHymn","Ragnarok","Strange Spoon","Regen Potion","Weak Potion"],"campfire_rested":4,"item_purchase_floors":[2,8,25,41,47],"current_hp_per_floor":[72,72,70,70,58,58,47,47,47,40,40,40,21,21,42,28,72,64,64,64,64,54,54,42,42,49,32,55,55,42,42,65,23,79,76,76,76,66,64,64,64,36,36,36,68,64,64,64,84,64],"gold":86,"neow_bonus":"RANDOM_COLORLESS_2","is_daily":false,"chose_seed":false,"campfire_upgraded":3,"win_rate":0.0,"timestamp":1610104115,"path_taken":["M","$","M","M","M","E","?","$","T","?","R","?","M","M","R","BOSS","M","M","?","?","M","R","?","?","T","M","R","?","M","M","R","BOSS","M","M","?","?","M","R","$","M","T","?","M","M","?","M","R","BOSS"],"items_purchased_type":["Card","Card","Relic","Potion","Potion"],"build_version":"2020-12-22","purchased_purges":4,"victory":true,"max_hp_per_floor":[72,72,72,72,72,72,72,72,72,72,72,67,72,72,72,72,72,72,72,72,72,72,72,72,72,79,79,79,79,79,79,79,79,79,79,79,79,79,79,79,79,84,84,84,84,84,84,84,84,84],"card_choices":[{"not_picked":["Magnetism","Panache"],"picked":"Chrysalis","floor":0.0},{"not_picked":["Worship","ThirdEye"],"picked":"Tantrum","floor":1.0},{"not_picked":["SignatureMove","CutThroughFate"],"picked":"Indignation","floor":3.0},{"not_picked":["CrushJoints","Halt"],"picked":"Adaptation","floor":4.0},{"not_picked":["CrushJoints","Weave"],"picked":"FollowUp","floor":5.0},{"not_picked":["WreathOfFlame","DeceiveReality"],"picked":"TalkToTheHand","floor":6.0},{"not_picked":["BowlingBash","Crescendo"],"picked":"ClearTheMind","floor":13.0},{"not_picked":["MentalFortress","Crescendo"],"picked":"Scrawl","floor":14.0},{"not_picked":["Devotion","Blasphemy"],"picked":"DeusExMachina","floor":16.0},{"not_picked":["Halt"],"picked":"SKIP","floor":18.0},{"not_picked":["ForeignInfluence"],"picked":"SKIP","floor":19.0},{"not_picked":["JustLucky"],"picked":"SKIP","floor":22.0},{"not_picked":["SashWhip"],"picked":"SKIP","floor":24.0},{"not_picked":[],"picked":"Sanctity+1","floor":27.0},{"not_picked":["Halt"],"picked":"SKIP","floor":30.0},{"not_picked":["Consecrate"],"picked":"SKIP","floor":31.0},{"not_picked":[],"picked":"Wish","floor":33.0},{"not_picked":["EmptyFist"],"picked":"SKIP","floor":35},{"not_picked":["Prostrate"],"picked":"SKIP","floor":36},{"not_picked":["PathToVictory+1"],"picked":"SKIP","floor":39},{"not_picked":["Halt"],"picked":"SKIP","floor":42},{"not_picked":[],"picked":"Swivel+1","floor":45},{"not_picked":["PathToVictory+1"],"picked":"SKIP","floor":46}],"player_experience":322032,"relics_obtained":[{"floor":6.0,"key":"StoneCalendar"},{"floor":9.0,"key":"White Beast Statue"},{"floor":26.0,"key":"Strawberry"},{"floor":43,"key":"Art of War"},{"floor":44,"key":"Ancient Tea Set"}],"event_choices":[{"damage_healed":0.0,"max_hp_gain":0.0,"max_hp_loss":0.0,"gold_gain":75.0,"event_name":"World of Goop","player_choice":"Gather Gold","floor":7.0,"gold_loss":0.0,"damage_taken":11.0},{"cards_removed":["Strike_P"],"damage_healed":0.0,"max_hp_gain":0.0,"max_hp_loss":0.0,"gold_gain":0.0,"event_name":"Golden Wing","player_choice":"Card Removal","floor":10.0,"gold_loss":0.0,"damage_taken":7.0},{"damage_healed":0.0,"max_hp_gain":0.0,"max_hp_loss":5.0,"gold_gain":0.0,"event_name":"Golden Idol","player_choice":"Lose Max HP","floor":12.0,"gold_loss":0.0,"damage_taken":0.0,"relics_obtained":["Golden Idol"]},{"cards_removed":["Strike_P"],"damage_healed":0.0,"max_hp_gain":0.0,"max_hp_loss":0.0,"gold_gain":0.0,"event_name":"Back to Basics","player_choice":"Elegance","floor":20.0,"gold_loss":0.0,"damage_taken":0.0},{"damage_healed":0.0,"max_hp_gain":0.0,"max_hp_loss":0.0,"gold_gain":0.0,"event_name":"Lab","player_choice":"Got Potions","floor":21.0,"gold_loss":0.0,"damage_taken":0.0},{"damage_healed":0.0,"max_hp_gain":0.0,"max_hp_loss":0.0,"gold_gain":0.0,"event_name":"Vampires","player_choice":"Ignored","floor":29.0,"gold_loss":0.0,"damage_taken":0.0},{"cards_removed":["Eruption"],"damage_healed":0,"gold_gain":0,"player_choice":"Removed Attack","damage_taken":0,"max_hp_gain":0,"max_hp_loss":0,"event_name":"Falling","floor":37,"gold_loss":0},{"damage_healed":0,"gold_gain":0,"player_choice":"Embrace Madness","damage_taken":10,"max_hp_gain":0,"max_hp_loss":0,"event_name":"Winding Halls","floor":38,"gold_loss":0,"cards_obtained":["Madness","Madness"]}],"is_beta":false,"boss_relics":[{"not_picked":["SlaversCollar","Coffee Dripper"],"picked":"Busted Crown"},{"not_picked":["Velvet Choker","Calling Bell"],"picked":"HolyWater"}],"items_purged_floors":[2,25,41,47],"is_endless":false,"potions_floor_spawned":[3,5,13,14,16,18,19,22,24,27,30,31,33,35,36,39,42,45,46,48],"ascension_level":0}}