{"host":"roqztpbdbchtekes","time":1610139698,"event":{"mods":["A Magickal Journey","AchievementEnabler","BaseMod","Better Note","Better Third Choice","BetterRewards","Block Reminder","Colored Map","Colored Powertips","Curses Come First","DeckTracker","Minty Spire (QoL Compilation)","Relic Stats","Spicy Shops","StSLib"],"gold_per_floor":[114,114,114,132,12,41,41,53,53,3,3,3,30,48,48,149,149,165,264,264,274,42,81,81,94,148,186,186,202,202,222,222,326,353,369,369,397,413,86,86,108,108,108,117,133,158,210,210,210,210],"floor_reached":51,"playtime":3773,"items_purged":["Worship","WaveOfTheHand+1"],"score":765,"play_id":"4e9dc3a8-0692-48bd-88a9-b7c99aa290b3","local_time":"20210108220138","is_ascension_mode":true,"campfire_choices":[{"data":"Judgement","floor":7,"key":"SMITH"},{"data":"FollowUp","floor":12,"key":"SMITH"},{"data":"Alpha","floor":15,"key":"SMITH"},{"data":"DeusExMachina","floor":28,"key":"SMITH"},{"data":"ConjureBlade","floor":30,"key":"SMITH"},{"floor":32,"key":"REST"},{"data":"SpiritShield","floor":40,"key":"SMITH"},{"data":"LikeWater","floor":42,"key":"SMITH"},{"floor":49,"key":"RECALL"}],"circlet_count":0,"master_deck":["Vigilance","FollowUp+1","ThirdEye","Wireheading","Judgement+1","Alpha+1","DeusExMachina+1","ConjureBlade+1","CarveReality","Protect+1","ThirdEye+1","EmptyBody+1","SpiritShield+1","BowlingBash+1","InnerPeace+1","Weave+1","LikeWater+1","Alpha","CutThroughFate+1"],"relics":["PureWater","NeowsBlessing","Lantern","Eternal Feather","Ornamental Fan","Pandora\u0027s Box","CeramicFish","Strange Spoon","Bird Faced Urn","Orichalcum","Happy Flower","Pantograph","Astrolabe","Potion Belt","Melange","Thread and Needle"],"acts_visited":["Exordium","TheCity","TheBeyond"],"potions_floor_usage":[16,16,25,27,33,45,46,46,46,47,47],"damage_taken":[{"damage":0,"enemies":"Jaw Worm","floor":1,"turns":1},{"damage":0,"enemies":"2 Louse","floor":4,"turns":1},{"damage":0,"enemies":"Lagavulin","floor":6,"turns":1},{"damage":0,"enemies":"Small Slimes","floor":8,"turns":1},{"damage":0,"enemies":"Gremlin Nob","floor":13,"turns":2},{"damage":1,"enemies":"Gremlin Gang","floor":14,"turns":3},{"damage":51,"enemies":"The Guardian","floor":16,"turns":6},{"damage":0,"enemies":"Spheric Guardian","floor":18,"turns":3},{"damage":9,"enemies":"3 Byrds","floor":21,"turns":5},{"damage":13,"enemies":"Gremlin Leader","floor":23,"turns":5},{"damage":5,"enemies":"Centurion and Healer","floor":25,"turns":4},{"damage":51,"enemies":"Book of Stabbing","floor":27,"turns":6},{"damage":15,"enemies":"Sentry and Sphere","floor":29,"turns":4},{"damage":11,"enemies":"Chosen and Byrds","floor":31,"turns":5},{"damage":9,"enemies":"Champ","floor":33,"turns":9},{"damage":4,"enemies":"Orb Walker","floor":35,"turns":4},{"damage":13,"enemies":"3 Darklings","floor":37,"turns":3},{"damage":1,"enemies":"4 Shapes","floor":38,"turns":4},{"damage":34,"enemies":"Spire Growth","floor":41,"turns":6},{"damage":19,"enemies":"Writhing Mass","floor":45,"turns":6},{"damage":0,"enemies":"3 Darklings","floor":46,"turns":5},{"damage":6,"enemies":"2 Orb Walkers","floor":47,"turns":5},{"damage":55,"enemies":"Donu and Deca","floor":50,"turns":8}],"seed_played":"-3229988755464155578","potions_obtained":[{"floor":8,"key":"Swift Potion"},{"floor":13,"key":"Weak Potion"},{"floor":14,"key":"SteroidPotion"},{"floor":21,"key":"StancePotion"},{"floor":23,"key":"DistilledChaos"},{"floor":31,"key":"Block Potion"},{"floor":35,"key":"Explosive Potion"},{"floor":41,"key":"ColorlessPotion"},{"floor":45,"key":"EntropicBrew"},{"floor":46,"key":"SpeedPotion"},{"floor":47,"key":"Swift Potion"}],"is_trial":false,"path_per_floor":["M","?","?","M","$","E","R","M","T","?","$","R","E","M","R","B",null,"M","?","?","M","$","E","?","M","T","E","R","M","R","M","R","B",null,"M","?","M","M","$","R","M","R","T","?","M","M","?","T","R","B",null],"character_chosen":"WATCHER","items_purchased":["Wireheading","Strange Spoon","Bird Faced Urn","Potion Belt","Melange"],"campfire_rested":1,"item_purchase_floors":[5,22,22,39,39],"current_hp_per_floor":[72,65,65,65,65,65,65,65,65,65,65,71,71,70,72,21,72,72,72,72,63,63,54,54,53,53,6,15,4,13,6,36,56,72,70,70,59,60,60,69,39,48,48,48,35,41,39,39,48,21],"gold":210,"neow_bonus":"THREE_ENEMY_KILL","is_daily":false,"chose_seed":false,"campfire_upgraded":7,"win_rate":0.0,"timestamp":1610139698,"path_taken":["M","?","?","M","$","E","R","M","T","?","$","R","E","M","R","BOSS","M","?","?","?","$","E","?","M","T","E","R","M","R","M","R","BOSS","M","?","M","?","$","R","M","R","T","?","M","?","?","?","R","BOSS"],"items_purchased_type":["Card","Relic","Relic","Relic","Relic"],"build_version":"2020-12-22","purchased_purges":2,"victory":true,"max_hp_per_floor":[72,72,72,72,72,72,72,72,72,72,72,72,72,72,72,72,72,72,72,72,72,72,72,72,72,72,72,72,72,72,72,72,72,72,72,72,72,72,72,72,72,72,72,72,72,72,72,72,72,72],"relic_stats":{"Happy Flower":[21],"counters":[23,97],"CeramicFish":90,"Astrolabe":["WaveOfTheHand","BowlingBash","InnerPeace"],"Melange":[30],"Eternal Feather":62,"Orichalcum":[90],"Strange Spoon":[41],"Ornamental Fan":[40],"Bird Faced Urn":[54],"Pantograph":49,"Pandora\u0027s Box":["ConjureBlade","Worship","CarveReality","JustLucky","Halt","SashWhip"],"obtain_stats":[{"Potion Belt":39,"Lantern":6,"NeowsBlessing":0,"Happy Flower":26,"CeramicFish":20,"Astrolabe":34,"Melange":39,"Eternal Feather":9,"Thread and Needle":43,"Orichalcum":23,"Strange Spoon":22,"Ornamental Fan":13,"Bird Faced Urn":22,"Pantograph":27,"Pandora\u0027s Box":17,"PureWater":0},{"Potion Belt":18,"Lantern":3,"NeowsBlessing":0,"Happy Flower":11,"CeramicFish":8,"Astrolabe":15,"Melange":18,"Eternal Feather":4,"Thread and Needle":19,"Orichalcum":10,"Strange Spoon":9,"Ornamental Fan":5,"Bird Faced Urn":9,"Pantograph":12,"Pandora\u0027s Box":7,"PureWater":0},{"Potion Belt":67,"Lantern":3,"NeowsBlessing":0,"Happy Flower":32,"CeramicFish":18,"Astrolabe":56,"Melange":67,"Eternal Feather":4,"Thread and Needle":73,"Orichalcum":28,"Strange Spoon":23,"Ornamental Fan":6,"Bird Faced Urn":23,"Pantograph":38,"Pandora\u0027s Box":15,"PureWater":0}]},"card_choices":[{"not_picked":["Protect","BowlingBash"],"picked":"FollowUp","floor":1},{"not_picked":["Halt","Consecrate"],"picked":"ThirdEye","floor":4},{"not_picked":["Adaptation","EmptyFist"],"picked":"Judgement","floor":6},{"not_picked":["Evaluate","SandsOfTime","EmptyFist"],"picked":"SKIP","floor":8},{"not_picked":["Protect","Evaluate","Conclude"],"picked":"SKIP","floor":13},{"not_picked":["ReachHeaven","DeceiveReality"],"picked":"Alpha","floor":14},{"not_picked":["Wish","Omniscience"],"picked":"DeusExMachina","floor":16},{"not_picked":["Swivel","TalkToTheHand"],"picked":"Protect+1","floor":18},{"not_picked":["ForeignInfluence+1","Vengeance+1","CarveReality+1"],"picked":"SKIP","floor":21},{"not_picked":["FlurryOfBlows","Meditate+1"],"picked":"ThirdEye+1","floor":23},{"not_picked":["Perseverance+1","PathToVictory+1","Prostrate"],"picked":"SKIP","floor":25},{"not_picked":["ClearTheMind","Collect"],"picked":"EmptyBody+1","floor":27},{"not_picked":["Fasting2","ClearTheMind+1","Crescendo"],"picked":"SKIP","floor":29},{"not_picked":["Crescendo","Halt","Vault"],"picked":"SKIP","floor":31},{"not_picked":["Blasphemy","Omniscience"],"picked":"SpiritShield","floor":33},{"not_picked":["CrushJoints+1","Crescendo+1","ThirdEye"],"picked":"SKIP","floor":35},{"not_picked":["Perseverance","Wireheading"],"picked":"Weave+1","floor":37},{"not_picked":["ClearTheMind+1","Halt","Swivel"],"picked":"SKIP","floor":38},{"not_picked":["Establishment","Evaluate"],"picked":"LikeWater","floor":41},{"not_picked":["Evaluate","FearNoEvil+1","EmptyBody"],"picked":"SKIP","floor":45},{"not_picked":["Indignation","Prostrate"],"picked":"CutThroughFate+1","floor":46}],"player_experience":265858,"relics_obtained":[{"floor":6,"key":"Lantern"},{"floor":9,"key":"Eternal Feather"},{"floor":13,"key":"Ornamental Fan"},{"floor":23,"key":"Orichalcum"},{"floor":26,"key":"Happy Flower"},{"floor":27,"key":"Pantograph"},{"floor":43,"key":"Thread and Needle"}],"event_choices":[{"cards_removed":["Defend_P"],"damage_healed":0,"gold_gain":0,"player_choice":"Card Removal","damage_taken":7,"max_hp_gain":0,"max_hp_loss":0,"event_name":"Golden Wing","floor":2,"gold_loss":0},{"damage_healed":0,"gold_gain":0,"player_choice":"Grow","damage_taken":0,"max_hp_gain":0,"max_hp_loss":0,"event_name":"Living Wall","floor":3,"gold_loss":0,"cards_upgraded":["Eruption"]},{"cards_removed":["Strike_P"],"damage_healed":0,"gold_gain":0,"player_choice":"Card Removal","damage_taken":0,"max_hp_gain":0,"max_hp_loss":0,"event_name":"The Cleric","floor":10,"gold_loss":50},{"damage_healed":0,"gold_gain":99,"player_choice":"Steal","damage_taken":0,"max_hp_gain":0,"max_hp_loss":0,"event_name":"betterThird:BetterNest","floor":19,"gold_loss":0},{"damage_healed":0,"gold_gain":0,"player_choice":"Gave Potion","damage_taken":0,"relics_obtained":["CeramicFish"],"max_hp_gain":0,"max_hp_loss":0,"event_name":"WeMeetAgain","floor":20,"gold_loss":0},{"damage_healed":0,"gold_gain":0,"player_choice":"Ignored","damage_taken":0,"max_hp_gain":0,"max_hp_loss":0,"event_name":"Ghosts","floor":24,"gold_loss":0},{"damage_healed":0,"gold_gain":0,"player_choice":"Ignored","damage_taken":0,"max_hp_gain":0,"max_hp_loss":0,"event_name":"betterThird:BetterPortal","floor":36,"gold_loss":0},{"damage_healed":0,"gold_gain":0,"cards_transformed":["SashWhip"],"player_choice":"Transformed","damage_taken":0,"max_hp_gain":0,"max_hp_loss":0,"event_name":"Transmorgrifier","floor":44,"gold_loss":0,"cards_obtained":["Alpha"]},{"damage_healed":0,"gold_gain":0,"player_choice":"Fight","damage_taken":0,"max_hp_gain":0,"max_hp_loss":0,"event_name":"Mysterious Sphere","floor":47,"gold_loss":0}],"is_beta":false,"boss_relics":[{"not_picked":["SacredBark","Tiny House"],"picked":"Pandora\u0027s Box"},{"not_picked":["Runic Dome","Velvet Choker"],"picked":"Astrolabe"}],"items_purged_floors":[22,39],"is_endless":false,"potions_floor_spawned":[8,13,14,21,23,31,35,41,45,46,47],"ascension_level":2}}