{"host":"0qevis500jgmlc2v","time":1610079827,"event":{"mods":["ATMod(°¢èªMod)","Act Like it!","Aspiration","BaseMod","Challenge The Spire","Conspire","Downfall","Friendly Minions","GifTheSpireLib","Hubris","KinomotoSakuraMod(Ä¾Ö®±¾Ó£)","KomeijiMod","Marisa£¨ìFÓê¡¡Ä§ÀíÉ³£©","Minty Spire (QoL Compilation)","Quick Restart","Relic Stats","Replay The Spire","Shop Mod","StSLib","vexMod","¡¾ÒÅÎï¿¨ÅÆ¡¿REMEMod"],"gold_per_floor":[115,65,87,120,149,176,176,238,262,281,307,307,9,28,28,140,140,168,199,199],"floor_reached":19,"playtime":2873,"items_purged":["Strike_Komeiji"],"score":258,"play_id":"2773ccd2-1fbc-4b39-9095-fa89c4c79524","local_time":"20210108122347","is_ascension_mode":false,"campfire_choices":[{"data":"Dash_Komeiji","floor":7.0,"key":"SMITH"},{"data":"NingyouSP+1","floor":12.0,"key":"SWEEP"},{"data":"MiraiBunraku","floor":15.0,"key":"SMITH"}],"circlet_count":0,"master_deck":["Strike_Komeiji+1","Strike_Komeiji","Strike_Komeiji","Defend_Komeiji","Defend_Komeiji","Defend_Komeiji","Defend_Komeiji","Dash_Komeiji+1","RemiliaStalker","AT_FamilyPortrait","MajikuruSanhai+1","conspire:SpireCoStock","Melting","KokorosuKi+1","TenguNoTaiko","YoukiSo+1","ArtfulChanter+1","MusuNoYume","NingyouSP+1","HagoromoMizu","HagoromoMizu","MiraiBunraku+1","KinbakuJin+1","NingyouYunhei+1","LunaticRedEyes","ShyakuBuku","MakuraSeki"],"relics":["KomeijisEye","SpellCardsRule","MusicBox","REME_ComplimentaryCards","AT_ATBox","Singing Bowl","CrystalOfMemory","aspiration:FutureDiary"],"acts_visited":["Exordium","TheCity"],"potions_floor_usage":[19],"damage_taken":[{"damage":6.0,"enemies":"Cultist","floor":1.0,"turns":8.0},{"damage":10.0,"enemies":"Small Slimes","floor":3.0,"turns":4.0},{"damage":0.0,"enemies":"2 Louse","floor":4.0,"turns":1.0},{"damage":3.0,"enemies":"Exordium Thugs","floor":5.0,"turns":5.0},{"damage":20.0,"enemies":"Gremlin Nob","floor":6.0,"turns":5.0},{"damage":0.0,"enemies":"Exordium Wildlife","floor":8.0,"turns":8.0},{"damage":3.0,"enemies":"2 Fungi Beasts","floor":10.0,"turns":5.0},{"damage":0.0,"enemies":"Lagavulin","floor":11.0,"turns":6.0},{"damage":6.0,"enemies":"conspire:2 RoseBushes","floor":14.0,"turns":8.0},{"damage":0.0,"enemies":"Slime Boss","floor":16.0,"turns":3.0},{"damage":32.0,"enemies":"3 Byrds","floor":18.0,"turns":8.0},{"damage":14,"enemies":"conspire:FuzzyDice","floor":19,"turns":6}],"seed_played":"-4770376397194923717","potions_obtained":[{"floor":5.0,"key":"Regen Potion"},{"floor":6.0,"key":"PpointPotion"},{"floor":14.0,"key":"Block Potion"}],"is_trial":false,"path_per_floor":["M","?","M","M","M","E","R","M","T","M","E","R","$","M","R","B",null,"M","M"],"character_chosen":"KomeijiSatori","items_purchased":["HagoromoMizu","MiraiBunraku","KinbakuJin+1"],"campfire_rested":0,"item_purchase_floors":[13,13,13],"current_hp_per_floor":[51,51,45,45,46,26,26,51,51,50,50,55,55,56,56,56,58,28,14,14],"gold":199,"neow_bonus":"TEN_PERCENT_HP_BONUS","is_daily":false,"chose_seed":false,"campfire_upgraded":2,"win_rate":0.0,"timestamp":1610079827,"path_taken":["M","?","M","M","M","E","R","M","T","M","E","R","$","M","R","BOSS","M","M"],"items_purchased_type":["Card","Card","Card"],"build_version":"2020-12-22","purchased_purges":1,"victory":false,"max_hp_per_floor":[55,55,55,55,55,55,55,55,55,55,55,55,55,58,58,58,58,58,58,58],"relic_stats":{"Singing Bowl":0,"counters":[12,67],"obtain_stats":[{"MusicBox":0,"CrystalOfMemory":11,"AT_ATBox":0,"Singing Bowl":6,"KomeijisEye":0,"aspiration:FutureDiary":17,"SpellCardsRule":0,"REME_ComplimentaryCards":0},{"MusicBox":0,"CrystalOfMemory":8,"AT_ATBox":0,"Singing Bowl":5,"KomeijisEye":0,"aspiration:FutureDiary":10,"SpellCardsRule":0,"REME_ComplimentaryCards":0},{"MusicBox":0,"CrystalOfMemory":42,"AT_ATBox":0,"Singing Bowl":23,"KomeijisEye":0,"aspiration:FutureDiary":53,"SpellCardsRule":0,"REME_ComplimentaryCards":0}]},"card_choices":[{"not_picked":["SeekerDolls","KinbakuJin+1"],"picked":"MajikuruSanhai+1","floor":1.0},{"not_picked":["NingyouChiyari+1","Mishyaguji+1"],"picked":"Melting","floor":3.0},{"not_picked":["SeishiRoten+1","SeekerDolls"],"picked":"KokorosuKi+1","floor":4.0},{"not_picked":["NingyouKisou+1","DochyakuKami+1"],"picked":"TenguNoTaiko","floor":5.0},{"not_picked":["DemonLordCradle","EnMu+1"],"picked":"YoukiSo+1","floor":6.0},{"not_picked":["KinbakuJin+1","JyouchiJin+1"],"picked":"NingyouShinki+1","floor":8.0},{"not_picked":["RikonNoKama+1","MusuNoYume"],"picked":"ArtfulChanter","floor":10.0},{"not_picked":["RoshinSou+1","NingyouKisou+1"],"picked":"MusuNoYume","floor":11.0},{"not_picked":["KinbakuJin+1","Mishyaguji+1","NarrowSpark"],"picked":"NingyouYunhei+1","floor":14.0},{"not_picked":["YuumeiNoKurin","EverywhereHibernate","JigokuNoTaiyou"],"picked":"LunaticRedEyes","floor":16.0},{"not_picked":["DemonLordCradle+1","RikonNoKama+1","MusuNoYume"],"picked":"ShyakuBuku","floor":18.0},{"not_picked":["KeiseiJin+1","WumiGaWareru","KoKei+1"],"picked":"MakuraSeki","floor":19}],"player_experience":964256,"relics_obtained":[{"floor":6.0,"key":"Singing Bowl"},{"floor":11.0,"key":"CrystalOfMemory"}],"event_choices":[{"damage_healed":0.0,"max_hp_gain":0.0,"max_hp_loss":0.0,"gold_gain":0.0,"event_name":"conspire:Investor","player_choice":"Invest 1","floor":2.0,"gold_loss":0.0,"damage_taken":0.0}],"is_beta":false,"boss_relics":[{"not_picked":["hubris:ScarierMask","REME_ChargedStone"],"picked":"aspiration:FutureDiary"}],"items_purged_floors":[13],"is_endless":false,"potions_floor_spawned":[5,6,14],"killed_by":"conspire:FuzzyDice","ascension_level":0}}