{"host":"lq7kzi2nz43yw1nt","time":1610067958,"event":{"mods":["AchievementEnabler","Act Like it!","BaseMod","Better Third Choice","BetterRewards","Block Reminder","Conspire","Gensokyo","GifTheSpireLib","Hubris","Infinite Spire","Koishi","Marisa????????","Minty Spire (QoL Compilation)","Quick Restart","Rare Cards Sparkle","Relic Sorter","Remilia??????","Replay The Spire","Shop Mod","Spicy Shops","Spikes Relics","StSLib","SuperFastMode","The Blue Laboratory","The Servant 0.9.4","Trackpad"],"gold_per_floor":[114,134,99,110,110,110,135,135,160,173,208,222,238,238,238,338,338,355,355,370,166,166,200,215,11,86,86,113,123,141,141,141,242,242,253,269,320,189,206,231,231,231],"floor_reached":41,"playtime":1332,"items_purged":["Shame"],"score":1040,"play_id":"5fd137cb-a24c-4941-a68d-7253fb6bc8fb","local_time":"20210107200558","is_ascension_mode":true,"campfire_choices":[{"floor":6,"key":"REST"},{"data":"Inflame","floor":8,"key":"SMITH"},{"data":"Flex","floor":15,"key":"SMITH"},{"floor":27,"key":"REST"},{"floor":32,"key":"REST"}],"circlet_count":0,"master_deck":["Strike_R","Strike_R","Strike_R","Strike_R","Strike_R","Defend_R","Defend_R","Defend_R","Defend_R","Bash","Inflame+1","Clash","Shrug It Off","Feed+1","Headbutt","Iron Wave","Dropkick","infinitespire:OneForAll","Flex+1","hubris:StunningStrike","Cleave","Sword Boomerang","Inflame","Dropkick","Inflame+1","Spot Weakness+1","Sword Boomerang","Clash+1","Clash+1","Cleave+1","Metallicize","Limit Break","Run Through+1","Ghostly Armor+1","Battle Trance","Iron Wave"],"relics":["Burning Blood","trackpad:AdjectivePendant","Replay:Towering Pillar of Hats","Centennial Puzzle","Replay:Wax Seal","Pocketwatch","hubris:Icosahedron","Electric Blood","MerchantsRug","conspire:DeflatedDodgeball","Snack Pack","Paper Frog","Vajra","CultistMask","Ginger","Iron Hammer","Ornamental Fan"],"acts_visited":["Exordium","TheCity","TheBeyond"],"potions_floor_usage":[16,16,16,28,37,41],"damage_taken":[{"damage":0,"enemies":"conspire:RoseBush","floor":1,"turns":2},{"damage":0,"enemies":"Small Slimes","floor":2,"turns":2},{"damage":6,"enemies":"Cultist","floor":4,"turns":3},{"damage":10,"enemies":"Gremlin Nob","floor":7,"turns":3},{"damage":0,"enemies":"Blue Slaver","floor":10,"turns":1},{"damage":1,"enemies":"Replay:BlueRogue","floor":11,"turns":3},{"damage":6,"enemies":"Looter","floor":12,"turns":2},{"damage":3,"enemies":"Exordium Thugs","floor":13,"turns":4},{"damage":22,"enemies":"Slime Boss","floor":16,"turns":8},{"damage":18,"enemies":"2 Thieves","floor":18,"turns":3},{"damage":7,"enemies":"Shell Parasite","floor":20,"turns":2},{"damage":19,"enemies":"conspire:Head Lice","floor":23,"turns":4},{"damage":23,"enemies":"Centurion and Healer","floor":24,"turns":3},{"damage":9,"enemies":"Book of Stabbing","floor":28,"turns":3},{"damage":21,"enemies":"3 Cultists","floor":29,"turns":4},{"damage":6,"enemies":"Snake Plant","floor":30,"turns":3},{"damage":55,"enemies":"Champ","floor":33,"turns":8},{"damage":4,"enemies":"Orb Walker","floor":35,"turns":1},{"damage":10,"enemies":"3 Darklings","floor":36,"turns":3},{"damage":17,"enemies":"2 Orb Walkers","floor":37,"turns":4},{"damage":11,"enemies":"Maw","floor":39,"turns":3},{"damage":26,"enemies":"R_Hoarder","floor":40,"turns":7},{"damage":93,"enemies":"Orin","floor":41,"turns":6}],"seed_played":"-1474802758851290353","potions_obtained":[{"floor":4,"key":"Death Potion"},{"floor":11,"key":"blueLaboratory:RecallPotion"},{"floor":12,"key":"Toxic Potion"},{"floor":13,"key":"Energy Potion"},{"floor":23,"key":"Dexterity Potion"},{"floor":24,"key":"blueLaboratory:BottleOfRum"},{"floor":36,"key":"blueLaboratory:HummingbirdPotion"},{"floor":37,"key":"BlessingOfTheForge"}],"is_trial":false,"path_per_floor":["M","M","?","M","?","R","E","R","T","M","E","M","M","?","R","B",null,"M","?","M","$","?","E","M","$","T","R","E","M","M","?","R","B",null,"M","M","?","$","M","E","?"],"character_chosen":"IRONCLAD","items_purchased":["Inflame","Clash","trackpad:AdjectivePendant","hubris:CrystalStatue","Replay:Towering Pillar of Hats","MerchantsRug","Inflame","Dropkick","Snack Pack","Clash+1","Iron Hammer"],"campfire_rested":3,"item_purchase_floors":[0,0,0,0,0,21,21,21,25,25,38],"current_hp_per_floor":[32,38,58,58,58,80,76,76,76,80,84,88,92,92,92,80,92,80,80,83,83,83,74,57,57,57,88,89,82,84,84,108,69,98,102,100,97,97,96,82,0,0],"gold":231,"neow_bonus":"","is_daily":false,"chose_seed":false,"campfire_upgraded":2,"win_rate":0.0,"timestamp":1610067958,"path_taken":["M","M","?","M","?","R","E","R","T","M","E","M","?","?","R","BOSS","M","?","?","$","?","E","M","?","T","R","E","M","?","?","R","BOSS","M","M","?","$","M","E","?"],"items_purchased_type":["Card","Card","Relic","Relic","Relic","Relic","Card","Card","Relic","Card","Relic"],"build_version":"2020-12-22","purchased_purges":1,"victory":false,"max_hp_per_floor":[80,80,80,80,80,80,80,80,80,80,84,88,92,92,92,96,96,96,96,100,100,100,104,104,104,104,104,104,108,108,108,108,108,108,108,108,112,112,112,112,112,112],"card_choices":[{"not_picked":["Anger","conspire:Charge"],"picked":"Shrug It Off","floor":1},{"not_picked":["Clothesline","Seeing Red"],"picked":"Feed","floor":2},{"not_picked":["Clothesline","Life Link"],"picked":"Headbutt","floor":4},{"not_picked":["Headbutt","Shrug It Off","ReplayTheSpireMod:LeadingStrike"],"picked":"SKIP","floor":7},{"not_picked":["Shrug It Off","Uppercut"],"picked":"Iron Wave","floor":10},{"not_picked":["Headbutt","Fire Breathing"],"picked":"Dropkick","floor":11},{"not_picked":["Corruption","Replay:Undeath\u0027s Touch"],"picked":"infinitespire:OneForAll","floor":12},{"not_picked":["Anger","True Grit"],"picked":"Flex","floor":13},{"not_picked":["Barricade","Replay:Many Hands"],"picked":"hubris:StunningStrike","floor":16},{"not_picked":["True Grit","ReplayTheSpireMod:Strike From Hell"],"picked":"Cleave","floor":18},{"not_picked":["Shrug It Off","Cleave"],"picked":"Sword Boomerang","floor":20},{"not_picked":["Fiend Fire","Shrug It Off"],"picked":"Spot Weakness+1","floor":23},{"not_picked":["Pommel Strike","Cleave"],"picked":"Sword Boomerang","floor":24},{"not_picked":["ReplayTheSpireMod:Strike From Hell","Havoc+1"],"picked":"Clash+1","floor":28},{"not_picked":["Iron Wave","Anger+1"],"picked":"Cleave+1","floor":29},{"not_picked":["conspire:ExplosiveBarrier","Wild Strike"],"picked":"Metallicize","floor":30},{"not_picked":["Feed","conspire:Purge"],"picked":"Limit Break","floor":33},{"not_picked":["Rampage","hubris:SharpeningStone"],"picked":"Run Through+1","floor":35},{"not_picked":["True Grit","Evolve+1"],"picked":"Ghostly Armor+1","floor":36},{"not_picked":["Pommel Strike","Wild Strike+1"],"picked":"Battle Trance","floor":37},{"not_picked":["Entrench","Sentinel+1"],"picked":"Iron Wave","floor":39},{"not_picked":["Armaments","Run Through+1","infinitespire:OneForAll"],"picked":"SKIP","floor":40}],"player_experience":537468,"relics_obtained":[{"floor":7,"key":"Centennial Puzzle"},{"floor":9,"key":"Replay:Wax Seal"},{"floor":11,"key":"Pocketwatch"},{"floor":23,"key":"conspire:DeflatedDodgeball"},{"floor":26,"key":"Paper Frog"},{"floor":28,"key":"Vajra"},{"floor":37,"key":"Ginger"},{"floor":40,"key":"Ornamental Fan"}],"event_choices":[{"damage_healed":20,"gold_gain":0,"player_choice":"Healed","damage_taken":0,"max_hp_gain":0,"max_hp_loss":0,"event_name":"The Cleric","floor":3,"gold_loss":35},{"damage_healed":0,"gold_gain":0,"player_choice":"Upgraded","damage_taken":0,"max_hp_gain":0,"max_hp_loss":0,"event_name":"Upgrade Shrine","floor":5,"gold_loss":0,"cards_upgraded":["Feed"]},{"damage_healed":0,"gold_gain":0,"player_choice":"0 cards matched","damage_taken":0,"max_hp_gain":0,"max_hp_loss":0,"event_name":"Match and Keep!","floor":19,"gold_loss":0,"cards_obtained":[]},{"damage_healed":0,"gold_gain":0,"player_choice":"Copied","damage_taken":0,"max_hp_gain":0,"max_hp_loss":0,"event_name":"Duplicator","floor":22,"gold_loss":0,"cards_obtained":["Inflame"]},{"damage_healed":0,"gold_gain":0,"player_choice":"Trade","damage_taken":0,"relics_obtained":["CultistMask"],"max_hp_gain":0,"max_hp_loss":0,"event_name":"FaceTrader","floor":31,"gold_loss":0},{"damage_healed":0,"gold_gain":0,"player_choice":"Fight","damage_taken":0,"max_hp_gain":0,"max_hp_loss":0,"event_name":"Mysterious Sphere","floor":37,"gold_loss":0},{"damage_healed":0,"gold_gain":0,"player_choice":"Fight","damage_taken":0,"max_hp_gain":0,"max_hp_loss":0,"event_name":"OrinTheCat","floor":41,"gold_loss":0}],"is_beta":false,"boss_relics":[{"not_picked":["hubris:ScarierMask","SlaversCollar"],"picked":"Electric Blood"},{"not_picked":["ReplayTheSpireMod:SealedPack","Tiny House"],"picked":"Ring of Chaos"}],"items_purged_floors":[0],"is_endless":false,"potions_floor_spawned":[4,11,12,13,23,24,36,37],"killed_by":"Orin","ascension_level":9}}