{"host":"ip2nojeflv39cgzz","time":1610121835,"event":{"mods":["BaseMod","Colored Powertips","Downfall","Infinite Spire","Minty Spire (QoL Compilation)","StSLib","The Servant 0.9.4"],"gold_per_floor":[112,112,124,136,248,299,311,363,375,401,413,33,76,89,89,89,89],"floor_reached":16,"playtime":781,"items_purged":[],"score":166,"play_id":"3e33c174-da5b-42a8-a1fa-e396982055db","local_time":"20210108170355","is_ascension_mode":false,"campfire_choices":[{"data":"KillingDoll","floor":7,"key":"SMITH"},{"data":"KillingDoll","floor":11,"key":"SMITH"},{"floor":15,"key":"REST"}],"circlet_count":0,"master_deck":["Strike_S","Strike_S","Strike_S","Strike_S","Defend_S","Defend_S","Defend_S","Defend_S","KidneyShot","Exchange","Sabotage","KillingDoll+1","KillingDoll+1","Solidify","Starlight","BottledTime+1"],"relics":["Uniform","NeowsBlessing","MawBank","Golden Idol","Vajra","PreservedInsect","infinitespire:Satchel","Toxic Egg 2","Centennial Puzzle"],"acts_visited":["Exordium"],"potions_floor_usage":[13,16,16,16],"damage_taken":[{"damage":0,"enemies":"Cultist","floor":1,"turns":1},{"damage":0,"enemies":"3 Sentries","floor":6,"turns":2},{"damage":0,"enemies":"Gremlin Nob","floor":8,"turns":1},{"damage":6,"enemies":"2 Louse","floor":10,"turns":2},{"damage":26,"enemies":"3 Sentries","floor":13,"turns":5},{"damage":0,"enemies":"Small Slimes","floor":14,"turns":2},{"damage":35,"enemies":"Hexaghost","floor":16,"turns":10}],"seed_played":"-9126850383921599714","potions_obtained":[{"floor":1,"key":"AttackPotion"},{"floor":6,"key":"Regen Potion"},{"floor":10,"key":"PowerPotion"},{"floor":13,"key":"SteroidPotion"},{"floor":14,"key":"Fire Potion"}],"is_trial":false,"path_per_floor":["M","?","$","?","?","E","R","E","T","M","R","$","E","M","R","B"],"character_chosen":"THE_SERVANT","items_purchased":["Solidify","Toxic Egg 2"],"campfire_rested":1,"item_purchase_floors":[12,12],"current_hp_per_floor":[65,65,65,49,49,49,49,49,49,43,43,43,17,17,36,16,16],"gold":89,"neow_bonus":"THREE_ENEMY_KILL","is_daily":false,"chose_seed":false,"campfire_upgraded":2,"win_rate":0.0,"timestamp":1610121835,"path_taken":["M","?","?","?","?","E","R","E","T","M","R","$","E","M","R","BOSS"],"items_purchased_type":["Card","Relic"],"build_version":"2020-12-22","purchased_purges":0,"victory":false,"max_hp_per_floor":[65,65,65,65,65,65,65,65,65,65,65,65,65,65,65,65,65],"card_choices":[{"not_picked":["BottledTime","DualDimension"],"picked":"Sabotage","floor":1},{"not_picked":["Rewind","LightFlow"],"picked":"KillingDoll","floor":6},{"not_picked":["DualDimension","GearUp"],"picked":"KillingDoll","floor":8},{"not_picked":["DoubleEdge","Read","Rewind"],"picked":"SKIP","floor":10},{"not_picked":["Revamp+1","Unruled"],"picked":"Starlight","floor":13},{"not_picked":["Alleviate+1","Ricochet"],"picked":"BottledTime+1","floor":14}],"player_experience":159324,"relics_obtained":[{"floor":6,"key":"Vajra"},{"floor":8,"key":"PreservedInsect"},{"floor":9,"key":"infinitespire:Satchel"},{"floor":13,"key":"Centennial Puzzle"}],"event_choices":[{"damage_healed":0,"gold_gain":0,"player_choice":"Gave Potion","damage_taken":0,"relics_obtained":["MawBank"],"max_hp_gain":0,"max_hp_loss":0,"event_name":"WeMeetAgain","floor":2,"gold_loss":0},{"damage_healed":0,"gold_gain":0,"player_choice":"Take Damage","damage_taken":16,"relics_obtained":["Golden Idol"],"max_hp_gain":0,"max_hp_loss":0,"event_name":"Golden Idol","floor":4,"gold_loss":0},{"damage_healed":0,"gold_gain":100,"player_choice":"Gold","damage_taken":0,"max_hp_gain":0,"max_hp_loss":0,"event_name":"Wheel of Change","floor":5,"gold_loss":0}],"is_beta":false,"boss_relics":[],"items_purged_floors":[],"is_endless":false,"potions_floor_spawned":[1,6,10,13,14],"killed_by":"Hexaghost","ascension_level":0}}