{"host":"qkbnayyek6fga752","time":1610102364,"event":{"mods":["2.2 Compatiblity","Arknights The Spire","Aspiration","Astrologer","BaseMod","Beaked The Cultist","Better Altar","Better Match","Better Note","Better Sensory Stone","Better Skull","Better Third Choice","CCEM","CapriCore","ChefMod","Clockwork Mod","Conspire","Ekko","Energized Spire","Evolution","Glutton Mod","Hermit","Hubris","Humility","Jedi Mod","Koishi","Mad Scientist","Marisa????????","Minty Spire (QoL Compilation)","Quarter Circle Forward PUNCH!","Random Character Mod","Replay The Spire","Robot Space Explorer","SIMod","Spicy Shops","StSLib","The Administrix","The Alterego","The Blackbeard","The Blue Laboratory","The Bug Knight","The Construct","The Cursed","The Death Knight","The Disciple","The Druid","The Exalted","The Forsaken","The Gatherer","The Hayseed","The Hierophant","The Immortal","The Juggle","The Marked","The Necromancer","The Problem Sleuth","The Runesmith","The Sage","The Senshi","The Vixen","TheArtist","TheLocksmith","TheSwordswoman","TheVacant","TheVelvet","TheWitcher","Trackpad","Yuri Mod","thorton","vexMod"],"gold_per_floor":[109,109,109,109,122,157,188,215,215,247,279,308,338,91,91,192,192,208,208,242,242,17,44,72,102,102,128,128,128,157,192,192,297,297,323,423,91,136,180,217,217,267,267,306,37,79,79,427,427,451],"floor_reached":51,"playtime":3817,"items_purged":["Koishi:FadingMemory"],"score":1410,"play_id":"60a3368b-a91a-4d38-b27c-7d9559911947","local_time":"20210108053924","daily_mods":["SealedDeck","Heirloom","Flight","DeadlyEvents","Elite Swarm"],"is_ascension_mode":false,"campfire_choices":[{"data":"Koishi:ReleaseOfTheId","floor":15,"key":"SMITH"},{"data":"Koishi:RoseHell","floor":28,"key":"SMITH"},{"data":"Koishi:RoseHell","floor":29,"key":"SMITH"},{"floor":32,"key":"DIG"},{"data":"Koishi:Whimsy","floor":41,"key":"SMITH"},{"floor":49,"key":"DIG"}],"circlet_count":0,"master_deck":["Koishi:SubconsciousSweep","Koishi:SubconsciousSweep","Koishi:SubconsciousSweep","Koishi:SubconsciousSweep","Koishi:UnconsciousUprising","Koishi:ReleaseOfTheId+1","Koishi:PhilosophyOfTheDespised","Koishi:Whimsy+1","Koishi:BramblyRoseGarden","Koishi:FidgetySnatcher","Koishi:IdleWhim","theForsaken:PlagueCurse","Koishi:IdleWhim","Koishi:RoseHell+1","Koishi:PerfectMindControl","Koishi:FadingMemory","Mayhem+1","Koishi:VengefulSpirit+1","Koishi:RoseHell+1","Koishi:IdleWhim","Clockwork:PerfectForm+1","Madness+1","Koishi:Untouchable+1","Koishi:Bloodlust+1","beaked:BraceForImpact+1","Koishi:SpiritedAway","beaked:VolatileMisfortune+1","Pot Of Greed","Pot Of Greed","Pot Of Greed","beaked:Tweet","Impatience"],"relics":["Koishi:ImaginaryFriend","EVO:Axolotl","hubris:Potato","Frozen Egg 2","theForsaken:PlagueMask","Anchor","Centennial Puzzle","Bag of Marbles","Turnip","Bromod:ArcaneVictory","qcfpunch:Unceasing_Flame","qcfpunch:White_Boots","PreservedInsect","qcfpunch:Crimson_Sash","vexMod:MemoryStick","qcfpunch:Red_Headband","CCEMRelics:GrapeVine","theForsaken:Lifeblossom","conspire:InfiniteJournal","Thread and Needle","Runesmith:Nanobots","Replay:Bandana","trackpad:AdjectivePendant","aspiration:BeakedSkillbook","Iron Hammer","Pear","ReplayTheSpireMod:TigerMarble","theSenshi:SailorFukuRelic","Grinning Jar","Replay:WaspNest","CCEMRelics:GrindingGear","Mango","sagemod:Creepy_Carousel","Old Coin","conspire:DeflatedDodgeball"],"acts_visited":["Exordium","TheCity","TheBeyond"],"potions_floor_usage":[7,13,16,20,23,25,35,38,39,39,50,50],"damage_taken":[{"damage":0,"enemies":"Small Slimes","floor":1,"turns":1},{"damage":0,"enemies":"Jaw Worm","floor":5,"turns":2},{"damage":17,"enemies":"Gremlin Nob","floor":6,"turns":3},{"damage":9,"enemies":"3 Sentries","floor":7,"turns":4},{"damage":0,"enemies":"Replay:BlueRogue","floor":8,"turns":4},{"damage":0,"enemies":"HollowMod:MossKnight","floor":10,"turns":5},{"damage":7,"enemies":"Lagavulin","floor":11,"turns":3},{"damage":10,"enemies":"Gremlin Nob","floor":12,"turns":3},{"damage":0,"enemies":"3 Sentries","floor":13,"turns":2},{"damage":5,"enemies":"Hexaghost","floor":16,"turns":4},{"damage":9,"enemies":"Shell Parasite","floor":18,"turns":4},{"damage":3,"enemies":"Replay:Snechameleon","floor":20,"turns":4},{"damage":10,"enemies":"Slavers","floor":23,"turns":2},{"damage":0,"enemies":"Replay:Snechameleon","floor":24,"turns":5},{"damage":18,"enemies":"Book of Stabbing","floor":25,"turns":4},{"damage":0,"enemies":"Gremlin Leader","floor":27,"turns":3},{"damage":0,"enemies":"HollowMod:Nosk","floor":30,"turns":3},{"damage":0,"enemies":"conspire:FuzzyDice","floor":31,"turns":3},{"damage":5,"enemies":"hubris:MusketHawk","floor":33,"turns":5},{"damage":3,"enemies":"Orb Walker","floor":35,"turns":4},{"damage":7,"enemies":"Giant Head","floor":38,"turns":9},{"damage":8,"enemies":"conspire:MimicChest","floor":39,"turns":5},{"damage":0,"enemies":"R_Hoarder","floor":40,"turns":5},{"damage":0,"enemies":"Reptomancer","floor":42,"turns":3},{"damage":3,"enemies":"Giant Head","floor":44,"turns":6},{"damage":1,"enemies":"HollowMod:StalkingDevout","floor":46,"turns":4},{"damage":0,"enemies":"R_Hoarder","floor":48,"turns":6},{"damage":0,"enemies":"conspire:OrnateMirror","floor":50,"turns":5}],"seed_played":"6913544042236543740","potions_obtained":[{"floor":6,"key":"Regen Potion"},{"floor":7,"key":"Reflective Coating"},{"floor":11,"key":"blueLaboratory:LouseDecoction"},{"floor":12,"key":"ColorlessPotion"},{"floor":13,"key":"Block Potion"},{"floor":18,"key":"Fire Potion"},{"floor":24,"key":"blueLaboratory:HummingbirdPotion"},{"floor":31,"key":"blueLaboratory:BubblePotion"},{"floor":33,"key":"FearPotion"},{"floor":38,"key":"blueLaboratory:BubblePotion"},{"floor":44,"key":"DeathKnight:RimePotion"},{"floor":48,"key":"blueLaboratory:LouseDecoction"}],"is_trial":true,"path_per_floor":["M","?","?","?","M","E","E","E","T","E","E","E","E","$","R","B",null,"M","?","E","?","$","E","E","E","T","E","R","R","E","M","R","B",null,"M","?","$","E","?","E","R","E","T","E","$","E","$","E","R","B",null],"character_chosen":"KOISHI","items_purchased":["Mayhem+1","Koishi:VengefulSpirit+1","qcfpunch:Red_Headband","Koishi:Untouchable+1","Iron Hammer","beaked:Tweet","Impatience","Mango"],"campfire_rested":0,"item_purchase_floors":[14,14,22,22,37,45,45,45],"current_hp_per_floor":[60,60,60,60,60,43,46,46,46,46,40,33,37,37,37,33,60,52,52,50,38,38,31,32,19,19,26,26,26,60,60,60,58,60,59,59,59,59,56,61,61,67,67,69,76,82,82,84,84,84],"gold":451,"neow_bonus":"","is_daily":false,"chose_seed":false,"campfire_upgraded":4,"win_rate":0.0,"timestamp":1610102364,"path_taken":["M","?","?","?","?","E","E","E","T","E","E","E","E","$","R","BOSS","M","?","?","?","$","E","E","E","T","E","R","R","E","?","R","BOSS","M","?","$","?","?","E","R","E","T","E","$","E","$","E","R","BOSS"],"items_purchased_type":["Card","Card","Relic","Card","Relic","Card","Card","Relic"],"build_version":"2020-12-22","purchased_purges":1,"victory":true,"max_hp_per_floor":[60,60,60,60,60,60,60,60,60,60,60,60,60,60,60,60,60,60,60,60,60,60,60,60,60,60,60,60,60,60,60,60,60,60,60,60,60,70,70,70,70,70,70,70,84,84,84,84,84,84],"card_choices":[{"not_picked":["Koishi:Bloodlust","Koishi:CatchAndRose"],"picked":"Koishi:IdleWhim","floor":1},{"not_picked":["Koishi:TraumaticStroke","Koishi:PredatoryInstincts"],"picked":"Koishi:IdleWhim","floor":5},{"not_picked":["Koishi:RuptureMind","Koishi:FormlessExistence+1"],"picked":"Koishi:RoseHell","floor":6},{"not_picked":["Koishi:HeartStoppingHorror+1","Koishi:TerrifyingSpectre+1"],"picked":"Koishi:PerfectMindControl","floor":7},{"not_picked":["Koishi:GrowingPain","Koishi:SilentAndRestless","Koishi:Ego+1"],"picked":"SKIP","floor":8},{"not_picked":["Koishi:FormlessExistence+1","Koishi:MentalBreakdown","Koishi:Ego+1"],"picked":"SKIP","floor":10},{"not_picked":["Koishi:ConfinedInnocent+1","Koishi:TerrifyingSpectre+1"],"picked":"Koishi:FadingMemory","floor":11},{"not_picked":["Koishi:RollingInRichesHeart","Koishi:SilentAndRestless"],"picked":"Koishi:FadingMemory","floor":12},{"not_picked":["Koishi:Heartbroken+1","Koishi:ImGoingToCallYouNow","Koishi:FormlessExistence+1"],"picked":"SKIP","floor":13},{"not_picked":["Koishi:SuperEgo","Koishi:MindStellarRelief"],"picked":"Koishi:RoseHell","floor":16},{"not_picked":["Koishi:DanmakuParanoia","Koishi:FidgetySnatcher+1"],"picked":"Koishi:IdleWhim","floor":18},{"not_picked":["Koishi:ConfinedInnocent+1","Koishi:ImGoingToCallYouNow","Koishi:SuperEgo"],"picked":"SKIP","floor":20},{"not_picked":["Koishi:FadingMemory","Koishi:HeartStoppingHorror+1","Koishi:ConfinedInnocent+1"],"picked":"SKIP","floor":23},{"not_picked":["Koishi:SilentAndRestless","Koishi:GrowingPain","Koishi:ConditionedTeleport"],"picked":"SKIP","floor":24},{"not_picked":["Koishi:PerfectMindControl","Koishi:FadingMemory","Koishi:SuperEgo"],"picked":"SKIP","floor":25},{"not_picked":["Koishi:MindStellarRelief","Koishi:MentalBreakdown","Koishi:ImGoingToCallYouNow"],"picked":"SKIP","floor":27},{"not_picked":["Koishi:ConditionedTeleport","Koishi:HeartStoppingHorror+1","Koishi:FormlessExistence+1"],"picked":"SKIP","floor":30},{"not_picked":["Koishi:TremblingHands+1","Koishi:JumpScare"],"picked":"Koishi:Bloodlust+1","floor":31},{"not_picked":["beaked:Ceremony+1","beaked:Tradeoff","Koishi:FidgetySnatcher+1"],"picked":"beaked:BraceForImpact+1","floor":35},{"not_picked":["Koishi:ConfinedInnocent+1","Koishi:HeartStoppingHorror+1","Koishi:PerfectMindControl","Koishi:ImGoingToCallYouNow"],"picked":"SKIP","floor":38},{"not_picked":["Koishi:PhantomBarrier+1","beaked:Poke","Koishi:FleetingPhantom+1"],"picked":"Koishi:SpiritedAway","floor":39},{"not_picked":["Koishi:ConfinedInnocent+1","beaked:WildInstinct","Koishi:Ego+1","beaked:LiftOff+1"],"picked":"SKIP","floor":40},{"not_picked":["beaked:FakeOut","Koishi:RollingInRichesHeart","Koishi:RuptureMind"],"picked":"beaked:VolatileMisfortune+1","floor":42},{"not_picked":["Koishi:RoseHell","Koishi:TerrifyingSpectre+1","Koishi:FormlessExistence+1","Koishi:SuperEgo"],"picked":"SKIP","floor":44},{"not_picked":["Koishi:RuptureMind","Koishi:ImGoingToCallYouNow","beaked:LiftOff+1","Koishi:HeartStoppingHorror+1"],"picked":"SKIP","floor":46},{"not_picked":["Koishi:RuptureMind","Koishi:ImGoingToCallYouNow","beaked:LiftOff+1","Koishi:HeartStoppingHorror+1"],"picked":"SKIP","floor":46},{"not_picked":["beaked:Sacrifice","beaked:FakeOut","beaked:DarkTribute","Koishi:SuperEgo"],"picked":"SKIP","floor":48}],"player_experience":329705,"relics_obtained":[{"floor":6,"key":"Anchor"},{"floor":7,"key":"Centennial Puzzle"},{"floor":8,"key":"Bag of Marbles"},{"floor":9,"key":"Turnip"},{"floor":10,"key":"Bromod:ArcaneVictory"},{"floor":11,"key":"qcfpunch:Unceasing_Flame"},{"floor":12,"key":"qcfpunch:White_Boots"},{"floor":13,"key":"PreservedInsect"},{"floor":20,"key":"vexMod:MemoryStick"},{"floor":23,"key":"CCEMRelics:GrapeVine"},{"floor":24,"key":"theForsaken:Lifeblossom"},{"floor":25,"key":"conspire:InfiniteJournal"},{"floor":26,"key":"Thread and Needle"},{"floor":27,"key":"Runesmith:Nanobots"},{"floor":30,"key":"Replay:Bandana"},{"floor":32,"key":"trackpad:AdjectivePendant"},{"floor":38,"key":"Pear"},{"floor":39,"key":"ReplayTheSpireMod:TigerMarble"},{"floor":40,"key":"theSenshi:SailorFukuRelic"},{"floor":42,"key":"Grinning Jar"},{"floor":43,"key":"Replay:WaspNest"},{"floor":44,"key":"CCEMRelics:GrindingGear"},{"floor":46,"key":"sagemod:Creepy_Carousel"},{"floor":48,"key":"Old Coin"},{"floor":49,"key":"conspire:DeflatedDodgeball"}],"event_choices":[{"cards_removed":["Injury"],"damage_healed":0,"gold_gain":0,"player_choice":"Forget","damage_taken":0,"max_hp_gain":0,"max_hp_loss":0,"event_name":"Living Wall","floor":3,"gold_loss":0},{"damage_healed":0,"gold_gain":0,"player_choice":"Obtain Plague Curse","damage_taken":0,"max_hp_gain":0,"max_hp_loss":0,"event_name":"Plague Doctor","floor":4,"gold_loss":0,"cards_obtained":["theForsaken:PlagueCurse"]},{"cards_removed":["Mayhem"],"damage_healed":0,"gold_gain":0,"player_choice":"Take \u0026 Give","damage_taken":0,"max_hp_gain":0,"max_hp_loss":0,"event_name":"betterNote:BetterNote","floor":19,"gold_loss":0,"cards_obtained":["Clockwork:PerfectForm"]},{"damage_healed":0,"gold_gain":2,"player_choice":"2","damage_taken":0,"max_hp_gain":0,"max_hp_loss":12,"event_name":"betterStone:BetterStone","floor":21,"gold_loss":0},{"damage_healed":0,"gold_gain":100,"player_choice":"Pray","damage_taken":0,"max_hp_gain":0,"max_hp_loss":0,"event_name":"Golden Shrine","floor":36,"gold_loss":0}],"is_beta":false,"boss_relics":[{"not_picked":["CCEMRelics:TransientCore","Empty Cage"],"picked":"qcfpunch:Crimson_Sash"},{"not_picked":["hubris:BlackHole","Cursed Key"],"picked":"aspiration:BeakedSkillbook"}],"items_purged_floors":[37],"is_endless":false,"potions_floor_spawned":[6,7,11,12,13,18,24,31,33,38,44,48],"ascension_level":0}}