{"host":"8fup84v061vi31le","time":1610089387,"event":{"mods":["Aspiration","BaseMod","Better Match","Better Third Choice","Minty Spire (QoL Compilation)","Shop Mod","Spicy Shops","StSLib"],"gold_per_floor":[109,109,109,119,139,170,184,184,211,246,246,262,11,11,11,109,109,122,154,5,5,17,48,48,80,106,106,106,6,38,38,38,137,137,151,165,40,50,50,50],"floor_reached":39,"playtime":1213,"items_purged":["Defend_R","Flame Barrier","Strike_R"],"score":707,"play_id":"dabea26b-f420-4624-925e-7bc57af1d64b","local_time":"20210108150307","is_ascension_mode":true,"campfire_choices":[{"floor":8.0,"key":"REST"},{"data":"Whirlwind","floor":15.0,"key":"SMITH"},{"data":"Flex","floor":24.0,"key":"SMITH"},{"data":"Seeing Red","floor":28.0,"key":"SMITH"},{"data":"Rampage","floor":32.0,"key":"SMITH"}],"circlet_count":0,"master_deck":["Strike_R","Defend_R","Bash","Seeing Red+1","Underhanded Strike","Survivor","Rampage+1","Feed","Whirlwind+1","Flex+1","Thunderclap","Venomology","Reprogram+1"],"relics":["Burning Blood","Dream Catcher","Oddly Smooth Stone","Toy Ornithopter","Chemical X","Omamori","FaceOfCleric","Empty Cage","Red Mask","Lantern","PrismaticShard","Molten Egg 2","Ice Cream","PreservedInsect","MutagenicStrength","Du-Vu Doll"],"acts_visited":["Exordium","TheCity","TheBeyond"],"potions_floor_usage":[33,39],"damage_taken":[{"damage":16.0,"enemies":"Small Slimes","floor":1.0,"turns":5.0},{"damage":7.0,"enemies":"2 Louse","floor":4.0,"turns":2.0},{"damage":2.0,"enemies":"Cultist","floor":5.0,"turns":4.0},{"damage":18.0,"enemies":"3 Sentries","floor":6.0,"turns":4.0},{"damage":6.0,"enemies":"Looter","floor":7.0,"turns":3.0},{"damage":41.0,"enemies":"Lagavulin","floor":10.0,"turns":6.0},{"damage":0.0,"enemies":"Large Slime","floor":12.0,"turns":4.0},{"damage":3.0,"enemies":"Slime Boss","floor":16.0,"turns":6.0},{"damage":15.0,"enemies":"Shell Parasite","floor":18.0,"turns":4.0},{"damage":0.0,"enemies":"Masked Bandits","floor":19.0,"turns":1.0},{"damage":2.0,"enemies":"Spheric Guardian","floor":22.0,"turns":3.0},{"damage":12.0,"enemies":"Gremlin Leader","floor":23.0,"turns":5.0},{"damage":13.0,"enemies":"Slavers","floor":25.0,"turns":3.0},{"damage":0.0,"enemies":"Gremlin Leader","floor":30.0,"turns":3.0},{"damage":114,"enemies":"Automaton","floor":33,"turns":8},{"damage":47,"enemies":"3 Shapes","floor":35,"turns":3},{"damage":12,"enemies":"Orb Walker","floor":36,"turns":2},{"damage":27,"enemies":"Jaw Worm Horde","floor":38,"turns":3},{"damage":54,"enemies":"Writhing Mass","floor":39,"turns":4}],"seed_played":"4467853455362876554","potions_obtained":[{"floor":3.0,"key":"BloodPotion"},{"floor":3.0,"key":"LiquidBronze"},{"floor":3.0,"key":"Explosive Potion"},{"floor":5.0,"key":"Explosive Potion"},{"floor":6.0,"key":"Explosive Potion"},{"floor":10.0,"key":"SteroidPotion"},{"floor":16.0,"key":"Explosive Potion"},{"floor":22.0,"key":"DistilledChaos"},{"floor":23.0,"key":"Strength Potion"},{"floor":36,"key":"Explosive Potion"}],"is_trial":false,"path_per_floor":["M","?","?","M","M","E","M","R","T","E","?","M","$","?","R","B",null,"M","?","$","?","M","E","R","E","T","?","R","$","E","$","R","B",null,"M","M","$","M","M"],"character_chosen":"IRONCLAD","items_purchased":["Chemical X","Omamori","Flex","Lantern"],"campfire_rested":1,"item_purchase_floors":[13,13,13,20],"current_hp_per_floor":[62,62,62,61,65,53,53,77,77,42,68,77,77,77,77,84,84,76,86,86,78,83,83,83,85,85,85,85,85,92,92,92,8,73,36,31,31,14,0,0],"gold":50,"neow_bonus":"TRANSFORM_CARD","is_daily":false,"chose_seed":false,"campfire_upgraded":4,"win_rate":0.0,"timestamp":1610089387,"path_taken":["M","?","?","M","?","E","M","R","T","E","?","M","$","?","R","BOSS","M","?","$","?","M","E","R","E","T","?","R","$","E","?","R","BOSS","M","M","$","M","M"],"items_purchased_type":["Relic","Relic","Card","Relic"],"build_version":"2020-12-22","purchased_purges":3,"victory":false,"max_hp_per_floor":[80,80,80,80,80,80,80,80,80,80,80,83,83,83,83,84,84,85,86,86,86,87,88,88,92,92,92,92,92,93,93,93,94,94,98,99,99,103,103,103],"card_choices":[{"not_picked":["Sword Boomerang","Iron Wave"],"picked":"Flame Barrier","floor":1.0},{"not_picked":["Pommel Strike","True Grit","Warcry"],"picked":"SKIP","floor":4.0},{"not_picked":["Evolve","Warcry"],"picked":"Rampage","floor":5.0},{"not_picked":["Heavy Blade","Sentinel"],"picked":"Feed","floor":6.0},{"not_picked":["Burning Pact","Anger"],"picked":"Whirlwind","floor":7.0},{"not_picked":["Fire Breathing","Infernal Blade","Perfected Strike"],"picked":"SKIP","floor":10.0},{"not_picked":["Sever Soul","Thunderclap","Wild Strike"],"picked":"SKIP","floor":12.0},{"not_picked":["Combust+1","Flex","Searing Blow"],"picked":"SKIP","floor":18.0},{"not_picked":["Flex","Whirlwind+1"],"picked":"Thunderclap","floor":21.0},{"not_picked":["Havoc","Cleave+1","Sword Boomerang+1"],"picked":"SKIP","floor":22.0},{"not_picked":["Beam Cell+1","Crescendo","Hologram"],"picked":"SKIP","floor":23.0},{"not_picked":["Panache","PathToVictory","Backflip"],"picked":"SKIP","floor":25.0},{"not_picked":["Outmaneuver+1","Anger+1","Shrug It Off"],"picked":"SKIP","floor":30.0},{"not_picked":["Bludgeon+1","The Bomb"],"picked":"Venomology","floor":33},{"not_picked":["Rage+1","True Grit","Infinite Blades+1"],"picked":"SKIP","floor":35},{"not_picked":["Barrage+1","Flex+1"],"picked":"Reprogram+1","floor":36},{"not_picked":["Feel No Pain+1","BowlingBash+1","Armaments+1"],"picked":"SKIP","floor":38}],"player_experience":146040,"relics_obtained":[{"floor":6.0,"key":"Dream Catcher"},{"floor":9.0,"key":"Oddly Smooth Stone"},{"floor":10.0,"key":"Toy Ornithopter"},{"floor":19.0,"key":"Red Mask"},{"floor":21.0,"key":"PrismaticShard"},{"floor":23.0,"key":"Molten Egg 2"},{"floor":25.0,"key":"Ice Cream"},{"floor":26.0,"key":"PreservedInsect"},{"floor":30.0,"key":"Du-Vu Doll"}],"event_choices":[{"damage_healed":0.0,"max_hp_gain":0.0,"max_hp_loss":0.0,"gold_gain":0.0,"event_name":"Lab","player_choice":"Got Potions","floor":3.0,"gold_loss":0.0,"damage_taken":0.0},{"damage_healed":26.0,"max_hp_gain":0.0,"max_hp_loss":0.0,"gold_gain":0.0,"event_name":"Big Fish","player_choice":"Banana","floor":11.0,"gold_loss":0.0,"damage_taken":0.0},{"damage_healed":0.0,"max_hp_gain":0.0,"max_hp_loss":0.0,"gold_gain":0.0,"event_name":"FaceTrader","player_choice":"Trade","floor":14.0,"gold_loss":0.0,"damage_taken":0.0,"relics_obtained":["FaceOfCleric"]},{"damage_healed":0.0,"max_hp_gain":0.0,"max_hp_loss":0.0,"gold_gain":0.0,"event_name":"Masked Bandits","player_choice":"Fought Bandits","floor":19.0,"gold_loss":0.0,"damage_taken":0.0},{"damage_healed":0.0,"max_hp_gain":0.0,"max_hp_loss":0.0,"gold_gain":0.0,"event_name":"Drug Dealer","player_choice":"Inject Mutagens","floor":27.0,"gold_loss":0.0,"damage_taken":0.0,"relics_obtained":["MutagenicStrength"]}],"is_beta":false,"boss_relics":[{"not_picked":["Black Star","Velvet Choker"],"picked":"Empty Cage"},{"not_picked":["Snecko Eye","aspiration:RunicSpoon","aspiration:PoetsPen"]}],"items_purged_floors":[20,29,37],"is_endless":false,"potions_floor_spawned":[5,6,10,16,22,23,36],"killed_by":"Writhing Mass","ascension_level":9}}