{"host":"aaqofma31c3gm2hj","time":1610074931,"event":{"mods":["BaseMod","Minty Spire (QoL Compilation)","Replay The Spire","Spicy Shops","StSLib"],"gold_per_floor":[15,31,31,31,46,46,46,59,110,110,185,256,256,256],"floor_reached":13,"playtime":120,"items_purged":[],"score":146,"play_id":"a4cefe3e-2f03-42fa-8160-59652194a4c8","local_time":"20210108110211","is_ascension_mode":true,"campfire_choices":[{"data":"Eruption","floor":6,"key":"SMITH"}],"circlet_count":0,"master_deck":["AscendersBane","Strike_P","Strike_P","Strike_P","Defend_P","Eruption+1","Vigilance","Replay:BluntJabs","ForeignInfluence","TalkToTheHand","Replay:LoomingThreat"],"relics":["PureWater","MealTicket","Pantograph"],"acts_visited":["Exordium"],"potions_floor_usage":[],"damage_taken":[{"damage":0,"enemies":"Small Slimes","floor":1,"turns":2},{"damage":0,"enemies":"Cultist","floor":2,"turns":2},{"damage":8,"enemies":"2 Louse","floor":5,"turns":2},{"damage":11,"enemies":"Looter","floor":8,"turns":2},{"damage":0,"enemies":"Lagavulin","floor":13,"turns":1}],"seed_played":"-2094344708815676767","potions_obtained":[{"floor":8,"key":"Dexterity Potion"}],"is_trial":false,"path_per_floor":["M","M","?","?","M","R","$","M","T","?","?","T","E"],"character_chosen":"WATCHER","items_purchased":[],"campfire_rested":0,"item_purchase_floors":[],"current_hp_per_floor":[61,61,61,61,53,53,53,42,42,47,36,36,36,36],"gold":256,"neow_bonus":"TRANSFORM_TWO_CARDS","is_daily":false,"chose_seed":false,"campfire_upgraded":1,"win_rate":0.0,"timestamp":1610074931,"path_taken":["M","M","?","?","?","R","?","M","T","?","?","?","E"],"items_purchased_type":[],"build_version":"2020-12-22","purchased_purges":0,"victory":false,"max_hp_per_floor":[68,68,68,68,68,68,68,68,68,73,73,73,73,73],"card_choices":[{"not_picked":["Consecrate","Swivel","Evaluate"],"picked":"SKIP","floor":1},{"not_picked":["Crescendo","EmptyMind"],"picked":"TalkToTheHand","floor":2},{"not_picked":["Replay:Anticipation","WreathOfFlame","ThirdEye"],"picked":"SKIP","floor":5},{"not_picked":["ClearTheMind","DeceiveReality","Replay:Hum"],"picked":"SKIP","floor":8}],"player_experience":567071,"relics_obtained":[{"floor":9,"key":"MealTicket"},{"floor":12,"key":"Pantograph"}],"event_choices":[{"damage_healed":0,"gold_gain":0,"cards_transformed":["Defend_P"],"player_choice":"Change","damage_taken":0,"max_hp_gain":0,"max_hp_loss":0,"event_name":"Living Wall","floor":3,"gold_loss":0,"cards_obtained":["Replay:LoomingThreat"]},{"cards_removed":["Strike_P"],"damage_healed":0,"gold_gain":0,"player_choice":"Purged","damage_taken":0,"max_hp_gain":0,"max_hp_loss":0,"event_name":"Purifier","floor":4,"gold_loss":0},{"damage_healed":0,"gold_gain":0,"player_choice":"Donut","damage_taken":0,"max_hp_gain":5,"max_hp_loss":0,"event_name":"Big Fish","floor":10,"gold_loss":0},{"damage_healed":0,"gold_gain":75,"player_choice":"Gather Gold","damage_taken":11,"max_hp_gain":0,"max_hp_loss":0,"event_name":"World of Goop","floor":11,"gold_loss":0}],"is_beta":false,"boss_relics":[],"items_purged_floors":[],"is_endless":false,"potions_floor_spawned":[8],"killed_by":"Lagavulin","ascension_level":20}}