{"host":"gb9pilk70hujf88i","time":1610073708,"event":{"mods":["AchievementEnabler","BaseMod","Better Altar","Better Match","Better Sensory Stone","Better Third Choice","Better Vampires","Colored Map","Colored Powertips","Downfall","Hubris","Infinite Spire","KinomotoSakuraMod(????)","Koishi","Minty Spire (QoL Compilation)","Replay The Spire","StSLib","The Jungle","The Marked"],"gold_per_floor":[117,134,144,162,177,203,203,234,234,260,277,277,277,35,35,138,138,150,150,73,90,109,121,153,153,153,153,5,19,44,59,59,59,59],"floor_reached":33,"playtime":2452,"items_purged":["ClowCardTheSword"],"score":462,"play_id":"65d96444-602e-4062-a61d-011aa8a2df17","local_time":"20210108004148","is_ascension_mode":true,"campfire_choices":[{"data":"ClowCardTheEarthy","floor":7.0,"key":"SMITH"},{"data":"ClowCardTheEarthy","floor":12,"key":"SMITH"},{"data":"ClowCardTheFlower","floor":15,"key":"SMITH"},{"data":"ClowCardTheWatery","floor":32,"key":"SMITH"}],"circlet_count":1,"master_deck":["SakuraCardTheThunder+","SakuraCardThePower+","ClowCardTheSword","ClowCardTheSword","ClowCardTheSword","ClowCardTheShield","ClowCardTheShield","ClowCardTheShield","ClowCardTheShield","SpellCardSeal","SpellCardRelease","ClowCardTheTime","ClowCardTheMaze","ClowCardTheJump","ClowCardTheEarthy+1","ClowCardTheJump","ClowCardTheShot","ClowCardTheFlower+1","ClowCardTheEarthy+1","ClowCardTheArrow","ClowCardTheWatery+1","ClowCardTheSand+1","ClowCardTheShadow+1","ClowCardTheLittle","ClowCardTheBubbles","ClowCardTheTwin+1","ClowCardTheWood+1"],"relics":["KSMOD_SealedBook","KSMOD_SealedWand","Tiny Chest","Circlet","PreservedInsect","Pantograph","Golden Egg","Runic Pyramid","KSMOD_TaoistSuit","Omamori","infinitespire:WardingShard","theJungle:WildMango"],"acts_visited":["Exordium","Exordium"],"potions_floor_usage":[18,19,23,29,29,31],"damage_taken":[{"damage":3.0,"enemies":"Small Slimes","floor":1.0,"turns":3.0},{"damage":0.0,"enemies":"Jaw Worm","floor":2.0,"turns":4.0},{"damage":0.0,"enemies":"Cultist","floor":3.0,"turns":5.0},{"damage":24.0,"enemies":"Lots of Slimes","floor":4.0,"turns":8.0},{"damage":0.0,"enemies":"2 Fungi Beasts","floor":5.0,"turns":4.0},{"damage":0.0,"enemies":"Replay:BlueRogue","floor":6.0,"turns":1.0},{"damage":4.0,"enemies":"Gremlin Nob","floor":8.0,"turns":4.0},{"damage":3,"enemies":"3 Sentries","floor":10,"turns":5},{"damage":0,"enemies":"Blue Slaver","floor":11,"turns":3},{"damage":0,"enemies":"Slime Boss","floor":16,"turns":6},{"damage":10,"enemies":"theJungle:MUSHROOMGANG","floor":18,"turns":4},{"damage":2,"enemies":"Shell Parasite","floor":21,"turns":5},{"damage":0,"enemies":"theJungle:SlimyTreeVines","floor":22,"turns":4},{"damage":3,"enemies":"theJungle:2_Flameangoes","floor":23,"turns":3},{"damage":15,"enemies":"theJungle:MamaSnecko","floor":24,"turns":6},{"damage":0,"enemies":"theJungle:2_Snecko_Cultists","floor":29,"turns":2},{"damage":0,"enemies":"theJungle:Snecko_Cultist_And_Trap","floor":31,"turns":4},{"damage":92,"enemies":"theJungle:TotemBoss","floor":33,"turns":6}],"seed_played":"4914194116173185562","potions_obtained":[{"floor":3.0,"key":"Milkshake"},{"floor":4.0,"key":"Ancient Potion"},{"floor":8,"key":"DuplicationPotion"},{"floor":16,"key":"Swift Potion"},{"floor":19,"key":"Fruit Juice"},{"floor":19,"key":"infinitespire:BlackPotion"},{"floor":19,"key":"Cursed Concoction"},{"floor":24,"key":"SteroidPotion"},{"floor":29,"key":"Reflective Coating"}],"is_trial":false,"path_per_floor":["M","M","M","M","M","E","R","E","T","E","M","R","?","$","R","B",null,"M","?","$","M","M","M","E","T","T","?","$","M","T","M","R","B"],"character_chosen":"KINOMOTOSAKURA","items_purchased":["Golden Egg","ClowCardTheSand","ClowCardTheShadow","ClowCardTheTwin"],"campfire_rested":0,"item_purchase_floors":[14,20,20,28],"current_hp_per_floor":[67,67,67,43,43,43,43,39,39,36,36,36,41,41,41,66,75,65,70,70,68,71,68,53,53,53,67,67,67,67,67,67,0,0],"gold":59,"neow_bonus":"ONE_RANDOM_RARE_CARD","is_daily":false,"chose_seed":false,"campfire_upgraded":4,"win_rate":0.0,"timestamp":1610073708,"path_taken":["M","M","M","M","M","E","R","E","T","E","M","R","?","$","R","BOSS","M","?","$","M","M","?","E","?","T","?","$","M","?","M","R","BOSS"],"items_purchased_type":["Relic","Card","Card","Card"],"build_version":"2020-12-22","purchased_purges":1,"victory":false,"max_hp_per_floor":[70,70,70,70,70,70,70,70,70,70,70,70,75,75,75,75,75,75,80,80,80,80,80,80,80,80,94,94,94,94,94,94,94,94],"card_choices":[{"not_picked":["ClowCardTheSweet","ClowCardTheShot"],"picked":"ClowCardTheMaze","floor":1.0},{"not_picked":["ClowCardTheSweet","ClowCardTheRain"],"picked":"ClowCardTheJump","floor":2.0},{"not_picked":["ClowCardTheFloat","ClowCardTheWave"],"picked":"ClowCardTheEarthy","floor":3.0},{"not_picked":["ClowCardTheErase","ClowCardTheChange"],"picked":"ClowCardTheJump","floor":4.0},{"not_picked":["ClowCardTheRain","ClowCardTheMaze"],"picked":"ClowCardThePower","floor":5.0},{"not_picked":["ClowCardTheErase","ClowCardTheSand"],"picked":"ClowCardTheShot","floor":6.0},{"not_picked":["ClowCardTheArrow","ClowCardTheMirror"],"picked":"ClowCardTheFlower","floor":8},{"not_picked":["ClowCardTheSilent","ClowCardTheFloat"],"picked":"ClowCardTheEarthy","floor":10},{"not_picked":["ClowCardTheChange","ClowCardTheStorm"],"picked":"ClowCardTheArrow","floor":11},{"not_picked":["ClowCardTheCreate","ClowCardTheDark"],"picked":"ClowCardTheThunder","floor":16},{"not_picked":["ClowCardTheMist+1","ClowCardTheArrow"],"picked":"ClowCardTheWatery","floor":18},{"not_picked":["ClowCardTheRain","ClowCardTheErase"],"picked":"ClowCardTheLittle","floor":21},{"not_picked":["ClowCardTheSnow","ClowCardTheBig"],"picked":"ClowCardTheBubbles","floor":22},{"not_picked":["ClowCardTheShot","ClowCardTheMist","ClowCardTheChange"],"picked":"SKIP","floor":23},{"not_picked":["ClowCardTheEarthy","ClowCardTheDream","ClowCardTheMirror"],"picked":"SKIP","floor":24},{"not_picked":["ClowCardTheBubbles","ClowCardTheErase"],"picked":"ClowCardTheWood+1","floor":29},{"not_picked":["ClowCardTheShadow","ClowCardTheVoice+1","ClowCardTheSilent"],"picked":"SKIP","floor":31}],"player_experience":59320,"relics_obtained":[{"floor":6.0,"key":"Tiny Chest"},{"floor":8,"key":"Circlet"},{"floor":9,"key":"PreservedInsect"},{"floor":10,"key":"Pantograph"},{"floor":24,"key":"KSMOD_TaoistSuit"},{"floor":25,"key":"Omamori"},{"floor":26,"key":"infinitespire:WardingShard"}],"event_choices":[{"damage_healed":0,"gold_gain":0,"player_choice":"Donut","damage_taken":0,"max_hp_gain":5,"max_hp_loss":0,"event_name":"Big Fish","floor":13,"gold_loss":0},{"damage_healed":0,"gold_gain":0,"player_choice":"Got Potions","damage_taken":0,"max_hp_gain":0,"max_hp_loss":0,"event_name":"Lab","floor":19,"gold_loss":0}],"is_beta":false,"boss_relics":[{"not_picked":["hubris:RunicObelisk","infinitespire:Cupcake"],"picked":"Runic Pyramid"}],"items_purged_floors":[28],"is_endless":false,"potions_floor_spawned":[3,4,8,10,16,24,29],"killed_by":"theJungle:TotemBoss","ascension_level":4}}