{"host":"qr4czw4lps0sljwa","time":1610071553,"event":{"mods":["BaseMod","Downfall","Minty Spire (QoL Compilation)","StSLib"],"gold_per_floor":[99,119,137,237,249,266,266,278,304,318,243,93,93,122,134,238,238,238,251,263,275,288,322,372,317,5,39,39,52,52,84,100,201,201,126,141,161,161,161,179,179,179,213,252,284,301,301,320,333,333,333,333],"floor_reached":50,"playtime":3759,"items_purged":[],"score":707,"play_id":"095dff35-886e-4bb8-9b8b-447613c3ef46","local_time":"20210107180553","is_ascension_mode":true,"campfire_choices":[{"data":"Slimebound:Split","floor":1,"key":"SMITH"},{"data":"Slimebound:PrepareCrush","floor":11,"key":"SMITH"},{"data":"Slimebound:ComboTackle","floor":13,"key":"SMITH"},{"data":"Slimebound:RollThrough","floor":18,"key":"SMITH"},{"floor":28,"key":"REST"},{"floor":30,"key":"REST"},{"data":"Slimebound:LeadByExample","floor":35,"key":"SMITH"},{"floor":47,"key":"REST"}],"circlet_count":0,"master_deck":["Slimebound:Strike_Slimebound+1","Slimebound:Strike_Slimebound+1","Slimebound:Strike_Slimebound","Slimebound:Tackle","Slimebound:Defend_Slimebound","Slimebound:Defend_Slimebound","Slimebound:Defend_Slimebound","Slimebound:Defend_Slimebound","Slimebound:Split+1","Slimebound:CorrosiveSpit","Slimebound:ComboTackle+1","Slimebound:RollThrough+1","Slimebound:SlimeSpikes","Slimebound:PrepareCrush+1","Slimebound:SlimeSpikes+1","Slimebound:DivideAndConquer+1","Slimebound:OneTwoCombo+1","Slimebound:LeadByExample+1","Slimebound:MassRepurpose+1","Slimebound:SlimeSpikes+1","Slimebound:ComboTackle+1","Slimebound:Repurpose+1","Slimebound:BestDefense","Slimebound:BestDefense","Slimebound:SplitLeeching+1","Apotheosis+1","Slimebound:SlimeBarrage+1","Slimebound:FlameTackle+1","Slimebound:WasteNot+1","Slimebound:Darklings+1","expansioncontent:LastStand","Slimebound:BestDefense+1","Slimebound:SplitAcid+1","Slimebound:SlimeSpikes+1","Slimebound:GoopTackle+1","Mayhem","Slimebound:RollThrough+1","Slimebound:ServeAndProtect+1"],"relics":["Slimebound:AbsorbEndCombat","Whetstone","Molten Egg 2","Toxic Egg 2","downfall:HeartBlessingGreen","PreservedInsect","Busted Crown","StoneCalendar","Bag of Marbles","Kunai","SlaversCollar","downfall:HeartBlessingBlue","Sundial","Toy Ornithopter","Letter Opener"],"acts_visited":["Exordium","TheCity","TheBeyond"],"potions_floor_usage":[3,9,14,15,27,33,37,43,46,50],"damage_taken":[{"damage":9,"enemies":"Cultist","floor":2,"turns":3},{"damage":14,"enemies":"Jaw Worm","floor":3,"turns":3},{"damage":13,"enemies":"Small Slimes","floor":5,"turns":3},{"damage":10,"enemies":"Blue Slaver","floor":6,"turns":3},{"damage":8,"enemies":"Exordium Thugs","floor":8,"turns":3},{"damage":22,"enemies":"3 Sentries","floor":9,"turns":7},{"damage":8,"enemies":"Large Slime","floor":10,"turns":5},{"damage":24,"enemies":"Gremlin Nob","floor":14,"turns":4},{"damage":7,"enemies":"Lots of Slimes","floor":15,"turns":3},{"damage":24,"enemies":"downfall:Watcher","floor":16,"turns":9},{"damage":18,"enemies":"Spheric Guardian","floor":19,"turns":3},{"damage":20,"enemies":"Shell Parasite","floor":20,"turns":4},{"damage":26,"enemies":"Shelled Parasite and Fungi","floor":21,"turns":4},{"damage":8,"enemies":"Sentry and Sphere","floor":22,"turns":5},{"damage":16,"enemies":"Gremlin Leader","floor":23,"turns":3},{"damage":8,"enemies":"downfall:FleeingMerchant","floor":25,"turns":4},{"damage":18,"enemies":"downfall:FleeingMerchant","floor":26,"turns":4},{"damage":34,"enemies":"Book of Stabbing","floor":27,"turns":5},{"damage":12,"enemies":"3 Cultists","floor":29,"turns":4},{"damage":18,"enemies":"Gremlin Leader","floor":31,"turns":4},{"damage":34,"enemies":"Snake Plant","floor":32,"turns":4},{"damage":17,"enemies":"downfall:Ironclad","floor":33,"turns":7},{"damage":17,"enemies":"3 Shapes","floor":36,"turns":3},{"damage":21,"enemies":"Orb Walker","floor":37,"turns":4},{"damage":21,"enemies":"3 Darklings","floor":40,"turns":3},{"damage":70,"enemies":"Giant Head","floor":43,"turns":7},{"damage":0,"enemies":"downfall:FleeingMerchant","floor":44,"turns":1},{"damage":40,"enemies":"Nemesis","floor":45,"turns":3},{"damage":20,"enemies":"Sphere and 2 Shapes","floor":46,"turns":3},{"damage":35,"enemies":"Maw","floor":48,"turns":6},{"damage":38,"enemies":"3 Darklings","floor":49,"turns":6},{"damage":93,"enemies":"downfall:Defect","floor":50,"turns":4}],"seed_played":"-7034244644778278277","potions_obtained":[{"floor":3,"key":"Fruit Juice"},{"floor":6,"key":"Dexterity Potion"},{"floor":8,"key":"DistilledChaos"},{"floor":10,"key":"FairyPotion"},{"floor":14,"key":"LiquidBronze"},{"floor":23,"key":"Strength Potion"},{"floor":27,"key":"LiquidMemories"},{"floor":29,"key":"SpeedPotion"},{"floor":33,"key":"LiquidMemories"},{"floor":40,"key":"SteroidPotion"},{"floor":48,"key":"Slimebound:SlimedPotion"}],"is_trial":false,"path_per_floor":["R","M","M","?","M","M","T","M","E","M","R","?","R","E","M","B",null,"R","M","M","M","M","E","T","$","$","E","R","M","R","E","M","B",null,"R","M","M","?","?","M","T","?","E","$","E","M","R","M","M","B"],"character_chosen":"SLIMEBOUND","items_purchased":["Slimebound:BestDefense","Slimebound:SplitLeeching+1","Apotheosis+1","Slimebound:SlimeBarrage+1","Slimebound:SlimeSpikes+1","Slimebound:GoopTackle+1","Mayhem"],"campfire_rested":3,"item_purchase_floors":[25,26,26,26,44,44,44],"current_hp_per_floor":[60,60,61,61,56,56,56,58,46,48,48,75,75,63,56,42,75,75,65,63,45,53,45,45,51,41,21,43,43,65,63,39,40,75,85,76,75,75,65,62,62,62,22,22,29,46,71,72,58,0,0,0],"gold":333,"neow_bonus":"RANDOM_COMMON_RELIC","is_daily":false,"chose_seed":false,"campfire_upgraded":5,"win_rate":0.0,"timestamp":1610071553,"path_taken":["R","M","?","?","M","M","T","M","E","M","R","?","R","E","M","BOSS","R","M","M","M","M","E","T","?","$","E","R","M","R","E","M","BOSS","R","M","M","?","?","M","T","?","E","?","E","?","R","M","M","BOSS"],"items_purchased_type":["Card","Card","Card","Card","Card","Card","Card"],"build_version":"2020-12-22","purchased_purges":0,"victory":false,"max_hp_per_floor":[60,60,65,65,65,65,65,65,65,65,65,75,75,75,75,75,75,75,75,75,75,75,75,75,75,75,75,75,75,75,75,75,75,75,85,85,85,85,85,85,85,85,85,85,85,85,85,85,85,85,85,85],"card_choices":[{"not_picked":["Slimebound:GrowthPunch","Slimebound:Schlurp"],"picked":"Slimebound:DivideAndConquer","floor":2},{"not_picked":["Slimebound:LeechingTouch","Slimebound:OozeBath"],"picked":"Slimebound:ComboTackle","floor":3},{"not_picked":["Slimebound:Dissolve","Slimebound:ServeAndProtect"],"picked":"Slimebound:RollThrough","floor":5},{"not_picked":["Slimebound:MegaLick","Slimebound:LeechEnergy"],"picked":"Slimebound:SlimeSpikes","floor":6},{"not_picked":["Slimebound:SamplingLick","Slimebound:Dissolve"],"picked":"Slimebound:PrepareCrush","floor":8},{"not_picked":["Slimebound:SplitMire+1","Slimebound:RollThrough+1"],"picked":"Slimebound:SlimeSpikes+1","floor":9},{"not_picked":["Slimebound:BestDefense","Slimebound:RainOfGoop+1"],"picked":"Slimebound:DivideAndConquer+1","floor":10},{"not_picked":["Slimebound:GrowthPunch+1","Slimebound:ViciousTackle+1"],"picked":"Slimebound:OneTwoCombo+1","floor":14},{"not_picked":["Slimebound:RollThrough+1","Slimebound:FinishingTackle+1"],"picked":"Slimebound:LeadByExample","floor":15},{"not_picked":["Slimebound:LeechLife+1","Slimebound:SlimeSlap+1"],"picked":"Slimebound:MassRepurpose+1","floor":16},{"not_picked":[],"picked":"Slimebound:SlimeSpikes+1","floor":19},{"not_picked":["Slimebound:Schlurp+1"],"picked":"SKIP","floor":20},{"not_picked":[],"picked":"Slimebound:ComboTackle+1","floor":21},{"not_picked":["Slimebound:FinishingTackle+1"],"picked":"SKIP","floor":22},{"not_picked":[],"picked":"Slimebound:Repurpose+1","floor":23},{"not_picked":["Slimebound:LeechLife+1"],"picked":"SKIP","floor":25},{"not_picked":[],"picked":"Slimebound:BestDefense","floor":26},{"not_picked":["Slimebound:GoopSpray+1"],"picked":"SKIP","floor":27},{"not_picked":[],"picked":"Slimebound:FlameTackle+1","floor":29},{"not_picked":["Slimebound:ViciousTackle+1"],"picked":"SKIP","floor":31},{"not_picked":["Slimebound:GrowthPunch+1"],"picked":"SKIP","floor":32},{"not_picked":[],"picked":"Slimebound:WasteNot+1","floor":33},{"not_picked":["Slimebound:BestDefense"],"picked":"SKIP","floor":36},{"not_picked":["Slimebound:ItLooksTasty+1"],"picked":"SKIP","floor":37},{"not_picked":[],"picked":"expansioncontent:LastStand","floor":39},{"not_picked":[],"picked":"Slimebound:BestDefense+1","floor":40},{"not_picked":["Slimebound:GoopSpray+1"],"picked":"SKIP","floor":43},{"not_picked":[],"picked":"Slimebound:SplitAcid+1","floor":44},{"not_picked":[],"picked":"Slimebound:RollThrough+1","floor":45},{"not_picked":[],"picked":"Slimebound:ServeAndProtect+1","floor":46},{"not_picked":["Slimebound:RollThrough+1"],"picked":"SKIP","floor":48},{"not_picked":["Slimebound:TongueLash+1"],"picked":"SKIP","floor":49}],"player_experience":212252,"relics_obtained":[{"floor":7,"key":"Molten Egg 2"},{"floor":9,"key":"Toxic Egg 2"},{"floor":14,"key":"PreservedInsect"},{"floor":23,"key":"StoneCalendar"},{"floor":27,"key":"Bag of Marbles"},{"floor":31,"key":"Kunai"},{"floor":41,"key":"Sundial"},{"floor":43,"key":"Toy Ornithopter"},{"floor":45,"key":"Letter Opener"}],"event_choices":[{"cards_removed":["Slimebound:DivideAndConquer"],"damage_healed":0,"gold_gain":0,"player_choice":"Removed Skill","damage_taken":0,"max_hp_gain":0,"max_hp_loss":0,"event_name":"Falling","floor":42,"gold_loss":0}],"is_beta":false,"boss_relics":[{"not_picked":["Fusion Hammer","Slimebound:AbsorbEndCombatUpgraded"],"picked":"Busted Crown"},{"not_picked":["Runic Dome","Empty Cage"],"picked":"SlaversCollar"}],"items_purged_floors":[],"is_endless":false,"potions_floor_spawned":[3,6,8,10,14,23,27,29,32,33,36,40,48],"killed_by":"downfall:Defect","ascension_level":1}}