{"host":"lpogke4cwz8zw1ju","time":1610130170,"event":{"mods":["Always Whale","BaseMod","Minty Spire (QoL Compilation)","Permanent Neow"],"gold_per_floor":[215,232,243,243,243,243,262,278,278,203,229,229,262,262,262,262,262],"floor_reached":16,"playtime":748,"items_purged":["EmptyFist"],"score":110,"play_id":"c01f4cdf-3cf5-414c-bcad-dce5ccd75d48","local_time":"20210108192250","is_ascension_mode":false,"campfire_choices":[{"data":"Prostrate","floor":6,"key":"SMITH"},{"floor":12,"key":"REST"},{"floor":15,"key":"REST"}],"circlet_count":0,"master_deck":["Strike_P","Strike_P","Strike_P","Strike_P","Defend_P","Defend_P","Defend_P","Defend_P","Eruption","Vigilance","Prostrate+1","FearNoEvil","Consecrate","SashWhip","Sanctity","TalkToTheHand"],"relics":["PureWater","Mercury Hourglass","Ginger","Pear","Meat on the Bone"],"acts_visited":["Exordium"],"potions_floor_usage":[16,16],"damage_taken":[{"damage":0,"enemies":"Cultist","floor":1,"turns":2},{"damage":7,"enemies":"Jaw Worm","floor":2,"turns":5},{"damage":2,"enemies":"2 Louse","floor":3,"turns":4},{"damage":3,"enemies":"Red Slaver","floor":7,"turns":2},{"damage":0,"enemies":"Large Slime","floor":8,"turns":4},{"damage":17,"enemies":"3 Sentries","floor":11,"turns":7},{"damage":29,"enemies":"Lagavulin","floor":13,"turns":7},{"damage":28,"enemies":"Hexaghost","floor":16,"turns":4}],"seed_played":"6395811252586559727","potions_obtained":[{"floor":3,"key":"EssenceOfSteel"},{"floor":7,"key":"Ancient Potion"},{"floor":14,"key":"FairyPotion"},{"floor":14,"key":"BlessingOfTheForge"}],"is_trial":false,"path_per_floor":["M","M","M","T","?","R","M","M","T","$","E","R","E","?","R","B"],"character_chosen":"WATCHER","items_purchased":[],"campfire_rested":2,"item_purchase_floors":[],"current_hp_per_floor":[72,65,63,63,63,63,60,60,60,60,53,77,48,48,72,44,44],"gold":262,"neow_bonus":"HUNDRED_GOLD","is_daily":false,"chose_seed":false,"campfire_upgraded":1,"win_rate":0.0,"timestamp":1610130170,"path_taken":["M","M","M","?","?","R","M","M","T","$","E","R","E","?","R","BOSS"],"items_purchased_type":[],"build_version":"2020-12-22","purchased_purges":1,"victory":false,"max_hp_per_floor":[72,72,72,72,72,72,72,72,72,72,82,82,82,82,82,82,82],"card_choices":[{"not_picked":["Nirvana","ThirdEye"],"picked":"Prostrate","floor":1},{"not_picked":["Protect","ThirdEye"],"picked":"FearNoEvil","floor":2},{"not_picked":["CrushJoints","InnerPeace"],"picked":"Consecrate","floor":3},{"not_picked":["Nirvana","PathToVictory"],"picked":"EmptyFist","floor":7},{"not_picked":["WheelKick","Nirvana"],"picked":"SashWhip","floor":8},{"not_picked":["JustLucky","Vengeance"],"picked":"Sanctity","floor":11},{"not_picked":["Indignation","Consecrate"],"picked":"TalkToTheHand","floor":13}],"player_experience":199021,"relics_obtained":[{"floor":4,"key":"Mercury Hourglass"},{"floor":9,"key":"Ginger"},{"floor":11,"key":"Pear"},{"floor":13,"key":"Meat on the Bone"}],"event_choices":[{"damage_healed":0,"gold_gain":0,"player_choice":"Ignored","damage_taken":0,"max_hp_gain":0,"max_hp_loss":0,"event_name":"Liars Game","floor":5,"gold_loss":0},{"damage_healed":0,"gold_gain":0,"player_choice":"Got Potions","damage_taken":0,"max_hp_gain":0,"max_hp_loss":0,"event_name":"Lab","floor":14,"gold_loss":0}],"is_beta":false,"boss_relics":[],"items_purged_floors":[10],"is_endless":false,"potions_floor_spawned":[3,7],"killed_by":"Hexaghost","ascension_level":0}}