{"host":"qxeepl7ydvsgmfdb","time":1610117474,"event":{"mods":["AchievementEnabler","BaseMod","Colored Powertips","Minty Spire (QoL Compilation)","Quick Restart","slay the spire mod where everything is the same but ironclad has a cowboy hat"],"gold_per_floor":[116,64,64,64,64,64,102,102,102,143,157,171,185,226,226,346,346,369,383,383,10,35,35,66,0,26,26,26,26],"floor_reached":28,"playtime":725,"items_purged":["Regret"],"score":410,"play_id":"46289053-3ddf-4961-b56d-2c759006dd8f","local_time":"20210108095114","is_ascension_mode":true,"campfire_choices":[{"data":"Poisoned Stab","floor":6.0,"key":"SMITH"},{"data":"Acrobatics","floor":8.0,"key":"SMITH"},{"floor":15.0,"key":"REST"},{"floor":23.0,"key":"REST"}],"circlet_count":0,"master_deck":["Strike_G","Strike_G","Strike_G","Strike_G","Strike_G","Defend_G","Defend_G","Defend_G","Defend_G","Defend_G","Survivor","Neutralize","Sucker Punch","Poisoned Stab+1","Injury","Acrobatics+1","All Out Attack","Dagger Spray","Deadly Poison","Distraction","Deadly Poison","Cloak And Dagger","Blade Dance"],"relics":["Ring of the Snake","NeowsBlessing","Golden Idol","Oddly Smooth Stone","Juzu Bracelet","The Courier","Question Card","Shuriken","Bag of Preparation","HoveringKite","Membership Card","Ninja Scroll","Girya","Omamori","Happy Flower"],"acts_visited":["Exordium","TheCity"],"potions_floor_usage":[28],"damage_taken":[{"damage":0.0,"enemies":"2 Louse","floor":1.0,"turns":1.0},{"damage":0.0,"enemies":"Gremlin Nob","floor":7.0,"turns":1.0},{"damage":0.0,"enemies":"3 Sentries","floor":10.0,"turns":1.0},{"damage":0.0,"enemies":"Small Slimes","floor":11.0,"turns":3.0},{"damage":4.0,"enemies":"Jaw Worm","floor":12.0,"turns":3.0},{"damage":9.0,"enemies":"Exordium Wildlife","floor":13.0,"turns":3.0},{"damage":11.0,"enemies":"Gremlin Nob","floor":14.0,"turns":4.0},{"damage":37.0,"enemies":"Hexaghost","floor":16.0,"turns":8.0},{"damage":13.0,"enemies":"Shell Parasite","floor":18.0,"turns":6.0},{"damage":2.0,"enemies":"3 Byrds","floor":19.0,"turns":4.0},{"damage":15.0,"enemies":"Sentry and Sphere","floor":22.0,"turns":5.0},{"damage":27.0,"enemies":"Book of Stabbing","floor":24.0,"turns":4.0},{"damage":10,"enemies":"Gremlin Leader","floor":28,"turns":2}],"seed_played":"7257523193811512063","potions_obtained":[{"floor":10.0,"key":"SteroidPotion"},{"floor":11.0,"key":"GamblersBrew"},{"floor":12.0,"key":"GamblersBrew"},{"floor":22.0,"key":"Fire Potion"},{"floor":24.0,"key":"SkillPotion"}],"is_trial":false,"path_per_floor":["M","$","?","?","?","R","E","R","T","E","M","M","M","E","R","B",null,"M","M","?","$","M","R","E","?","T","?","E"],"character_chosen":"THE_SILENT","items_purchased":["Poisoned Stab","Membership Card","Ninja Scroll","Girya"],"campfire_rested":2,"item_purchase_floors":[2,21,21,21],"current_hp_per_floor":[63,63,63,56,56,56,56,56,56,56,56,52,43,32,53,16,57,44,42,26,26,11,32,5,5,5,5,0,0],"gold":26,"neow_bonus":"THREE_ENEMY_KILL","is_daily":false,"chose_seed":false,"campfire_upgraded":2,"win_rate":0.0,"timestamp":1610117474,"path_taken":["M","$","?","?","?","R","E","R","T","E","M","M","M","E","R","BOSS","M","M","?","$","M","R","E","?","T","?","E"],"items_purchased_type":["Card","Relic","Relic","Relic"],"build_version":"2020-12-22","purchased_purges":1,"victory":false,"max_hp_per_floor":[70,70,70,70,70,70,70,70,70,70,70,70,70,70,70,70,70,70,70,70,70,70,70,70,70,70,70,70,70],"card_choices":[{"not_picked":["Underhanded Strike","Backflip"],"picked":"Sucker Punch","floor":1.0},{"not_picked":["Predator","Dash"],"picked":"Acrobatics","floor":7.0},{"not_picked":["Prepared","Deflect","Crippling Poison"],"picked":"All Out Attack","floor":10.0},{"not_picked":["Flechettes","Sucker Punch","Flying Knee"],"picked":"Dagger Spray","floor":11.0},{"not_picked":["Setup","Endless Agony","Catalyst","Reflex"],"picked":"SKIP","floor":12.0},{"not_picked":["Deflect","Poisoned Stab","Sucker Punch"],"picked":"Deadly Poison","floor":13.0},{"not_picked":["Finisher","Tactician","Venomology"],"picked":"Distraction","floor":14.0},{"not_picked":["Dagger Spray+1","Slice","Caltrops"],"picked":"Deadly Poison","floor":18.0},{"not_picked":["Backflip","Dagger Spray","Reflex+1"],"picked":"Cloak And Dagger","floor":19.0},{"not_picked":["Storm of Steel","Blur","Tactician"],"picked":"Blade Dance","floor":22.0},{"not_picked":["Bouncing Flask","Acrobatics+1","Crippling Poison","Finisher"],"picked":"SKIP","floor":24.0}],"player_experience":396265,"relics_obtained":[{"floor":7.0,"key":"The Courier"},{"floor":9.0,"key":"Question Card"},{"floor":10.0,"key":"Shuriken"},{"floor":14.0,"key":"Bag of Preparation"},{"floor":24.0,"key":"Omamori"},{"floor":26.0,"key":"Happy Flower"}],"event_choices":[{"damage_healed":0.0,"max_hp_gain":0.0,"max_hp_loss":0.0,"gold_gain":0.0,"event_name":"Golden Idol","player_choice":"Take Wound","floor":3.0,"gold_loss":0.0,"damage_taken":0.0,"relics_obtained":["Golden Idol"],"cards_obtained":["Injury"]},{"damage_healed":0.0,"max_hp_gain":0.0,"max_hp_loss":0.0,"gold_gain":0.0,"event_name":"Scrap Ooze","player_choice":"Success","floor":4.0,"gold_loss":0.0,"damage_taken":7.0,"relics_obtained":["Oddly Smooth Stone"]},{"damage_healed":0.0,"max_hp_gain":0.0,"max_hp_loss":0.0,"gold_gain":0.0,"event_name":"Big Fish","player_choice":"Box","floor":5.0,"gold_loss":0.0,"damage_taken":0.0,"relics_obtained":["Juzu Bracelet"],"cards_obtained":["Regret"]},{"damage_healed":0.0,"max_hp_gain":0.0,"max_hp_loss":0.0,"gold_gain":0.0,"event_name":"Cursed Tome","player_choice":"Obtained Book","floor":20.0,"gold_loss":0.0,"damage_taken":16.0},{"damage_healed":0.0,"max_hp_gain":0.0,"max_hp_loss":0.0,"gold_gain":0.0,"event_name":"Masked Bandits","player_choice":"Paid Fearfully","floor":25.0,"gold_loss":66.0,"damage_taken":0.0},{"damage_healed":0.0,"max_hp_gain":0.0,"max_hp_loss":0.0,"gold_gain":0.0,"event_name":"N\u0027loth","player_choice":"Ignored","floor":27.0,"gold_loss":0.0,"damage_taken":0.0}],"is_beta":false,"boss_relics":[{"not_picked":["Sozu","Velvet Choker"],"picked":"HoveringKite"}],"items_purged_floors":[21],"is_endless":false,"potions_floor_spawned":[10,11,12,22,24],"killed_by":"Gremlin Leader","ascension_level":7}}