{"host":"yvb207ks1sg3cxef","time":1610116571,"event":{"mods":["2.2 Compatiblity","BaseMod","Bestiary","Colored Powertips","Minty Spire (QoL Compilation)","Permanent Neow","Quick Restart","Relic Stats","StSLib"],"gold_per_floor":[11,22,22,37,61,61,61,61],"floor_reached":7,"playtime":363,"items_purged":[],"score":86,"play_id":"a16db79a-721a-444c-873f-67e17ad30a24","local_time":"20210108200611","is_ascension_mode":true,"campfire_choices":[{"data":"Neutralize","floor":6.0,"key":"SMITH"}],"circlet_count":0,"master_deck":["AscendersBane","Strike_G","Strike_G","Strike_G","Strike_G","Strike_G","Defend_G","Defend_G","Defend_G","Defend_G","Defend_G","Survivor","Neutralize+1","Unload","Predator","Masterful Stab","Dodge and Roll","Caltrops"],"relics":["Ring of the Snake","Golden Idol"],"acts_visited":["Exordium"],"potions_floor_usage":[7],"damage_taken":[{"damage":3.0,"enemies":"2 Louse","floor":1.0,"turns":3.0},{"damage":7.0,"enemies":"Jaw Worm","floor":2.0,"turns":4.0},{"damage":0.0,"enemies":"Cultist","floor":4.0,"turns":3.0},{"damage":11.0,"enemies":"Large Slime","floor":5.0,"turns":6.0},{"damage":45,"enemies":"Gremlin Nob","floor":7,"turns":4}],"seed_played":"-5247311956901747383","potions_obtained":[{"floor":2.0,"key":"Swift Potion"},{"floor":4.0,"key":"SpeedPotion"}],"is_trial":false,"path_per_floor":["M","M","?","M","M","R","E"],"character_chosen":"THE_SILENT","items_purchased":[],"campfire_rested":0,"item_purchase_floors":[],"current_hp_per_floor":[56,49,49,49,38,38,0,0],"gold":61,"neow_bonus":"THREE_RARE_CARDS","is_daily":false,"chose_seed":false,"campfire_upgraded":1,"win_rate":0.0,"timestamp":1610116571,"path_taken":["M","M","?","M","M","R","E"],"items_purchased_type":[],"build_version":"2020-12-22","purchased_purges":0,"victory":false,"max_hp_per_floor":[66,66,60,60,60,60,60,60],"relic_stats":{"counters":[5,20],"Golden Idol":8,"obtain_stats":[{"Golden Idol":3,"Ring of the Snake":0},{"Golden Idol":2,"Ring of the Snake":0},{"Golden Idol":7,"Ring of the Snake":0}],"Ring of the Snake":[10]},"card_choices":[{"not_picked":["Burst","Doppelganger"],"picked":"Unload","floor":0.0},{"not_picked":["Acrobatics","Endless Agony"],"picked":"Predator","floor":1.0},{"not_picked":["Underhanded Strike","Infinite Blades"],"picked":"Masterful Stab","floor":2.0},{"not_picked":["Terror","Poisoned Stab","Dodge and Roll"],"picked":"SKIP","floor":4.0},{"not_picked":["Terror","Poisoned Stab"],"picked":"Dodge and Roll","floor":4.0},{"not_picked":["Bane","Cloak And Dagger"],"picked":"Caltrops","floor":5.0}],"player_experience":310359,"relics_obtained":[],"event_choices":[{"damage_healed":0.0,"max_hp_gain":0.0,"max_hp_loss":6.0,"gold_gain":0.0,"event_name":"Golden Idol","player_choice":"Lose Max HP","floor":3.0,"gold_loss":0.0,"damage_taken":0.0,"relics_obtained":["Golden Idol"]}],"is_beta":false,"boss_relics":[],"items_purged_floors":[],"is_endless":false,"potions_floor_spawned":[2,4],"killed_by":"Gremlin Nob","ascension_level":20}}