{"host":"t6r1isv2bex5ovch","time":1610127108,"event":{"mods":["AchievementEnabler","Act Like it!","Aspiration","BaseMod","Better Altar","Better Note","Better Sensory Stone","Better Skull","Better Third Choice","Better Vampires","Colored Powertips","Conspire","Displayed Cursed Tome","Evolution","Minty Spire (QoL Compilation)","StSLib","The Bug Knight","The Jungle"],"gold_per_floor":[113,0,0,14,32,64,111,145,169,169,184,195,195,225,225,329,329,345,345,362,373,373,373],"floor_reached":22,"playtime":2915,"items_purged":[],"score":241,"play_id":"03437cb9-08ea-4872-89a8-55e11cce4ab2","local_time":"20210109033148","is_ascension_mode":true,"campfire_choices":[{"floor":10.0,"key":"RECALL"},{"data":"conspire:Banana","floor":13,"key":"SMITH"},{"data":"HollowMod:LifebloodCocoon","floor":15,"key":"SMITH"}],"circlet_count":0,"master_deck":["HollowMod:InfectedAttack","HollowMod:NailStrikeStart","HollowMod:NailStrikeStart","HollowMod:NailStrikeStart","HollowMod:QuickDashStart","HollowMod:QuickDashStart","HollowMod:QuickDashStart","HollowMod:QuickDashStart","HollowMod:FocusHealStart","HollowMod:PogoStrike+1","HollowMod:MantisMark","Enlightenment","conspire:Banana+1","HollowMod:SoulStrike+1","HollowMod:LifebloodCocoon+1","HollowMod:DreamGate","HollowMod:FallenFury","HollowMod:SoulStrike","HollowMod:RecoilStrike"],"relics":["HollowMod:VesselMask","EVO:Axolotl","HollowMod:KingsBrand","Toy Ornithopter","Whetstone","Tiny Chest","Blood Vial","SlaversCollar"],"acts_visited":["Exordium","Exordium"],"potions_floor_usage":[14,16,21,21,22],"damage_taken":[{"damage":1.0,"enemies":"Jaw Worm","floor":1.0,"turns":4.0},{"damage":2.0,"enemies":"2 Louse","floor":4.0,"turns":3.0},{"damage":8.0,"enemies":"Small Slimes","floor":5.0,"turns":3.0},{"damage":48.0,"enemies":"3 Sentries","floor":6.0,"turns":15.0},{"damage":39.0,"enemies":"Lagavulin","floor":8.0,"turns":8.0},{"damage":11.0,"enemies":"Red Slaver","floor":11.0,"turns":4.0},{"damage":4,"enemies":"Gremlin Gang","floor":12,"turns":6},{"damage":1,"enemies":"HollowMod:MossKnight","floor":14,"turns":11},{"damage":52,"enemies":"The Guardian","floor":16,"turns":14},{"damage":51,"enemies":"theJungle:Flameango_and_Byrd","floor":18,"turns":8},{"damage":16,"enemies":"theJungle:5_Spyders","floor":20,"turns":10},{"damage":33,"enemies":"theJungle:JungleHuntersEncounter","floor":21,"turns":8},{"damage":45,"enemies":"theJungle:SlimyTreeVines","floor":22,"turns":7}],"seed_played":"384449674888124015","potions_obtained":[{"floor":5.0,"key":"FearPotion"},{"floor":6.0,"key":"SkillPotion"},{"floor":8.0,"key":"Block Potion"},{"floor":14,"key":"GamblersBrew"},{"floor":16,"key":"Dexterity Potion"},{"floor":20,"key":"LiquidBronze"},{"floor":21,"key":"Explosive Potion"}],"is_trial":false,"path_per_floor":["M","?","?","M","M","E","T","E","T","R","M","M","R","E","R","B",null,"M","?","M","M","M"],"character_chosen":"THE_BUGKNIGHT","items_purchased":[],"campfire_rested":0,"item_purchase_floors":[],"current_hp_per_floor":[75,81,81,82,75,40,40,22,22,22,18,27,27,39,39,6,91,52,43,37,28,0,0],"gold":373,"neow_bonus":"RANDOM_COMMON_RELIC","is_daily":false,"chose_seed":false,"campfire_upgraded":2,"win_rate":0.0,"timestamp":1610127108,"path_taken":["M","?","?","?","?","E","?","E","T","R","M","M","R","E","R","BOSS","M","?","M","M","M"],"items_purchased_type":[],"build_version":"2020-12-22","purchased_purges":0,"victory":false,"max_hp_per_floor":[75,81,81,82,83,84,84,85,85,85,86,87,87,89,89,91,91,93,93,95,97,99,99],"card_choices":[{"not_picked":["HollowMod:CloakDash","HollowMod:TaintedHusks"],"picked":"HollowMod:MantisMark","floor":1.0},{"not_picked":["Chrysalis","Panacea"],"picked":"conspire:Banana","floor":3.0},{"not_picked":["HollowMod:CornifersMapStart","HollowMod:FallenFury"],"picked":"HollowMod:SoulStrike","floor":4.0},{"not_picked":["HollowMod:AbyssShriek","HollowMod:HeavyBlow"],"picked":"HollowMod:LifebloodCocoon","floor":5.0},{"not_picked":["HollowMod:CornifersMapStart","HollowMod:WhiteLadysBlessing"],"picked":"HollowMod:DreamGate","floor":6.0},{"not_picked":["HollowMod:NewLittleFool","HollowMod:VengefulVoid"],"picked":"HollowMod:FallenFury","floor":8.0},{"not_picked":["HollowMod:NewJinnsSoul","HollowMod:SoulVessel","HollowMod:MawleksShell"],"picked":"SKIP","floor":11.0},{"not_picked":["HollowMod:SoulVessel","HollowMod:ChannelNail"],"picked":"HollowMod:SoulStrike","floor":12},{"not_picked":["HollowMod:DungDefenderAura","HollowMod:ShadowDash","HollowMod:MothsMistake"],"picked":"SKIP","floor":14},{"not_picked":["HollowMod:InfectedCysts+1","HollowMod:ChannelNail"],"picked":"HollowMod:RecoilStrike","floor":18},{"not_picked":["HollowMod:InfectedAttack","HollowMod:DungDefenderAura","HollowMod:CornifersMapStart"],"picked":"SKIP","floor":20},{"not_picked":["HollowMod:QuirrelsAssistance+1","HollowMod:BrokenVessel","HollowMod:HeavyBlow+1"],"picked":"SKIP","floor":21}],"player_experience":400732,"relics_obtained":[{"floor":6.0,"key":"Toy Ornithopter"},{"floor":8.0,"key":"Whetstone"},{"floor":9.0,"key":"Tiny Chest"},{"floor":14,"key":"Blood Vial"}],"event_choices":[{"damage_healed":0.0,"max_hp_gain":0.0,"max_hp_loss":0.0,"gold_gain":0.0,"event_name":"betterThird:BetterSerpent","player_choice":"RENOUNCE","floor":2.0,"gold_loss":113.0,"damage_taken":113.0,"cards_obtained":["Enlightenment"]},{"damage_healed":0.0,"max_hp_gain":0.0,"max_hp_loss":0.0,"gold_gain":1.0,"event_name":"betterStone:BetterStone","player_choice":"1","floor":3.0,"gold_loss":0.0,"damage_taken":0.0},{"damage_healed":0,"gold_gain":0,"player_choice":"Damaged","damage_taken":9,"max_hp_gain":0,"max_hp_loss":0,"event_name":"Wheel of Change","floor":19,"gold_loss":0}],"is_beta":false,"boss_relics":[{"not_picked":["aspiration:SecretTechniqueScroll","Tiny House"],"picked":"SlaversCollar"}],"items_purged_floors":[],"is_endless":false,"potions_floor_spawned":[5,6,8,14,16,20,21],"killed_by":"theJungle:SlimyTreeVines","ascension_level":1}}