{"host":"ueaobptuyu87ouwy","time":1610114563,"event":{"mods":["Aspiration","Bard","BaseMod","Better Altar","Better Match","Better Note","Better Sensory Stone","Better Skull","Better Third Choice","BetterRewards","CCEM","Colored Map","Conspire","Downfall","GifTheSpireLib","GungeonMod","Halation","Hermit","Highlight Path","Hubris","Infinite Spire","Jedi Mod","Jorbs\u0027s Wanderer Trilogy","Marisa????????","Marked Mod","Mimic Mod","Minty Spire (QoL Compilation)","Permanent Neow","Replay The Spire","Shop Mod","Small Relic Pack","StSLib","Stuff the Spire","The Runesmith","Unceasing Turn Reminder","everything is the same but u backflip on backflip","slay the spire mod where everything is the same but ironclad has a cowboy hat"],"gold_per_floor":[114,30,50,50,62,93,93,93,93,93,107,107,107,107,107,203,203,219,230,230,230,249,249,249,249,249,11,29,47,80,91,91,196,196,209,209,221,233,233,233,233],"floor_reached":40,"playtime":1986,"items_purged":[],"score":453,"play_id":"ab89cf2b-0661-4b13-b3bd-428d826e9ffd","local_time":"20210108220243","is_ascension_mode":true,"campfire_choices":[{"data":"Well Laid Plans","floor":7,"key":"SMITH"},{"data":"Well Laid Plans+1","floor":10,"key":"SMITH"},{"data":"Sucker Punch","floor":12,"key":"SMITH"},{"data":"Sucker Punch+1","floor":13,"key":"SMITH"},{"floor":23,"key":"REST"},{"data":"Footwork","floor":25,"key":"SMITH"},{"floor":32,"key":"REST"}],"circlet_count":0,"master_deck":["Strike_G","Strike_G","Strike_G","Strike_G","Strike_G","Defend_G","Defend_G","Defend_G","Defend_G","Defend_G","Survivor","Neutralize","jedi:collectorvenom","Well Laid Plans+2","StuffTheSpire:BumpUp+1","Sucker Punch+2","Footwork+1","Infinite Blades","Blade Dance+1","Fluid Movement","Flying Knee+1","Parasite"],"relics":["Ring of the Snake","aspiration:DSix","aspiration:FrozenJewel","relicPack:DSword","halation:QuantumPhysicsTextbook","CCEMRelics:WrappedPresent","conspire:InfiniteJournal","CCEMRelics:PaperClip","aspiration:RitualStick","halation:EternalFortune","DemoMod:OrangeGuonStone","CCEMRelics:SpiritsEdge","DemoMod:WeirdEgg","ReplayFunnel","Black Star"],"acts_visited":["Exordium","TheCity","TheBeyond"],"potions_floor_usage":[6,22,30,31],"damage_taken":[{"damage":4,"enemies":"Cultist","floor":1,"turns":4},{"damage":0,"enemies":"2 Louse","floor":3,"turns":4},{"damage":0,"enemies":"Jaw Worm","floor":5,"turns":4},{"damage":0,"enemies":"Lagavulin","floor":6,"turns":7},{"damage":3,"enemies":"Lots of Slimes","floor":11,"turns":6},{"damage":18,"enemies":"Fading Forest","floor":16,"turns":11},{"damage":17,"enemies":"Spheric Guardian","floor":18,"turns":5},{"damage":20,"enemies":"2 Thieves","floor":19,"turns":4},{"damage":18,"enemies":"3 Cultists","floor":22,"turns":5},{"damage":3,"enemies":"conspire:HollyBat","floor":28,"turns":6},{"damage":6,"enemies":"Cultist and Chosen","floor":29,"turns":5},{"damage":6,"enemies":"Slavers","floor":30,"turns":5},{"damage":3,"enemies":"Shelled Parasite and Fungi","floor":31,"turns":5},{"damage":24,"enemies":"Collector","floor":33,"turns":7},{"damage":3,"enemies":"Orb Walker","floor":35,"turns":3},{"damage":4,"enemies":"3 Darklings","floor":37,"turns":4},{"damage":13,"enemies":"Writhing Mass","floor":38,"turns":5},{"damage":74,"enemies":"Reptomancer","floor":40,"turns":3}],"seed_played":"8869261946186817780","potions_obtained":[{"floor":3,"key":"ColorlessPotion"},{"floor":5,"key":"BlessingOfTheForge"},{"floor":11,"key":"Block Potion"},{"floor":18,"key":"Ancient Potion"},{"floor":22,"key":"Fire Potion"},{"floor":29,"key":"PowerPotion"},{"floor":36,"key":"jedi:wingpotion"},{"floor":36,"key":"champ:CounterPotion"}],"is_trial":false,"path_per_floor":["M","?","M","?","M","E","R","$","T","R","M","R","R","$","R_BF","B",null,"M","M","?","?","M","R","T","R","T","$","M","M","E","M","R","B",null,"M","?","M","M","AVR","E"],"character_chosen":"THE_SILENT","items_purchased":["CCEMRelics:WrappedPresent","CCEMRelics:PaperClip","DemoMod:WeirdEgg","Infinite Blades"],"campfire_rested":2,"item_purchase_floors":[8,14,27,27],"current_hp_per_floor":[66,66,66,31,31,31,31,25,25,25,22,22,22,7,29,21,75,58,38,23,26,8,31,31,31,31,31,28,22,16,13,36,12,78,75,75,71,58,58,0,0],"gold":233,"neow_bonus":"DSIX","is_daily":false,"chose_seed":false,"campfire_upgraded":5,"win_rate":0.0,"timestamp":1610114563,"path_taken":["M","?","?","?","M","E","R","?","T","R","?","R","R","?","R_BF","BOSS","M","M","?","?","M","R","?","R","T","$","M","M","E","M","R","BOSS","M","?","M","M","AVR","E"],"items_purchased_type":["Relic","Relic","Relic","Card"],"build_version":"2020-12-13","purchased_purges":0,"victory":false,"max_hp_per_floor":[70,70,70,70,70,70,70,75,75,75,75,75,75,75,75,75,75,75,75,75,78,78,78,78,78,78,78,78,78,78,78,78,78,78,78,78,78,78,78,78,78],"card_choices":[{"not_picked":["PiercingWail","Crippling Poison"],"picked":"jedi:collectorvenom","floor":1},{"not_picked":["ReplayTheSpireMod:Exploit Weakness","conspire:DoublingDagger"],"picked":"Well Laid Plans","floor":3},{"not_picked":["Eviscerate","StuffTheSpire:BumpUp"],"picked":"jedi:collectorvenom","floor":5},{"not_picked":["conspire:PoisonWeapons","Caltrops"],"picked":"StuffTheSpire:BumpUp","floor":6},{"not_picked":["jedi:collectorvenom","jedi:unstablefumes"],"picked":"Sucker Punch","floor":11},{"not_picked":["jedi:studypoison","After Image"],"picked":"jedi:collectorvenom","floor":16},{"not_picked":["Poisoned Stab","Sucker Punch"],"picked":"jedi:collectorvenom","floor":18},{"not_picked":["Deadly Poison+1","Prepared"],"picked":"jedi:collectorvenom","floor":19},{"not_picked":["Catalyst","Caltrops"],"picked":"Footwork","floor":22},{"not_picked":["StuffTheSpire:Sprint","Poisoned Stab"],"picked":"jedi:collectorvenom","floor":28},{"not_picked":["Bane","Die Die Die"],"picked":"Blade Dance+1","floor":29},{"not_picked":["jedi:collectorvenom","Underhanded Strike"],"picked":"Fluid Movement","floor":30},{"not_picked":["StuffTheSpire:Injection","Dagger Throw+1"],"picked":"jedi:collectorvenom","floor":31},{"not_picked":["Die Die Die","Venomology"],"picked":"jedi:collectorvenom","floor":33},{"not_picked":["jedi:collectorvenom","Poisoned Stab"],"picked":"Flying Knee+1","floor":35},{"not_picked":["StuffTheSpire:Injection+1","Draining Mist+1"],"picked":"jedi:collectorvenom","floor":37},{"not_picked":["Slice+1","Backflip"],"picked":"jedi:collectorvenom","floor":38}],"player_experience":79957,"relics_obtained":[{"floor":6,"key":"halation:QuantumPhysicsTextbook"},{"floor":8,"key":"conspire:InfiniteJournal"},{"floor":24,"key":"DemoMod:OrangeGuonStone"},{"floor":26,"key":"CCEMRelics:SpiritsEdge"},{"floor":30,"key":"ReplayFunnel"}],"event_choices":[{"damage_healed":0,"gold_gain":0,"player_choice":"Paid Gold","damage_taken":0,"relics_obtained":["aspiration:FrozenJewel"],"max_hp_gain":0,"max_hp_loss":0,"event_name":"WeMeetAgain","floor":2,"gold_loss":84},{"damage_healed":0,"gold_gain":0,"player_choice":"Got Potions","damage_taken":0,"max_hp_gain":0,"max_hp_loss":0,"event_name":"Lab","floor":36,"gold_loss":0}],"is_beta":false,"boss_relics":[{"not_picked":["hubris:GrandSneckoEye","hubris:CrackedHourglass","StuffTheSpire:RunicConfusion"]},{"not_picked":["HoveringKite","Painkiller Herb","Velvet Choker"]}],"items_purged_floors":[],"is_endless":false,"potions_floor_spawned":[3,5,11,18,22,28,29,37],"killed_by":"Reptomancer","ascension_level":1}}