{"host":"7krnriczr1b2ou5r","time":1610119260,"event":{"mods":["BaseMod","Keyboard Shortcuts","Marisa£¨Ùöéë¡¡Øª×âÞÞ£©","Minty Spire (QoL Compilation)","Relic Stats","StSLib"],"gold_per_floor":[116,116,157,60,107,107,19,109,133,226,262,296,296,394,394,561,561,588,150,175,191,191,219,248,280,280,358,426,426,480,536,536,660,660,736,736,857,531,593,670,670,1533,1556,3573,3673,3673,3707,3799,3799,4269,4269,4269,17,145,183],"floor_reached":56,"playtime":5251,"items_purged":["Strike_MRS","Strike_MRS","AsteroidBelt","UpSweep"],"score":1935,"play_id":"2fb9a3d8-8202-4733-9065-439baa310251","local_time":"20210109002100","is_ascension_mode":true,"campfire_choices":[{"data":"UltimateShortwave","floor":6,"key":"SMITH"},{"data":"EarthLightRay","floor":13,"key":"SMITH"},{"data":"AbsoluteMagnitude","floor":15,"key":"SMITH"},{"data":"Acceleration","floor":29,"key":"SMITH"},{"data":"UltimateShortwave","floor":32,"key":"SMITH"},{"floor":41,"key":"DIG"},{"floor":46,"key":"DIG"},{"floor":49,"key":"DIG"},{"floor":52,"key":"DIG"}],"circlet_count":0,"master_deck":["UltimateShortwave+1","Robbery+1","Acceleration","EarthLightRay+1","AlicesGift+1","AsteroidBelt+1","Singularity","AbsoluteMagnitude+1","UltimateShortwave+1","EnergyFlow","EnergyRecoil","Acceleration+1","EnergyRecoil","MilkyWay","Acceleration+1","ChargingUp","MilkyWay+1","MilkyWay+1","Parasite","Parasite"],"relics":["MiniHakkero","Akabeko","CeramicFish","Bottled Tornado","The Courier","RampagingMagicTools","Mummified Hand","DollysMirror","Eternal Feather","Red Mask","Vajra","Kunai","Toy Ornithopter","Bird Faced Urn","Empty Cage","Anchor","Shovel","FossilizedHelix","BreadOfAWashokuLover","SproutingBranch","PreservedInsect","Oddly Smooth Stone","Letter Opener","Incense Burner","Pear","SimpleLauncher","War Paint","Thread and Needle","Lizard Tail","Whetstone","Strawberry","AmplifyWand","Ice Cream","HandmadeGrimoire","Ornamental Fan","StrikeDummy","Bottled Lightning","Blood Vial","Boot","Centennial Puzzle","Orichalcum","Lantern","Nunchaku","MagicBroom","Art of War","Pocketwatch","ShroomBag","White Beast Statue","Mercury Hourglass","Happy Flower"],"acts_visited":["Exordium","TheCity","TheBeyond","TheEnding"],"potions_floor_usage":[11,12,14,23,23,24,27,30,48,55,55,55],"damage_taken":[{"damage":1,"enemies":"2 Louse","floor":1,"turns":3},{"damage":6,"enemies":"Cultist","floor":3,"turns":4},{"damage":0,"enemies":"Small Slimes","floor":5,"turns":3},{"damage":14,"enemies":"Lagavulin","floor":8,"turns":6},{"damage":0,"enemies":"Blue Slaver","floor":10,"turns":5},{"damage":5,"enemies":"Gremlin Nob","floor":11,"turns":3},{"damage":16,"enemies":"Exordium Wildlife","floor":12,"turns":6},{"damage":2,"enemies":"Lagavulin","floor":14,"turns":7},{"damage":20,"enemies":"Slime Boss","floor":16,"turns":9},{"damage":2,"enemies":"Spheric Guardian","floor":18,"turns":4},{"damage":7,"enemies":"3 Byrds","floor":20,"turns":5},{"damage":11,"enemies":"Sentry and Sphere","floor":21,"turns":3},{"damage":18,"enemies":"Slavers","floor":23,"turns":3},{"damage":11,"enemies":"Masked Bandits","floor":24,"turns":3},{"damage":0,"enemies":"Gremlin Leader","floor":25,"turns":3},{"damage":0,"enemies":"Centurion and Healer","floor":27,"turns":3},{"damage":7,"enemies":"Slavers","floor":28,"turns":5},{"damage":10,"enemies":"3 Cultists","floor":30,"turns":6},{"damage":28,"enemies":"Gremlin Leader","floor":31,"turns":5},{"damage":0,"enemies":"Automaton","floor":33,"turns":4},{"damage":2,"enemies":"3 Shapes","floor":35,"turns":4},{"damage":19,"enemies":"3 Darklings","floor":37,"turns":7},{"damage":34,"enemies":"2 Orb Walkers","floor":39,"turns":4},{"damage":11,"enemies":"Nemesis","floor":40,"turns":3},{"damage":0,"enemies":"Giant Head","floor":42,"turns":4},{"damage":0,"enemies":"Transient","floor":44,"turns":3},{"damage":0,"enemies":"Reptomancer","floor":47,"turns":2},{"damage":8,"enemies":"4 Shapes","floor":48,"turns":10},{"damage":13,"enemies":"Donu and Deca","floor":50,"turns":4},{"damage":0,"enemies":"Shield and Spear","floor":54,"turns":2},{"damage":3,"enemies":"The Heart","floor":55,"turns":5}],"seed_played":"-8222430266310117323","potions_obtained":[{"floor":3,"key":"EssenceOfSteel"},{"floor":8,"key":"PowerPotion"},{"floor":10,"key":"Energy Potion"},{"floor":20,"key":"BottledSpark"},{"floor":21,"key":"Block Potion"},{"floor":23,"key":"Swift Potion"},{"floor":24,"key":"SkillPotion"},{"floor":28,"key":"EssenceOfSteel"},{"floor":33,"key":"Dexterity Potion"},{"floor":39,"key":"AttackPotion"},{"floor":40,"key":"SpeedPotion"},{"floor":54,"key":"ColorlessPotion"}],"is_trial":false,"path_per_floor":["M","?","M","$","M","R","$","E","T","M","E","M","R","E","R","B",null,"M","$","M","M","?","E","?","E","T","M","E","R","M","E","R","B",null,"M","?","M","$","?","E","R","E","T","M","?","R","E","M","R","B",null,"R","$","E","B",null],"character_chosen":"MARISA","items_purchased":["Acceleration","EarthLightRay","AlicesGift","Mummified Hand","EnergyRecoil","DollysMirror","MilkyWay","Acceleration","Anchor","ChargingUp","SimpleLauncher","War Paint","Thread and Needle","Lizard Tail","Whetstone","Strawberry","AmplifyWand","Ice Cream","HandmadeGrimoire","Ornamental Fan","StrikeDummy","Bottled Lightning","Blood Vial","Boot","Centennial Puzzle","Orichalcum","Lantern","Nunchaku","MagicBroom","Art of War","Pocketwatch","ShroomBag","White Beast Statue","Mercury Hourglass"],"campfire_rested":0,"item_purchase_floors":[4,7,7,19,19,19,38,38,38,38,53,53,53,53,53,53,53,53,53,53,53,53,53,53,53,53,53,53,53,53,53,53,53,53],"current_hp_per_floor":[74,74,68,68,68,68,68,58,58,62,61,49,49,47,47,33,75,73,73,68,63,47,35,24,30,30,36,35,47,48,26,38,48,75,73,73,58,58,34,33,42,52,52,71,71,75,75,88,88,75,88,98,105,105,105],"gold":183,"neow_bonus":"THREE_RARE_CARDS","is_daily":false,"chose_seed":false,"campfire_upgraded":5,"win_rate":0.0,"timestamp":1610119260,"path_taken":["M","?","M","$","?","R","?","E","T","M","E","M","R","E","R","BOSS","M","$","?","M","?","E","?","E","T","M","E","R","M","E","R","BOSS","M","?","M","$","?","E","R","E","T","M","?","R","E","M","R","BOSS","R","$","E","BOSS"],"items_purchased_type":["Card","Card","Card","Relic","Card","Relic","Card","Card","Relic","Card","Relic","Relic","Relic","Relic","Relic","Relic","Relic","Relic","Relic","Relic","Relic","Relic","Relic","Relic","Relic","Relic","Relic","Relic","Relic","Relic","Relic","Relic","Relic","Relic"],"build_version":"2020-12-22","purchased_purges":4,"victory":true,"max_hp_per_floor":[75,75,75,75,75,75,75,75,75,75,75,75,75,75,75,75,75,75,75,75,75,75,75,75,75,75,75,75,75,75,75,75,75,75,75,75,75,75,75,75,75,75,75,75,75,75,75,88,88,88,88,98,105,105,105],"relic_stats":{"Happy Flower":[1],"counters":[31,138],"CeramicFish":126,"Eternal Feather":37,"PreservedInsect":128,"Letter Opener":[253],"Whetstone":["AlicesGift","Robbery"],"War Paint":["AsteroidBelt","Acceleration"],"Orichalcum":[6],"Boot":[0],"Mercury Hourglass":[21],"Blood Vial":0,"Lizard Tail":0,"Centennial Puzzle":[3],"Nunchaku":[0],"Shovel":4,"Mummified Hand":[48],"Ornamental Fan":[4],"Bird Faced Urn":[24],"Art of War":[1],"Kunai":[8],"obtain_stats":[{"Ice Cream":53,"CeramicFish":9,"Vajra":25,"Whetstone":53,"Bottled Tornado":11,"Boot":53,"Blood Vial":53,"Lizard Tail":53,"Centennial Puzzle":53,"DollysMirror":19,"Strawberry":53,"Kunai":26,"RampagingMagicTools":17,"Pear":52,"Happy Flower":54,"Oddly Smooth Stone":46,"Eternal Feather":23,"BreadOfAWashokuLover":41,"Letter Opener":47,"War Paint":53,"Akabeko":8,"Bird Faced Urn":31,"MiniHakkero":0,"StrikeDummy":53,"Pocketwatch":53,"AmplifyWand":53,"Lantern":53,"Incense Burner":49,"SproutingBranch":42,"Empty Cage":34,"Nunchaku":53,"Shovel":39,"Mummified Hand":19,"Red Mask":24,"HandmadeGrimoire":53,"SimpleLauncher":53,"MagicBroom":53,"Thread and Needle":53,"The Courier":14,"PreservedInsect":43,"Orichalcum":53,"White Beast Statue":53,"Mercury Hourglass":53,"ShroomBag":53,"Anchor":38,"Ornamental Fan":53,"Art of War":53,"Bottled Lightning":53,"Toy Ornithopter":28,"FossilizedHelix":40},{"Ice Cream":29,"CeramicFish":4,"Vajra":15,"Whetstone":29,"Bottled Tornado":6,"Boot":29,"Blood Vial":29,"Lizard Tail":29,"Centennial Puzzle":29,"DollysMirror":10,"Strawberry":29,"Kunai":15,"RampagingMagicTools":9,"Pear":29,"Happy Flower":30,"Oddly Smooth Stone":26,"Eternal Feather":13,"BreadOfAWashokuLover":24,"Letter Opener":27,"War Paint":29,"Akabeko":4,"Bird Faced Urn":19,"MiniHakkero":0,"StrikeDummy":29,"Pocketwatch":29,"AmplifyWand":29,"Lantern":29,"Incense Burner":28,"SproutingBranch":25,"Empty Cage":20,"Nunchaku":29,"Shovel":23,"Mummified Hand":10,"Red Mask":14,"HandmadeGrimoire":29,"SimpleLauncher":29,"MagicBroom":29,"Thread and Needle":29,"The Courier":8,"PreservedInsect":25,"Orichalcum":29,"White Beast Statue":29,"Mercury Hourglass":29,"ShroomBag":29,"Anchor":22,"Ornamental Fan":29,"Art of War":29,"Bottled Lightning":29,"Toy Ornithopter":17,"FossilizedHelix":24},{"Ice Cream":131,"CeramicFish":16,"Vajra":67,"Whetstone":131,"Bottled Tornado":24,"Boot":131,"Blood Vial":131,"Lizard Tail":131,"Centennial Puzzle":131,"DollysMirror":50,"Strawberry":131,"Kunai":67,"RampagingMagicTools":46,"Pear":131,"Happy Flower":133,"Oddly Smooth Stone":115,"Eternal Feather":61,"BreadOfAWashokuLover":108,"Letter Opener":117,"War Paint":131,"Akabeko":16,"Bird Faced Urn":86,"MiniHakkero":0,"StrikeDummy":131,"Pocketwatch":131,"AmplifyWand":131,"Lantern":131,"Incense Burner":127,"SproutingBranch":112,"Empty Cage":90,"Nunchaku":131,"Shovel":105,"Mummified Hand":50,"Red Mask":64,"HandmadeGrimoire":131,"SimpleLauncher":131,"MagicBroom":131,"Thread and Needle":131,"The Courier":37,"PreservedInsect":112,"Orichalcum":131,"White Beast Statue":131,"Mercury Hourglass":131,"ShroomBag":131,"Anchor":101,"Ornamental Fan":131,"Art of War":131,"Bottled Lightning":131,"Toy Ornithopter":75,"FossilizedHelix":108}],"Toy Ornithopter":5,"Pocketwatch":[0]},"card_choices":[{"not_picked":["BlazingStar","StarDustReverie"],"picked":"UltimateShortwave","floor":0},{"not_picked":["PulseMagic","UnstableBomb"],"picked":"Robbery","floor":1},{"not_picked":["6A","UnstableBomb"],"picked":"AsteroidBelt","floor":3},{"not_picked":["AsteroidBelt","EventHorizon","Occultation"],"picked":"SKIP","floor":5},{"not_picked":["6A","SporeBomb"],"picked":"AsteroidBelt","floor":8},{"not_picked":["DragonMeteor","AsteroidBelt"],"picked":"Singularity","floor":10},{"not_picked":["ShootTheMoon","CollectingQuirk","PropBag"],"picked":"SKIP","floor":11},{"not_picked":["ShootingEcho","MeteoricShower","SporeBomb"],"picked":"SKIP","floor":12},{"not_picked":["WitchOfGreed","StarBarrage"],"picked":"AbsoluteMagnitude","floor":14},{"not_picked":["JA","BigCrunch"],"picked":"UltimateShortwave","floor":16},{"not_picked":["NonDirectionalLaser+1","MachineGunSpark"],"picked":"EnergyFlow","floor":18},{"not_picked":["DarkMatter","SprinkleStarSeal","MysteriousBeam"],"picked":"SKIP","floor":20},{"not_picked":["DarkSpark","PowerUp","UnstableBomb+1"],"picked":"SKIP","floor":21},{"not_picked":["PropBag","IllusionStar","SuperNova"],"picked":"SKIP","floor":23},{"not_picked":["DarkSpark","GasGiant","SatelliteIllusion"],"picked":"SKIP","floor":25},{"not_picked":["WitchLeyline","DoubleSpark","Singularity+1"],"picked":"SKIP","floor":27},{"not_picked":["WitchLeyline","GalacticHalo"],"picked":"EnergyRecoil","floor":28},{"not_picked":["ManaConvection","PropBag","DC"],"picked":"SKIP","floor":30},{"not_picked":["MachineGunSpark","RefractionSpark+1","PowerUp+1"],"picked":"SKIP","floor":31},{"not_picked":["DeepEcoloBomb","NonDirectionalLaser+1","LuminesStrike+1"],"picked":"SKIP","floor":35},{"not_picked":["DC+1","PowerUp+1","ShootTheMoon+1"],"picked":"SKIP","floor":37},{"not_picked":["GasGiant","Acceleration+1","TreasureHunter"],"picked":"SKIP","floor":40},{"not_picked":["ChargingUp+1","CasketOfStar"],"picked":"MilkyWay+1","floor":42},{"not_picked":["ShootingEcho","ManaConvection+1","PropBag+1"],"picked":"SKIP","floor":44},{"not_picked":["MilkyWay","DoubleSpark+1","MachineGunSpark"],"picked":"SKIP","floor":47},{"not_picked":["MagicChant","EarthLightRay+1"],"picked":"MilkyWay+1","floor":48},{"not_picked":["Singularity","NonDirectionalLaser","GasGiant"],"picked":"SKIP","floor":54}],"player_experience":1083621,"relics_obtained":[{"floor":8,"key":"Akabeko"},{"floor":9,"key":"CeramicFish"},{"floor":11,"key":"Bottled Tornado"},{"floor":14,"key":"The Courier"},{"floor":23,"key":"Eternal Feather"},{"floor":24,"key":"Red Mask"},{"floor":25,"key":"Vajra"},{"floor":26,"key":"Kunai"},{"floor":28,"key":"Toy Ornithopter"},{"floor":31,"key":"Bird Faced Urn"},{"floor":39,"key":"Shovel"},{"floor":40,"key":"FossilizedHelix"},{"floor":41,"key":"BreadOfAWashokuLover"},{"floor":42,"key":"SproutingBranch"},{"floor":43,"key":"PreservedInsect"},{"floor":46,"key":"Oddly Smooth Stone"},{"floor":47,"key":"Letter Opener"},{"floor":49,"key":"Incense Burner"},{"floor":52,"key":"Pear"},{"floor":54,"key":"Happy Flower"}],"event_choices":[{"cards_removed":["Doubt"],"damage_healed":0,"gold_gain":0,"player_choice":"Purged","damage_taken":0,"max_hp_gain":0,"max_hp_loss":0,"event_name":"Purifier","floor":2,"gold_loss":0},{"damage_healed":0,"gold_gain":0,"player_choice":"Obtained Book","damage_taken":16,"max_hp_gain":0,"max_hp_loss":0,"event_name":"Cursed Tome","floor":22,"gold_loss":0},{"damage_healed":0,"gold_gain":0,"player_choice":"Fought Bandits","damage_taken":0,"max_hp_gain":0,"max_hp_loss":0,"event_name":"Masked Bandits","floor":24,"gold_loss":0},{"damage_healed":0,"gold_gain":0,"player_choice":"Memory 1","damage_taken":0,"max_hp_gain":0,"max_hp_loss":0,"event_name":"SensoryStone","floor":36,"gold_loss":0},{"damage_healed":0,"gold_gain":0,"player_choice":"Fight","damage_taken":0,"max_hp_gain":0,"max_hp_loss":0,"event_name":"Mysterious Sphere","floor":39,"gold_loss":0},{"damage_healed":0,"gold_gain":100,"player_choice":"Pray","damage_taken":0,"max_hp_gain":0,"max_hp_loss":0,"event_name":"Golden Shrine","floor":45,"gold_loss":0}],"is_beta":false,"boss_relics":[{"not_picked":["ExperimentalFamiliar","Velvet Choker"],"picked":"RampagingMagicTools"},{"not_picked":["Calling Bell","Runic Dome"],"picked":"Empty Cage"}],"items_purged_floors":[4,19,38,53],"is_endless":false,"potions_floor_spawned":[3,8,10,20,21,23,24,28,33,39,40,44,47,54],"ascension_level":4}}