{"host":"w2kjv12xyhtt0cv2","time":1610120254,"event":{"mods":["Act Like it!","BaseMod","Colored Map","Friendly Minions","Gensokyo","Highlight Path","Hubris","Kiyohime（清姬）","Marisa（F雨　魔理沙）","Minty Spire (QoL Compilation)","Quick Restart","Reimu（博丽灵梦）","Relic Stats","Replay The Spire","RumiaBox-露米娅的神秘盒子","Shop Mod","Spicy Shops","StSLib","The Cursed","The Servant 0.9.4","UnlockEverythingMod","Waifu the Spire","[功能]功能增强和修复MOD","vexMod","【功能Mod】Neow奖励","【遗物卡牌】REMEMod","没有小屋子和绿帽子啦"],"gold_per_floor":[118,31,48,66,66,91,27,58,58,89,89,121,121,149,149,254,254,273,273,68,68,28,28,28,54,80,114,114,133,133,161,161,259,259,271,31,31,44,71,34,34,64,64,78,97,128,143,75,75,75,75,75,300,234,294],"floor_reached":56,"playtime":2797,"items_purged":["Shame","Parasite"],"score":2377,"play_id":"ca6752cb-95b4-45cf-a106-fe2d16044c1c","local_time":"20210108233734","is_ascension_mode":true,"campfire_choices":[{"data":"Apotheosis","floor":13.0,"key":"SMITH"},{"data":"KiyohimeMod:Track","floor":15.0,"key":"SMITH"},{"floor":23.0,"key":"RECALL"},{"data":"KiyohimeMod:Shapeshift","floor":30.0,"key":"SMITH"},{"data":"KiyohimeMod:FirstPremonition","floor":32.0,"key":"SMITH"},{"data":"REME_BattleFury","floor":41.0,"key":"SMITH"},{"data":"KiyohimeMod:FlameKiss","floor":52.0,"key":"PURGE"}],"circlet_count":0,"master_deck":["KiyohimeMod:Strike","KiyohimeMod:Strike","KiyohimeMod:Strike","KiyohimeMod:Strike","KiyohimeMod:Defend","KiyohimeMod:Track+1","KiyohimeMod:Shapeshift+1","Apotheosis+1","CurseOfTheBell","KiyohimeMod:Preemptive+1","KiyohimeMod:BeElegant","KiyohimeMod:Destruction","KiyohimeMod:CelestialInvertedMoon","KiyohimeMod:FirstPremonition+1","KiyohimeMod:EatSoul","KiyohimeMod:CommandCard_Buster","KiyohimeMod:Preemptive+1","KiyohimeMod:MagicCrystal","KiyohimeMod:Grimoire","KiyohimeMod:FirstPremonition+1","ReplayTheSpireMod:IOU","REME_BattleFury+1","KiyohimeMod:Preemptive+1","KiyohimeMod:Barrier","KiyohimeMod:DragonVein","KiyohimeMod:Projection+1","KiyohimeMod:AndSoTheShipConquers+1","KiyohimeMod:CelestialInvertedMoon+1","Madness","Madness","Finesse+1","Forethought","REME_Flogging","KiyohimeMod:AndSoTheShipConquers+1","Gensokyo:SalamanderShield+1"],"relics":["REME_ComplimentaryCards","Calling Bell","Blue Doll","Quantum Egg","Gambling Chip","Oddly Smooth Stone","MagicDraw4","MoreBug","Incense Burner","StrikeDummy","StoneCalendar","Meat on the Bone","REME_PuzzleBoxRelic","Replay:Drink Me","hubris:SlimyHat","Replay:Baseball","ZunR:ReiMu","GodSword3","vexMod:FocusSash","Gremlin Food","MagicDraw3","hubris:ScarierMask","Replay:Wax Seal","TungstenRod","Pen Nib","hubris:BottledRain","vexMod:RetaliationKit","Replay:Multitool","GodSword7","hubris:NiceRug","ReplayTheSpireMod:Shallot","GodSword6","Toolbox","PureWhite:ReiMu","GodSword5","PrismaticShard","Replay:Bandana"],"acts_visited":["Exordium","TheCity","TheBeyond","TheEnding"],"potions_floor_usage":[],"damage_taken":[{"damage":0.0,"enemies":"Cultist","floor":1.0,"turns":3.0},{"damage":0.0,"enemies":"Jaw Worm","floor":3.0,"turns":3.0},{"damage":0.0,"enemies":"2 Louse","floor":4.0,"turns":3.0},{"damage":0.0,"enemies":"Gremlin Nob","floor":6.0,"turns":2.0},{"damage":1.0,"enemies":"Lagavulin","floor":8.0,"turns":5.0},{"damage":4.0,"enemies":"Gremlin Nob","floor":10.0,"turns":3.0},{"damage":6.0,"enemies":"Lagavulin","floor":12.0,"turns":7.0},{"damage":1.0,"enemies":"Gremlin Nob","floor":14.0,"turns":3.0},{"damage":13.0,"enemies":"Hexaghost","floor":16.0,"turns":4.0},{"damage":0.0,"enemies":"2 Thieves","floor":18.0,"turns":2.0},{"damage":0.0,"enemies":"REME_1_Revenger","floor":25.0,"turns":1.0},{"damage":13.0,"enemies":"Replay:Snechameleon","floor":27.0,"turns":3.0},{"damage":0.0,"enemies":"3 Byrds","floor":29.0,"turns":2.0},{"damage":0.0,"enemies":"Book of Stabbing","floor":31.0,"turns":2.0},{"damage":0.0,"enemies":"Collector","floor":33.0,"turns":3.0},{"damage":0.0,"enemies":"3 Darklings","floor":35.0,"turns":1.0},{"damage":0.0,"enemies":"Orb Walker","floor":38.0,"turns":2.0},{"damage":0.0,"enemies":"R_Hoarder","floor":40.0,"turns":5.0},{"damage":11.0,"enemies":"Nemesis","floor":42.0,"turns":3.0},{"damage":0.0,"enemies":"Jaw Worm Horde","floor":44.0,"turns":2.0},{"damage":0.0,"enemies":"3 Darklings","floor":45.0,"turns":2.0},{"damage":0.0,"enemies":"R_Hoarder","floor":46.0,"turns":3.0},{"damage":3.0,"enemies":"4 Shapes","floor":47.0,"turns":2.0},{"damage":0.0,"enemies":"Giant Head","floor":48.0,"turns":4.0},{"damage":0.0,"enemies":"Awakened One","floor":50.0,"turns":4.0},{"damage":0.0,"enemies":"hubris:Merchant","floor":53.0,"turns":4.0},{"damage":0,"enemies":"Shield and Spear","floor":54,"turns":2},{"damage":0,"enemies":"The Heart","floor":55,"turns":3}],"seed_played":"6361404359226305999","potions_obtained":[{"floor":1.0,"key":"Adrenaline Potion"},{"floor":3.0,"key":"SneckoOil"},{"floor":4.0,"key":"Weak Potion"},{"floor":10.0,"key":"Toxic Potion"},{"floor":18.0,"key":"Languid Potion"},{"floor":31.0,"key":"LiquidMemories"},{"floor":33.0,"key":"MagicPotion:ReiMu"},{"floor":38.0,"key":"ColorlessPotion"},{"floor":40.0,"key":"Fruit Juice"},{"floor":42.0,"key":"DistilledChaos"},{"floor":53,"key":"FearPotion"},{"floor":53,"key":"Dexterity Potion"}],"is_trial":false,"path_per_floor":["M","$","M","M","T","E","$","E","T","E","$","E","R","E","R","B",null,"M","?","$","?","?","R","$","E","T","E","?","M","R","E","R","B",null,"M","$","?","M","$","E","R","E","T","M","M","E","M","E","R","B",null,"R","$","E","B",null],"character_chosen":"Kiyohime","items_purchased":["Oddly Smooth Stone","KiyohimeMod:Preemptive+1","MoreBug","Replay:Baseball","Replay:Wax Seal","TungstenRod","REME_BattleFury","Finesse+1"],"campfire_rested":0,"item_purchase_floors":[2,2,7,20,36,36,39,53],"current_hp_per_floor":[54,54,54,54,54,54,54,55,55,51,51,47,47,46,46,39,44,45,45,45,45,45,45,45,45,45,34,34,36,36,38,38,38,43,45,42,42,42,42,47,47,36,36,41,46,47,46,47,42,45,47,47,47,47,47],"gold":294,"neow_bonus":"BOSS_RELIC","is_daily":false,"chose_seed":false,"campfire_upgraded":5,"win_rate":0.0,"timestamp":1610120254,"path_taken":["M","$","M","M","?","E","?","E","T","E","$","E","R","E","R","BOSS","M","?","$","?","?","R","?","E","T","E","?","?","R","E","R","BOSS","M","$","?","?","?","E","R","E","T","M","?","E","M","E","R","BOSS","R","$","E","BOSS"],"items_purchased_type":["Relic","Card","Relic","Relic","Relic","Relic","Card","Card"],"build_version":"2020-12-22","purchased_purges":2,"victory":true,"max_hp_per_floor":[60,60,60,60,60,60,60,60,60,60,60,60,60,60,60,60,45,45,45,45,45,45,45,45,45,45,45,45,45,45,45,45,45,45,45,42,42,42,42,47,47,47,47,47,47,47,47,47,47,47,47,47,47,47,47],"relic_stats":{"counters":[28,82],"Gambling Chip":[63],"StoneCalendar":[0],"Pen Nib":[15],"obtain_stats":[{"ZunR:ReiMu":22,"Blue Doll":0,"StoneCalendar":10,"Incense Burner":8,"hubris:SlimyHat":19,"Replay:Multitool":46,"MagicDraw4":5,"MagicDraw3":31,"PrismaticShard":53,"KiyohimeMod:FireDragon":0,"Replay:Bandana":54,"Gambling Chip":0,"hubris:ScarierMask":34,"Toolbox":53,"Replay:Wax Seal":36,"Replay:Drink Me":17,"vexMod:RetaliationKit":42,"MoreBug":7,"Gremlin Food":27,"Quantum Egg":0,"Oddly Smooth Stone":2,"Pen Nib":37,"vexMod:FocusSash":26,"Calling Bell":0,"Replay:Baseball":20,"PureWhite:ReiMu":53,"ReplayTheSpireMod:Shallot":53,"GodSword7":48,"GodSword6":53,"GodSword5":53,"REME_PuzzleBoxRelic":14,"StrikeDummy":9,"GodSword3":25,"TungstenRod":36,"REME_ComplimentaryCards":0,"Meat on the Bone":12,"hubris:BottledRain":40,"hubris:NiceRug":53},{"ZunR:ReiMu":10,"Blue Doll":0,"StoneCalendar":6,"Incense Burner":5,"hubris:SlimyHat":10,"Replay:Multitool":22,"MagicDraw4":3,"MagicDraw3":14,"PrismaticShard":26,"KiyohimeMod:FireDragon":0,"Replay:Bandana":27,"Gambling Chip":0,"hubris:ScarierMask":15,"Toolbox":26,"Replay:Wax Seal":16,"Replay:Drink Me":9,"vexMod:RetaliationKit":19,"MoreBug":4,"Gremlin Food":12,"Quantum Egg":0,"Oddly Smooth Stone":1,"Pen Nib":16,"vexMod:FocusSash":11,"Calling Bell":0,"Replay:Baseball":10,"PureWhite:ReiMu":26,"ReplayTheSpireMod:Shallot":26,"GodSword7":24,"GodSword6":26,"GodSword5":26,"REME_PuzzleBoxRelic":8,"StrikeDummy":5,"GodSword3":11,"TungstenRod":16,"REME_ComplimentaryCards":0,"Meat on the Bone":7,"hubris:BottledRain":18,"hubris:NiceRug":26},{"ZunR:ReiMu":35,"Blue Doll":0,"StoneCalendar":19,"Incense Burner":16,"hubris:SlimyHat":35,"Replay:Multitool":64,"MagicDraw4":9,"MagicDraw3":43,"PrismaticShard":77,"KiyohimeMod:FireDragon":0,"Replay:Bandana":79,"Gambling Chip":0,"hubris:ScarierMask":46,"Toolbox":77,"Replay:Wax Seal":47,"Replay:Drink Me":33,"vexMod:RetaliationKit":57,"MoreBug":11,"Gremlin Food":39,"Quantum Egg":0,"Oddly Smooth Stone":3,"Pen Nib":47,"vexMod:FocusSash":36,"Calling Bell":0,"Replay:Baseball":35,"PureWhite:ReiMu":77,"ReplayTheSpireMod:Shallot":77,"GodSword7":69,"GodSword6":77,"GodSword5":77,"REME_PuzzleBoxRelic":29,"StrikeDummy":16,"GodSword3":36,"TungstenRod":47,"REME_ComplimentaryCards":0,"Meat on the Bone":26,"hubris:BottledRain":54,"hubris:NiceRug":77}],"TungstenRod":24,"Meat on the Bone":0},"card_choices":[{"not_picked":["KiyohimeMod:HotSpringOfTheMoon","KiyohimeMod:WaterTurn","KiyohimeMod:CommandCard_Quick"],"picked":"SKIP","floor":1.0},{"not_picked":["KiyohimeMod:SteelTraining","KiyohimeMod:RedBlackKey","KiyohimeMod:WaterTurn"],"picked":"SKIP","floor":3.0},{"not_picked":["KiyohimeMod:WaterTurn","KiyohimeMod:RedBlackKey","KiyohimeMod:Preemptive"],"picked":"SKIP","floor":4.0},{"not_picked":["KiyohimeMod:ExSpicyMapoTofu","KiyohimeMod:BlueBlackKey","KiyohimeMod:ImaginaryAround"],"picked":"SKIP","floor":6.0},{"not_picked":["KiyohimeMod:FiringTheFirstArrow","KiyohimeMod:Berserker"],"picked":"KiyohimeMod:BeElegant","floor":8.0},{"not_picked":["KiyohimeMod:AndSoTheShipConquers","KiyohimeMod:RealityMarble","KiyohimeMod:HotSpringOfTheMoon"],"picked":"SKIP","floor":10.0},{"not_picked":["KiyohimeMod:AndSoTheShipConquers","KiyohimeMod:RealityMarble","KiyohimeMod:HotSpringOfTheMoon"],"picked":"SKIP","floor":10.0},{"not_picked":["KiyohimeMod:RedBlackKey","KiyohimeMod:AndSoTheShipConquers","KiyohimeMod:GreenBlackKey"],"picked":"SKIP","floor":12.0},{"not_picked":["KiyohimeMod:WaterTurn","KiyohimeMod:GreenBlackKey","KiyohimeMod:Preemptive"],"picked":"SKIP","floor":14.0},{"not_picked":["KiyohimeMod:FacelessMoon","KiyohimeMod:Servant_Osakabehime"],"picked":"KiyohimeMod:Destruction","floor":16.0},{"not_picked":["KiyohimeMod:Preemptive+1","KiyohimeMod:GreenBlackKey"],"picked":"KiyohimeMod:CelestialInvertedMoon","floor":18.0},{"not_picked":["KiyohimeMod:AndSoTheShipConquers","KiyohimeMod:FirstPremonition","KiyohimeMod:SteelTraining"],"picked":"SKIP","floor":25.0},{"not_picked":["KiyohimeMod:AndSoTheShipConquers","KiyohimeMod:SteelTraining"],"picked":"KiyohimeMod:FirstPremonition","floor":25.0},{"not_picked":["KiyohimeMod:BlueBlackKey","KiyohimeMod:ExSpicyMapoTofu"],"picked":"KiyohimeMod:EatSoul","floor":27.0},{"not_picked":["KiyohimeMod:SteelTraining","KiyohimeMod:HydraDagger"],"picked":"KiyohimeMod:Preemptive+1","floor":29.0},{"not_picked":["KiyohimeMod:AndSoTheShipConquers","KiyohimeMod:HotSpringOfTheMoon","KiyohimeMod:BlueBlackKey"],"picked":"SKIP","floor":31.0},{"not_picked":["KiyohimeMod:Destruction","KiyohimeMod:PrismaCosmos"],"picked":"KiyohimeMod:MagicCrystal","floor":33.0},{"not_picked":["KiyohimeMod:BlueBlackKey","KiyohimeMod:WaterTurn+1"],"picked":"KiyohimeMod:Grimoire","floor":35.0},{"not_picked":["KiyohimeMod:SteelTraining+1","KiyohimeMod:AndSoTheShipConquers"],"picked":"KiyohimeMod:FirstPremonition+1","floor":38.0},{"not_picked":["KiyohimeMod:ImaginaryAround+1","KiyohimeMod:GreenBlackKey+1"],"picked":"KiyohimeMod:Preemptive+1","floor":40.0},{"not_picked":["KiyohimeMod:HotSpringOfTheMoon+1","KiyohimeMod:RedBlackKey"],"picked":"KiyohimeMod:Barrier","floor":42.0},{"not_picked":["KiyohimeMod:RedBlackKey","KiyohimeMod:EatSoul+1"],"picked":"KiyohimeMod:DragonVein","floor":44.0},{"not_picked":["KiyohimeMod:Preemptive","KiyohimeMod:FacelessMoon","KiyohimeMod:EatSoul"],"picked":"SKIP","floor":45.0},{"not_picked":["KiyohimeMod:BlueBlackKey+1","KiyohimeMod:FirstPremonition+1"],"picked":"KiyohimeMod:Projection+1","floor":46.0},{"not_picked":["KiyohimeMod:Berserker+1","KiyohimeMod:WaterTurn+1"],"picked":"KiyohimeMod:AndSoTheShipConquers+1","floor":47.0},{"not_picked":["KiyohimeMod:Tenacious","KiyohimeMod:Berserker+1"],"picked":"KiyohimeMod:CelestialInvertedMoon+1","floor":48.0},{"not_picked":[],"picked":"Forethought","floor":53},{"not_picked":[],"picked":"REME_Flogging","floor":53},{"not_picked":[],"picked":"KiyohimeMod:AndSoTheShipConquers+1","floor":53},{"not_picked":["KiyohimeMod:Preemptive"],"picked":"SKIP","floor":53},{"not_picked":["KiyohimeMod:CommandCard_Quick"],"picked":"SKIP","floor":53},{"not_picked":["KiyohimeMod:SteelTraining"],"picked":"SKIP","floor":53},{"not_picked":["KiyohimeMod:Tenacious"],"picked":"SKIP","floor":53},{"not_picked":["KiyohimeMod:Preemptive"],"picked":"SKIP","floor":53},{"not_picked":["KiyohimeMod:CommandCard_Quick"],"picked":"SKIP","floor":53},{"not_picked":["KiyohimeMod:SteelTraining"],"picked":"SKIP","floor":53},{"not_picked":["KiyohimeMod:Tenacious"],"picked":"SKIP","floor":53},{"not_picked":["SpiritualOutbreak2:ReiMu","Bloodletting+1"],"picked":"Gensokyo:SalamanderShield+1","floor":54}],"player_experience":123757,"relics_obtained":[{"floor":0.0,"key":"Blue Doll"},{"floor":0.0,"key":"Quantum Egg"},{"floor":0.0,"key":"Gambling Chip"},{"floor":5.0,"key":"MagicDraw4"},{"floor":8.0,"key":"Incense Burner"},{"floor":9.0,"key":"StrikeDummy"},{"floor":10.0,"key":"StoneCalendar"},{"floor":12.0,"key":"Meat on the Bone"},{"floor":14.0,"key":"REME_PuzzleBoxRelic"},{"floor":25.0,"key":"GodSword3"},{"floor":26.0,"key":"vexMod:FocusSash"},{"floor":27.0,"key":"Gremlin Food"},{"floor":31.0,"key":"MagicDraw3"},{"floor":37.0,"key":"Pen Nib"},{"floor":40.0,"key":"hubris:BottledRain"},{"floor":42.0,"key":"vexMod:RetaliationKit"},{"floor":46.0,"key":"Replay:Multitool"},{"floor":48.0,"key":"GodSword7"},{"floor":53,"key":"ReplayTheSpireMod:Shallot"},{"floor":53,"key":"GodSword6"},{"floor":53,"key":"Toolbox"},{"floor":53,"key":"PureWhite:ReiMu"},{"floor":53,"key":"GodSword5"},{"floor":53,"key":"PrismaticShard"},{"floor":54,"key":"Replay:Bandana"}],"event_choices":[{"damage_healed":0.0,"max_hp_gain":0.0,"max_hp_loss":0.0,"gold_gain":0.0,"event_name":"Addict","player_choice":"Stole Relic","floor":19.0,"gold_loss":0.0,"damage_taken":0.0,"relics_obtained":["hubris:SlimyHat"],"cards_obtained":["Shame"]},{"damage_healed":0.0,"max_hp_gain":0.0,"max_hp_loss":0.0,"gold_gain":0.0,"event_name":"ZunEvent","player_choice":"购买神酒","floor":22.0,"gold_loss":40.0,"damage_taken":0.0,"relics_obtained":["ZunR:ReiMu"]},{"damage_healed":0.0,"max_hp_gain":0.0,"max_hp_loss":0.0,"gold_gain":0.0,"event_name":"Wheel of Change","player_choice":"Relic","floor":37.0,"gold_loss":0.0,"damage_taken":0.0},{"damage_healed":0.0,"max_hp_gain":0.0,"max_hp_loss":0.0,"gold_gain":0.0,"event_name":"Winding Halls","player_choice":"Embrace Madness","floor":49.0,"gold_loss":0.0,"damage_taken":6.0,"cards_obtained":["Madness","Madness"]}],"is_beta":false,"boss_relics":[{"not_picked":["vexMod:FluxCapacitor","vexMod:DeviousBotling"],"picked":"Replay:Drink Me"},{"not_picked":["Honey Jar","vexMod:MysteryBossChallenge"],"picked":"hubris:ScarierMask"}],"items_purged_floors":[20,36],"is_endless":false,"potions_floor_spawned":[1,3,4,10,12,18,31,33,38,40,42,45,46,54],"ascension_level":8}}