{"host":"2okas1s8lto464g9","time":1610098646,"event":{"mods":["BaseMod","Marisa£®ÏF”Í°°ƒß¿Ì…≥£©","Minty Spire (QoL Compilation)","StSLib","The Construct","The Servant 0.9.4"],"gold_per_floor":[112,130,30,30,30,58,75,75,129,164,164,181,214,234,234,336,336,346,363,275,294,306,632,650,683,683,697,717,746,746,777,777,881,881,897,897,897,908,415,446,462,495,495,527,35,48,67,94,94,94],"floor_reached":51,"playtime":2658,"items_purged":["Strike_P","Strike_P","Wraith","Defend_P"],"score":1242,"play_id":"0455712d-62dd-451c-a451-5f3abc8c9f1b","local_time":"20210108173726","is_ascension_mode":true,"campfire_choices":[{"floor":11.0,"key":"REST"},{"data":"Wallop","floor":15.0,"key":"SMITH"},{"data":"Vault","floor":30.0,"key":"SMITH"},{"data":"Ragnarok","floor":32.0,"key":"SMITH"},{"data":"Tantrum","floor":49,"key":"SMITH"}],"circlet_count":0,"master_deck":["Defend_P","Defend_P","Defend_P","Eruption+1","Vigilance","Conclude","Wallop+1","Halt","ClearTheMind","Crescendo","Protect","Tantrum+1","Ragnarok+1","Vault+1","LikeWater+1","Collect","InnerPeace+1","EmptyFist","DeusExMachina","TalkToTheHand","Establishment","Pray+1","Adaptation+1","Scrawl","Perseverance"],"relics":["PureWater","Damaru","FaceOfCleric","Dream Catcher","Smiling Mask","Pen Nib","Anchor","Empty Cage","Old Coin","Orichalcum","Toy Ornithopter","Mango","Vajra","construct:WeddingRing","Lee\u0027s Waffle","PreservedInsect","Oddly Smooth Stone","Darkstone Periapt","Nunchaku","Prayer Wheel","Sundial","Juzu Bracelet","CaptainsWheel","Ginger"],"acts_visited":["Exordium","TheCity","TheBeyond"],"potions_floor_usage":[44,50,50,50,50,50,50,50],"damage_taken":[{"damage":0.0,"enemies":"Cultist","floor":1.0,"turns":2.0},{"damage":0.0,"enemies":"2 Louse","floor":2.0,"turns":2.0},{"damage":48.0,"enemies":"Gremlin Nob","floor":6.0,"turns":4.0},{"damage":0.0,"enemies":"Small Slimes","floor":7.0,"turns":2.0},{"damage":6.0,"enemies":"Lagavulin","floor":10.0,"turns":5.0},{"damage":0.0,"enemies":"3 Louse","floor":12.0,"turns":1.0},{"damage":10.0,"enemies":"Gremlin Nob","floor":13.0,"turns":3.0},{"damage":0.0,"enemies":"Exordium Wildlife","floor":14.0,"turns":2.0},{"damage":8.0,"enemies":"Hexaghost","floor":16.0,"turns":6.0},{"damage":5.0,"enemies":"Shell Parasite","floor":18.0,"turns":3.0},{"damage":5.0,"enemies":"2 Thieves","floor":19.0,"turns":4.0},{"damage":0.0,"enemies":"Snecko","floor":21.0,"turns":3.0},{"damage":3.0,"enemies":"3 Cultists","floor":22.0,"turns":5.0},{"damage":10.0,"enemies":"Book of Stabbing","floor":23.0,"turns":5.0},{"damage":6.0,"enemies":"Centurion and Healer","floor":24.0,"turns":5.0},{"damage":0.0,"enemies":"Slavers","floor":25.0,"turns":1.0},{"damage":6.0,"enemies":"Snecko","floor":27.0,"turns":3.0},{"damage":0.0,"enemies":"Chosen and Byrds","floor":28.0,"turns":5.0},{"damage":0.0,"enemies":"Gremlin Leader","floor":29.0,"turns":5.0},{"damage":2.0,"enemies":"Slavers","floor":31.0,"turns":4.0},{"damage":58.0,"enemies":"Champ","floor":33.0,"turns":12.0},{"damage":0.0,"enemies":"3 Darklings","floor":35.0,"turns":5.0},{"damage":19,"enemies":"3 Shapes","floor":38,"turns":5},{"damage":36,"enemies":"Nemesis","floor":40,"turns":7},{"damage":0,"enemies":"Transient","floor":41,"turns":5},{"damage":0,"enemies":"Giant Head","floor":42,"turns":7},{"damage":0,"enemies":"Reptomancer","floor":44,"turns":2},{"damage":9,"enemies":"Writhing Mass","floor":46,"turns":5},{"damage":4,"enemies":"Maw","floor":47,"turns":6},{"damage":0,"enemies":"Giant Head","floor":48,"turns":5},{"damage":5,"enemies":"Awakened One","floor":50,"turns":8}],"seed_played":"5576696253569298126","potions_obtained":[{"floor":2.0,"key":"SkillPotion"},{"floor":6.0,"key":"DistilledChaos"},{"floor":14.0,"key":"BottledMiracle"},{"floor":16.0,"key":"SteroidPotion"},{"floor":19.0,"key":"Swift Potion"},{"floor":21.0,"key":"Fire Potion"},{"floor":23.0,"key":"Swift Potion"},{"floor":25.0,"key":"ColorlessPotion"},{"floor":31.0,"key":"Fruit Juice"},{"floor":33.0,"key":"BottledMiracle"},{"floor":35.0,"key":"EntropicBrew"},{"floor":40,"key":"SkillPotion"},{"floor":44,"key":"Dexterity Potion"}],"is_trial":false,"path_per_floor":["M","M","$","?","?","E","M","$","T","E","R","M","E","M","R","B",null,"M","M","$","M","M","E","M","E","T","M","M","E","R","E","R","B",null,"M","?","?","M","$","E","M","E","T","E","$","M","M","E","R","B",null],"character_chosen":"WATCHER","items_purchased":["Halt","Collect","Lee\u0027s Waffle","PreservedInsect","Oddly Smooth Stone","Juzu Bracelet","CaptainsWheel"],"campfire_rested":1,"item_purchase_floors":[3,20,39,39,39,45,45],"current_hp_per_floor":[72,72,72,72,72,25,26,26,26,21,43,44,35,36,36,29,79,75,71,71,72,70,61,56,57,57,52,58,73,73,92,92,35,110,111,111,111,93,119,84,85,86,86,92,92,84,81,82,82,113],"gold":94,"neow_bonus":"RANDOM_COMMON_RELIC","is_daily":false,"chose_seed":false,"campfire_upgraded":4,"win_rate":0.0,"timestamp":1610098646,"path_taken":["M","?","$","?","?","E","M","$","T","E","R","?","E","M","R","BOSS","M","?","$","M","?","E","M","E","T","M","M","E","R","E","R","BOSS","M","?","?","M","$","E","M","E","T","E","$","M","M","E","R","BOSS"],"items_purchased_type":["Card","Card","Relic","Relic","Relic","Relic","Relic"],"build_version":"2020-12-22","purchased_purges":4,"victory":true,"max_hp_per_floor":[72,72,72,72,72,73,74,74,74,75,75,76,77,78,78,79,79,80,81,81,82,83,84,85,86,86,87,88,103,103,109,109,110,110,111,111,111,112,119,120,121,122,122,123,123,124,125,126,126,127],"card_choices":[{"not_picked":["Evaluate","Prostrate"],"picked":"Conclude","floor":1.0},{"not_picked":["Sanctity","PathToVictory"],"picked":"Wallop","floor":2.0},{"not_picked":["FlurryOfBlows","Prostrate"],"picked":"ClearTheMind","floor":6.0},{"not_picked":["Halt","WaveOfTheHand"],"picked":"Crescendo","floor":7.0},{"not_picked":["Alpha","FlyingSleeves"],"picked":"Protect","floor":10.0},{"not_picked":["Weave","Vengeance"],"picked":"Tantrum","floor":12.0},{"not_picked":["FlurryOfBlows","BattleHymn","SignatureMove"],"picked":"SKIP","floor":13.0},{"not_picked":["FlurryOfBlows","Vengeance"],"picked":"Ragnarok","floor":14.0},{"not_picked":["DeusExMachina","Alpha"],"picked":"Vault","floor":16.0},{"not_picked":["ClearTheMind","Weave","Protect"],"picked":"SKIP","floor":18.0},{"not_picked":["CrushJoints","BattleHymn"],"picked":"LikeWater+1","floor":19.0},{"not_picked":["WaveOfTheHand+1","Worship","ThirdEye+1"],"picked":"SKIP","floor":21.0},{"not_picked":["SashWhip+1","CutThroughFate","ForeignInfluence"],"picked":"SKIP","floor":22.0},{"not_picked":["WindmillStrike","WaveOfTheHand+1"],"picked":"InnerPeace+1","floor":23.0},{"not_picked":["Prostrate","Swivel","Sanctity"],"picked":"SKIP","floor":24.0},{"not_picked":["Evaluate","BattleHymn","Halt"],"picked":"SKIP","floor":25.0},{"not_picked":["WindmillStrike","Worship"],"picked":"EmptyFist","floor":27.0},{"not_picked":["Meditate","WaveOfTheHand"],"picked":"DeusExMachina","floor":28.0},{"not_picked":["Omniscience","CrushJoints"],"picked":"TalkToTheHand","floor":29.0},{"not_picked":["SignatureMove","Crescendo","Protect"],"picked":"SKIP","floor":31.0},{"not_picked":["MasterReality","Ragnarok"],"picked":"Establishment","floor":33.0},{"not_picked":["PathToVictory","Crescendo+1","ClearTheMind+1"],"picked":"SKIP","floor":35.0},{"not_picked":["CutThroughFate","FlurryOfBlows+1","BowlingBash"],"picked":"SKIP","floor":38},{"not_picked":["Vault","TalkToTheHand+1"],"picked":"Pray+1","floor":40},{"not_picked":["Evaluate+1","ThirdEye","JustLucky"],"picked":"SKIP","floor":41},{"not_picked":["Ragnarok","Sanctity+1","FlyingSleeves+1"],"picked":"SKIP","floor":42},{"not_picked":["SashWhip","CutThroughFate","Consecrate"],"picked":"SKIP","floor":44},{"not_picked":["FlurryOfBlows","Consecrate"],"picked":"Adaptation+1","floor":46},{"not_picked":["JustLucky+1","EmptyBody+1"],"picked":"Scrawl","floor":46},{"not_picked":["Crescendo","Wallop","Evaluate+1"],"picked":"SKIP","floor":47},{"not_picked":["EmptyBody","SandsOfTime","SashWhip+1"],"picked":"SKIP","floor":47},{"not_picked":["BattleHymn+1","Consecrate+1"],"picked":"Perseverance","floor":48}],"player_experience":514714,"relics_obtained":[{"floor":6.0,"key":"Dream Catcher"},{"floor":9.0,"key":"Smiling Mask"},{"floor":10.0,"key":"Pen Nib"},{"floor":13.0,"key":"Anchor"},{"floor":23.0,"key":"Old Coin"},{"floor":25.0,"key":"Orichalcum"},{"floor":26.0,"key":"Toy Ornithopter"},{"floor":29.0,"key":"Mango"},{"floor":31.0,"key":"Vajra"},{"floor":40,"key":"Darkstone Periapt"},{"floor":42,"key":"Nunchaku"},{"floor":43,"key":"Prayer Wheel"},{"floor":44,"key":"Sundial"},{"floor":48,"key":"Ginger"}],"event_choices":[{"damage_healed":0.0,"max_hp_gain":0.0,"max_hp_loss":0.0,"gold_gain":0.0,"event_name":"Living Wall","player_choice":"Grow","floor":4.0,"gold_loss":0.0,"damage_taken":0.0,"cards_upgraded":["Eruption"]},{"damage_healed":0.0,"max_hp_gain":0.0,"max_hp_loss":0.0,"gold_gain":0.0,"event_name":"FaceTrader","player_choice":"Trade","floor":5.0,"gold_loss":0.0,"damage_taken":0.0,"relics_obtained":["FaceOfCleric"]},{"damage_healed":0,"gold_gain":0,"player_choice":"Ignored","damage_taken":0,"max_hp_gain":0,"max_hp_loss":0,"event_name":"OrinTheCat","floor":36,"gold_loss":0},{"damage_healed":0,"gold_gain":0,"player_choice":"Ignored","damage_taken":0,"max_hp_gain":0,"max_hp_loss":0,"event_name":"Tomb of Lord Red Mask","floor":37,"gold_loss":0}],"is_beta":false,"boss_relics":[{"not_picked":["Pandora\u0027s Box","Tiny House"],"picked":"Empty Cage"},{"not_picked":["Runic Dome","Busted Crown"],"picked":"construct:WeddingRing"}],"items_purged_floors":[3,20,39,45],"is_endless":false,"potions_floor_spawned":[2,6,14,16,19,21,23,25,31,33,35,40,44,47],"ascension_level":1}}