{"host":"g7trc0x2teqyd8ye","time":1610100365,"event":{"mods":["BaseMod","Key Reminder","Minty Spire (QoL Compilation)","Relic Stats"],"gold_per_floor":[113,133,145,24,44,77,92,92,92,122,134,151,184,196,196,292,292,306,326,346,13,26,26,39,64,113,128,128,128],"floor_reached":28,"playtime":1629,"items_purged":["Strike_B"],"score":479,"play_id":"f7158737-ae25-4aad-8099-cbe22e75db6e","local_time":"20210108110605","is_ascension_mode":true,"campfire_choices":[{"data":"Fission","floor":15,"key":"SMITH"},{"data":"Chill","floor":23,"key":"SMITH"}],"circlet_count":0,"master_deck":["AscendersBane","Strike_B","Strike_B+1","Defend_B","Defend_B","Defend_B","Defend_B","Zap","Dualcast","Glacier","Compile Driver","Loop","Blizzard+1","Loop","Coolheaded","Blizzard+1","Blizzard+1","Cold Snap+1","Cold Snap+1","Coolheaded","Fission+1","Loop","Amplify","Capacitor","Hologram","Apotheosis","Conserve Battery","Ball Lightning+1","Chill+1","Chill+1","Parasite","Loop+1"],"relics":["Coffee Dripper","Molten Egg 2","Bottled Flame","Singing Bowl","keyreminder:keyreminder","StrikeDummy","Cursed Key","Mummified Hand","Whetstone"],"acts_visited":["Exordium","TheCity"],"potions_floor_usage":[6,6,16,16,25,25],"damage_taken":[{"damage":14,"enemies":"Small Slimes","floor":1,"turns":4},{"damage":0,"enemies":"Cultist","floor":2,"turns":5},{"damage":2,"enemies":"Jaw Worm","floor":3,"turns":4},{"damage":7,"enemies":"2 Fungi Beasts","floor":5,"turns":4},{"damage":12,"enemies":"Lagavulin","floor":6,"turns":9},{"damage":5,"enemies":"3 Louse","floor":7,"turns":4},{"damage":10,"enemies":"Gremlin Nob","floor":10,"turns":6},{"damage":0,"enemies":"Large Slime","floor":11,"turns":5},{"damage":1,"enemies":"Blue Slaver","floor":12,"turns":3},{"damage":1,"enemies":"Lagavulin","floor":13,"turns":6},{"damage":1,"enemies":"Red Slaver","floor":14,"turns":3},{"damage":3,"enemies":"The Guardian","floor":16,"turns":11},{"damage":18,"enemies":"Shell Parasite","floor":18,"turns":5},{"damage":8,"enemies":"Chosen","floor":19,"turns":5},{"damage":26,"enemies":"Shelled Parasite and Fungi","floor":20,"turns":6},{"damage":0,"enemies":"3 Cultists","floor":22,"turns":4},{"damage":0,"enemies":"Snake Plant","floor":24,"turns":5},{"damage":0,"enemies":"Gremlin Leader","floor":25,"turns":4},{"damage":0,"enemies":"Centurion and Healer","floor":27,"turns":5},{"damage":1,"enemies":"Colosseum Slavers","floor":28,"turns":3},{"damage":17,"enemies":"Colosseum Nobs","floor":28,"turns":3}],"seed_played":"-6528665738023271403","potions_obtained":[{"floor":3,"key":"Regen Potion"},{"floor":5,"key":"FearPotion"},{"floor":7,"key":"Explosive Potion"},{"floor":14,"key":"Dexterity Potion"},{"floor":16,"key":"DuplicationPotion"},{"floor":19,"key":"DuplicationPotion"}],"is_trial":false,"path_per_floor":["M","M","M","$","M","E","M","?","T","E","M","M","E","M","R","B",null,"M","M","M","$","M","R","M","E","T","M","?"],"character_chosen":"DEFECT","items_purchased":["Blizzard","Loop","Apotheosis","Conserve Battery","Ball Lightning+1"],"campfire_rested":0,"item_purchase_floors":[4,4,21,21,21],"current_hp_per_floor":[54,54,52,52,45,47,42,42,42,32,34,33,32,31,31,28,65,47,39,15,15,15,15,17,17,17,17,0,0],"gold":128,"neow_bonus":"BOSS_RELIC","is_daily":false,"chose_seed":false,"campfire_upgraded":2,"win_rate":0.0,"timestamp":1610100365,"path_taken":["M","M","M","$","M","E","M","?","T","E","M","M","E","?","R","BOSS","M","M","M","$","M","R","M","E","T","M","?"],"items_purchased_type":["Card","Card","Card","Card","Card"],"build_version":"2020-12-22","purchased_purges":1,"victory":false,"max_hp_per_floor":[75,75,75,75,75,75,75,75,75,75,77,77,77,77,77,77,77,77,77,79,79,79,79,81,81,81,81,81,81],"relic_stats":{"Singing Bowl":6,"counters":[21,103],"Mummified Hand":[10],"Whetstone":["Strike_B","Blizzard"],"Cursed Key":1,"obtain_stats":[{"keyreminder:keyreminder":10,"Bottled Flame":9,"Singing Bowl":10,"Mummified Hand":25,"Molten Egg 2":6,"Coffee Dripper":0,"Whetstone":26,"Cracked Core":0,"StrikeDummy":13,"Cursed Key":17},{"keyreminder:keyreminder":7,"Bottled Flame":6,"Singing Bowl":7,"Mummified Hand":18,"Molten Egg 2":5,"Coffee Dripper":0,"Whetstone":18,"Cracked Core":0,"StrikeDummy":10,"Cursed Key":12},{"keyreminder:keyreminder":36,"Bottled Flame":30,"Singing Bowl":36,"Mummified Hand":92,"Molten Egg 2":26,"Coffee Dripper":0,"Whetstone":92,"Cracked Core":0,"StrikeDummy":50,"Cursed Key":64}]},"card_choices":[{"not_picked":["Beam Cell","Defragment"],"picked":"Glacier","floor":1},{"not_picked":["Barrage","Beam Cell"],"picked":"Compile Driver","floor":2},{"not_picked":["Steam","Heatsinks"],"picked":"Loop","floor":3},{"not_picked":["Go for the Eyes","Steam"],"picked":"Coolheaded","floor":5},{"not_picked":["Seek","Force Field"],"picked":"Blizzard+1","floor":6},{"not_picked":["Conserve Battery","Stack"],"picked":"Blizzard+1","floor":7},{"not_picked":["Leap","FTL+1"],"picked":"Cold Snap+1","floor":10},{"not_picked":["Beam Cell+1","Gash+1","Compile Driver+1"],"picked":"Singing Bowl","floor":11},{"not_picked":["Leap","Streamline+1"],"picked":"Coolheaded","floor":12},{"not_picked":["Auto Shields","Sweeping Beam+1"],"picked":"Fission","floor":13},{"not_picked":["Lockon+1","Redo"],"picked":"Loop","floor":14},{"not_picked":["Thunder Strike+1","Electrodynamics"],"picked":"Amplify","floor":16},{"not_picked":["Steam Power","Reprogram"],"picked":"Capacitor","floor":18},{"not_picked":["Sweeping Beam+1","Rebound+1"],"picked":"Hologram","floor":19},{"not_picked":["Hologram","Coolheaded","Stack+1"],"picked":"Singing Bowl","floor":20},{"not_picked":["Hologram","Leap"],"picked":"Chill","floor":22},{"not_picked":["Steam Power","Rip and Tear+1","Redo"],"picked":"Singing Bowl","floor":24},{"not_picked":["Force Field","Electrodynamics"],"picked":"Chill+1","floor":25},{"not_picked":["Redo","Leap"],"picked":"Loop+1","floor":27}],"player_experience":887221,"relics_obtained":[{"floor":6,"key":"Molten Egg 2"},{"floor":9,"key":"Bottled Flame"},{"floor":10,"key":"Singing Bowl"},{"floor":13,"key":"StrikeDummy"},{"floor":25,"key":"Mummified Hand"},{"floor":26,"key":"Whetstone"}],"event_choices":[{"damage_healed":0,"gold_gain":0,"cards_transformed":["Strike_B"],"player_choice":"Transformed","damage_taken":0,"max_hp_gain":0,"max_hp_loss":0,"event_name":"Transmorgrifier","floor":8,"gold_loss":0,"cards_obtained":["Cold Snap"]},{"damage_healed":0,"gold_gain":0,"player_choice":"Fight","damage_taken":0,"max_hp_gain":0,"max_hp_loss":0,"event_name":"Colosseum","floor":28,"gold_loss":0},{"damage_healed":0,"gold_gain":0,"player_choice":"Fought Nobs","damage_taken":0,"max_hp_gain":0,"max_hp_loss":0,"event_name":"Colosseum","floor":28,"gold_loss":0}],"is_beta":false,"boss_relics":[{"not_picked":["Sozu","SacredBark"],"picked":"Cursed Key"}],"items_purged_floors":[21],"is_endless":false,"potions_floor_spawned":[3,5,7,14,16,19,22],"killed_by":"Colosseum Nobs","ascension_level":11}}