{"host":"2pt9f5ojqg0apn28","time":1610066637,"event":{"mods":["AchievementEnabler","BaseMod","Better Altar","Better Match","Better Note","Better Sensory Stone","Better Skull","Better Third Choice","Colored Map","Colored Powertips","Downfall","Hubris","Infinite Spire","Minty Spire (QoL Compilation)","Replay The Spire","StSLib"],"gold_per_floor":[365,4,179,179,196,196,223,223,223,237,251,7,7,25,25,128,128,139,154,171,188,63,63,89,106,106,116,116,136,136,148,148,246,246,261,261,261,261,0,0,17,17,40,58,84,84,84,95,95,95,95],"floor_reached":50,"playtime":1805,"items_purged":["Strike_B","Doubt","Strike_B"],"score":593,"play_id":"7b78f724-d8f8-4a5a-a36c-9b99a210d46f","local_time":"20210108054357","is_ascension_mode":true,"campfire_choices":[{"data":"Dualcast","floor":6.0,"key":"SMITH"},{"floor":8.0,"key":"REST"},{"floor":15.0,"key":"REST"},{"floor":23.0,"key":"REST"},{"floor":28.0,"key":"REST"},{"floor":30.0,"key":"REST"},{"data":"Zap","floor":32.0,"key":"SMITH"},{"data":"Meteor Strike","floor":40.0,"key":"SMITH"},{"data":"Ball Lightning","floor":42.0,"key":"SMITH"},{"floor":49.0,"key":"REST"}],"circlet_count":0,"master_deck":["infinitespire:Oblivion+1","Strike_B","Defend_B","Defend_B","Defend_B","Zap+1","Dualcast+1","Compile Driver","Cold Snap","Ball Lightning+1","Meteor Strike+1","Static Discharge+1","Defragment+1","Turbo+1","Conserve Battery","Loop+1","Delirium","Defragment","Writhe","hubris:Despair","infinitespire:NeuralNetwork","Go for the Eyes","Buffer"],"relics":["Cracked Core","Orichalcum","Replay:Baseball","InkBottle","Nunchaku","CultistMask","Empty Cage","Darkstone Periapt","Replay:Bottled Snecko","hubris:RunicObelisk","ReplayTheSpireMod:Ring of Exchange","Ring of Fury","Red Mask","infinitespire:Beetle Shell","hubris:CrystalStatue"],"acts_visited":["Exordium","TheCity","TheBeyond"],"potions_floor_usage":[],"damage_taken":[{"damage":5.0,"enemies":"2 Louse","floor":1.0,"turns":2.0},{"damage":5.0,"enemies":"Small Slimes","floor":5.0,"turns":3.0},{"damage":30.0,"enemies":"Lagavulin","floor":7.0,"turns":4.0},{"damage":1.0,"enemies":"Cultist","floor":10.0,"turns":3.0},{"damage":0.0,"enemies":"Looter","floor":11.0,"turns":1.0},{"damage":3.0,"enemies":"Gremlin Gang","floor":14.0,"turns":3.0},{"damage":26.0,"enemies":"Hexaghost","floor":16.0,"turns":6.0},{"damage":6.0,"enemies":"3 Byrds","floor":18.0,"turns":4.0},{"damage":5.0,"enemies":"Spheric Guardian","floor":19.0,"turns":3.0},{"damage":12.0,"enemies":"3 Cultists","floor":20.0,"turns":4.0},{"damage":22.0,"enemies":"Centurion and Healer","floor":21.0,"turns":4.0},{"damage":11.0,"enemies":"Gremlin Leader","floor":24.0,"turns":5.0},{"damage":31.0,"enemies":"Snake Plant","floor":25.0,"turns":3.0},{"damage":5.0,"enemies":"Cultist and Chosen","floor":27.0,"turns":4.0},{"damage":2.0,"enemies":"Sentry and Sphere","floor":29.0,"turns":3.0},{"damage":12.0,"enemies":"Chosen and Byrds","floor":31.0,"turns":3.0},{"damage":27.0,"enemies":"Champ","floor":33.0,"turns":8.0},{"damage":15.0,"enemies":"3 Shapes","floor":35.0,"turns":2.0},{"damage":0.0,"enemies":"Orb Walker","floor":41.0,"turns":2.0},{"damage":19.0,"enemies":"Jaw Worm Horde","floor":44.0,"turns":4.0},{"damage":20.0,"enemies":"Reptomancer","floor":45.0,"turns":4.0},{"damage":31.0,"enemies":"Spire Growth","floor":48.0,"turns":4.0},{"damage":37,"enemies":"infinitespire:MassOfShapes","floor":50,"turns":7}],"seed_played":"900660026174554025","potions_obtained":[{"floor":4.0,"key":"Doom Potion"},{"floor":4.0,"key":"EntropicBrew"},{"floor":4.0,"key":"SkillPotion"},{"floor":7.0,"key":"PotionOfCapacity"},{"floor":24.0,"key":"PowerPotion"},{"floor":29.0,"key":"EssenceOfSteel"},{"floor":33.0,"key":"Explosive Potion"}],"is_trial":false,"path_per_floor":["M","$","?","?","M","R","E","R","T","M","M","$","?","M","R","B",null,"M","M","M","M","$","R","E","M","T","M","R","M","R","M","R","B",null,"M","?","?","?","?","R","M","R","T","M","E","?","?","M","R","B"],"character_chosen":"DEFECT","items_purchased":["Compile Driver","White Noise","Orichalcum","Nunchaku"],"campfire_rested":6,"item_purchase_floors":[2,2,2,12],"current_hp_per_floor":[49,49,49,49,44,44,14,36,36,35,35,35,35,32,54,28,75,69,64,52,30,30,52,41,10,10,5,27,25,47,35,35,8,75,60,66,66,66,66,66,66,66,66,47,27,39,39,8,35,0,0],"gold":95,"neow_bonus":"TWO_FIFTY_GOLD","is_daily":false,"chose_seed":false,"campfire_upgraded":4,"win_rate":0.0,"timestamp":1610066637,"path_taken":["M","$","?","?","?","R","E","R","T","M","M","$","?","M","R","BOSS","M","?","M","M","$","R","E","?","T","?","R","M","R","M","R","BOSS","M","?","?","?","?","R","M","R","T","?","E","?","?","M","R","BOSS"],"items_purchased_type":["Card","Card","Relic","Relic"],"build_version":"2020-12-22","purchased_purges":3,"victory":false,"max_hp_per_floor":[75,75,75,75,75,75,75,75,75,75,75,75,75,75,75,75,75,75,75,75,75,75,75,75,75,75,75,75,75,75,75,75,75,75,75,81,81,81,81,81,81,81,81,81,81,93,93,93,93,93,93],"card_choices":[{"not_picked":["Reprogram","Stack","Self Repair"],"picked":"SKIP","floor":1.0},{"not_picked":["Scrape","Steam"],"picked":"Cold Snap","floor":5.0},{"not_picked":["Chaos","Darkness"],"picked":"Ball Lightning","floor":7.0},{"not_picked":["Compile Driver","Streamline","Rebound"],"picked":"SKIP","floor":10.0},{"not_picked":["Darkness","hubris:Ukulele","Sweeping Beam"],"picked":"SKIP","floor":11.0},{"not_picked":["Chill","Heatsinks"],"picked":"Ball Lightning","floor":14.0},{"not_picked":["hubris:DoWhile","Fission"],"picked":"Meteor Strike","floor":16.0},{"not_picked":["Doom and Gloom","Gash"],"picked":"Static Discharge","floor":18.0},{"not_picked":["Recycle","BasicCrystalCard","Hello World"],"picked":"SKIP","floor":19.0},{"not_picked":["Steam","Double Energy"],"picked":"Defragment+1","floor":20.0},{"not_picked":["Leap","Go for the Eyes","Coolheaded"],"picked":"SKIP","floor":21.0},{"not_picked":["Beam Cell+1","Conserve Battery+1"],"picked":"Turbo+1","floor":24.0},{"not_picked":["Coolheaded","Turbo"],"picked":"Conserve Battery","floor":25.0},{"not_picked":["Streamline","Melter+1","Cold Snap"],"picked":"SKIP","floor":27.0},{"not_picked":["Steam","Redo"],"picked":"Loop+1","floor":29.0},{"not_picked":["Static Discharge","Undo","Doom and Gloom"],"picked":"SKIP","floor":31.0},{"not_picked":["Cold Snap","Undo+1","Streamline"],"picked":"SKIP","floor":35.0},{"not_picked":["Genetic Algorithm","Steam","Rip and Tear+1"],"picked":"SKIP","floor":41.0},{"not_picked":["Skim","Chill+1"],"picked":"Defragment","floor":44.0},{"not_picked":["Gash","Steam","Go for the Eyes"],"picked":"SKIP","floor":45.0},{"not_picked":["infinitespire:FutureSight","Replay:Fractal Strike"],"picked":"infinitespire:NeuralNetwork","floor":46.0},{"not_picked":["Barrage","Tempest"],"picked":"Buffer","floor":48.0}],"player_experience":84356,"relics_obtained":[{"floor":7.0,"key":"Replay:Baseball"},{"floor":9.0,"key":"InkBottle"},{"floor":24.0,"key":"Darkstone Periapt"},{"floor":26.0,"key":"Replay:Bottled Snecko"},{"floor":36.0,"key":"ReplayTheSpireMod:Ring of Exchange"},{"floor":36.0,"key":"Ring of Fury"},{"floor":43.0,"key":"infinitespire:Beetle Shell"},{"floor":45.0,"key":"hubris:CrystalStatue"}],"event_choices":[{"damage_healed":0.0,"max_hp_gain":0.0,"max_hp_loss":0.0,"gold_gain":175.0,"event_name":"betterThird:BetterSerpent","player_choice":"AGREE","floor":3.0,"gold_loss":0.0,"damage_taken":4.0},{"damage_healed":0.0,"max_hp_gain":0.0,"max_hp_loss":0.0,"gold_gain":0.0,"event_name":"Lab","player_choice":"Got Potions","floor":4.0,"gold_loss":0.0,"damage_taken":0.0},{"damage_healed":0.0,"max_hp_gain":0.0,"max_hp_loss":0.0,"gold_gain":0.0,"event_name":"FaceTrader","player_choice":"Trade","floor":13.0,"gold_loss":0.0,"damage_taken":0.0,"relics_obtained":["CultistMask"]},{"cards_removed":["White Noise"],"damage_healed":0.0,"max_hp_gain":0.0,"max_hp_loss":0.0,"gold_gain":0.0,"event_name":"Falling","player_choice":"Removed Skill","floor":37.0,"gold_loss":0.0,"damage_taken":0.0},{"damage_healed":0.0,"max_hp_gain":0.0,"max_hp_loss":0.0,"gold_gain":0.0,"event_name":"Tomb of Lord Red Mask","player_choice":"Paid","floor":39.0,"gold_loss":261.0,"damage_taken":0.0,"relics_obtained":["Red Mask"]},{"damage_healed":0.0,"max_hp_gain":0.0,"max_hp_loss":0.0,"gold_gain":0.0,"cards_transformed":["Ball Lightning"],"event_name":"Transmorgrifier","player_choice":"Transformed","floor":47.0,"gold_loss":0.0,"damage_taken":0.0,"cards_obtained":["Go for the Eyes"]}],"is_beta":false,"boss_relics":[{"not_picked":["Snecko Eye","FrozenCore"],"picked":"Empty Cage"},{"not_picked":["Velvet Choker","SacredBark"],"picked":"hubris:RunicObelisk"}],"items_purged_floors":[2,12,22],"is_endless":false,"potions_floor_spawned":[5,7,11,18,21,24,29,33,41,44],"killed_by":"infinitespire:MassOfShapes","ascension_level":3}}