{"host":"s41rn2jhghpwfrvz","time":1610113719,"event":{"mods":["BaseMod","Minty Spire (QoL Compilation)","Quick Restart","Relic Stats","SuperFastMode"],"gold_per_floor":[112,112,130,130,130,155,155,189,189,224,244,269,245,258,258,332,332,350,350,369,284,319,350,13,47,47,47,57,57,57,71,71,142,142,162,186,86,104,118,451,451,480,480,505,520,538,556,569,569,569,569,569,569,156,188,188],"floor_reached":57,"playtime":1772,"items_purged":["Wallop","Battle Trance","Warcry"],"score":3760,"play_id":"555231af-d58b-45be-a0a8-13643355514d","local_time":"20210108154839","daily_mods":["SealedDeck","Diverse","DeadlyEvents"],"is_ascension_mode":true,"campfire_choices":[{"data":"TalkToTheHand","floor":7.0,"key":"SMITH"},{"data":"Genetic Algorithm","floor":15.0,"key":"SMITH"},{"data":"Genetic Algorithm","floor":27.0,"key":"SMITH"},{"data":"Impatience","floor":29.0,"key":"SMITH"},{"data":"Prostrate","floor":32.0,"key":"SMITH"},{"floor":49,"key":"RECALL"},{"data":"Offering","floor":53,"key":"SMITH"}],"circlet_count":0,"master_deck":["AscendersBane","Prepared","Reinforced Body","Calculated Gamble","Body Slam+1","Hologram","Shrug It Off","TalkToTheHand+1","Genetic Algorithm+1","Genetic Algorithm+1","Prostrate+1","Impatience+1","Offering+1","Madness","Madness"],"relics":["Burning Blood","Girya","Shuriken","Anchor","Orichalcum","Bag of Marbles","Black Star","Ancient Tea Set","Centennial Puzzle","Toy Ornithopter","Calipers","Pantograph","Lee\u0027s Waffle","TungstenRod","Happy Flower","Mercury Hourglass","Magic Flower","Busted Crown","CeramicFish","FossilizedHelix","Old Coin","StoneCalendar","CaptainsWheel","Lizard Tail","InkBottle","Gremlin Horn","Unceasing Top","Mummified Hand","Blood Vial","Oddly Smooth Stone"],"acts_visited":["Exordium","TheCity","TheBeyond","TheEnding"],"potions_floor_usage":[56,56],"damage_taken":[{"damage":0.0,"enemies":"2 Louse","floor":1.0,"turns":4.0},{"damage":0.0,"enemies":"Jaw Worm","floor":3.0,"turns":5.0},{"damage":24.0,"enemies":"Gremlin Nob","floor":6.0,"turns":4.0},{"damage":10.0,"enemies":"3 Sentries","floor":8.0,"turns":10.0},{"damage":0.0,"enemies":"Lagavulin","floor":10.0,"turns":5.0},{"damage":7.0,"enemies":"Small Slimes","floor":11.0,"turns":3.0},{"damage":0.0,"enemies":"Gremlin Nob","floor":12.0,"turns":3.0},{"damage":0.0,"enemies":"Exordium Thugs","floor":13.0,"turns":4.0},{"damage":0.0,"enemies":"Large Slime","floor":14.0,"turns":1.0},{"damage":15.0,"enemies":"Hexaghost","floor":16.0,"turns":8.0},{"damage":0.0,"enemies":"3 Byrds","floor":18.0,"turns":6.0},{"damage":0.0,"enemies":"2 Thieves","floor":20.0,"turns":5.0},{"damage":15.0,"enemies":"Gremlin Leader","floor":22.0,"turns":6.0},{"damage":54.0,"enemies":"Slavers","floor":23.0,"turns":10.0},{"damage":0.0,"enemies":"Gremlin Leader","floor":25.0,"turns":4.0},{"damage":0.0,"enemies":"3 Cultists","floor":28.0,"turns":3.0},{"damage":0.0,"enemies":"Centurion and Healer","floor":31.0,"turns":3.0},{"damage":0,"enemies":"Automaton","floor":33,"turns":4},{"damage":5,"enemies":"3 Darklings","floor":35,"turns":2},{"damage":5,"enemies":"Orb Walker","floor":38,"turns":1},{"damage":5,"enemies":"Sphere and 2 Shapes","floor":39,"turns":1},{"damage":5,"enemies":"Nemesis","floor":40,"turns":1},{"damage":0,"enemies":"Reptomancer","floor":42,"turns":2},{"damage":0,"enemies":"Giant Head","floor":44,"turns":2},{"damage":0,"enemies":"Writhing Mass","floor":45,"turns":2},{"damage":0,"enemies":"Jaw Worm Horde","floor":46,"turns":2},{"damage":0,"enemies":"Sphere and 2 Shapes","floor":48,"turns":2},{"damage":0,"enemies":"Time Eater","floor":50,"turns":3},{"damage":0,"enemies":"Awakened One","floor":51,"turns":3},{"damage":0,"enemies":"Shield and Spear","floor":55,"turns":2},{"damage":0,"enemies":"The Heart","floor":56,"turns":5}],"seed_played":"6322753074089676752","potions_obtained":[{"floor":1.0,"key":"Swift Potion"},{"floor":10.0,"key":"Explosive Potion"},{"floor":11.0,"key":"Swift Potion"},{"floor":22.0,"key":"Strength Potion"},{"floor":25.0,"key":"PowerPotion"},{"floor":31.0,"key":"LiquidBronze"},{"floor":40,"key":"LiquidMemories"}],"is_trial":true,"path_per_floor":["M","?","M","?","?","E","R","E","T","E","M","E","M","M","R","B",null,"M","?","M","?","E","E","$","E","T","R","M","R","T","M","R","B",null,"M","T","$","M","M","E","T","E","T","E","M","M","?","M","R","B","B",null,"R","$","E","B",null],"character_chosen":"IRONCLAD","items_purchased":["Lee\u0027s Waffle","Impatience","Mummified Hand"],"campfire_rested":0,"item_purchase_floors":[24,24,54],"current_hp_per_floor":[74,63,69,69,62,44,44,40,40,46,45,51,57,63,63,54,70,75,75,75,75,66,23,82,82,82,82,82,82,82,82,82,82,82,82,82,82,82,82,82,82,82,82,82,82,82,68,77,77,82,82,82,82,82,82,82],"gold":188,"neow_bonus":"","is_daily":false,"chose_seed":false,"campfire_upgraded":6,"win_rate":0.0,"timestamp":1610113719,"path_taken":["M","?","M","?","?","E","R","E","T","E","M","E","?","M","R","BOSS","M","?","?","?","?","E","$","E","T","R","M","R","?","?","R","BOSS","M","?","$","?","M","E","?","?","T","E","M","?","?","M","R","BOSS","BOSS","R","$","E","BOSS"],"items_purchased_type":["Relic","Card","Relic"],"build_version":"2020-12-22","purchased_purges":3,"victory":true,"max_hp_per_floor":[75,75,75,75,75,75,75,75,75,75,75,75,75,75,75,75,75,75,75,75,75,75,75,82,82,82,82,82,82,82,82,82,82,82,82,82,82,82,82,82,82,82,82,82,82,82,82,82,82,82,82,82,82,82,82,82],"relic_stats":{"Lee\u0027s Waffle":59,"Happy Flower":[12],"Gremlin Horn":[8,8],"counters":[31,116],"CeramicFish":18,"Magic Flower":[3],"StoneCalendar":[0],"Orichalcum":[0],"Burning Blood":106,"Mercury Hourglass":[174],"Blood Vial":0,"Centennial Puzzle":[15],"Lizard Tail":0,"Busted Crown":20,"Shuriken":[20],"Mummified Hand":[1],"Pantograph":5,"Black Star":7,"obtain_stats":[{"Calipers":23,"Gremlin Horn":44,"CeramicFish":36,"Magic Flower":30,"StoneCalendar":41,"Ancient Tea Set":21,"Burning Blood":0,"Old Coin":40,"Blood Vial":55,"Centennial Puzzle":22,"Lizard Tail":42,"Mummified Hand":54,"Pantograph":23,"InkBottle":43,"Girya":2,"Lee\u0027s Waffle":24,"Happy Flower":25,"Oddly Smooth Stone":55,"Orichalcum":10,"Mercury Hourglass":26,"Anchor":8,"CaptainsWheel":42,"Busted Crown":34,"Shuriken":6,"Bag of Marbles":12,"Black Star":17,"Toy Ornithopter":22,"TungstenRod":25,"FossilizedHelix":40,"Unceasing Top":44},{"Calipers":14,"Gremlin Horn":24,"CeramicFish":19,"Magic Flower":16,"StoneCalendar":22,"Ancient Tea Set":12,"Burning Blood":0,"Old Coin":22,"Blood Vial":30,"Centennial Puzzle":13,"Lizard Tail":23,"Mummified Hand":29,"Pantograph":14,"InkBottle":23,"Girya":1,"Lee\u0027s Waffle":14,"Happy Flower":15,"Oddly Smooth Stone":30,"Orichalcum":5,"Mercury Hourglass":15,"Anchor":4,"CaptainsWheel":23,"Busted Crown":18,"Shuriken":3,"Bag of Marbles":7,"Black Star":10,"Toy Ornithopter":13,"TungstenRod":15,"FossilizedHelix":22,"Unceasing Top":24},{"Calipers":74,"Gremlin Horn":97,"CeramicFish":90,"Magic Flower":81,"StoneCalendar":93,"Ancient Tea Set":58,"Burning Blood":0,"Old Coin":93,"Blood Vial":111,"Centennial Puzzle":64,"Lizard Tail":95,"Mummified Hand":109,"Pantograph":74,"InkBottle":95,"Girya":4,"Lee\u0027s Waffle":74,"Happy Flower":78,"Oddly Smooth Stone":111,"Orichalcum":28,"Mercury Hourglass":78,"Anchor":23,"CaptainsWheel":95,"Busted Crown":88,"Shuriken":13,"Bag of Marbles":34,"Black Star":47,"Toy Ornithopter":64,"TungstenRod":78,"FossilizedHelix":93,"Unceasing Top":97}],"Toy Ornithopter":5,"TungstenRod":5,"InkBottle":[14],"Unceasing Top":[3]},"card_choices":[{"not_picked":["Quick Slash","Turbo"],"picked":"TalkToTheHand","floor":1.0},{"not_picked":["Gash","Bane","Slice"],"picked":"SKIP","floor":3.0},{"not_picked":["Weave","Chaos","Predator"],"picked":"SKIP","floor":6.0},{"not_picked":["Coolheaded","Distraction","Clash"],"picked":"SKIP","floor":8.0},{"not_picked":["Iron Wave","Juggernaut"],"picked":"Genetic Algorithm","floor":10.0},{"not_picked":["Seeing Red","Conserve Battery","BowlingBash"],"picked":"SKIP","floor":11.0},{"not_picked":["Heavy Blade","Bane","CrushJoints"],"picked":"SKIP","floor":12.0},{"not_picked":["Redo","Lockon","Steam"],"picked":"SKIP","floor":13.0},{"not_picked":["Twin Strike","Heavy Blade","Terror"],"picked":"SKIP","floor":14.0},{"not_picked":["PiercingWail","Accuracy","Heavy Blade"],"picked":"SKIP","floor":18.0},{"not_picked":["Worship","EmptyBody","PathToVictory"],"picked":"SKIP","floor":20.0},{"not_picked":["WaveOfTheHand+1","Worship"],"picked":"Genetic Algorithm","floor":22.0},{"not_picked":["Vengeance","Heatsinks"],"picked":"Prostrate","floor":23.0},{"not_picked":["Battle Trance","Pummel","Blur+1"],"picked":"SKIP","floor":25.0},{"not_picked":["True Grit","Carnage","Armaments"],"picked":"SKIP","floor":28.0},{"not_picked":["Anger","Thunderclap","Leap+1"],"picked":"SKIP","floor":31.0},{"not_picked":["DevaForm","Creative AI"],"picked":"Offering","floor":33},{"not_picked":["PiercingWail+1"],"picked":"SKIP","floor":35},{"not_picked":["Shrug It Off"],"picked":"SKIP","floor":38},{"not_picked":["Warcry"],"picked":"SKIP","floor":39},{"not_picked":["Self Repair"],"picked":"SKIP","floor":40},{"not_picked":["Malaise"],"picked":"SKIP","floor":42},{"not_picked":["Gash+1"],"picked":"SKIP","floor":44},{"not_picked":["Cold Snap"],"picked":"SKIP","floor":45},{"not_picked":["Underhanded Strike+1"],"picked":"SKIP","floor":46},{"not_picked":["Storm of Steel"],"picked":"SKIP","floor":48},{"not_picked":["Prostrate+1"],"picked":"SKIP","floor":55}],"player_experience":1675391,"relics_obtained":[{"floor":6.0,"key":"Shuriken"},{"floor":8.0,"key":"Anchor"},{"floor":10.0,"key":"Orichalcum"},{"floor":12.0,"key":"Bag of Marbles"},{"floor":22.0,"key":"Centennial Puzzle"},{"floor":22.0,"key":"Toy Ornithopter"},{"floor":23.0,"key":"Calipers"},{"floor":23.0,"key":"Pantograph"},{"floor":25.0,"key":"TungstenRod"},{"floor":25.0,"key":"Happy Flower"},{"floor":26.0,"key":"Mercury Hourglass"},{"floor":30.0,"key":"Magic Flower"},{"floor":36,"key":"CeramicFish"},{"floor":40,"key":"FossilizedHelix"},{"floor":40,"key":"Old Coin"},{"floor":41,"key":"StoneCalendar"},{"floor":42,"key":"CaptainsWheel"},{"floor":42,"key":"Lizard Tail"},{"floor":43,"key":"InkBottle"},{"floor":44,"key":"Gremlin Horn"},{"floor":44,"key":"Unceasing Top"},{"floor":55,"key":"Blood Vial"},{"floor":55,"key":"Oddly Smooth Stone"}],"event_choices":[{"damage_healed":0.0,"max_hp_gain":0.0,"max_hp_loss":0.0,"gold_gain":0.0,"event_name":"Scrap Ooze","player_choice":"Success","floor":2.0,"gold_loss":0.0,"damage_taken":11.0,"relics_obtained":["Girya"]},{"damage_healed":0.0,"max_hp_gain":0.0,"max_hp_loss":0.0,"gold_gain":0.0,"event_name":"Living Wall","player_choice":"Grow","floor":4.0,"gold_loss":0.0,"damage_taken":0.0,"cards_upgraded":["Body Slam"]},{"cards_removed":["Warcry"],"damage_healed":0.0,"max_hp_gain":0.0,"max_hp_loss":0.0,"gold_gain":0.0,"event_name":"Golden Wing","player_choice":"Card Removal","floor":5.0,"gold_loss":0.0,"damage_taken":7.0},{"damage_healed":0.0,"max_hp_gain":0.0,"max_hp_loss":0.0,"gold_gain":0.0,"event_name":"Cursed Tome","player_choice":"Ignored","floor":19.0,"gold_loss":0.0,"damage_taken":0.0},{"damage_healed":0.0,"max_hp_gain":0.0,"max_hp_loss":0.0,"gold_gain":0.0,"event_name":"Addict","player_choice":"Obtained Relic","floor":21.0,"gold_loss":85.0,"damage_taken":0.0,"relics_obtained":["Ancient Tea Set"]},{"damage_healed":0,"gold_gain":0,"player_choice":"Embrace Madness","damage_taken":15,"max_hp_gain":0,"max_hp_loss":0,"event_name":"Winding Halls","floor":47,"gold_loss":0,"cards_obtained":["Madness","Madness"]}],"is_beta":false,"boss_relics":[{"not_picked":["Empty Cage","Cursed Key"],"picked":"Black Star"},{"not_picked":["Runic Cube","Mark of Pain"],"picked":"Busted Crown"}],"items_purged_floors":[24,37,54],"is_endless":false,"potions_floor_spawned":[1,10,11,22,25,31,33,40,42,44,45,55],"ascension_level":20}}