{"host":"anox4050deqdcqoh","time":1610126260,"event":{"mods":["BaseMod","Colored Map","Highlight Path","Minty Spire (QoL Compilation)","Quick Restart","Rare Cards Sparkle","everything is the same but u backflip on backflip"],"gold_per_floor":[111,111,186,199,254,254,290,315,370,370,389,354,354,391,391,501,501,515,615,643,259,104,104,113,142,142,142,142,162,162,191,191,191,191],"floor_reached":33,"playtime":1679,"items_purged":["Bash"],"score":278,"play_id":"d82177ce-9b92-4c74-8046-37fc06140b65","local_time":"20210108121740","is_ascension_mode":true,"campfire_choices":[{"data":"Seeing Red","floor":6.0,"key":"SMITH"},{"floor":13.0,"key":"REST"},{"floor":15.0,"key":"REST"},{"data":"Evolve","floor":23,"key":"SMITH"},{"floor":27,"key":"REST"},{"floor":28,"key":"REST"},{"floor":30,"key":"REST"},{"floor":32,"key":"REST"}],"circlet_count":0,"master_deck":["Strike_R","Strike_R","Strike_R","Strike_R","Strike_R","Defend_R","Defend_R","Defend_R","Spot Weakness","Seeing Red+1","Heavy Blade","Intimidate","Fire Breathing","Wild Strike","Rupture","Exhume","Body Slam+1","Evolve+1","Writhe","Body Slam+1","Iron Wave+1","Pummel+1"],"relics":["Burning Blood","CeramicFish","Orichalcum","Molten Egg 2","Gremlin Horn","Frozen Eye","Sundial","WingedGreaves"],"acts_visited":["Exordium","TheCity"],"potions_floor_usage":[25,31,33,33],"damage_taken":[{"damage":9.0,"enemies":"2 Louse","floor":1.0,"turns":2.0},{"damage":2.0,"enemies":"Jaw Worm","floor":4.0,"turns":3.0},{"damage":63.0,"enemies":"Lagavulin","floor":7.0,"turns":9.0},{"damage":7.0,"enemies":"Small Slimes","floor":8.0,"turns":3.0},{"damage":3.0,"enemies":"2 Fungi Beasts","floor":11.0,"turns":3.0},{"damage":15.0,"enemies":"3 Sentries","floor":14.0,"turns":5.0},{"damage":55.0,"enemies":"Slime Boss","floor":16.0,"turns":10.0},{"damage":23.0,"enemies":"3 Byrds","floor":18.0,"turns":6.0},{"damage":25,"enemies":"Chosen","floor":20,"turns":5},{"damage":48,"enemies":"Snake Plant","floor":25,"turns":6},{"damage":34,"enemies":"Centurion and Healer","floor":29,"turns":8},{"damage":32,"enemies":"Sentry and Sphere","floor":31,"turns":6},{"damage":49,"enemies":"Champ","floor":33,"turns":9}],"seed_played":"-2808589240407185358","potions_obtained":[{"floor":7.0,"key":"Weak Potion"},{"floor":8.0,"key":"ElixirPotion"},{"floor":11.0,"key":"LiquidBronze"},{"floor":16.0,"key":"LiquidMemories"},{"floor":18,"key":"Regen Potion"},{"floor":29,"key":"Fire Potion"},{"floor":31,"key":"PowerPotion"}],"is_trial":false,"path_per_floor":["M","$","?","M","T","R","E","M","T","?","M","?","R","E","R","B",null,"M","?","M","$","$","R","?","M","T","R","R","M","R","M","R","B"],"character_chosen":"IRONCLAD","items_purchased":["Evolve","Gremlin Horn","Frozen Eye"],"campfire_rested":6,"item_purchase_floors":[21,21,22],"current_hp_per_floor":[77,77,66,70,70,70,13,12,12,12,15,35,59,50,74,25,80,63,63,44,44,44,44,44,16,16,40,64,36,60,34,58,9,9],"gold":191,"neow_bonus":"TRANSFORM_CARD","is_daily":false,"chose_seed":false,"campfire_upgraded":2,"win_rate":0.0,"timestamp":1610126260,"path_taken":["M","$","?","M","?","R","E","M","T","?","M","?","R","E","R","BOSS","M","?","M","?","$","R","?","M","T","R","R","M","R","M","R","BOSS"],"items_purchased_type":["Card","Relic","Relic"],"build_version":"2020-12-22","purchased_purges":1,"victory":false,"max_hp_per_floor":[80,80,80,80,80,80,80,80,80,80,80,80,80,80,80,80,80,80,80,80,80,80,80,80,80,80,80,80,80,80,80,80,80,80],"card_choices":[{"not_picked":["Body Slam","Anger"],"picked":"Seeing Red","floor":1.0},{"not_picked":["Pommel Strike","Iron Wave"],"picked":"Heavy Blade","floor":4.0},{"not_picked":["Juggernaut","Reckless Charge"],"picked":"Intimidate","floor":7.0},{"not_picked":["Carnage","True Grit"],"picked":"Fire Breathing","floor":8.0},{"not_picked":["Whirlwind","Perfected Strike"],"picked":"Wild Strike","floor":11.0},{"not_picked":["Clash+1","Perfected Strike+1"],"picked":"Rupture","floor":14.0},{"not_picked":["Bludgeon+1","Offering"],"picked":"Exhume","floor":16.0},{"not_picked":["Armaments","Infernal Blade","Dark Embrace"],"picked":"SKIP","floor":18},{"not_picked":["Sever Soul+1","Perfected Strike+1"],"picked":"Body Slam+1","floor":20},{"not_picked":["Twin Strike+1","Perfected Strike+1"],"picked":"Body Slam+1","floor":25},{"not_picked":["Metallicize","Twin Strike+1"],"picked":"Iron Wave+1","floor":29},{"not_picked":["Heavy Blade+1","Iron Wave+1"],"picked":"Pummel+1","floor":31}],"player_experience":313510,"relics_obtained":[{"floor":5.0,"key":"CeramicFish"},{"floor":9.0,"key":"Orichalcum"},{"floor":14.0,"key":"Molten Egg 2"},{"floor":26,"key":"WingedGreaves"}],"event_choices":[{"damage_healed":0.0,"max_hp_gain":0.0,"max_hp_loss":0.0,"gold_gain":75.0,"event_name":"World of Goop","player_choice":"Gather Gold","floor":3.0,"gold_loss":0.0,"damage_taken":11.0},{"damage_healed":0.0,"max_hp_gain":0.0,"max_hp_loss":0.0,"gold_gain":0.0,"event_name":"Shining Light","player_choice":"Ignored","floor":10.0,"gold_loss":0.0,"damage_taken":0.0},{"damage_healed":20.0,"max_hp_gain":0.0,"max_hp_loss":0.0,"gold_gain":0.0,"event_name":"The Cleric","player_choice":"Healed","floor":12.0,"gold_loss":35.0,"damage_taken":0.0},{"damage_healed":0,"gold_gain":100,"player_choice":"Pray","damage_taken":0,"max_hp_gain":0,"max_hp_loss":0,"event_name":"Golden Shrine","floor":19,"gold_loss":0},{"damage_healed":0,"gold_gain":0,"player_choice":"Opened","damage_taken":0,"relics_obtained":["Sundial"],"max_hp_gain":0,"max_hp_loss":0,"event_name":"The Mausoleum","floor":24,"gold_loss":0,"cards_obtained":["Writhe"]}],"is_beta":false,"boss_relics":[{"not_picked":["Ectoplasm","Snecko Eye","Cursed Key"]}],"items_purged_floors":[21],"is_endless":false,"potions_floor_spawned":[7,8,11,16,18,20,29,31],"killed_by":"Champ","ascension_level":2}}