{"host":"e038uio4n76x5ina","time":1610146568,"event":{"mods":["2.2 Compatiblity","AchievementEnabler","Act Like it!","AlwaysNeverKeys","BaseMod","Better Altar","Better Match","Better Skull","Better Third Choice","Better Vampires","ChefMod","Colored Map","Colored Powertips","Curses Come First","Disable Question Mark Monsters","Evolution","Marked Mod","Minty Spire (QoL Compilation)","Permanent Neow","Quick Restart","Random Character Button","Robot Space Explorer","StSLib","The Dragon Tamer","The Marked","UnlockEverythingMod"],"gold_per_floor":[114,130,150,160,160,160,6,6,6,33,33,33,65,75,75,189,189,189,189],"floor_reached":18,"playtime":624,"items_purged":["theMarked:Strike"],"score":187,"play_id":"efa9641d-5c59-4b26-a60b-6364993720a2","local_time":"20210108175608","is_ascension_mode":false,"campfire_choices":[{"data":"theMarked:Generate","floor":6,"key":"SMITH"},{"data":"theMarked:Overcharge","floor":8,"key":"SMITH"},{"data":"theMarked:Electrify","floor":15,"key":"SMITH"}],"circlet_count":0,"master_deck":["theMarked:Strike","theMarked:Strike+1","theMarked:Strike+1","theMarked:Defend","theMarked:Defend","theMarked:Defend","theMarked:Defend","theMarked:SoldierOfQuellstein","theMarked:TwofoldDefense+1","theMarked:Electrify+1","theMarked:Generate+1","theMarked:Overcharge+1","theMarked:FavorableWinds","theMarked:FavorableWinds"],"relics":["theMarked:ArtifactOfAir","EVO:Axolotl","CeramicFish","Pear","Sozu"],"acts_visited":["Exordium","TheCity"],"potions_floor_usage":[13,13,16],"damage_taken":[{"damage":0,"enemies":"Small Slimes","floor":1,"turns":4},{"damage":2,"enemies":"2 Louse","floor":2,"turns":4},{"damage":1,"enemies":"Jaw Worm","floor":3,"turns":4},{"damage":5,"enemies":"Large Slime","floor":4,"turns":10},{"damage":0,"enemies":"3 Louse","floor":10,"turns":2},{"damage":1,"enemies":"Gremlin Nob","floor":13,"turns":4},{"damage":0,"enemies":"Gremlin Gang","floor":14,"turns":3},{"damage":56,"enemies":"Hexaghost","floor":16,"turns":11},{"damage":0,"enemies":"2 Thieves","floor":18,"turns":1}],"seed_played":"1421959423806917606","potions_obtained":[{"floor":1,"key":"Block Potion"},{"floor":4,"key":"Explosive Potion"},{"floor":10,"key":"Swift Potion"},{"floor":14,"key":"Explosive Potion"}],"is_trial":false,"path_per_floor":["M","M","M","M","?","R","$","R","T","M","?","?","E","M","R","B",null,"M"],"character_chosen":"THE_DEFAULT","items_purchased":["theMarked:Overcharge"],"campfire_rested":0,"item_purchase_floors":[7],"current_hp_per_floor":[70,68,67,62,48,48,48,48,48,48,53,53,62,62,62,6,85,85,85],"gold":189,"neow_bonus":"REMOVE_CARD","is_daily":false,"chose_seed":false,"campfire_upgraded":3,"win_rate":0.0,"timestamp":1610146568,"path_taken":["M","M","M","M","?","R","$","R","T","M","?","?","E","M","R","BOSS","M"],"items_purchased_type":["Card"],"build_version":"2020-12-22","purchased_purges":1,"victory":false,"max_hp_per_floor":[70,70,70,70,70,70,70,70,70,70,75,75,85,85,85,85,85,85,85],"card_choices":[{"not_picked":["theMarked:ShockingTouch","theMarked:ChainLightning"],"picked":"theMarked:TwofoldDefense","floor":1},{"not_picked":["theMarked:HeightenedSenses","theMarked:ElectricStrings"],"picked":"theMarked:Electrify","floor":2},{"not_picked":["theMarked:Panic","theMarked:Opportunist","theMarked:BanishingStrike"],"picked":"SKIP","floor":3},{"not_picked":["theMarked:Parkour","theMarked:WastefulAttack"],"picked":"theMarked:Generate","floor":4},{"not_picked":["theMarked:MaelstromOfLightning","theMarked:Improvise"],"picked":"theMarked:FavorableWinds","floor":10},{"not_picked":["theMarked:SwordAndMagic","theMarked:ResourceFulStrike","theMarked:ChainLightning"],"picked":"SKIP","floor":13},{"not_picked":["theMarked:TakeCover","theMarked:WastefulDefense","theMarked:EmpowerWeapon"],"picked":"SKIP","floor":14},{"not_picked":["theMarked:Abjuration","theMarked:Defy"],"picked":"theMarked:FavorableWinds","floor":16}],"player_experience":117643,"relics_obtained":[{"floor":9,"key":"CeramicFish"},{"floor":13,"key":"Pear"}],"event_choices":[{"damage_healed":62,"gold_gain":0,"player_choice":"Upgrade","damage_taken":14,"max_hp_gain":0,"max_hp_loss":70,"event_name":"betterThird:BetterShining","floor":5,"gold_loss":0,"cards_upgraded":["theMarked:Strike","theMarked:Strike"]},{"damage_healed":0,"gold_gain":0,"player_choice":"Donut","damage_taken":0,"max_hp_gain":5,"max_hp_loss":0,"event_name":"Big Fish","floor":11,"gold_loss":0},{"damage_healed":0,"gold_gain":0,"player_choice":"Grow","damage_taken":0,"max_hp_gain":0,"max_hp_loss":0,"event_name":"Living Wall","floor":12,"gold_loss":0,"cards_upgraded":["theMarked:TwofoldDefense"]}],"is_beta":false,"boss_relics":[{"not_picked":["Tiny House","Busted Crown"],"picked":"Sozu"}],"items_purged_floors":[7],"is_endless":false,"potions_floor_spawned":[1,4,10,14],"killed_by":"2 Thieves","ascension_level":0}}