{"host":"873t0y8ybyo38pfq","time":1610100978,"event":{"mods":["BaseMod","Bestiary","Colored Map","Colored Powertips","Highlight Path","Minty Spire (QoL Compilation)","Quick Restart","RNG Fix","Rare Cards Sparkle","Relic Stats","StSLib"],"gold_per_floor":[112,34,48,66,66,66,95,115,139,150,150,179,179,179,179,253,253,267,267,267],"floor_reached":19,"playtime":506,"items_purged":[],"score":454,"play_id":"5932752c-bd58-42c4-95e9-308acb007549","local_time":"20210108051618","is_ascension_mode":true,"campfire_choices":[{"data":"Sunder","floor":6,"key":"SMITH"},{"floor":11,"key":"REST"},{"data":"1","floor":13,"key":"LIFT"},{"data":"2","floor":15,"key":"LIFT"}],"circlet_count":0,"master_deck":["AscendersBane","Strike_B","Strike_B","Defend_B","Defend_B","Defend_B","Defend_B","Zap","Dualcast","Turbo","Sunder+1","Reinforced Body","Hello World","White Noise","Hologram","Rip and Tear","Creative AI","Recycle"],"relics":["Cracked Core","Ice Cream","Letter Opener","Boot","Girya","Philosopher\u0027s Stone"],"acts_visited":["Exordium","TheCity"],"potions_floor_usage":[12,16,18,18],"damage_taken":[{"damage":0,"enemies":"2 Louse","floor":1,"turns":2},{"damage":10,"enemies":"Small Slimes","floor":3,"turns":4},{"damage":7,"enemies":"Jaw Worm","floor":4,"turns":3},{"damage":20,"enemies":"Lagavulin","floor":7,"turns":6},{"damage":8,"enemies":"Blue Slaver","floor":8,"turns":3},{"damage":0,"enemies":"3 Louse","floor":10,"turns":3},{"damage":8,"enemies":"Gremlin Nob","floor":12,"turns":4},{"damage":0,"enemies":"Slime Boss","floor":16,"turns":3},{"damage":0,"enemies":"Chosen","floor":18,"turns":3},{"damage":56,"enemies":"Shell Parasite","floor":19,"turns":7}],"seed_played":"2332897429384370438","potions_obtained":[{"floor":7,"key":"ColorlessPotion"},{"floor":8,"key":"EssenceOfDarkness"},{"floor":12,"key":"FearPotion"},{"floor":16,"key":"SkillPotion"}],"is_trial":false,"path_per_floor":["M","$","M","M","?","R","E","M","T","M","R","E","R","?","R","B",null,"M","M"],"character_chosen":"DEFECT","items_purchased":["Sunder"],"campfire_rested":1,"item_purchase_floors":[2],"current_hp_per_floor":[64,64,54,47,47,47,27,19,19,19,38,30,30,30,30,30,56,56,0,0],"gold":267,"neow_bonus":"ONE_RARE_RELIC","is_daily":false,"chose_seed":false,"campfire_upgraded":1,"win_rate":0.0,"timestamp":1610100978,"path_taken":["M","$","M","M","?","R","E","M","T","M","R","E","R","?","R","BOSS","M","?"],"items_purchased_type":["Card"],"build_version":"2020-12-22","purchased_purges":0,"victory":false,"max_hp_per_floor":[64,64,64,64,64,64,64,64,64,64,64,64,64,64,64,64,64,64,64,64],"relic_stats":{"counters":[10,38],"Letter Opener":[21],"Boot":[3],"obtain_stats":[{"Ice Cream":0,"Girya":12,"Philosopher\u0027s Stone":17,"Letter Opener":7,"Cracked Core":0,"Boot":9},{"Ice Cream":0,"Girya":7,"Philosopher\u0027s Stone":8,"Letter Opener":4,"Cracked Core":0,"Boot":5},{"Ice Cream":0,"Girya":25,"Philosopher\u0027s Stone":28,"Letter Opener":15,"Cracked Core":0,"Boot":18}]},"card_choices":[{"not_picked":["Cold Snap","Steam"],"picked":"Turbo","floor":1},{"not_picked":["Barrage","Rip and Tear","Scrape"],"picked":"SKIP","floor":3},{"not_picked":["Compile Driver","Stack","Loop"],"picked":"SKIP","floor":4},{"not_picked":["Barrage","Cold Snap"],"picked":"Reinforced Body","floor":7},{"not_picked":["Scrape","Go for the Eyes"],"picked":"Hello World","floor":8},{"not_picked":["Consume","Ball Lightning"],"picked":"White Noise","floor":10},{"not_picked":["Steam","Ball Lightning"],"picked":"Hologram","floor":12},{"not_picked":["All For One","Rainbow"],"picked":"Creative AI","floor":16},{"not_picked":["Stack","Steam+1"],"picked":"Recycle","floor":18}],"player_experience":1544881,"relics_obtained":[{"floor":7,"key":"Letter Opener"},{"floor":9,"key":"Boot"},{"floor":12,"key":"Girya"}],"event_choices":[{"cards_removed":["Strike_B"],"damage_healed":0,"gold_gain":0,"player_choice":"Card Removal","damage_taken":0,"max_hp_gain":0,"max_hp_loss":0,"event_name":"Wheel of Change","floor":5,"gold_loss":0},{"damage_healed":0,"gold_gain":0,"cards_transformed":["Strike_B"],"player_choice":"Change","damage_taken":0,"max_hp_gain":0,"max_hp_loss":0,"event_name":"Living Wall","floor":14,"gold_loss":0,"cards_obtained":["Rip and Tear"]}],"is_beta":false,"boss_relics":[{"not_picked":["Black Star","FrozenCore"],"picked":"Philosopher\u0027s Stone"}],"items_purged_floors":[],"is_endless":false,"potions_floor_spawned":[7,8,10,12,16],"killed_by":"Shell Parasite","ascension_level":20}}