{"host":"3y2rtlgteqp2nuo3","time":1610116766,"event":{"mods":["2.2 Compatiblity","AchievementEnabler","BaseMod","Colored Map","DeckTracker","Highlight Path","Keyboard Shortcuts","Minty Spire (QoL Compilation)","Permanent Neow","Quick Restart","StSLib","SuperFastMode","everything is the same but u backflip on backflip"],"gold_per_floor":[112,125,125,125,145,145,145,170,170,170,195,195,211,230,230,306,306,325,336,354,354,12,12,12],"floor_reached":23,"playtime":514,"items_purged":[],"score":332,"play_id":"7de5bed9-2fee-47fa-b9ab-cc1f54f5059d","local_time":"20210108233926","is_ascension_mode":true,"campfire_choices":[{"data":"Zap","floor":6.0,"key":"SMITH"},{"floor":10.0,"key":"REST"},{"data":"Force Field","floor":12.0,"key":"SMITH"},{"floor":15.0,"key":"REST"}],"circlet_count":0,"master_deck":["AscendersBane","Defend_B","Defend_B","Defend_B","Defend_B","Zap+1","Dualcast","Streamline","Go for the Eyes","Coolheaded","Creative AI","Force Field+1","Ball Lightning","FTL","Amplify","Storm","Coolheaded","Leap","Leap","Heatsinks","White Noise"],"relics":["Cracked Core","CultistMask","Mummified Hand","Cables","Potion Belt","Strawberry","Nuclear Battery","Medical Kit","Blood Vial"],"acts_visited":["Exordium","TheCity"],"potions_floor_usage":[23,23],"damage_taken":[{"damage":8.0,"enemies":"Small Slimes","floor":1.0,"turns":3.0},{"damage":1.0,"enemies":"Jaw Worm","floor":2.0,"turns":4.0},{"damage":1.0,"enemies":"Cultist","floor":5.0,"turns":3.0},{"damage":24.0,"enemies":"3 Sentries","floor":8.0,"turns":6.0},{"damage":19.0,"enemies":"Gremlin Nob","floor":11.0,"turns":4.0},{"damage":10.0,"enemies":"Exordium Thugs","floor":13.0,"turns":3.0},{"damage":20.0,"enemies":"Gremlin Gang","floor":14.0,"turns":5.0},{"damage":17.0,"enemies":"Hexaghost","floor":16.0,"turns":7.0},{"damage":10.0,"enemies":"Spheric Guardian","floor":18.0,"turns":4.0},{"damage":35.0,"enemies":"3 Byrds","floor":19.0,"turns":3.0},{"damage":11.0,"enemies":"Snake Plant","floor":20.0,"turns":5.0},{"damage":12,"enemies":"Slavers","floor":23,"turns":2}],"seed_played":"225691361105156990","potions_obtained":[{"floor":1.0,"key":"LiquidBronze"},{"floor":2.0,"key":"EssenceOfDarkness"},{"floor":8.0,"key":"Swift Potion"},{"floor":14.0,"key":"ColorlessPotion"},{"floor":18.0,"key":"SteroidPotion"},{"floor":19.0,"key":"Explosive Potion"},{"floor":20.0,"key":"BlessingOfTheForge"}],"is_trial":false,"path_per_floor":["M","M","?","?","M","R","T","E","T","R","E","R","M","M","R","B",null,"M","M","M","?","$","E"],"character_chosen":"DEFECT","items_purchased":["Medical Kit","Blood Vial","White Noise"],"campfire_rested":2,"item_purchase_floors":[22,22,22],"current_hp_per_floor":[60,59,52,52,51,51,51,27,27,49,37,37,27,7,31,14,65,55,20,9,9,9,0,0],"gold":12,"neow_bonus":"REMOVE_CARD","is_daily":false,"chose_seed":false,"campfire_upgraded":2,"win_rate":0.0,"timestamp":1610116766,"path_taken":["M","M","?","?","?","R","?","E","T","R","E","R","M","M","R","BOSS","M","M","?","?","$","E"],"items_purchased_type":["Relic","Relic","Card"],"build_version":"2020-12-22","purchased_purges":0,"victory":false,"max_hp_per_floor":[75,75,75,75,75,75,75,75,75,75,82,82,82,82,82,82,82,82,82,82,82,82,82,82],"card_choices":[{"not_picked":["Double Energy","Beam Cell"],"picked":"Streamline","floor":1.0},{"not_picked":["Hello World","Redo"],"picked":"Go for the Eyes","floor":2.0},{"not_picked":["White Noise","Rebound"],"picked":"Coolheaded","floor":5.0},{"not_picked":["Amplify","Rebound"],"picked":"Creative AI","floor":8.0},{"not_picked":["Stack","Rip and Tear"],"picked":"Force Field","floor":11.0},{"not_picked":["Stack","Barrage"],"picked":"Ball Lightning","floor":13.0},{"not_picked":["Ball Lightning","Blizzard"],"picked":"FTL","floor":14.0},{"not_picked":["Hyperbeam","Echo Form"],"picked":"Amplify","floor":16.0},{"not_picked":["Scrape","Stack"],"picked":"Storm","floor":18.0},{"not_picked":["Hello World","Recycle"],"picked":"Coolheaded","floor":19.0},{"not_picked":["Hello World","Doom and Gloom+1"],"picked":"Leap","floor":20.0}],"player_experience":644147,"relics_obtained":[{"floor":7.0,"key":"Mummified Hand"},{"floor":8.0,"key":"Cables"},{"floor":9.0,"key":"Potion Belt"},{"floor":11.0,"key":"Strawberry"}],"event_choices":[{"cards_removed":["Strike_B"],"damage_healed":0.0,"max_hp_gain":0.0,"max_hp_loss":0.0,"gold_gain":0.0,"event_name":"Golden Wing","player_choice":"Card Removal","floor":3.0,"gold_loss":0.0,"damage_taken":7.0},{"damage_healed":0.0,"max_hp_gain":0.0,"max_hp_loss":0.0,"gold_gain":0.0,"event_name":"FaceTrader","player_choice":"Trade","floor":4.0,"gold_loss":0.0,"damage_taken":0.0,"relics_obtained":["CultistMask"]},{"damage_healed":0.0,"max_hp_gain":0.0,"max_hp_loss":0.0,"gold_gain":0.0,"cards_transformed":["Strike_B","Strike_B"],"event_name":"Drug Dealer","player_choice":"Became Test Subject","floor":21.0,"gold_loss":0.0,"damage_taken":0.0,"cards_obtained":["Leap","Heatsinks"]}],"is_beta":false,"boss_relics":[{"not_picked":["Ectoplasm","FrozenCore"],"picked":"Nuclear Battery"}],"items_purged_floors":[],"is_endless":false,"potions_floor_spawned":[1,2,8,14,18,19,20],"killed_by":"Slavers","ascension_level":13}}