{"host":"gzsdmyo07u314vug","time":1610115477,"event":{"mods":["2.2 Compatiblity","BaseMod","Downfall","GifTheSpireLib","Minty Spire (QoL Compilation)","Quick Restart","Rare Cards Sparkle","Relic Stats","Replay The Spire","Robot Space Explorer","Shop Mod","StSLib","The Bug Knight","The Construct","The Elementalist","The IronCluck","The Marked","The Servant 0.9.4","Unceasing Turn Reminder","everything is the same but u backflip on backflip","slay the spire mod where everything is the same but ironclad has a cowboy hat","vexMod"],"gold_per_floor":[780,212,230,230,244,20,20,45,45,45,73,84,84,145,157,157,259,259,276,293,303,316,62,62,94,125,125,125,139,139,166,185,185,281,281,299,42,61,283,297,297,332,352,352,382,382,90,109,124,124,124],"floor_reached":51,"playtime":3795,"items_purged":["Strike_S","Defend_S","Defend_S"],"score":1276,"play_id":"df7b7754-1821-480f-846b-0a2483378c5c","local_time":"20210108111757","is_ascension_mode":true,"campfire_choices":[{"data":"Spin","floor":6.0,"key":"SMITH"},{"floor":8.0,"key":"REST"},{"floor":15.0,"key":"REST"},{"data":"FlawlessForm","floor":23.0,"key":"SMITH"},{"data":"MurderousAura","floor":27.0,"key":"SMITH"},{"data":"TheWorld","floor":29.0,"key":"SMITH"},{"data":"MoonPhase","floor":32.0,"key":"SMITH"},{"data":"Apotheosis","floor":40,"key":"SMITH"},{"data":"RealityMarble","floor":49,"key":"SMITH"}],"circlet_count":0,"master_deck":["AscendersBane","Defend_S","Defend_S","KidneyShot","Exchange","Spin+1","TheWorld+1","Luminosity","Rearm","BottledTime","DoubleEdge","FlawlessForm+1","Sunlight","BottledTime","Defy","Misdirection","MurderousAura+1","Unruled","MoonPhase+1","DoubleEdge","Initiator","BottledTime+1","Apotheosis+1","BottledTime+1","Defy+1","Spin","Replay:SS_forest_2","BottledTime","RealityMarble+1"],"relics":["Uniform","Vajra","Membership Card","Pantograph","Bird Faced Urn","CaptainsWheel","Simple Rune","StoneMask","Sling","Strawberry","Letter Opener","Red Mask","Replay:Bottled Flurry","Shuriken","Empty Cage","Mummified Hand","Calipers","Bag of Preparation","vexMod:Dragonfruit","InkBottle"],"acts_visited":["TheCity","TheBeyond"],"potions_floor_usage":[50,50],"damage_taken":[{"damage":3.0,"enemies":"Cultist","floor":1.0,"turns":5.0},{"damage":4.0,"enemies":"Jaw Worm","floor":2.0,"turns":3.0},{"damage":0.0,"enemies":"2 Louse","floor":4.0,"turns":2.0},{"damage":38.0,"enemies":"HollowMod:MossKnight","floor":7.0,"turns":9.0},{"damage":7.0,"enemies":"Gremlin Nob","floor":10.0,"turns":3.0},{"damage":2.0,"enemies":"Looter","floor":11.0,"turns":4.0},{"damage":5.0,"enemies":"Red Slaver","floor":14.0,"turns":3.0},{"damage":7.0,"enemies":"Hexaghost","floor":16.0,"turns":8.0},{"damage":0.0,"enemies":"Chosen","floor":18.0,"turns":4.0},{"damage":0.0,"enemies":"Spheric Guardian","floor":19.0,"turns":3.0},{"damage":27.0,"enemies":"Snake Plant","floor":20.0,"turns":4.0},{"damage":8.0,"enemies":"Sentry and Sphere","floor":21.0,"turns":7.0},{"damage":2.0,"enemies":"HollowMod:Nosk","floor":24.0,"turns":6.0},{"damage":0.0,"enemies":"Masked Bandits","floor":25.0,"turns":2.0},{"damage":12.0,"enemies":"Chosen and Byrds","floor":28.0,"turns":6.0},{"damage":15.0,"enemies":"Slavers","floor":30.0,"turns":6.0},{"damage":4.0,"enemies":"Shelled Parasite and Fungi","floor":31.0,"turns":5.0},{"damage":4.0,"enemies":"Pondfish","floor":33.0,"turns":8.0},{"damage":9,"enemies":"Orb Walker","floor":35,"turns":5},{"damage":10,"enemies":"3 Darklings","floor":37,"turns":3},{"damage":0,"enemies":"Maw","floor":39,"turns":6},{"damage":18,"enemies":"Giant Head","floor":41,"turns":7},{"damage":11,"enemies":"4 Shapes","floor":42,"turns":3},{"damage":0,"enemies":"R_Hoarder","floor":44,"turns":7},{"damage":0,"enemies":"3 Darklings","floor":47,"turns":3},{"damage":0,"enemies":"Maw","floor":48,"turns":6},{"damage":12,"enemies":"Awakened One","floor":50,"turns":11}],"seed_played":"2864809337470831677","potions_obtained":[{"floor":2.0,"key":"Swift Potion"},{"floor":7.0,"key":"FearPotion"},{"floor":10.0,"key":"PowerPotion"},{"floor":11.0,"key":"ColorlessPotion"},{"floor":13.0,"key":"Strength Potion"},{"floor":18.0,"key":"PowerPotion"},{"floor":24.0,"key":"SteroidPotion"},{"floor":25.0,"key":"Milkshake"},{"floor":30.0,"key":"Adrenaline Potion"},{"floor":31.0,"key":"Slimebound:ThreeZeroPotion"},{"floor":35,"key":"BlessingOfTheForge"}],"is_trial":false,"path_per_floor":["M","M","T","M","$","R","E","R","T","E","M","?","?","M","R","B",null,"M","M","M","M","$","R","E","?","T","R","M","R","E","M","R","B",null,"M","$","M","?","M","R","E","M","T","E","?","$","M","M","R","B",null],"character_chosen":"THE_SERVANT","items_purchased":["Membership Card","TheWorld","Sling","Strawberry","Defy","DistilledChaos","Apotheosis","Mummified Hand","InkBottle","Replay:SS_forest_2","BottledTime","RealityMarble"],"campfire_rested":2,"item_purchase_floors":[5,5,22,22,22,22,36,36,46,46,46,46],"current_hp_per_floor":[60,56,52,52,52,52,52,14,33,33,28,28,21,21,18,37,60,64,66,67,45,47,54,54,59,68,68,68,68,68,68,78,78,90,90,90,90,84,84,93,93,78,85,85,103,103,103,105,106,106,110],"gold":124,"neow_bonus":"HUNDRED_GOLD","is_daily":false,"chose_seed":false,"campfire_upgraded":7,"win_rate":0.0,"timestamp":1610115477,"path_taken":["M","M","?","M","$","R","E","R","T","E","M","?","?","M","R","BOSS","M","M","M","M","$","R","E","?","T","R","M","R","E","M","R","BOSS","M","$","M","?","M","R","E","M","T","E","?","$","M","M","R","BOSS"],"items_purchased_type":["Relic","Card","Relic","Relic","Card","Potion","Card","Relic","Relic","Card","Card","Card"],"build_version":"2020-12-22","purchased_purges":3,"victory":true,"max_hp_per_floor":[74,65,65,65,65,65,65,65,65,65,65,65,65,65,65,65,65,65,66,67,68,70,77,77,78,81,81,81,83,83,86,88,88,90,90,91,91,92,92,93,93,94,98,98,104,104,104,105,106,106,110],"relic_stats":{"counters":[27,139],"Shuriken":[11],"Mummified Hand":[42],"Pantograph":35,"Bird Faced Urn":[84],"Bag of Preparation":[8],"Letter Opener":[245],"obtain_stats":[{"Calipers":41,"StoneMask":17,"Vajra":3,"Uniform":0,"Bag of Preparation":43,"Letter Opener":24,"Sling":22,"Empty Cage":34,"vexMod:Dragonfruit":44,"CaptainsWheel":10,"Shuriken":30,"Mummified Hand":36,"Pantograph":7,"Bird Faced Urn":9,"Strawberry":22,"Simple Rune":13,"Red Mask":25,"Replay:Bottled Flurry":26,"Membership Card":5,"InkBottle":46},{"Calipers":22,"StoneMask":8,"Vajra":2,"Uniform":0,"Bag of Preparation":23,"Letter Opener":13,"Sling":12,"Empty Cage":18,"vexMod:Dragonfruit":24,"CaptainsWheel":5,"Shuriken":16,"Mummified Hand":19,"Pantograph":4,"Bird Faced Urn":4,"Strawberry":12,"Simple Rune":6,"Red Mask":14,"Replay:Bottled Flurry":14,"Membership Card":3,"InkBottle":24},{"Calipers":109,"StoneMask":37,"Vajra":8,"Uniform":0,"Bag of Preparation":112,"Letter Opener":61,"Sling":55,"Empty Cage":88,"vexMod:Dragonfruit":119,"CaptainsWheel":22,"Shuriken":75,"Mummified Hand":93,"Pantograph":19,"Bird Faced Urn":19,"Strawberry":55,"Simple Rune":26,"Red Mask":63,"Replay:Bottled Flurry":63,"Membership Card":10,"InkBottle":119}],"InkBottle":[8]},"card_choices":[{"not_picked":["Ricochet","Reset"],"picked":"Spin","floor":1.0},{"not_picked":["ShatteredReality","Revamp","Snipe"],"picked":"SKIP","floor":2.0},{"not_picked":["GearUp","Rearm","Shuttle"],"picked":"SKIP","floor":4.0},{"not_picked":["Revamp","Moondial"],"picked":"Luminosity","floor":7.0},{"not_picked":["TimeWarp","Unruled"],"picked":"Rearm","floor":10.0},{"not_picked":["Rearm","Replace"],"picked":"BottledTime","floor":11.0},{"not_picked":["FastForward","Reset"],"picked":"DoubleEdge","floor":13.0},{"not_picked":["Sabotage","ShatteredReality"],"picked":"FlawlessForm","floor":14.0},{"not_picked":["ForgedInTime","KillingDoll"],"picked":"Sunlight","floor":16.0},{"not_picked":["WasteNot+1","Rewind","Alleviate"],"picked":"SKIP","floor":18.0},{"not_picked":["SurpressingFire","Sabotage+1","Spin"],"picked":"SKIP","floor":19.0},{"not_picked":["FastForward","ShatteredReality"],"picked":"BottledTime","floor":20.0},{"not_picked":["Snipe+1","Orbit+1","Manipulate"],"picked":"SKIP","floor":21.0},{"not_picked":["Revamp","Starlight+1"],"picked":"Misdirection","floor":24.0},{"not_picked":["Sabotage","Collapse+1"],"picked":"MurderousAura","floor":25.0},{"not_picked":["Ricochet+1","Alleviate"],"picked":"Unruled","floor":28.0},{"not_picked":["BottledTime+1","Sabotage"],"picked":"MoonPhase","floor":30.0},{"not_picked":["Unruled","Ricochet"],"picked":"DoubleEdge","floor":31.0},{"not_picked":["Deny","TrueSight"],"picked":"Initiator","floor":33.0},{"not_picked":["Shuttle","FastForward+1"],"picked":"BottledTime+1","floor":35},{"not_picked":["InstantArmor+1","Comet"],"picked":"BottledTime+1","floor":37},{"not_picked":["InstantArmor+1","DoubleEdge"],"picked":"Defy+1","floor":39},{"not_picked":["TimeWarp+1","Starlight","StarChef+1"],"picked":"SKIP","floor":41},{"not_picked":["Contraction+1","Sunlight"],"picked":"Spin","floor":42},{"not_picked":["Starlight","Ricochet","StarChef"],"picked":"SKIP","floor":44},{"not_picked":["Potential+1","Replace","Starlight"],"picked":"SKIP","floor":47},{"not_picked":["Moondial","BestPractice","Barrier"],"picked":"SKIP","floor":48}],"player_experience":661031,"relics_obtained":[{"floor":3.0,"key":"Vajra"},{"floor":7.0,"key":"Pantograph"},{"floor":9.0,"key":"Bird Faced Urn"},{"floor":10.0,"key":"CaptainsWheel"},{"floor":13.0,"key":"Simple Rune"},{"floor":24.0,"key":"Letter Opener"},{"floor":25.0,"key":"Red Mask"},{"floor":26.0,"key":"Replay:Bottled Flurry"},{"floor":30.0,"key":"Shuriken"},{"floor":41,"key":"Calipers"},{"floor":43,"key":"Bag of Preparation"},{"floor":44,"key":"vexMod:Dragonfruit"}],"event_choices":[{"cards_removed":["Strike_S"],"damage_healed":0.0,"max_hp_gain":0.0,"max_hp_loss":0.0,"gold_gain":0.0,"event_name":"Golden Wing","player_choice":"Card Removal","floor":12.0,"gold_loss":0.0,"damage_taken":7.0},{"damage_healed":0.0,"max_hp_gain":0.0,"max_hp_loss":0.0,"gold_gain":0.0,"event_name":"Masked Bandits","player_choice":"Fought Bandits","floor":25.0,"gold_loss":0.0,"damage_taken":0.0},{"damage_healed":0,"gold_gain":222,"player_choice":"Wore Mask","damage_taken":0,"max_hp_gain":0,"max_hp_loss":0,"event_name":"Tomb of Lord Red Mask","floor":38,"gold_loss":0}],"is_beta":false,"boss_relics":[{"not_picked":["Painkiller Herb","Replay:Wanted Poster"],"picked":"StoneMask"},{"not_picked":["Kintsugi","construct:WeddingRing"],"picked":"Empty Cage"}],"items_purged_floors":[22,36,46],"is_endless":false,"potions_floor_spawned":[2,7,10,11,18,24,25,30,31,35,39,47,48],"ascension_level":11}}