{"host":"ucdbpuzijx14spkb","time":1610087401,"event":{"mods":["Act Like it!","Aspiration","Astrologer","Bartender","BaseMod","Better Altar","Better Note","Better Sensory Stone","Better Skull","Better Third Choice","Clockwork Mod","Curses Come First","Downfall","Duelist Mod","Ekko","Gensokyo","GifTheSpireLib","Hermit","Hubris","Infinite Spire","Ironclad Rager","Jorbs\u0027s Wanderer Trilogy","Koishi","Luminous","Marisa????????","Minty Spire (QoL Compilation)","Permanent Neow","Potionbrewer","Rare Cards Sparkle","Replay The Spire","Robot Space Explorer","SacredBarkPlus","Shade Mod","Somnambulant","StSLib","Stuff the Spire","The Blackbeard","The Bug Knight","The Construct","The Disciple","The Druid","The Elementalist","The Forsaken","The Gatherer","The Hayseed","The Hierophant","The Judge","The Jungle","The Kombatant","The Marked","The Mystic","The Necromancer","The Runesmith","The Saiyan","The Servant 0.9.4","The Trickster","TheBandit","TheFirefly","TheHero","WarShipGirlsR/????R mod","Yuri Mod"],"gold_per_floor":[117,230,240,251,251,280,280,280,280,280,300,300,320,331,331,426,426,440,146,146,159,14,14,29,54,81,81,96,96,96,129,129,227,227,246,246,246,256,273,273,301,301,301,301,301,316,329,343,343,343],"floor_reached":51,"playtime":7017,"items_purged":["RobotSpaceExplorer:Defend"],"score":742,"play_id":"e9d08ce0-5495-4aca-a18b-6dc884eab9f2","local_time":"20210107223001","is_ascension_mode":false,"campfire_choices":[{"floor":8,"key":"REST"},{"data":"RobotSpaceExplorer:MiniDrones","floor":10,"key":"SMITH"},{"data":"RobotSpaceExplorer:Counterblock","floor":12,"key":"SMITH"},{"data":"RobotSpaceExplorer:Jetpack","floor":15,"key":"SMITH"},{"data":"RobotSpaceExplorer:Multitool","floor":23,"key":"SMITH"},{"data":"RobotSpaceExplorer:PlasmaMissile","floor":27,"key":"SMITH"},{"data":"RobotSpaceExplorer:Strike","floor":30,"key":"PURGE"},{"floor":32,"key":"REST"},{"floor":40,"key":"DIG"},{"data":"RobotSpaceExplorer:Accelerator","floor":42,"key":"SMITH"},{"data":"RobotSpaceExplorer:TrailblazerForm","floor":44,"key":"SMITH"},{"data":"RobotSpaceExplorer:PowerCollector","floor":49,"key":"SMITH"}],"circlet_count":0,"master_deck":["RobotSpaceExplorer:Strike","RobotSpaceExplorer:Strike","RobotSpaceExplorer:Strike","RobotSpaceExplorer:Defend","RobotSpaceExplorer:Defend","RobotSpaceExplorer:Scan","RobotSpaceExplorer:MiniLasers","RobotSpaceExplorer:GlueShot","RobotSpaceExplorer:MiniDrones+1","RobotSpaceExplorer:GearShield","RobotSpaceExplorer:Probe","RobotSpaceExplorer:SurgingShield+1","RobotSpaceExplorer:MiniDrones+1","RobotSpaceExplorer:Counterblock+1","RobotSpaceExplorer:Jetpack+1","RobotSpaceExplorer:SurgingStrike","RobotSpaceExplorer:Multitool+1","CurseOfTheBell","RobotSpaceExplorer:FranticSearch","RobotSpaceExplorer:Blaster","RobotSpaceExplorer:ScrapMissile","RobotSpaceExplorer:ScrapToss","RobotSpaceExplorer:FreezeRay","RobotSpaceExplorer:GearShield","RobotSpaceExplorer:TrailblazerForm+1","RobotSpaceExplorer:SurgingShield+1","RobotSpaceExplorer:MiniBoosters+1","RobotSpaceExplorer:SurgingShield+1","RobotSpaceExplorer:Accelerator+1","RobotSpaceExplorer:ScrapMissile+1","RobotSpaceExplorer:PowerCollector+1","RobotSpaceExplorer:DoubleFind+1"],"relics":["RobotSpaceExplorer:RoboCore","infinitespire:PuzzleCube","Blue Doll","hubris:Towel","RobotSpaceExplorer:PlasmaHourglass","Calling Bell","Replay:Multitool","hubris:Metronome","hubris:ToyBattleship","HandDrill","hubris:SlimyHat","StuffTheSpire:Expresso","Potion Belt","Vajra","RobotSpaceExplorer:Reprocessor","theForsaken:Kindling","aspiration:FutureDiary","ReplayTheSpireMod:Ninjato","Bird Faced Urn","Mercury Hourglass"],"acts_visited":["Exordium","TheCity","TheBeyond"],"potions_floor_usage":[24,24,31,31,47,47,48],"damage_taken":[{"damage":0,"enemies":"Gensokyo:Python","floor":1,"turns":4},{"damage":0,"enemies":"Gensokyo:Gryphon","floor":3,"turns":4},{"damage":0,"enemies":"Gensokyo:2_Kodama","floor":4,"turns":4},{"damage":3,"enemies":"Gensokyo:Mamizou","floor":6,"turns":8},{"damage":0,"enemies":"Gensokyo:Kitsune","floor":11,"turns":3},{"damage":0,"enemies":"Gensokyo:2_Rabbits","floor":13,"turns":3},{"damage":0,"enemies":"Gensokyo:LivingMonolith","floor":14,"turns":3},{"damage":25,"enemies":"Gensokyo:Kokoro","floor":16,"turns":10},{"damage":4,"enemies":"Spheric Guardian","floor":18,"turns":4},{"damage":0,"enemies":"Chosen","floor":21,"turns":5},{"damage":1,"enemies":"Snecko","floor":24,"turns":4},{"damage":0,"enemies":"theDuelist:KaibaA2","floor":25,"turns":6},{"damage":19,"enemies":"Shelled Parasite and Fungi","floor":28,"turns":6},{"damage":12,"enemies":"Nightmare","floor":31,"turns":5},{"damage":0,"enemies":"Champ","floor":33,"turns":8},{"damage":0,"enemies":"Orb Walker","floor":35,"turns":4},{"damage":13,"enemies":"3 Shapes","floor":38,"turns":5},{"damage":0,"enemies":"Jaw Worm Horde","floor":39,"turns":2},{"damage":4,"enemies":"R_Hoarder","floor":41,"turns":5},{"damage":5,"enemies":"4 Shapes","floor":46,"turns":3},{"damage":0,"enemies":"Spire Growth","floor":47,"turns":3},{"damage":6,"enemies":"Sphere and 2 Shapes","floor":48,"turns":5},{"damage":11,"enemies":"Time Eater","floor":50,"turns":6}],"seed_played":"8764840127181509782","potions_obtained":[{"floor":3,"key":"potionbrewer:CleansingPotion"},{"floor":13,"key":"sneckomod:MuddlingPotion"},{"floor":14,"key":"Ancient Potion"},{"floor":24,"key":"EntropicBrew"},{"floor":33,"key":"potionbrewer:DiscountPotion"},{"floor":39,"key":"RobotSpaceExplorer:LiquidFusion"},{"floor":41,"key":"Adrenaline Potion"},{"floor":48,"key":"PowerPotion"}],"is_trial":false,"path_per_floor":["M","?","M","M","?","E","?","R","T","R","M","R","M","M","R","B",null,"M","$","?","M","$","R","M","E","T","R","M","AVR","R","NM","R","B",null,"M","?","?","M","M","R","E","R","T","R","?","M","M","M","R","B",null],"character_chosen":"RobotSpaceExplorer","items_purchased":["HandDrill","hubris:SlimyHat","RobotSpaceExplorer:Blaster"],"campfire_rested":2,"item_purchase_floors":[19,19,22],"current_hp_per_floor":[75,40,40,40,40,37,37,59,59,59,59,59,59,59,59,34,75,71,71,71,71,71,71,70,70,70,70,51,51,51,39,66,66,80,80,80,80,67,67,67,63,63,63,63,63,64,74,78,78,77],"gold":343,"neow_bonus":"RANDOM_EVENT","is_daily":false,"chose_seed":false,"campfire_upgraded":8,"win_rate":0.0,"timestamp":1610087401,"path_taken":["M","?","M","?","?","E","?","R","T","R","M","R","M","M","R","BOSS","M","?","?","M","$","R","M","E","T","R","M","AVR","R","NM","R","BOSS","M","?","?","M","M","R","E","R","T","R","?","M","?","M","R","BOSS"],"items_purchased_type":["Relic","Relic","Card"],"build_version":"2020-12-22","purchased_purges":1,"victory":true,"max_hp_per_floor":[75,75,75,75,75,75,75,75,75,75,75,75,75,75,75,75,75,75,75,75,75,75,75,75,75,75,75,75,75,75,75,80,80,80,80,80,80,80,80,80,80,80,80,80,80,80,80,80,80,80],"card_choices":[{"not_picked":[],"picked":"RobotSpaceExplorer:GlueShot","floor":0},{"not_picked":["RobotSpaceExplorer:Reload","RobotSpaceExplorer:MetalStrike"],"picked":"RobotSpaceExplorer:MiniDrones","floor":1},{"not_picked":["RobotSpaceExplorer:GlueShot","RobotSpaceExplorer:Blitz"],"picked":"RobotSpaceExplorer:GearShield","floor":3},{"not_picked":["RobotSpaceExplorer:Wormhole","RobotSpaceExplorer:FrostMissile"],"picked":"RobotSpaceExplorer:Probe","floor":4},{"not_picked":["RobotSpaceExplorer:MetalStrike","RobotSpaceExplorer:Discharger"],"picked":"RobotSpaceExplorer:MiniDrones","floor":6},{"not_picked":["RobotSpaceExplorer:ShockKick","RobotSpaceExplorer:SlimeMissile"],"picked":"RobotSpaceExplorer:Counterblock","floor":11},{"not_picked":["RobotSpaceExplorer:MetalStrike","RobotSpaceExplorer:Blitz"],"picked":"RobotSpaceExplorer:Jetpack","floor":13},{"not_picked":["RobotSpaceExplorer:ScrapShield","RobotSpaceExplorer:Electroshield"],"picked":"RobotSpaceExplorer:SurgingStrike","floor":14},{"not_picked":["RobotSpaceExplorer:Explosion","RobotSpaceExplorer:ChargingLaser"],"picked":"RobotSpaceExplorer:Multitool","floor":16},{"not_picked":["RobotSpaceExplorer:SwiftStep","RobotSpaceExplorer:Probe"],"picked":"RobotSpaceExplorer:PlasmaMissile","floor":18},{"not_picked":["RobotSpaceExplorer:SurgingStrike","RobotSpaceExplorer:FrostMissile+1"],"picked":"RobotSpaceExplorer:FranticSearch","floor":21},{"not_picked":["RobotSpaceExplorer:SwiftStep","RobotSpaceExplorer:Exploration"],"picked":"RobotSpaceExplorer:ScrapMissile","floor":24},{"not_picked":["RobotSpaceExplorer:Calculate","RobotSpaceExplorer:Ammunition"],"picked":"RobotSpaceExplorer:ScrapToss","floor":25},{"not_picked":["RobotSpaceExplorer:TurboDodge+1","RobotSpaceExplorer:Counterblock"],"picked":"RobotSpaceExplorer:FreezeRay","floor":28},{"not_picked":["RobotSpaceExplorer:PowerGlove","RobotSpaceExplorer:PlasmaMissile+1"],"picked":"RobotSpaceExplorer:GearShield","floor":31},{"not_picked":["RobotSpaceExplorer:Autoloader","RobotSpaceExplorer:Wormhole"],"picked":"RobotSpaceExplorer:TrailblazerForm","floor":33},{"not_picked":["RobotSpaceExplorer:SlimeMissile+1","RobotSpaceExplorer:FrostMissile"],"picked":"RobotSpaceExplorer:SurgingShield+1","floor":35},{"not_picked":["RobotSpaceExplorer:LuckyStrike","RobotSpaceExplorer:SelfCleaning+1"],"picked":"RobotSpaceExplorer:MiniBoosters+1","floor":38},{"not_picked":["RobotSpaceExplorer:Probe+1","RobotSpaceExplorer:GlueShot+1"],"picked":"RobotSpaceExplorer:SurgingShield+1","floor":39},{"not_picked":["RobotSpaceExplorer:LuckyStrike","RobotSpaceExplorer:SwiftStep"],"picked":"RobotSpaceExplorer:Accelerator","floor":41},{"not_picked":["RobotSpaceExplorer:Pulsar+1","RobotSpaceExplorer:Fix+1"],"picked":"RobotSpaceExplorer:ScrapMissile+1","floor":46},{"not_picked":["RobotSpaceExplorer:LaserBurst","RobotSpaceExplorer:SwiftStep"],"picked":"RobotSpaceExplorer:PowerCollector","floor":47},{"not_picked":["RobotSpaceExplorer:GearShield+1","RobotSpaceExplorer:Ammunition+1"],"picked":"RobotSpaceExplorer:DoubleFind+1","floor":48}],"player_experience":1921160,"relics_obtained":[{"floor":6,"key":"Blue Doll"},{"floor":9,"key":"RobotSpaceExplorer:PlasmaHourglass"},{"floor":17,"key":"Replay:Multitool"},{"floor":17,"key":"hubris:Metronome"},{"floor":17,"key":"hubris:ToyBattleship"},{"floor":25,"key":"StuffTheSpire:Expresso"},{"floor":26,"key":"Potion Belt"},{"floor":31,"key":"theForsaken:Kindling"},{"floor":40,"key":"ReplayTheSpireMod:Ninjato"},{"floor":41,"key":"Bird Faced Urn"},{"floor":43,"key":"Mercury Hourglass"}],"event_choices":[{"damage_healed":0,"gold_gain":113,"player_choice":"UP GO RE ","damage_taken":40,"relics_obtained":["infinitespire:PuzzleCube"],"max_hp_gain":0,"max_hp_loss":0,"event_name":"betterSkull:BetterSkull","floor":2,"gold_loss":0,"cards_upgraded":["RobotSpaceExplorer:MiniDrones"]},{"cards_removed":["RobotSpaceExplorer:PlasmaMissile"],"damage_healed":0,"gold_gain":0,"player_choice":"Removed Attack","damage_taken":0,"max_hp_gain":0,"max_hp_loss":0,"event_name":"Falling","floor":37,"gold_loss":0},{"cards_removed":["RobotSpaceExplorer:Defend"],"damage_healed":0,"gold_gain":0,"player_choice":"Purged","damage_taken":0,"max_hp_gain":0,"max_hp_loss":0,"event_name":"Purifier","floor":45,"gold_loss":0}],"is_beta":false,"boss_relics":[{"not_picked":["Abe\u0027s Treasure","aspiration:PoetsPen_weak"],"picked":"Calling Bell"},{"not_picked":["SlaversCollar","Fusion Hammer"],"picked":"aspiration:FutureDiary"}],"items_purged_floors":[29],"is_endless":false,"potions_floor_spawned":[3,13,14,24,31,33,39,41,48],"ascension_level":0}}