{"host":"g01l53quoe6lrer0","time":1610073221,"event":{"mods":["2.2 Compatiblity","AchievementEnabler","BaseMod","Colored Map","Highlight Path","Keyboard Shortcuts","Minty Spire (QoL Compilation)","Permanent Neow","StSLib","SuperFastMode","everything is the same but u backflip on backflip"],"gold_per_floor":[116,128,27,102,152,152,179,179,179,205,56,87,107,126,126,205,205,218,493,505,11,11,11,11,21,21,21,46,46,60,74,74,148,148,161,171,46,56,73,103,103,103,153,153,169,169,169,19,19,19],"floor_reached":51,"playtime":1762,"items_purged":["Bash","Regret","Evolve","Writhe"],"score":1342,"play_id":"9cc58679-99b6-4acc-9973-e3d97f9c2702","local_time":"20210108113341","is_ascension_mode":true,"campfire_choices":[{"data":"Perfected Strike","floor":6.0,"key":"SMITH"},{"data":"Armaments","floor":8.0,"key":"SMITH"},{"data":"Perfected Strike","floor":15.0,"key":"SMITH"},{"data":"Entrench","floor":23.0,"key":"SMITH"},{"floor":29.0,"key":"REST"},{"floor":32.0,"key":"REST"},{"data":"Entrench","floor":41.0,"key":"SMITH"},{"data":"Entrench","floor":44.0,"key":"SMITH"},{"data":"Barricade","floor":47,"key":"SMITH"},{"data":"Body Slam","floor":49,"key":"SMITH"}],"circlet_count":0,"master_deck":["AscendersBane","Strike_R","Strike_R","Strike_R","Strike_R","Strike_R","Defend_R","Defend_R","Defend_R","Defend_R","Perfected Strike+1","Armaments+1","Havoc","Perfected Strike+1","Flame Barrier","Entrench+1","Bloodletting","Twin Strike","Barricade+1","Body Slam+1","Shrug It Off+1","Entrench+1","Entrench+1","Battle Trance","Headbutt+1"],"relics":["Burning Blood","NeowsBlessing","Thread and Needle","Gremlin Horn","Bronze Scales","Akabeko","SacredBark","HornCleat","Oddly Smooth Stone","Orichalcum","White Beast Statue","Girya","Cursed Key","Molten Egg 2","Potion Belt"],"acts_visited":["Exordium","TheCity","TheBeyond"],"potions_floor_usage":[50],"damage_taken":[{"damage":0.0,"enemies":"2 Louse","floor":1.0,"turns":1.0},{"damage":0.0,"enemies":"Jaw Worm","floor":2.0,"turns":1.0},{"damage":0.0,"enemies":"Gremlin Nob","floor":7.0,"turns":1.0},{"damage":0.0,"enemies":"3 Sentries","floor":10.0,"turns":6.0},{"damage":13.0,"enemies":"Gremlin Nob","floor":12.0,"turns":4.0},{"damage":0.0,"enemies":"Cultist","floor":13.0,"turns":2.0},{"damage":0.0,"enemies":"3 Louse","floor":14.0,"turns":3.0},{"damage":22.0,"enemies":"Slime Boss","floor":16.0,"turns":10.0},{"damage":12.0,"enemies":"3 Byrds","floor":18.0,"turns":4.0},{"damage":6.0,"enemies":"Chosen","floor":20.0,"turns":3.0},{"damage":14.0,"enemies":"Sentry and Sphere","floor":25.0,"turns":4.0},{"damage":32.0,"enemies":"Gremlin Leader","floor":28.0,"turns":7.0},{"damage":31.0,"enemies":"Shelled Parasite and Fungi","floor":30.0,"turns":6.0},{"damage":0.0,"enemies":"Centurion and Healer","floor":31.0,"turns":7.0},{"damage":8.0,"enemies":"Champ","floor":33.0,"turns":11.0},{"damage":0.0,"enemies":"3 Shapes","floor":35.0,"turns":8.0},{"damage":0.0,"enemies":"Orb Walker","floor":36.0,"turns":3.0},{"damage":0.0,"enemies":"Sphere and 2 Shapes","floor":38.0,"turns":7.0},{"damage":9.0,"enemies":"Jaw Worm Horde","floor":39.0,"turns":6.0},{"damage":16.0,"enemies":"Nemesis","floor":40.0,"turns":9.0},{"damage":5.0,"enemies":"4 Shapes","floor":45.0,"turns":8.0},{"damage":22,"enemies":"Time Eater","floor":50,"turns":10}],"seed_played":"-7050296670078499929","potions_obtained":[{"floor":1.0,"key":"HeartOfIron"},{"floor":12.0,"key":"EntropicBrew"},{"floor":13.0,"key":"SkillPotion"},{"floor":28.0,"key":"PowerPotion"},{"floor":30.0,"key":"Explosive Potion"},{"floor":31.0,"key":"SteroidPotion"},{"floor":33.0,"key":"ElixirPotion"},{"floor":35.0,"key":"Regen Potion"},{"floor":39.0,"key":"SpeedPotion"},{"floor":40.0,"key":"SpeedPotion"},{"floor":45.0,"key":"Fruit Juice"}],"is_trial":false,"path_per_floor":["M","M","$","?","?","R","E","R","T","E","$","E","M","M","R","B",null,"M","?","M","$","T","R","?","M","T","?","E","R","M","M","R","B",null,"M","M","$","M","M","E","R","?","T","R","M","?","R","$","R","B",null],"character_chosen":"IRONCLAD","items_purchased":["Havoc","Evolve","Entrench","HornCleat","Oddly Smooth Stone"],"campfire_rested":2,"item_purchase_floors":[3,11,11,21,21],"current_hp_per_floor":[74,75,75,64,57,57,63,63,63,69,69,62,68,74,74,58,71,65,65,65,65,65,65,65,57,57,57,31,53,28,34,56,54,70,75,75,75,75,72,62,62,62,62,62,73,73,73,73,73,85],"gold":19,"neow_bonus":"THREE_ENEMY_KILL","is_daily":false,"chose_seed":false,"campfire_upgraded":8,"win_rate":0.0,"timestamp":1610073221,"path_taken":["M","M","$","?","?","R","E","R","T","E","$","E","?","M","R","BOSS","M","?","M","$","?","R","?","M","T","?","E","R","M","M","R","BOSS","M","M","$","M","M","E","R","?","T","R","M","?","R","$","R","BOSS"],"items_purchased_type":["Card","Card","Card","Relic","Relic"],"build_version":"2020-12-22","purchased_purges":4,"victory":true,"max_hp_per_floor":[75,75,75,75,75,75,75,75,75,75,75,75,75,75,75,75,75,75,75,75,75,75,75,75,75,75,75,75,75,75,75,75,75,75,75,75,75,75,75,75,75,75,75,75,85,85,85,85,85,85],"card_choices":[{"not_picked":["Disarm","Pommel Strike"],"picked":"Perfected Strike","floor":1.0},{"not_picked":["Armaments","Blood for Blood","Clothesline"],"picked":"SKIP","floor":2.0},{"not_picked":["Blood for Blood","Clothesline"],"picked":"Armaments","floor":2.0},{"not_picked":["Armaments","Headbutt"],"picked":"Perfected Strike","floor":7.0},{"not_picked":["Feel No Pain","Feed"],"picked":"Flame Barrier","floor":10.0},{"not_picked":["Reaper","Carnage","Evolve"],"picked":"SKIP","floor":12.0},{"not_picked":["Rupture","Cleave"],"picked":"Bloodletting","floor":13.0},{"not_picked":["Warcry","Headbutt"],"picked":"Twin Strike","floor":14.0},{"not_picked":["Fiend Fire","Brutality"],"picked":"Barricade","floor":16.0},{"not_picked":["Cleave","Havoc+1"],"picked":"Body Slam","floor":18.0},{"not_picked":["Pommel Strike","Armaments"],"picked":"Shrug It Off+1","floor":20.0},{"not_picked":["Cleave","Anger","Dropkick"],"picked":"SKIP","floor":25.0},{"not_picked":["Pommel Strike","Fire Breathing","Cleave"],"picked":"SKIP","floor":28.0},{"not_picked":["Twin Strike","Sword Boomerang"],"picked":"Entrench","floor":30.0},{"not_picked":["True Grit","Twin Strike"],"picked":"Battle Trance","floor":31.0},{"not_picked":["Uppercut","Sword Boomerang","Blood for Blood+1"],"picked":"SKIP","floor":35.0},{"not_picked":["Wild Strike+1","Havoc"],"picked":"Headbutt+1","floor":36.0},{"not_picked":["Flex","Clash","Flame Barrier"],"picked":"SKIP","floor":38.0},{"not_picked":["Battle Trance","Inflame","Shrug It Off"],"picked":"SKIP","floor":39.0},{"not_picked":["Clash+1","Seeing Red","Rampage+1"],"picked":"SKIP","floor":40.0},{"not_picked":["Carnage+1","Combust","Limit Break"],"picked":"SKIP","floor":45.0}],"player_experience":85026,"relics_obtained":[{"floor":7.0,"key":"Thread and Needle"},{"floor":9.0,"key":"Gremlin Horn"},{"floor":10.0,"key":"Bronze Scales"},{"floor":12.0,"key":"Akabeko"},{"floor":22.0,"key":"Orichalcum"},{"floor":26.0,"key":"White Beast Statue"},{"floor":28.0,"key":"Girya"},{"floor":40.0,"key":"Molten Egg 2"},{"floor":43.0,"key":"Potion Belt"}],"event_choices":[{"damage_healed":0.0,"max_hp_gain":0.0,"max_hp_loss":0.0,"gold_gain":75.0,"event_name":"World of Goop","player_choice":"Gather Gold","floor":4.0,"gold_loss":0.0,"damage_taken":11.0},{"damage_healed":0.0,"max_hp_gain":0.0,"max_hp_loss":0.0,"gold_gain":50.0,"event_name":"FaceTrader","player_choice":"Touch","floor":5.0,"gold_loss":0.0,"damage_taken":7.0},{"damage_healed":0.0,"max_hp_gain":0.0,"max_hp_loss":0.0,"gold_gain":275.0,"event_name":"Golden Shrine","player_choice":"Desecrate","floor":19.0,"gold_loss":0.0,"damage_taken":0.0,"cards_obtained":["Regret"]},{"damage_healed":0.0,"max_hp_gain":0.0,"max_hp_loss":0.0,"gold_gain":0.0,"event_name":"Vampires","player_choice":"Ignored","floor":24.0,"gold_loss":0.0,"damage_taken":0.0},{"damage_healed":0.0,"max_hp_gain":0.0,"max_hp_loss":0.0,"gold_gain":0.0,"event_name":"The Library","player_choice":"Read","floor":27.0,"gold_loss":0.0,"damage_taken":0.0,"cards_obtained":["Entrench"]},{"damage_healed":0.0,"max_hp_gain":0.0,"max_hp_loss":0.0,"gold_gain":0.0,"event_name":"Tomb of Lord Red Mask","player_choice":"Ignored","floor":42.0,"gold_loss":0.0,"damage_taken":0.0},{"damage_healed":0,"gold_gain":0,"player_choice":"Ignored","damage_taken":0,"max_hp_gain":0,"max_hp_loss":0,"event_name":"WeMeetAgain","floor":46,"gold_loss":0}],"is_beta":false,"boss_relics":[{"not_picked":["Busted Crown","Runic Dome"],"picked":"SacredBark"},{"not_picked":["Runic Cube","Calling Bell"],"picked":"Cursed Key"}],"items_purged_floors":[3,21,37,48],"is_endless":false,"potions_floor_spawned":[1,12,13,28,30,31,33,35,36,38,39,40,45],"ascension_level":15}}