{"host":"l60rmjjsfi0fipmi","time":1610073299,"event":{"mods":["BaseMod","Colored Map","DeckTracker","Highlight Path","Minty Spire (QoL Compilation)"],"gold_per_floor":[116,129,149,13,13,13,24,40,40,52,52,152,164,179,179,279,279,294,276,296,306,82,82,82,82,159,172,182,182,182,201,201,201,201],"floor_reached":33,"playtime":2017,"items_purged":["Strike_R"],"score":245,"play_id":"83c8745a-52d6-4cd3-bded-7bdbf03d0abb","local_time":"20210107213459","is_ascension_mode":false,"campfire_choices":[{"data":"Armaments","floor":11,"key":"SMITH"},{"data":"True Grit","floor":15,"key":"SMITH"},{"floor":23,"key":"REST"},{"data":"Juggernaut","floor":25,"key":"SMITH"},{"floor":32,"key":"REST"}],"circlet_count":0,"master_deck":["Strike_R","Strike_R","Strike_R","Strike_R","Defend_R","Defend_R","Defend_R","Defend_R","Bash","Juggernaut+1","Armaments+1","Anger","Cleave","Feel No Pain","Flame Barrier","Thunderclap","Shrug It Off","True Grit+1","Headbutt","Iron Wave","Offering","True Grit+1","Body Slam","Iron Wave","Decay","Shrug It Off+1"],"relics":["Black Blood","FaceOfCleric","Matryoshka","Happy Flower","Centennial Puzzle","Toxic Egg 2"],"acts_visited":["Exordium","TheCity"],"potions_floor_usage":[16,16,20,20,27,28,31,33,33],"damage_taken":[{"damage":1,"enemies":"Cultist","floor":1,"turns":4},{"damage":7,"enemies":"Small Slimes","floor":2,"turns":4},{"damage":5,"enemies":"2 Louse","floor":3,"turns":3},{"damage":33,"enemies":"Exordium Thugs","floor":7,"turns":4},{"damage":12,"enemies":"Gremlin Gang","floor":8,"turns":5},{"damage":13,"enemies":"2 Fungi Beasts","floor":10,"turns":5},{"damage":8,"enemies":"3 Louse","floor":13,"turns":3},{"damage":6,"enemies":"Exordium Wildlife","floor":14,"turns":6},{"damage":26,"enemies":"The Guardian","floor":16,"turns":13},{"damage":23,"enemies":"Spheric Guardian","floor":18,"turns":6},{"damage":37,"enemies":"2 Thieves","floor":19,"turns":4},{"damage":24,"enemies":"Snake Plant","floor":20,"turns":5},{"damage":30,"enemies":"Shelled Parasite and Fungi","floor":21,"turns":10},{"damage":32,"enemies":"Centurion and Healer","floor":27,"turns":11},{"damage":11,"enemies":"Cultist and Chosen","floor":28,"turns":6},{"damage":18,"enemies":"Colosseum Slavers","floor":30,"turns":6},{"damage":15,"enemies":"Shelled Parasite and Fungi","floor":31,"turns":7},{"damage":56,"enemies":"Champ","floor":33,"turns":9}],"seed_played":"-7700611334874875717","potions_obtained":[{"floor":1,"key":"EntropicBrew"},{"floor":7,"key":"FearPotion"},{"floor":8,"key":"Fire Potion"},{"floor":16,"key":"Explosive Potion"},{"floor":21,"key":"EssenceOfSteel"},{"floor":28,"key":"Energy Potion"},{"floor":31,"key":"AttackPotion"}],"is_trial":false,"path_per_floor":["M","M","M","$","?","$","M","M","T","M","R","?","M","M","R","B",null,"M","M","M","M","$","R","?","R","T","M","M","?","?","M","R","B"],"character_chosen":"IRONCLAD","items_purchased":["Feel No Pain","Flame Barrier","Happy Flower"],"campfire_rested":2,"item_purchase_floors":[4,4,22],"current_hp_per_floor":[80,79,80,80,80,80,54,49,49,43,43,43,42,43,43,24,86,76,52,41,24,24,51,51,51,51,32,34,34,29,27,55,0,0],"gold":201,"neow_bonus":"ONE_RANDOM_RARE_CARD","is_daily":false,"chose_seed":false,"campfire_upgraded":3,"win_rate":0.0,"timestamp":1610073299,"path_taken":["M","?","M","$","?","$","M","M","T","?","R","?","M","M","R","BOSS","M","M","?","M","$","R","?","R","T","?","?","?","?","M","R","BOSS"],"items_purchased_type":["Card","Card","Relic"],"build_version":"2020-12-22","purchased_purges":1,"victory":false,"max_hp_per_floor":[80,80,80,80,80,80,81,82,82,83,83,83,84,85,85,86,86,87,88,89,90,90,90,90,90,90,91,92,92,93,94,94,94,94],"card_choices":[{"not_picked":["Pommel Strike","Clothesline"],"picked":"Armaments","floor":1},{"not_picked":["Reaper","Rage"],"picked":"Anger","floor":2},{"not_picked":["Havoc","Flex"],"picked":"Cleave","floor":3},{"not_picked":["Heavy Blade","Bloodletting"],"picked":"Thunderclap","floor":7},{"not_picked":["Perfected Strike","Double Tap"],"picked":"Shrug It Off","floor":8},{"not_picked":["Armaments","Carnage"],"picked":"True Grit","floor":10},{"not_picked":["Whirlwind","Intimidate"],"picked":"Headbutt","floor":13},{"not_picked":["Rampage","Wild Strike"],"picked":"Iron Wave","floor":14},{"not_picked":["Double Tap","Brutality"],"picked":"Offering","floor":16},{"not_picked":["Flex","Clash","Seeing Red"],"picked":"SKIP","floor":18},{"not_picked":["Warcry+1","Headbutt"],"picked":"True Grit+1","floor":19},{"not_picked":["Havoc","Heavy Blade+1"],"picked":"Body Slam","floor":20},{"not_picked":["Evolve+1","Sword Boomerang","Reaper"],"picked":"SKIP","floor":21},{"not_picked":["Sword Boomerang","Intimidate+1","Clothesline"],"picked":"SKIP","floor":27},{"not_picked":["Twin Strike+1","Headbutt"],"picked":"Iron Wave","floor":28},{"not_picked":["Rupture","Inflame"],"picked":"Shrug It Off+1","floor":31}],"player_experience":273511,"relics_obtained":[{"floor":9,"key":"Matryoshka"},{"floor":26,"key":"Centennial Puzzle"},{"floor":26,"key":"Toxic Egg 2"}],"event_choices":[{"damage_healed":0,"gold_gain":0,"player_choice":"Trade","damage_taken":0,"relics_obtained":["FaceOfCleric"],"max_hp_gain":0,"max_hp_loss":0,"event_name":"FaceTrader","floor":5,"gold_loss":0},{"damage_healed":0,"gold_gain":100,"player_choice":"Pray","damage_taken":0,"max_hp_gain":0,"max_hp_loss":0,"event_name":"Golden Shrine","floor":12,"gold_loss":0},{"damage_healed":0,"gold_gain":0,"player_choice":"Ignored","damage_taken":0,"max_hp_gain":0,"max_hp_loss":0,"event_name":"NoteForYourself","floor":24,"gold_loss":0},{"damage_healed":0,"gold_gain":0,"player_choice":"Smashed Altar","damage_taken":0,"max_hp_gain":0,"max_hp_loss":0,"event_name":"Forgotten Altar","floor":29,"gold_loss":0,"cards_obtained":["Decay"]},{"damage_healed":0,"gold_gain":0,"player_choice":"Fight","damage_taken":0,"max_hp_gain":0,"max_hp_loss":0,"event_name":"Colosseum","floor":30,"gold_loss":0},{"damage_healed":0,"gold_gain":0,"player_choice":"Fled From Nobs","damage_taken":0,"max_hp_gain":0,"max_hp_loss":0,"event_name":"Colosseum","floor":30,"gold_loss":0}],"is_beta":false,"boss_relics":[{"not_picked":["Snecko Eye","Coffee Dripper"],"picked":"Black Blood"}],"items_purged_floors":[22],"is_endless":false,"potions_floor_spawned":[1,7,8,13,16,20,21,28,31],"killed_by":"Champ","ascension_level":0}}