{"host":"wj90f2q0h2omert0","time":1610134047,"event":{"mods":["BaseMod","Beaked The Cultist","Better Third Choice","ChefMod","Clawfect","Colored Map","DeckTracker","Downfall","Hubris","JesterMod","Minty Spire (QoL Compilation)","Relic Stats","Robot Space Explorer","Shade Mod","StSLib","The Blackbeard","The Caster","The Dragon Tamer","The Druid"],"gold_per_floor":[99,110,46,71,91,106,106,281,309,219,233,251,251,551,563,563,563,563],"floor_reached":16,"playtime":1848,"items_purged":["Doubt"],"score":152,"play_id":"9e1e5de6-a040-4d4a-b854-8c5f440270a3","local_time":"20210108142727","is_ascension_mode":false,"campfire_choices":[{"data":"hexamod:Sear","floor":1.0,"key":"SMITH"},{"floor":13,"key":"REST"}],"circlet_count":0,"master_deck":["hexamod:Strike","hexamod:Strike","hexamod:Strike","hexamod:Defend","hexamod:Defend","hexamod:Defend","hexamod:Defend","hexamod:Sear+1","hexamod:Float","hexamod:BurningTouch","hexamod:BurningTouch","hexamod:BurningTouch","hexamod:SoulSteal","hexamod:BurningTouch","hexamod:BurningTouch","hexamod:SearingWound","Double Energy+1"],"relics":["hexamod:SpiritBrand","hubris:TenFootPole","HornCleat","Lantern","Old Coin"],"acts_visited":["Exordium"],"potions_floor_usage":[9,16],"damage_taken":[{"damage":0.0,"enemies":"Cultist","floor":2.0,"turns":3.0},{"damage":0.0,"enemies":"downfall:FleeingMerchant","floor":3.0,"turns":4.0},{"damage":0.0,"enemies":"Jaw Worm","floor":5.0,"turns":3.0},{"damage":6.0,"enemies":"2 Louse","floor":6.0,"turns":4.0},{"damage":46,"enemies":"3 Sentries","floor":9,"turns":12},{"damage":0,"enemies":"downfall:FleeingMerchant","floor":10,"turns":4},{"damage":6,"enemies":"Blue Slaver","floor":11,"turns":3},{"damage":11,"enemies":"Large Slime","floor":12,"turns":3},{"damage":10,"enemies":"Exordium Thugs","floor":15,"turns":3},{"damage":11,"enemies":"downfall:Ironclad","floor":16,"turns":3}],"seed_played":"4115981237653730438","potions_obtained":[{"floor":5.0,"key":"hexamod:DoubleChargePotion"},{"floor":9,"key":"Ancient Potion"},{"floor":12,"key":"SpeedPotion"},{"floor":15,"key":"Swift Potion"}],"is_trial":false,"path_per_floor":["R","M","$","T","M","M","T","?","E","$","M","M","R","?","M","B"],"character_chosen":"THE_SPIRIT","items_purchased":["hexamod:BurningTouch"],"campfire_rested":1,"item_purchase_floors":[3],"current_hp_per_floor":[70,70,70,70,70,64,64,64,18,18,12,1,22,17,7,0,0,0],"gold":563,"neow_bonus":"REMOVE_CARD","is_daily":false,"chose_seed":false,"campfire_upgraded":1,"win_rate":0.0,"timestamp":1610134047,"path_taken":["R","M","$","?","M","M","T","?","E","$","M","M","R","?","M","BOSS"],"items_purchased_type":["Card"],"build_version":"2020-12-22","purchased_purges":1,"victory":false,"max_hp_per_floor":[70,70,70,70,70,70,70,70,70,70,70,70,70,70,70,70,70,70],"relic_stats":{"counters":[10,42],"obtain_stats":[{"Lantern":9,"HornCleat":7,"hubris:TenFootPole":4,"hexamod:SpiritBrand":0,"Old Coin":14},{"Lantern":5,"HornCleat":4,"hubris:TenFootPole":2,"hexamod:SpiritBrand":0,"Old Coin":8},{"Lantern":26,"HornCleat":14,"hubris:TenFootPole":7,"hexamod:SpiritBrand":0,"Old Coin":36}]},"card_choices":[{"not_picked":["hexamod:ShieldOfDarkness","hexamod:SpectralAdrenaline","hexamod:NightmareGuise"],"picked":"SKIP","floor":2.0},{"not_picked":["hexamod:Again","hexamod:NightmareGuise"],"picked":"hexamod:BurningTouch","floor":3.0},{"not_picked":["hexamod:FastForward","hexamod:RainOfEmbers"],"picked":"hexamod:BurningTouch","floor":5.0},{"not_picked":["hexamod:ShieldOfDarkness","hexamod:FastForward","hexamod:RainOfEmbers"],"picked":"SKIP","floor":6},{"not_picked":["hexamod:ShieldOfDarkness","hexamod:GhostflameBarrier"],"picked":"hexamod:SoulSteal","floor":9},{"not_picked":["hexamod:InspiringFlames","hexamod:ShieldOfDarkness"],"picked":"hexamod:BurningTouch","floor":10},{"not_picked":["hexamod:Hexaguard","hexamod:GhostShield"],"picked":"hexamod:BurningTouch","floor":11},{"not_picked":["hexamod:RecurringNightmare","hexamod:Hexaguard"],"picked":"hexamod:SearingWound","floor":12},{"not_picked":["hexamod:FourthSeal","hexamod:Hexaguard","hexamod:InspiringFlames"],"picked":"SKIP","floor":15}],"player_experience":696971,"relics_obtained":[{"floor":4.0,"key":"hubris:TenFootPole"},{"floor":7,"key":"HornCleat"},{"floor":9,"key":"Lantern"}],"event_choices":[],"is_beta":false,"boss_relics":[],"items_purged_floors":[10],"is_endless":false,"potions_floor_spawned":[5,9,12,15],"killed_by":"downfall:Ironclad","ascension_level":0}}