{"host":"g8ufh7m4frdlkxwv","time":1610082455,"event":{"mods":["AchievementEnabler","BaseMod","Colored Map","Dark Map","Minty Spire (QoL Compilation)","Relic Stats","StSLib","ojb\u0027s Info Mod"],"gold_per_floor":[110,110,110,128,128,157,157,175,175,187,217,170,29,58,58,129,129,140,156,167,82,98,98,109,5,29,29,29,29,48,48,48,122,122,140,40,56,56,56,89,89,89,89],"floor_reached":42,"playtime":2326,"items_purged":["Strike_G","Blade Dance"],"score":992,"play_id":"57df6f90-c141-438e-8559-094fc036b32d","local_time":"20210108060735","is_ascension_mode":true,"campfire_choices":[{"data":"Calculated Gamble","floor":7.0,"key":"SMITH"},{"data":"Noxious Fumes","floor":15.0,"key":"SMITH"},{"data":"Crippling Poison","floor":23.0,"key":"SMITH"},{"floor":29.0,"key":"REST"},{"data":"Doppelganger","floor":32.0,"key":"SMITH"},{"data":"Footwork","floor":41,"key":"SMITH"}],"circlet_count":0,"master_deck":["AscendersBane","Strike_G+1","Strike_G+1","Strike_G+1","Defend_G","Survivor+1","Neutralize+1","Backflip","Calculated Gamble+1","Noxious Fumes+1","Escape Plan","Leg Sweep","Terror","Doppelganger+1","Backflip","Crippling Poison+1","Bouncing Flask","Noxious Fumes+1","Acrobatics","Choke","Sucker Punch","Burst","Footwork+1","Dark Shackles"],"relics":["Ring of the Snake","NeowsBlessing","CultistMask","The Specimen","CaptainsWheel","Whetstone","Nunchaku","Empty Cage","Bag of Marbles","Centennial Puzzle","Velvet Choker","Potion Belt"],"acts_visited":["Exordium","TheCity","TheBeyond"],"potions_floor_usage":[37,40,42],"damage_taken":[{"damage":0.0,"enemies":"Jaw Worm","floor":1.0,"turns":1.0},{"damage":0.0,"enemies":"Small Slimes","floor":4.0,"turns":1.0},{"damage":0.0,"enemies":"Lagavulin","floor":6.0,"turns":1.0},{"damage":0.0,"enemies":"Cultist","floor":8.0,"turns":4.0},{"damage":0.0,"enemies":"Large Slime","floor":10.0,"turns":7.0},{"damage":14.0,"enemies":"Gremlin Nob","floor":11.0,"turns":4.0},{"damage":2.0,"enemies":"Exordium Thugs","floor":12.0,"turns":5.0},{"damage":5.0,"enemies":"3 Sentries","floor":14.0,"turns":7.0},{"damage":6.0,"enemies":"Hexaghost","floor":16.0,"turns":7.0},{"damage":7.0,"enemies":"Shell Parasite","floor":18.0,"turns":6.0},{"damage":6.0,"enemies":"3 Byrds","floor":19.0,"turns":8.0},{"damage":7.0,"enemies":"Sentry and Sphere","floor":20.0,"turns":6.0},{"damage":0.0,"enemies":"Chosen and Byrds","floor":22.0,"turns":6.0},{"damage":27.0,"enemies":"Snake Plant","floor":24.0,"turns":7.0},{"damage":8.0,"enemies":"Cultist and Chosen","floor":30.0,"turns":5.0},{"damage":10.0,"enemies":"Collector","floor":33.0,"turns":7.0},{"damage":5,"enemies":"Orb Walker","floor":35,"turns":5},{"damage":0,"enemies":"3 Shapes","floor":37,"turns":5},{"damage":2,"enemies":"Nemesis","floor":40,"turns":9},{"damage":28,"enemies":"Giant Head","floor":42,"turns":8}],"seed_played":"-2088765822865370605","potions_obtained":[{"floor":4.0,"key":"Fire Potion"},{"floor":8.0,"key":"Block Potion"},{"floor":16.0,"key":"Ancient Potion"},{"floor":22.0,"key":"Block Potion"},{"floor":30.0,"key":"LiquidMemories"},{"floor":37,"key":"Block Potion"}],"is_trial":false,"path_per_floor":["M","?","?","M","?","E","R","M","T","M","E","M","$","E","R","B",null,"M","M","M","?","M","R","M","$","T","?","$","R","M","?","R","B",null,"M","$","M","?","?","E","R","E"],"character_chosen":"THE_SILENT","items_purchased":["Terror","Strength Potion","Acrobatics"],"campfire_rested":1,"item_purchase_floors":[13,13,25],"current_hp_per_floor":[59,39,39,39,39,39,39,39,39,39,25,23,23,18,18,12,53,46,40,33,33,33,33,6,6,6,6,6,25,17,17,17,7,51,46,46,46,46,36,34,34,6,6],"gold":89,"neow_bonus":"THREE_ENEMY_KILL","is_daily":false,"chose_seed":false,"campfire_upgraded":5,"win_rate":0.0,"timestamp":1610082455,"path_taken":["M","?","?","?","?","E","R","M","T","M","E","M","?","E","R","BOSS","M","M","M","?","M","R","M","$","T","?","$","R","M","?","R","BOSS","M","?","M","?","?","E","R","E"],"items_purchased_type":["Card","Potion","Card"],"build_version":"2020-12-22","purchased_purges":2,"victory":false,"max_hp_per_floor":[66,66,66,66,66,66,66,66,66,66,66,66,66,66,66,66,66,66,66,66,66,66,66,66,66,66,66,66,66,66,66,66,66,66,66,66,66,66,66,66,66,66,66],"relic_stats":{"Nunchaku":[12],"Centennial Puzzle":[15],"counters":[20,109],"Whetstone":["Strike_G","Strike_G"],"obtain_stats":[{"Potion Belt":40,"CaptainsWheel":9,"Nunchaku":14,"Centennial Puzzle":26,"NeowsBlessing":0,"The Specimen":6,"Velvet Choker":34,"CultistMask":5,"Bag of Marbles":21,"Whetstone":11,"Empty Cage":17,"Ring of the Snake":0},{"Potion Belt":19,"CaptainsWheel":4,"Nunchaku":8,"Centennial Puzzle":14,"NeowsBlessing":0,"The Specimen":3,"Velvet Choker":16,"CultistMask":2,"Bag of Marbles":12,"Whetstone":6,"Empty Cage":9,"Ring of the Snake":0},{"Potion Belt":101,"CaptainsWheel":7,"Nunchaku":30,"Centennial Puzzle":70,"NeowsBlessing":0,"The Specimen":3,"Velvet Choker":82,"CultistMask":2,"Bag of Marbles":57,"Whetstone":18,"Empty Cage":37,"Ring of the Snake":0}],"Ring of the Snake":[40]},"card_choices":[{"not_picked":["Slice","Dodge and Roll"],"picked":"Backflip","floor":1.0},{"not_picked":["PiercingWail","Flying Knee"],"picked":"Calculated Gamble","floor":4.0},{"not_picked":["Outmaneuver","Distraction","Heel Hook"],"picked":"SKIP","floor":6.0},{"not_picked":["Outmaneuver","Distraction","Heel Hook"],"picked":"SKIP","floor":6.0},{"not_picked":["Sucker Punch","Predator"],"picked":"Noxious Fumes","floor":8.0},{"not_picked":["Dagger Spray","Cloak And Dagger"],"picked":"Escape Plan","floor":10.0},{"not_picked":["Dagger Spray","Finisher"],"picked":"Leg Sweep","floor":11.0},{"not_picked":["Heel Hook","Slice"],"picked":"Blade Dance","floor":12.0},{"not_picked":["Sucker Punch","Dash"],"picked":"Infinite Blades","floor":14.0},{"not_picked":["Night Terror","A Thousand Cuts"],"picked":"Doppelganger","floor":16.0},{"not_picked":["Acrobatics","PiercingWail"],"picked":"Backflip","floor":18.0},{"not_picked":["All Out Attack","Slice"],"picked":"Crippling Poison","floor":19.0},{"not_picked":["Sucker Punch","Expertise","Outmaneuver"],"picked":"SKIP","floor":20.0},{"not_picked":["Backflip","Flying Knee"],"picked":"Bouncing Flask","floor":22.0},{"not_picked":["Dash","Bane+1"],"picked":"Noxious Fumes+1","floor":24.0},{"not_picked":["Deflect","Setup","Predator"],"picked":"SKIP","floor":30.0},{"not_picked":["Glass Knife","Storm of Steel"],"picked":"Burst","floor":33.0},{"not_picked":["Dagger Spray","Finisher+1","Choke"],"picked":"SKIP","floor":35},{"not_picked":["Distraction","Leg Sweep+1"],"picked":"Footwork","floor":37},{"not_picked":["The Bomb","Mind Blast"],"picked":"Dark Shackles","floor":39},{"not_picked":["Dagger Spray","Flying Knee","Blade Dance+1"],"picked":"SKIP","floor":40}],"player_experience":1021318,"relics_obtained":[{"floor":6.0,"key":"The Specimen"},{"floor":9.0,"key":"CaptainsWheel"},{"floor":11.0,"key":"Whetstone"},{"floor":14.0,"key":"Nunchaku"},{"floor":26.0,"key":"Centennial Puzzle"},{"floor":40,"key":"Potion Belt"}],"event_choices":[{"damage_healed":0.0,"max_hp_gain":0.0,"max_hp_loss":0.0,"gold_gain":0.0,"event_name":"Shining Light","player_choice":"Entered Light","floor":2.0,"gold_loss":0.0,"damage_taken":20.0,"cards_upgraded":["Strike_G","Neutralize"]},{"damage_healed":0.0,"max_hp_gain":0.0,"max_hp_loss":0.0,"gold_gain":0.0,"event_name":"Accursed Blacksmith","player_choice":"Forge","floor":3.0,"gold_loss":0.0,"damage_taken":0.0,"cards_upgraded":["Survivor"]},{"damage_healed":0.0,"max_hp_gain":0.0,"max_hp_loss":0.0,"gold_gain":0.0,"event_name":"FaceTrader","player_choice":"Trade","floor":5.0,"gold_loss":0.0,"damage_taken":0.0,"relics_obtained":["CultistMask"]},{"damage_healed":0.0,"max_hp_gain":0.0,"max_hp_loss":0.0,"gold_gain":0.0,"event_name":"Addict","player_choice":"Obtained Relic","floor":21.0,"gold_loss":85.0,"damage_taken":0.0,"relics_obtained":["Bag of Marbles"]},{"damage_healed":0.0,"max_hp_gain":0.0,"max_hp_loss":0.0,"gold_gain":0.0,"cards_transformed":["Strike_G","Defend_G"],"event_name":"Drug Dealer","player_choice":"Became Test Subject","floor":27.0,"gold_loss":0.0,"damage_taken":0.0,"cards_obtained":["Choke","Sucker Punch"]},{"cards_removed":["Defend_G"],"damage_healed":0.0,"max_hp_gain":0.0,"max_hp_loss":0.0,"gold_gain":0.0,"event_name":"Purifier","player_choice":"Purged","floor":31.0,"gold_loss":0.0,"damage_taken":0.0},{"cards_removed":["Infinite Blades"],"damage_healed":0,"gold_gain":0,"player_choice":"Removed Power","damage_taken":0,"max_hp_gain":0,"max_hp_loss":0,"event_name":"Falling","floor":38,"gold_loss":0},{"damage_healed":0,"gold_gain":0,"player_choice":"Memory 3","damage_taken":10,"max_hp_gain":0,"max_hp_loss":0,"event_name":"SensoryStone","floor":39,"gold_loss":0}],"is_beta":false,"boss_relics":[{"not_picked":["Ring of the Serpent","Runic Dome"],"picked":"Empty Cage"},{"not_picked":["Tiny House","SacredBark"],"picked":"Velvet Choker"}],"items_purged_floors":[25,36],"is_endless":false,"potions_floor_spawned":[4,8,10,16,22,30,33,35,37],"killed_by":"Giant Head","ascension_level":20}}