{"host":"yptvp0rjza9g9li7","time":1610120158,"event":{"mods":["AchievementEnabler","BaseMod","Colored Map","Colored Powertips","DeckTracker","Minty Spire (QoL Compilation)","SuperFastMode"],"gold_per_floor":[109,109,120,120,133,165,165,185,265,275,275,295,313,333,333,431,431,418,14,113,130,130,130,157,157,203,203,103,123,143,154,154,259,259,269,287,306,323,334,365,385,413,413,426,426,443,469,488,488,488,488,488,166,201,201],"floor_reached":56,"playtime":3652,"items_purged":["Defend_G","Defend_G","Defend_G"],"score":1394,"play_id":"c01273a9-dbf2-4784-80d2-b3e489eaeb2a","local_time":"20210109003558","is_ascension_mode":false,"campfire_choices":[{"data":"Neutralize","floor":7.0,"key":"SMITH"},{"floor":11.0,"key":"REST"},{"data":"Blade Dance","floor":15.0,"key":"SMITH"},{"data":"Accuracy","floor":23.0,"key":"SMITH"},{"data":"Tactician","floor":25.0,"key":"SMITH"},{"data":"Cloak And Dagger","floor":27.0,"key":"SMITH"},{"data":"Acrobatics","floor":32.0,"key":"SMITH"},{"floor":45,"key":"RECALL"},{"data":"Concentrate","floor":49,"key":"SMITH"},{"data":"A Thousand Cuts","floor":52,"key":"SMITH"}],"circlet_count":0,"master_deck":["Strike_G","Strike_G","Defend_G","Survivor","Neutralize+1","Reflex","Blade Dance+1","Cloak And Dagger","Acrobatics+1","Tactician+1","Backflip","After Image","Prepared+1","Accuracy+1","Cloak And Dagger+1","Neutralize+1","Blade Dance","A Thousand Cuts+1","Blade Dance+1","Cloak And Dagger+1","Finisher+1","Backflip+1","Concentrate+1","Tactician+1"],"relics":["Ring of the Snake","InkBottle","FaceOfCleric","Anchor","Sundial","Philosopher\u0027s Stone","Bottled Tornado","Incense Burner","MealTicket","Empty Cage","FossilizedHelix","Omamori","PreservedInsect","Strawberry","Ornamental Fan"],"acts_visited":["Exordium","TheCity","TheBeyond","TheEnding"],"potions_floor_usage":[42,55,55],"damage_taken":[{"damage":6.0,"enemies":"Cultist","floor":1.0,"turns":6.0},{"damage":0.0,"enemies":"Small Slimes","floor":3.0,"turns":4.0},{"damage":4.0,"enemies":"2 Louse","floor":5.0,"turns":2.0},{"damage":9.0,"enemies":"Gremlin Nob","floor":6.0,"turns":5.0},{"damage":1.0,"enemies":"2 Fungi Beasts","floor":8.0,"turns":3.0},{"damage":8.0,"enemies":"Gremlin Gang","floor":10.0,"turns":6.0},{"damage":0.0,"enemies":"Lots of Slimes","floor":12.0,"turns":5.0},{"damage":0.0,"enemies":"Exordium Wildlife","floor":13.0,"turns":4.0},{"damage":0.0,"enemies":"Gremlin Gang","floor":14.0,"turns":5.0},{"damage":20.0,"enemies":"Hexaghost","floor":16.0,"turns":13.0},{"damage":3.0,"enemies":"2 Thieves","floor":18.0,"turns":4.0},{"damage":0.0,"enemies":"Shell Parasite","floor":21.0,"turns":3.0},{"damage":4.0,"enemies":"Gremlin Leader","floor":24.0,"turns":6.0},{"damage":0.0,"enemies":"Snecko","floor":29.0,"turns":2.0},{"damage":0.0,"enemies":"Centurion and Healer","floor":30.0,"turns":2.0},{"damage":0.0,"enemies":"Cultist and Chosen","floor":31.0,"turns":3.0},{"damage":25.0,"enemies":"Automaton","floor":33.0,"turns":5.0},{"damage":0.0,"enemies":"3 Shapes","floor":35.0,"turns":4.0},{"damage":0.0,"enemies":"3 Darklings","floor":36.0,"turns":3.0},{"damage":0.0,"enemies":"Jaw Worm Horde","floor":37.0,"turns":2.0},{"damage":0.0,"enemies":"Spire Growth","floor":38.0,"turns":2.0},{"damage":0.0,"enemies":"Transient","floor":39.0,"turns":5.0},{"damage":0.0,"enemies":"Reptomancer","floor":40.0,"turns":4.0},{"damage":0.0,"enemies":"Maw","floor":41.0,"turns":4.0},{"damage":0,"enemies":"Nemesis","floor":42,"turns":1},{"damage":0,"enemies":"Jaw Worm Horde","floor":44,"turns":2},{"damage":0,"enemies":"Spire Growth","floor":46,"turns":2},{"damage":0,"enemies":"Giant Head","floor":47,"turns":3},{"damage":0,"enemies":"4 Shapes","floor":48,"turns":2},{"damage":0,"enemies":"Donu and Deca","floor":50,"turns":5},{"damage":0,"enemies":"Shield and Spear","floor":54,"turns":3},{"damage":29,"enemies":"The Heart","floor":55,"turns":7}],"seed_played":"7040540823871503792","potions_obtained":[{"floor":1.0,"key":"Block Potion"},{"floor":3.0,"key":"EntropicBrew"},{"floor":6.0,"key":"Block Potion"},{"floor":16.0,"key":"Dexterity Potion"},{"floor":18.0,"key":"Fire Potion"},{"floor":29.0,"key":"DistilledChaos"},{"floor":35.0,"key":"FairyPotion"},{"floor":36.0,"key":"ColorlessPotion"},{"floor":39.0,"key":"SteroidPotion"},{"floor":44,"key":"CultistPotion"}],"is_trial":false,"path_per_floor":["M","T","M","?","M","E","R","M","T","M","R","M","M","M","R","B",null,"M","$","?","M","?","R","E","R","T","R","$","M","M","M","R","B",null,"M","M","M","M","M","E","M","E","T","M","R","M","E","M","R","B",null,"R","$","E","B",null],"character_chosen":"THE_SILENT","items_purchased":["Accuracy","Bottled Tornado","PowerPotion","Strawberry"],"campfire_rested":1,"item_purchase_floors":[19,19,53,53],"current_hp_per_floor":[57,57,57,57,54,46,46,46,46,39,59,60,61,62,62,43,71,69,69,69,70,70,70,67,67,67,67,74,75,76,77,77,53,78,79,80,81,82,83,84,85,86,86,87,87,88,89,90,90,91,91,91,98,99,71],"gold":201,"neow_bonus":"REMOVE_TWO","is_daily":false,"chose_seed":false,"campfire_upgraded":8,"win_rate":0.0,"timestamp":1610120158,"path_taken":["M","?","M","?","M","E","R","M","T","M","R","M","M","?","R","BOSS","M","$","?","M","?","R","E","R","T","R","$","M","?","M","R","BOSS","M","M","M","M","M","E","M","E","T","?","R","M","E","M","R","BOSS","R","$","E","BOSS"],"items_purchased_type":["Card","Relic","Potion","Relic"],"build_version":"2020-12-22","purchased_purges":3,"victory":true,"max_hp_per_floor":[63,63,63,63,64,65,65,66,66,67,67,68,69,70,70,71,71,72,72,72,73,73,73,74,74,74,74,74,75,76,77,77,78,78,79,80,81,82,83,84,85,86,86,87,87,88,89,90,90,91,91,91,98,99,100],"card_choices":[{"not_picked":["Flying Knee","Blur"],"picked":"Reflex","floor":1.0},{"not_picked":["Poisoned Stab","Setup"],"picked":"Blade Dance","floor":3.0},{"not_picked":["Distraction","Quick Slash","Outmaneuver"],"picked":"SKIP","floor":5.0},{"not_picked":["Outmaneuver","Dodge and Roll"],"picked":"Cloak And Dagger","floor":6.0},{"not_picked":["Night Terror","Quick Slash"],"picked":"Acrobatics","floor":8.0},{"not_picked":["Bane","Deflect"],"picked":"Tactician","floor":10.0},{"not_picked":["Flechettes","Poisoned Stab","Dash"],"picked":"SKIP","floor":12.0},{"not_picked":["Acrobatics","Caltrops"],"picked":"Backflip","floor":13.0},{"not_picked":["Tactician","Dagger Throw","Deflect"],"picked":"SKIP","floor":14.0},{"not_picked":["Unload","Adrenaline"],"picked":"After Image","floor":16.0},{"not_picked":["Poisoned Stab","Skewer"],"picked":"Prepared+1","floor":18.0},{"not_picked":["Flying Knee","Riddle With Holes"],"picked":"Cloak And Dagger","floor":21.0},{"not_picked":["Bane","Backstab"],"picked":"Blade Dance","floor":24.0},{"not_picked":["Prepared","Backflip","Underhanded Strike"],"picked":"SKIP","floor":29.0},{"not_picked":["Distraction","Footwork","Deadly Poison"],"picked":"SKIP","floor":30.0},{"not_picked":["Underhanded Strike","PiercingWail","Poisoned Stab"],"picked":"SKIP","floor":31.0},{"not_picked":["Envenom","Tools of the Trade"],"picked":"A Thousand Cuts","floor":33.0},{"not_picked":["PiercingWail+1","Bane+1"],"picked":"Blade Dance+1","floor":35.0},{"not_picked":["Acrobatics","Underhanded Strike+1"],"picked":"Cloak And Dagger+1","floor":36.0},{"not_picked":["Bane+1","Deflect"],"picked":"Finisher+1","floor":37.0},{"not_picked":["Blur","Catalyst","Acrobatics+1"],"picked":"SKIP","floor":38.0},{"not_picked":["Noxious Fumes+1","Quick Slash+1","Setup+1"],"picked":"SKIP","floor":39.0},{"not_picked":["Underhanded Strike","Blade Dance+1","PiercingWail"],"picked":"SKIP","floor":40.0},{"not_picked":["Dagger Spray","Phantasmal Killer","Slice+1"],"picked":"SKIP","floor":41.0},{"not_picked":["Riddle With Holes","Setup+1","Predator+1"],"picked":"SKIP","floor":42},{"not_picked":["Deadly Poison","Slice"],"picked":"Backflip+1","floor":44},{"not_picked":["Dagger Throw","Underhanded Strike+1"],"picked":"Concentrate","floor":46},{"not_picked":["Envenom","Flying Knee+1","Prepared"],"picked":"SKIP","floor":47},{"not_picked":["Choke","Poisoned Stab","Deadly Poison+1"],"picked":"SKIP","floor":48},{"not_picked":["Bane","Predator"],"picked":"Tactician+1","floor":54}],"player_experience":169048,"relics_obtained":[{"floor":2.0,"key":"InkBottle"},{"floor":6.0,"key":"Anchor"},{"floor":9.0,"key":"Sundial"},{"floor":24.0,"key":"Incense Burner"},{"floor":26.0,"key":"MealTicket"},{"floor":40.0,"key":"FossilizedHelix"},{"floor":42,"key":"Omamori"},{"floor":47,"key":"PreservedInsect"},{"floor":54,"key":"Ornamental Fan"}],"event_choices":[{"damage_healed":0.0,"max_hp_gain":0.0,"max_hp_loss":0.0,"gold_gain":0.0,"event_name":"FaceTrader","player_choice":"Trade","floor":4.0,"gold_loss":0.0,"damage_taken":0.0,"relics_obtained":["FaceOfCleric"]},{"damage_healed":0.0,"max_hp_gain":0.0,"max_hp_loss":0.0,"gold_gain":99.0,"event_name":"Nest","player_choice":"Stole From Cult","floor":20.0,"gold_loss":0.0,"damage_taken":0.0},{"damage_healed":0.0,"max_hp_gain":0.0,"max_hp_loss":0.0,"gold_gain":0.0,"event_name":"Duplicator","player_choice":"Copied","floor":22.0,"gold_loss":0.0,"damage_taken":0.0,"cards_obtained":["Neutralize"]}],"is_beta":false,"boss_relics":[{"not_picked":["Black Star","Sozu"],"picked":"Philosopher\u0027s Stone"},{"not_picked":["Runic Dome","SlaversCollar"],"picked":"Empty Cage"}],"items_purged_floors":[19,28,53],"is_endless":false,"potions_floor_spawned":[1,3,6,12,13,14,16,18,24,29,35,36,39,41,44,47],"ascension_level":0}}