{"host":"qtghpvxzmfg9vxeq","time":1610081057,"event":{"mods":["BaseMod","BetterRewards","Hermit","Marisa（霧雨　魔理沙）","Minty Spire (QoL Compilation)","Rare Cards Sparkle","Robot Space Explorer","StSLib","The Animator","The Construct","The Cursed","The Dragon Tamer","The Marked","The Necromancer","The Servant 0.9.4"],"gold_per_floor":[117,128,139,139,139,164,233,66,66,82,96,107,107,142,142,242,242,255,275,287,287,287],"floor_reached":21,"playtime":2583,"items_purged":[],"score":193,"play_id":"19fef37d-5800-4de9-a34e-93e40d4385f8","local_time":"20210107234417","is_ascension_mode":false,"campfire_choices":[{"data":"hermit:TakeAim","floor":13.0,"key":"SMITH"},{"floor":15.0,"key":"REST"}],"circlet_count":0,"master_deck":["hermit:Strike_Hermit","hermit:Strike_Hermit","hermit:Strike_Hermit","hermit:Strike_Hermit","hermit:Defend_Hermit","hermit:Defend_Hermit","hermit:Defend_Hermit","hermit:Defend_Hermit","hermit:Snapshot","hermit:Covet","hermit:Combo+1","hermit:Ricochet","hermit:Dive","hermit:Snipe","hermit:BigShot","Discovery","hermit:LowProfile","hermit:TakeAim+1","hermit:Deadeye","hermit:ItchyTrigger","hermit:Roughhouse","hermit:DeadMansHand","hermit:Quickdraw","hermit:ItchyTrigger"],"relics":["hermit:Momento","Vajra","TungstenRod","Question Card","Nunchaku","Toy Ornithopter","SacredBark"],"acts_visited":["Exordium","TheCity"],"potions_floor_usage":[],"damage_taken":[{"damage":0.0,"enemies":"Small Slimes","floor":1.0,"turns":4.0},{"damage":6.0,"enemies":"Jaw Worm","floor":2.0,"turns":5.0},{"damage":0.0,"enemies":"Cultist","floor":3.0,"turns":3.0},{"damage":20.0,"enemies":"3 Sentries","floor":6.0,"turns":7.0},{"damage":0.0,"enemies":"2 Fungi Beasts","floor":10.0,"turns":2.0},{"damage":8.0,"enemies":"Lots of Slimes","floor":11.0,"turns":3.0},{"damage":0.0,"enemies":"Large Slime","floor":12.0,"turns":9.0},{"damage":10.0,"enemies":"Gremlin Nob","floor":14.0,"turns":4.0},{"damage":40.0,"enemies":"The Guardian","floor":16.0,"turns":7.0},{"damage":15.0,"enemies":"3 Byrds","floor":18.0,"turns":8.0},{"damage":28.0,"enemies":"Chosen","floor":19.0,"turns":7.0},{"damage":27.0,"enemies":"Snecko","floor":20.0,"turns":6.0},{"damage":12,"enemies":"Snake Plant","floor":21,"turns":1}],"seed_played":"-2389265906693493962","potions_obtained":[{"floor":1.0,"key":"Dexterity Potion"},{"floor":6.0,"key":"CultistPotion"},{"floor":10.0,"key":"ColorlessPotion"},{"floor":11.0,"key":"BlessingOfTheForge"},{"floor":14.0,"key":"Strength Potion"}],"is_trial":false,"path_per_floor":["M","M","M","?","?","E","T","$","T","M","M","M","R","E","R","B",null,"M","M","M","M"],"character_chosen":"HERMIT","items_purchased":["hermit:BigShot","Discovery"],"campfire_rested":1,"item_purchase_floors":[8,8],"current_hp_per_floor":[82,76,76,76,73,53,53,53,53,53,45,45,45,35,59,34,82,67,39,12,0,0],"gold":287,"neow_bonus":"TEN_PERCENT_HP_BONUS","is_daily":false,"chose_seed":false,"campfire_upgraded":1,"win_rate":0.0,"timestamp":1610081057,"path_taken":["M","M","M","?","?","E","?","?","T","M","M","M","R","E","R","BOSS","M","M","M","M"],"items_purchased_type":["Card","Card"],"build_version":"2020-12-22","purchased_purges":0,"victory":false,"max_hp_per_floor":[82,82,82,82,82,82,82,82,82,82,82,82,82,82,82,82,82,82,82,82,82,82],"card_choices":[{"not_picked":["hermit:ShadowCloak","hermit:Roulette"],"picked":"hermit:Combo","floor":1.0},{"not_picked":["hermit:FlashPowder","hermit:Desperado"],"picked":"hermit:Ricochet","floor":2.0},{"not_picked":["hermit:HighNoon","hermit:HoleUp"],"picked":"hermit:Dive","floor":3.0},{"not_picked":["hermit:Grudge","hermit:Desperado"],"picked":"hermit:Snipe","floor":6.0},{"not_picked":["hermit:Gestalt","hermit:Glare","hermit:DeadMansHand"],"picked":"hermit:LowProfile","floor":10.0},{"not_picked":["hermit:WideOpen","hermit:Dive","hermit:GhostlyPresence"],"picked":"hermit:TakeAim","floor":11.0},{"not_picked":["hermit:GoldenBullet","hermit:Desperado","hermit:DeadMansHand"],"picked":"hermit:Deadeye","floor":12.0},{"not_picked":["hermit:Horror","hermit:WideOpen","hermit:TakeAim"],"picked":"hermit:ItchyTrigger","floor":14.0},{"not_picked":["hermit:EternalForm","hermit:Reprieve","hermit:HighNoon"],"picked":"hermit:Roughhouse","floor":16.0},{"not_picked":["hermit:GoldenBullet","hermit:HighCaliber","hermit:BodyArmor"],"picked":"hermit:DeadMansHand","floor":18.0},{"not_picked":["hermit:Dive","hermit:HoleUp","hermit:Snipe"],"picked":"hermit:Quickdraw","floor":19.0},{"not_picked":["hermit:Ricochet","hermit:Desperado","hermit:Snipe"],"picked":"hermit:ItchyTrigger","floor":20.0}],"player_experience":48820,"relics_obtained":[{"floor":6.0,"key":"TungstenRod"},{"floor":7.0,"key":"Question Card"},{"floor":9.0,"key":"Nunchaku"},{"floor":14.0,"key":"Toy Ornithopter"}],"event_choices":[{"damage_healed":0.0,"max_hp_gain":0.0,"max_hp_loss":0.0,"gold_gain":0.0,"event_name":"Living Wall","player_choice":"Grow","floor":4.0,"gold_loss":0.0,"damage_taken":0.0,"cards_upgraded":["hermit:Combo"]},{"damage_healed":0.0,"max_hp_gain":0.0,"max_hp_loss":0.0,"gold_gain":0.0,"event_name":"Scrap Ooze","player_choice":"Success","floor":5.0,"gold_loss":0.0,"damage_taken":3.0,"relics_obtained":["Vajra"]}],"is_beta":false,"boss_relics":[{"not_picked":["Ectoplasm","hermit:DentedPlate"],"picked":"SacredBark"}],"items_purged_floors":[],"is_endless":false,"potions_floor_spawned":[1,6,10,11,14],"killed_by":"Snake Plant","ascension_level":0}}