{"host":"7r6bd5ce6zscnmwq","time":1610092261,"event":{"mods":["BaseMod","Better Altar","Better Match","Better Note","Better Sensory Stone","Better Skull","Better Third Choice","Better Vampires","Block Reminder","Colored Powertips","Displayed Cursed Tome","Minty Spire (QoL Compilation)","Permanent Neow","Quick Restart","Shop Mod","Spicy Shops","StSLib","The Marked"],"gold_per_floor":[112,112,129,129,54,54,79,79,106,68,68,80,11,30,30,131,131,142,167,186,92,92,92,107,7,7,7,23,33,52,52,52],"floor_reached":31,"playtime":2182,"items_purged":["theMarked:Defend","theMarked:Defend"],"score":328,"play_id":"7d380e00-d1ae-40dc-9a1e-9dabdd1286c3","local_time":"20210108165101","is_ascension_mode":true,"campfire_choices":[{"data":"theMarked:Electrocute","floor":6,"key":"SMITH"},{"floor":8,"key":"REST"},{"data":"theMarked:Polarize","floor":15,"key":"SMITH"},{"floor":23,"key":"REST"},{"floor":27,"key":"REST"}],"circlet_count":0,"master_deck":["theMarked:Strike","theMarked:Strike+1","theMarked:Strike+1","theMarked:Defend","theMarked:SoldierOfQuellstein+1","theMarked:BanishingStrike","theMarked:WardOff","theMarked:Electrocute+1","theMarked:ReduceFriction","theMarked:HeritageOfTheMarked","theMarked:DeterminationOfTheMarked","theMarked:Polarize+1","theMarked:Vacuum","theMarked:HeightenedSenses","Blind","theMarked:TwofoldDefense+1"],"relics":["theMarked:ArtifactOfAir","Bottled Lightning","Akabeko","Sozu","Red Mask","The Courier"],"acts_visited":["Exordium","TheCity"],"potions_floor_usage":[18,19],"damage_taken":[{"damage":2.0,"enemies":"Jaw Worm","floor":1.0,"turns":3.0},{"damage":3,"enemies":"Small Slimes","floor":3,"turns":3},{"damage":14,"enemies":"Lagavulin","floor":7,"turns":4},{"damage":0,"enemies":"Cultist","floor":12,"turns":2},{"damage":1,"enemies":"Red Slaver","floor":14,"turns":2},{"damage":0,"enemies":"Slime Boss","floor":16,"turns":5},{"damage":12,"enemies":"2 Thieves","floor":18,"turns":3},{"damage":35,"enemies":"Masked Bandits","floor":19,"turns":4},{"damage":6,"enemies":"3 Byrds","floor":20,"turns":6},{"damage":6,"enemies":"Shelled Parasite and Fungi","floor":24,"turns":3},{"damage":11,"enemies":"Centurion and Healer","floor":28,"turns":4},{"damage":6,"enemies":"Chosen and Byrds","floor":29,"turns":4},{"damage":16,"enemies":"Snecko","floor":30,"turns":5},{"damage":21,"enemies":"Cultist and Chosen","floor":31,"turns":4}],"seed_played":"-6376297374584622575","potions_obtained":[{"floor":7,"key":"Energy Potion"},{"floor":16,"key":"LiquidMemories"}],"is_trial":false,"path_per_floor":["M","?","M","?","$","R","E","R","T","$","?","M","$","M","R","B",null,"M","?","M","$","?","R","M","$","T","R","M","M","M","M"],"character_chosen":"THE_DEFAULT","items_purchased":["theMarked:HeritageOfTheMarked","theMarked:DeterminationOfTheMarked","Blind"],"campfire_rested":3,"item_purchase_floors":[10,13,21],"current_hp_per_floor":[68,54,51,51,51,51,37,58,58,58,47,47,47,46,46,46,70,58,23,17,17,17,38,32,32,32,53,42,36,20,0,0],"gold":52,"neow_bonus":"TRANSFORM_CARD","is_daily":false,"chose_seed":false,"campfire_upgraded":2,"win_rate":0.0,"timestamp":1610092261,"path_taken":["M","?","M","?","$","R","E","R","T","$","?","?","?","M","R","BOSS","M","?","M","$","?","R","M","$","T","R","M","M","M","M"],"items_purchased_type":["Card","Card","Card"],"build_version":"2020-12-22","purchased_purges":2,"victory":false,"max_hp_per_floor":[70,70,70,70,70,70,70,70,70,70,70,70,70,70,70,70,70,70,70,70,70,70,70,70,70,70,70,70,70,70,70,70],"card_choices":[{"not_picked":["theMarked:BanishingStrike","theMarked:Improvise"],"picked":"theMarked:WardOff","floor":1.0},{"not_picked":["theMarked:WardOff","theMarked:Improvise"],"picked":"theMarked:Electrocute","floor":3},{"not_picked":["theMarked:FavorableWinds","theMarked:Generate"],"picked":"theMarked:ReduceFriction","floor":7},{"not_picked":["theMarked:Electrocute","theMarked:Parry","theMarked:ElectricStrings"],"picked":"SKIP","floor":12},{"not_picked":["theMarked:Static","theMarked:WastefulDefense"],"picked":"theMarked:Polarize","floor":14},{"not_picked":["theMarked:FavorableWinds","theMarked:DispelDoubt"],"picked":"theMarked:Vacuum","floor":16},{"not_picked":["theMarked:Aftermath","theMarked:WardOff+1","theMarked:EnhanceMovement"],"picked":"SKIP","floor":18},{"not_picked":["theMarked:SwordAndMagic","theMarked:WardOff"],"picked":"theMarked:HeightenedSenses","floor":19},{"not_picked":["theMarked:Convert","theMarked:Vacuum","theMarked:WastefulAttack"],"picked":"SKIP","floor":20},{"not_picked":["theMarked:Electrify","theMarked:ChainLightning"],"picked":"theMarked:TwofoldDefense+1","floor":24},{"not_picked":["theMarked:EmpowerWeapon","theMarked:ElectricStrings+1","theMarked:Snap"],"picked":"SKIP","floor":28},{"not_picked":["theMarked:KeepCalmAndFightOn","theMarked:LightningStrikesTwice+1","theMarked:EmpowerWeapon+1"],"picked":"SKIP","floor":29},{"not_picked":["theMarked:ChainLightning+1","theMarked:SwordAndMagic+1","theMarked:TakeCover"],"picked":"SKIP","floor":30}],"player_experience":629629,"relics_obtained":[{"floor":7,"key":"Bottled Lightning"},{"floor":9,"key":"Akabeko"},{"floor":19,"key":"Red Mask"},{"floor":26,"key":"The Courier"}],"event_choices":[{"damage_healed":68,"gold_gain":0,"player_choice":"Upgrade","damage_taken":14,"max_hp_gain":0,"max_hp_loss":70,"event_name":"betterThird:BetterShining","floor":2,"gold_loss":0,"cards_upgraded":["theMarked:SoldierOfQuellstein","theMarked:Strike"]},{"cards_removed":["theMarked:Strike"],"damage_healed":0,"gold_gain":0,"player_choice":"Forget","damage_taken":0,"max_hp_gain":0,"max_hp_loss":0,"event_name":"Living Wall","floor":4,"gold_loss":0},{"damage_healed":0,"gold_gain":0,"player_choice":"UP ","damage_taken":13,"relics_obtained":[],"max_hp_gain":0,"max_hp_loss":0,"event_name":"betterSkull:BetterSkull","floor":11,"gold_loss":0,"cards_upgraded":["theMarked:Strike"]},{"damage_healed":0,"gold_gain":0,"player_choice":"Fought Bandits","damage_taken":0,"max_hp_gain":0,"max_hp_loss":0,"event_name":"Masked Bandits","floor":19,"gold_loss":0},{"cards_removed":["theMarked:Strike"],"damage_healed":0,"gold_gain":0,"player_choice":"Elegance","damage_taken":0,"max_hp_gain":0,"max_hp_loss":0,"event_name":"betterThird:BetterWriting","floor":22,"gold_loss":0}],"is_beta":false,"boss_relics":[{"not_picked":["SacredBark","Pandora\u0027s Box"],"picked":"Sozu"}],"items_purged_floors":[5,25],"is_endless":false,"potions_floor_spawned":[7,16,19,24,29],"killed_by":"Cultist and Chosen","ascension_level":3}}