{"host":"7eghw93eeze7thed","time":1610079030,"event":{"mods":["Act Like it!","Aspiration","BaseMod","CapriCore","Challenge The Spire","Colored Map","Colored Powertips","Gensokyo","Koishi","Marked Mod","Minty Spire (QoL Compilation)","Quick Restart","StSLib","The Immortal","The Jungle"],"gold_per_floor":[119,219,219,219,232,257,4,23,100,114,114,47,65,83,83,185,185,202,521,274,274,36,36,36,36,36,63,78,98,112,112,112,211,211,229,229,229,246,246,280,299,64,64,64,79,79,79],"floor_reached":46,"playtime":4563,"items_purged":["Koishi:BasicStrike","Koishi:BasicStrike"],"score":595,"play_id":"b02a01b0-dcbb-4860-8094-61cd0cafa97a","local_time":"20210108121029","is_ascension_mode":false,"campfire_choices":[{"data":"Gensokyo:ManorOfTheDishes","floor":15.0,"key":"SMITH"},{"data":"Koishi:TerrifyingSpectre","floor":23.0,"key":"SMITH"},{"data":"Koishi:FadingMemory","floor":25.0,"key":"SMITH"},{"data":"Gensokyo:FourOfAKind","floor":32.0,"key":"SMITH"},{"data":"Koishi:Whimsy","floor":44.0,"key":"SMITH"}],"circlet_count":0,"master_deck":["Koishi:BasicStrike","Koishi:BasicStrike","Koishi:BasicDefend","Koishi:BasicDefend","Koishi:BasicDefend","Koishi:Provoke","Koishi:HauntingSlash+1","Koishi:Untouchable","Koishi:Prune","Koishi:SubterraneanRose","Gensokyo:ManorOfTheDishes+1","Koishi:Jaunt","Koishi:FleetingPhantom","Koishi:MassHysteria","Koishi:Prune","Koishi:DNAsFlaw","Koishi:ParalyzingFear","Koishi:PhantomBarrier","Koishi:TerrifyingSpectre+1","Koishi:SubconsciousSweep+1","Koishi:VengefulSpirit","Koishi:GhostParty","Gensokyo:FourOfAKind","Gensokyo:FourOfAKind","Gensokyo:FourOfAKind+1","Gensokyo:FourOfAKind","Koishi:FadingMemory+1","Koishi:ConfinedInnocent","Koishi:UnansweredLove","Koishi:HeartAttack","Koishi:GrowingPain","Koishi:VengefulSpirit+1","Koishi:UnansweredLove+1","Koishi:SubconsciousSweep+1","Koishi:HeartAttack+1","Koishi:Whimsy+1","Koishi:UnconsciousUprising","Koishi:UnconsciousUrges+1","Koishi:DNAsFlaw","Koishi:SpiritedAway","Gensokyo:ScrapIron","Gensokyo:Shovel","Koishi:Possession"],"relics":["Koishi:ImaginaryFriend","NeowsBlessing","Omamori","Kunai","Koishi:TeethAndClaws","Coffee Dripper","aspiration:HummingbirdHeart","Pantograph","Koishi:ColorfulDays","Koishi:LettersToReimu","Orrery"],"acts_visited":["Gensokyo:Gensokyo","Gensokyo:Gensokyoer","Gensokyo:Gensokyoest"],"potions_floor_usage":[],"damage_taken":[{"damage":0.0,"enemies":"Gensokyo:Gryphon","floor":1.0,"turns":1.0},{"damage":0.0,"enemies":"Gensokyo:Python","floor":5.0,"turns":1.0},{"damage":0.0,"enemies":"Gensokyo:Cirno","floor":6.0,"turns":2.0},{"damage":4.0,"enemies":"Gensokyo:3_Fairies","floor":8.0,"turns":5.0},{"damage":8.0,"enemies":"Gensokyo:Gryphon_and_Rabbit","floor":10.0,"turns":5.0},{"damage":3.0,"enemies":"Gensokyo:VengefulSpirit","floor":13.0,"turns":8.0},{"damage":0.0,"enemies":"Gensokyo:Python_and_Kodama","floor":14.0,"turns":5.0},{"damage":8.0,"enemies":"Gensokyo:Kokoro","floor":16.0,"turns":16.0},{"damage":8.0,"enemies":"Gensokyo:Chomper","floor":18.0,"turns":6.0},{"damage":20.0,"enemies":"Gensokyo:AngelMirror","floor":19.0,"turns":6.0},{"damage":5.0,"enemies":"Gensokyo:Reisen","floor":27.0,"turns":9.0},{"damage":0.0,"enemies":"Gensokyo:3_Gloops","floor":28.0,"turns":3.0},{"damage":15.0,"enemies":"Gensokyo:Swordslinger","floor":29.0,"turns":8.0},{"damage":14.0,"enemies":"Gensokyo:Slime_Group","floor":30.0,"turns":8.0},{"damage":15.0,"enemies":"Gensokyo:Kaguya","floor":33.0,"turns":16.0},{"damage":0.0,"enemies":"Gensokyo:3_Bats","floor":35.0,"turns":7.0},{"damage":17.0,"enemies":"Gensokyo:3_Boulders","floor":38.0,"turns":7.0},{"damage":0.0,"enemies":"Gensokyo:Kasen","floor":40.0,"turns":7.0},{"damage":11.0,"enemies":"Gensokyo:Dusk_and_Dawn","floor":41.0,"turns":6.0},{"damage":3.0,"enemies":"Gensokyo:SeedOfUnknown","floor":45.0,"turns":5.0},{"damage":12,"enemies":"Gensokyo:Marisa","floor":46,"turns":2}],"seed_played":"-9140446411861817574","potions_obtained":[{"floor":5.0,"key":"AttackPotion"},{"floor":8.0,"key":"Explosive Potion"},{"floor":10.0,"key":"Ancient Potion"},{"floor":14.0,"key":"PowerPotion"},{"floor":18.0,"key":"Strength Potion"},{"floor":27.0,"key":"Dexterity Potion"},{"floor":35.0,"key":"Dexterity Potion"},{"floor":40.0,"key":"Explosive Potion"}],"is_trial":false,"path_per_floor":["M","?","?","?","M","E","COS","M","T","M","?","$","M","M","R","B",null,"M","M","$","?","$","R","?","R","T","E","M","M","M","?","R","B",null,"M","?","?","M","?","E","M","COS","T","R","M","E"],"character_chosen":"KOISHI","items_purchased":["Koishi:DNAsFlaw","Koishi:ReflexRadar","Koishi:VengefulSpirit","Koishi:GhostParty","Koishi:FadingMemory"],"campfire_rested":0,"item_purchase_floors":[12,20,20,20,22],"current_hp_per_floor":[60,60,60,60,60,60,60,56,56,54,54,54,51,53,53,53,60,54,34,34,34,34,34,34,34,34,33,33,20,8,8,8,26,42,42,42,42,27,21,21,12,12,12,12,9,0,0],"gold":79,"neow_bonus":"THREE_ENEMY_KILL","is_daily":false,"chose_seed":false,"campfire_upgraded":5,"win_rate":0.0,"timestamp":1610079029,"path_taken":["M","?","?","?","M","E","COS","M","T","?","?","$","M","M","R","BOSS","M","M","$","?","$","R","?","R","T","E","M","M","M","?","R","BOSS","M","?","?","M","?","E","M","COS","T","R","?","E"],"items_purchased_type":["Card","Card","Card","Card","Card"],"build_version":"2020-12-22","purchased_purges":2,"victory":false,"max_hp_per_floor":[60,60,60,60,60,60,60,60,60,60,60,60,60,60,60,60,60,60,60,60,42,42,42,42,42,42,42,42,42,42,42,42,42,42,42,42,42,42,42,42,42,42,42,42,42,42,42],"card_choices":[{"not_picked":["Koishi:ParalyzingFear","Koishi:CatchAndRose"],"picked":"Koishi:Untouchable","floor":1.0},{"not_picked":["Koishi:BloodcurdlingScream","Koishi:EmbryosDream"],"picked":"Koishi:Prune","floor":5.0},{"not_picked":["Koishi:Prune","Koishi:YoukaiPolygraph"],"picked":"Koishi:SubterraneanRose","floor":6.0},{"not_picked":["Koishi:BramblyRoseGarden","Koishi:JumpScare"],"picked":"Koishi:Jaunt","floor":8.0},{"not_picked":["Koishi:YoukaiPolygraph","Koishi:Prune"],"picked":"Koishi:FleetingPhantom","floor":10.0},{"not_picked":["Koishi:Untouchable","Koishi:GeneticsOfTheUnconscious"],"picked":"Koishi:MassHysteria","floor":11.0},{"not_picked":["Koishi:Catatonia","Koishi:StingingMind"],"picked":"Koishi:Prune","floor":11.0},{"not_picked":["Koishi:Ego","Koishi:CatchAndRose"],"picked":"Koishi:ParalyzingFear","floor":13.0},{"not_picked":["Koishi:BloodcurdlingScream","Koishi:ApparitionsStalkTheNight"],"picked":"Koishi:PhantomBarrier","floor":14.0},{"not_picked":["Koishi:MentalBreakdown","Koishi:MindStellarRelief"],"picked":"Koishi:TerrifyingSpectre","floor":16.0},{"not_picked":["Koishi:PredatoryInstincts","Koishi:StingingMind","Koishi:MindNumbingTerror"],"picked":"SKIP","floor":18.0},{"not_picked":["Koishi:DanmakuParanoia","Koishi:EmbersOfLove"],"picked":"Koishi:SubconsciousSweep+1","floor":19.0},{"not_picked":["Koishi:TraumaticStroke+1","Koishi:ParalyzingFear"],"picked":"Koishi:UnansweredLove","floor":27.0},{"not_picked":["Koishi:TremblingHands","Koishi:PredatoryInstincts","Koishi:CatchAndRose"],"picked":"SKIP","floor":28.0},{"not_picked":["Koishi:HeartfeltFancy+1","Koishi:PhantomStrike","Koishi:Jaunt"],"picked":"SKIP","floor":29.0},{"not_picked":["Koishi:SubconsciousSweep","Koishi:EmbryosDream"],"picked":"Koishi:HeartAttack","floor":30.0},{"not_picked":["Koishi:ImGoingToCallYouNow","Koishi:MentalBreakdown"],"picked":"Koishi:GrowingPain","floor":33.0},{"not_picked":["Koishi:RacingHeart+1","Koishi:DreadfulBlow+1"],"picked":"Koishi:VengefulSpirit+1","floor":35.0},{"not_picked":["Koishi:StingingMind","Koishi:EmbersOfLove+1"],"picked":"Koishi:UnansweredLove+1","floor":38.0},{"not_picked":["Koishi:TremblingHands+1","Koishi:Prune"],"picked":"Koishi:SubconsciousSweep+1","floor":40.0},{"not_picked":["Koishi:JumpScare","Koishi:PhilosophyOfTheDespised"],"picked":"Koishi:HeartAttack+1","floor":41.0},{"not_picked":["Koishi:CatchAndRose","Koishi:DanmakuParanoia+1"],"picked":"Koishi:Whimsy","floor":42.0},{"not_picked":["Koishi:PhantomBarrier","Koishi:ApparitionsStalkTheNight+1"],"picked":"Koishi:UnconsciousUprising","floor":42.0},{"not_picked":["Koishi:Prune+1","Koishi:VengefulSpirit+1"],"picked":"Koishi:UnconsciousUrges+1","floor":42.0},{"not_picked":["Koishi:FreudianInstinct","Koishi:StrangeCloudFist+1"],"picked":"Koishi:DNAsFlaw","floor":42.0},{"not_picked":["Koishi:ParalyzingFear+1","Koishi:MindNumbingTerror+1"],"picked":"Koishi:SpiritedAway","floor":42.0},{"not_picked":["Koishi:Jaunt","Koishi:JumpScare"],"picked":"Koishi:Possession","floor":45.0}],"player_experience":76953,"relics_obtained":[{"floor":6.0,"key":"Omamori"},{"floor":9.0,"key":"Kunai"},{"floor":26.0,"key":"aspiration:HummingbirdHeart"},{"floor":27.0,"key":"Pantograph"},{"floor":40.0,"key":"Koishi:LettersToReimu"}],"event_choices":[],"is_beta":false,"boss_relics":[{"not_picked":["Runic Dome","Fusion Hammer"],"picked":"Coffee Dripper"},{"not_picked":["Empty Cage","Calling Bell"],"picked":"Koishi:ColorfulDays"}],"items_purged_floors":[20,22],"is_endless":false,"potions_floor_spawned":[5,8,10,14,18,27,35,40],"killed_by":"Gensokyo:Marisa","ascension_level":0}}