{"host":"ryuep8ewa00k39z9","time":1610119371,"event":{"mods":["AchievementEnabler","BaseMod","Best Route Mod","Colored Map","Colored Powertips","Displayed Cursed Tome","Highlight Path","Minty Spire (QoL Compilation)","Quick Restart","SuperFastMode"],"gold_per_floor":[10,22,37,37,37,37,37,68,68,79,154,165,24,42,42,147,147,163,88,122,122,37,37,66,66,66,66,101,120,219,219,219],"floor_reached":31,"playtime":1194,"items_purged":[],"score":393,"play_id":"b472fc84-ee62-44fd-ad0b-e6111b18e1cc","local_time":"20210108092251","is_ascension_mode":true,"campfire_choices":[{"data":"Doom and Gloom","floor":6.0,"key":"SMITH"},{"floor":15.0,"key":"REST"},{"floor":23.0,"key":"REST"},{"floor":25.0,"key":"REST"}],"circlet_count":0,"master_deck":["Strike_B","Defend_B","Defend_B","Zap","Dualcast","Reinforced Body","Doom and Gloom+1","Ball Lightning","Compile Driver","Self Repair","Lockon","Electrodynamics","Thunder Strike","Self Repair+1","Compile Driver","Fission","Ball Lightning"],"relics":["Cracked Core","Lizard Tail","Question Card","SacredBark","Red Mask","Orichalcum","Centennial Puzzle"],"acts_visited":["Exordium","TheCity"],"potions_floor_usage":[],"damage_taken":[{"damage":1.0,"enemies":"Cultist","floor":1.0,"turns":4.0},{"damage":1.0,"enemies":"2 Louse","floor":2.0,"turns":2.0},{"damage":2.0,"enemies":"Jaw Worm","floor":3.0,"turns":3.0},{"damage":11.0,"enemies":"Gremlin Nob","floor":8.0,"turns":3.0},{"damage":12.0,"enemies":"Exordium Wildlife","floor":10.0,"turns":4.0},{"damage":0.0,"enemies":"Large Slime","floor":12.0,"turns":3.0},{"damage":1.0,"enemies":"2 Fungi Beasts","floor":14.0,"turns":2.0},{"damage":42.0,"enemies":"Hexaghost","floor":16.0,"turns":9.0},{"damage":23.0,"enemies":"2 Thieves","floor":18.0,"turns":3.0},{"damage":24.0,"enemies":"Masked Bandits","floor":20.0,"turns":3.0},{"damage":25.0,"enemies":"Slavers","floor":24.0,"turns":3.0},{"damage":59.0,"enemies":"Book of Stabbing","floor":28.0,"turns":5.0},{"damage":27.0,"enemies":"Shell Parasite","floor":29.0,"turns":6.0},{"damage":40,"enemies":"Shelled Parasite and Fungi","floor":31,"turns":6}],"seed_played":"424697392255584999","potions_obtained":[{"floor":3.0,"key":"Regen Potion"},{"floor":7.0,"key":"AttackPotion"},{"floor":7.0,"key":"PotionOfCapacity"},{"floor":12.0,"key":"Ancient Potion"},{"floor":14.0,"key":"Explosive Potion"},{"floor":20.0,"key":"FocusPotion"},{"floor":24.0,"key":"SteroidPotion"}],"is_trial":false,"path_per_floor":["M","M","M","?","?","R","?","E","T","M","?","M","$","M","R","B",null,"M","?","?","?","?","R","E","R","T","$","E","M","?","M"],"character_chosen":"DEFECT","items_purchased":["Electrodynamics"],"campfire_rested":3,"item_purchase_floors":[13],"current_hp_per_floor":[67,66,64,64,64,64,64,53,53,48,37,37,37,36,58,31,64,41,41,34,34,34,56,48,70,70,70,28,1,1,1,1],"gold":219,"neow_bonus":"TRANSFORM_TWO_CARDS","is_daily":false,"chose_seed":false,"campfire_upgraded":1,"win_rate":0.0,"timestamp":1610119371,"path_taken":["M","M","?","?","?","R","?","E","T","?","?","M","$","M","R","BOSS","M","?","?","?","?","R","E","R","T","$","E","M","?","M"],"items_purchased_type":["Card"],"build_version":"2020-12-22","purchased_purges":0,"victory":false,"max_hp_per_floor":[75,75,75,75,75,75,75,75,75,75,75,75,75,75,75,75,75,75,75,75,75,75,75,75,75,75,75,75,75,75,75,75],"card_choices":[{"not_picked":["Rebound","Lockon"],"picked":"Ball Lightning","floor":1.0},{"not_picked":["Steam","Barrage","Gash"],"picked":"SKIP","floor":2.0},{"not_picked":["Rip and Tear","Tempest"],"picked":"Compile Driver","floor":3.0},{"not_picked":["Rip and Tear","Turbo"],"picked":"Self Repair","floor":8.0},{"not_picked":["Redo","Skim","Consume","Coolheaded"],"picked":"SKIP","floor":10.0},{"not_picked":["Go for the Eyes","Gash","Turbo"],"picked":"Lockon","floor":12.0},{"not_picked":["Hologram","Scrape","Doom and Gloom","Leap"],"picked":"SKIP","floor":14.0},{"not_picked":["Echo Form","Amplify","Reboot"],"picked":"Thunder Strike","floor":16.0},{"not_picked":["Conserve Battery","Tempest","Hologram"],"picked":"Self Repair+1","floor":18.0},{"not_picked":["Conserve Battery","Beam Cell","Redo"],"picked":"Compile Driver","floor":20.0},{"not_picked":["Go for the Eyes","Blizzard","Consume","Streamline"],"picked":"SKIP","floor":24.0},{"not_picked":["White Noise","Reinforced Body","Steam"],"picked":"Fission","floor":28.0},{"not_picked":["Leap","Turbo","Barrage+1"],"picked":"Ball Lightning","floor":29.0}],"player_experience":3931707,"relics_obtained":[{"floor":8.0,"key":"Lizard Tail"},{"floor":9.0,"key":"Question Card"},{"floor":20.0,"key":"Red Mask"},{"floor":24.0,"key":"Centennial Puzzle"}],"event_choices":[{"damage_healed":0.0,"max_hp_gain":0.0,"max_hp_loss":0.0,"gold_gain":0.0,"event_name":"The Cleric","player_choice":"Leave","floor":4.0,"gold_loss":0.0,"damage_taken":0.0},{"cards_removed":["Strike_B"],"damage_healed":0.0,"max_hp_gain":0.0,"max_hp_loss":0.0,"gold_gain":0.0,"event_name":"Living Wall","player_choice":"Forget","floor":5.0,"gold_loss":0.0,"damage_taken":0.0},{"damage_healed":0.0,"max_hp_gain":0.0,"max_hp_loss":0.0,"gold_gain":0.0,"event_name":"Lab","player_choice":"Got Potions","floor":7.0,"gold_loss":0.0,"damage_taken":0.0},{"damage_healed":0.0,"max_hp_gain":0.0,"max_hp_loss":0.0,"gold_gain":75.0,"event_name":"World of Goop","player_choice":"Gather Gold","floor":11.0,"gold_loss":0.0,"damage_taken":11.0},{"cards_removed":["Defend_B"],"damage_healed":0.0,"max_hp_gain":0.0,"max_hp_loss":0.0,"gold_gain":0.0,"event_name":"Beggar","player_choice":"Gave Gold","floor":19.0,"gold_loss":75.0,"damage_taken":0.0},{"damage_healed":0.0,"max_hp_gain":0.0,"max_hp_loss":0.0,"gold_gain":0.0,"event_name":"Masked Bandits","player_choice":"Fought Bandits","floor":20.0,"gold_loss":0.0,"damage_taken":0.0},{"cards_removed":["Strike_B"],"damage_healed":0.0,"max_hp_gain":0.0,"max_hp_loss":0.0,"gold_gain":0.0,"event_name":"Back to Basics","player_choice":"Elegance","floor":21.0,"gold_loss":0.0,"damage_taken":0.0},{"damage_healed":0.0,"max_hp_gain":0.0,"max_hp_loss":0.0,"gold_gain":0.0,"event_name":"Addict","player_choice":"Obtained Relic","floor":22.0,"gold_loss":85.0,"damage_taken":0.0,"relics_obtained":["Orichalcum"]},{"damage_healed":0.0,"max_hp_gain":0.0,"max_hp_loss":0.0,"gold_gain":99.0,"event_name":"Nest","player_choice":"Stole From Cult","floor":30.0,"gold_loss":0.0,"damage_taken":0.0}],"is_beta":false,"boss_relics":[{"not_picked":["Busted Crown","Black Star"],"picked":"SacredBark"}],"items_purged_floors":[],"is_endless":false,"potions_floor_spawned":[3,12,14,20,24],"killed_by":"Shelled Parasite and Fungi","ascension_level":9}}