{"host":"qfskrnw3pl1q86j0","time":1610140041,"event":{"mods":["BaseMod","Block Reminder","Hermit","Marisa????????","Minty Spire (QoL Compilation)","Quick Restart","Random Character Button","Relic Stats","StSLib","The Poker Player","slay the spire mod where everything is the same but ironclad has a cowboy hat"],"gold_per_floor":[111,111,123,133,133,133,150,160,160,160,85,96,96,126,126,222,222,242,261,107,126,144,144,96,111,135,135,153,153,153,153,153,258,258,271,286,161,0,17,45,45,58,58,58,36,36,48,58,58,58],"floor_reached":51,"playtime":1560,"items_purged":["Strike_MRS","Strike_MRS","Defend_MRS"],"score":781,"play_id":"42152e93-ab20-4de9-bcce-213e6347afb7","local_time":"20210108220721","is_ascension_mode":false,"campfire_choices":[{"data":"NonDirectionalLaser","floor":6,"key":"SMITH"},{"data":"AsteroidBelt","floor":10,"key":"SMITH"},{"data":"MilkyWay","floor":15,"key":"SMITH"},{"data":"SporeBomb","floor":23,"key":"SMITH"},{"data":"AbsoluteMagnitude","floor":27,"key":"SMITH"},{"data":"MilkyWay","floor":30,"key":"SMITH"},{"data":"SprinkleStarSeal","floor":32,"key":"SMITH"},{"data":"GrandCross","floor":41,"key":"SMITH"},{"data":"GalacticHalo","floor":44,"key":"SMITH"},{"data":"GrandCross","floor":46,"key":"SMITH"},{"data":"PulseMagic","floor":49,"key":"SMITH"}],"circlet_count":0,"master_deck":["Strike_MRS","Strike_MRS","Defend_MRS","Defend_MRS","Defend_MRS+1","MasterSpark+1","UpSweep+1","NonDirectionalLaser+1","AsteroidBelt+1","MilkyWay+1","SprinkleStarSeal+1","AbsoluteMagnitude+1","PulseMagic+1","SporeBomb+1","GalacticHalo+1","MilkyWay+1","GrandCross+1","GrandCross+1"],"relics":["MiniHakkero","Mercury Hourglass","Nunchaku","Busted Crown","Orichalcum","Sozu","Red Mask","CaptainsWheel","Turnip"],"acts_visited":["Exordium","TheCity","TheBeyond"],"potions_floor_usage":[7,16,25,33,50,50,50],"damage_taken":[{"damage":5,"enemies":"Jaw Worm","floor":1,"turns":4},{"damage":0,"enemies":"2 Louse","floor":3,"turns":2},{"damage":0,"enemies":"Cultist","floor":4,"turns":3},{"damage":4,"enemies":"2 Fungi Beasts","floor":7,"turns":2},{"damage":6,"enemies":"Large Slime","floor":8,"turns":5},{"damage":0,"enemies":"3 Louse","floor":12,"turns":2},{"damage":4,"enemies":"3 Sentries","floor":14,"turns":6},{"damage":0,"enemies":"Slime Boss","floor":16,"turns":6},{"damage":5,"enemies":"Chosen","floor":18,"turns":3},{"damage":0,"enemies":"2 Thieves","floor":19,"turns":3},{"damage":0,"enemies":"Chosen and Byrds","floor":21,"turns":3},{"damage":1,"enemies":"Shelled Parasite and Fungi","floor":22,"turns":4},{"damage":5,"enemies":"Cultist and Chosen","floor":25,"turns":4},{"damage":6,"enemies":"3 Cultists","floor":28,"turns":4},{"damage":30,"enemies":"Automaton","floor":33,"turns":8},{"damage":9,"enemies":"3 Darklings","floor":35,"turns":5},{"damage":5,"enemies":"3 Shapes","floor":36,"turns":3},{"damage":0,"enemies":"3 Darklings","floor":39,"turns":3},{"damage":0,"enemies":"Nemesis","floor":40,"turns":3},{"damage":0,"enemies":"Jaw Worm Horde","floor":42,"turns":3},{"damage":0,"enemies":"Maw","floor":47,"turns":5},{"damage":0,"enemies":"4 Shapes","floor":48,"turns":5},{"damage":30,"enemies":"Awakened One","floor":50,"turns":13}],"seed_played":"-4576883626627818388","potions_obtained":[{"floor":4,"key":"DistilledChaos"},{"floor":7,"key":"Regen Potion"},{"floor":12,"key":"CultistPotion"},{"floor":16,"key":"Strength Potion"},{"floor":22,"key":"SneckoOil"},{"floor":25,"key":"EssenceOfSteel"},{"floor":33,"key":"Block Potion"}],"is_trial":false,"path_per_floor":["M","?","M","M","?","R","M","M","T","R","$","M","$","E","R","B",null,"M","M","$","M","M","R","$","M","T","R","M","?","R","?","R","B",null,"M","M","$","?","M","E","R","M","T","R","$","R","M","M","R","B",null],"character_chosen":"MARISA","items_purchased":["SporeBomb","MilkyWay","GrandCross"],"campfire_rested":0,"item_purchase_floors":[20,24,45],"current_hp_per_floor":[77,61,61,61,61,61,57,51,51,51,51,51,51,47,47,47,82,77,77,77,77,76,76,76,71,71,71,65,65,65,65,65,35,82,73,68,68,68,68,68,68,68,68,68,68,68,68,68,68,53],"gold":58,"neow_bonus":"TEN_PERCENT_HP_BONUS","is_daily":false,"chose_seed":false,"campfire_upgraded":11,"win_rate":0.0,"timestamp":1610140041,"path_taken":["M","?","M","M","?","R","M","M","T","R","$","M","$","E","R","BOSS","M","M","$","?","M","R","$","M","T","R","M","?","R","?","R","BOSS","M","M","$","?","M","E","R","M","T","R","$","R","M","M","R","BOSS"],"items_purchased_type":["Card","Card","Card"],"build_version":"2020-12-22","purchased_purges":3,"victory":true,"max_hp_per_floor":[82,82,82,82,82,82,82,82,82,82,82,82,82,82,82,82,82,82,82,82,82,82,82,82,82,82,82,82,82,82,82,82,82,82,82,82,82,82,82,82,82,82,82,82,82,82,82,82,82,82],"relic_stats":{"Sozu":3,"Nunchaku":[13],"Busted Crown":28,"counters":[23,98],"Turnip":[3],"Orichalcum":[12],"obtain_stats":[{"Sozu":34,"Nunchaku":14,"CaptainsWheel":40,"Busted Crown":17,"Turnip":43,"Red Mask":38,"MiniHakkero":0,"Orichalcum":26,"Mercury Hourglass":9},{"Sozu":15,"Nunchaku":7,"CaptainsWheel":19,"Busted Crown":8,"Turnip":20,"Red Mask":17,"MiniHakkero":0,"Orichalcum":13,"Mercury Hourglass":5},{"Sozu":58,"Nunchaku":23,"CaptainsWheel":72,"Busted Crown":29,"Turnip":75,"Red Mask":66,"MiniHakkero":0,"Orichalcum":46,"Mercury Hourglass":16}],"Mercury Hourglass":[397]},"card_choices":[{"not_picked":["6A","UnstableBomb","DarkSpark"],"picked":"SKIP","floor":1},{"not_picked":["PowerUp","WitchLeyline"],"picked":"NonDirectionalLaser","floor":3},{"not_picked":["MagicChant","MeteoricShower","ShootingEcho"],"picked":"SKIP","floor":4},{"not_picked":["MagicChant","MeteoricShower","ShootingEcho"],"picked":"SKIP","floor":4},{"not_picked":["OpenUniverse","UnstableBomb"],"picked":"AsteroidBelt","floor":7},{"not_picked":["DoubleSpark","6A","DC"],"picked":"SKIP","floor":8},{"not_picked":["OneTimeOff","ShootingEcho"],"picked":"MilkyWay","floor":12},{"not_picked":["JA","OneTimeOff"],"picked":"SprinkleStarSeal","floor":14},{"not_picked":["JA","BigCrunch"],"picked":"AbsoluteMagnitude","floor":16},{"not_picked":[],"picked":"PulseMagic","floor":18},{"not_picked":["AsteroidBelt"],"picked":"SKIP","floor":19},{"not_picked":[],"picked":"GalacticHalo","floor":21},{"not_picked":["IllusionStar+1"],"picked":"SKIP","floor":22},{"not_picked":["PulseMagic"],"picked":"SKIP","floor":25},{"not_picked":["WitchLeyline"],"picked":"SKIP","floor":28},{"not_picked":["WitchLeyline+1"],"picked":"SKIP","floor":35},{"not_picked":["6A+1"],"picked":"SKIP","floor":36},{"not_picked":["MagicChant+1"],"picked":"SKIP","floor":39},{"not_picked":["MagicChant+1"],"picked":"SKIP","floor":39},{"not_picked":["DC+1"],"picked":"SKIP","floor":40},{"not_picked":["RefractionSpark+1"],"picked":"SKIP","floor":42},{"not_picked":["6A"],"picked":"SKIP","floor":47},{"not_picked":["AbsoluteMagnitude"],"picked":"SKIP","floor":48}],"player_experience":940977,"relics_obtained":[{"floor":9,"key":"Mercury Hourglass"},{"floor":14,"key":"Nunchaku"},{"floor":26,"key":"Orichalcum"},{"floor":40,"key":"CaptainsWheel"},{"floor":43,"key":"Turnip"}],"event_choices":[{"damage_healed":0,"gold_gain":0,"player_choice":"Entered Light","damage_taken":16,"max_hp_gain":0,"max_hp_loss":0,"event_name":"Shining Light","floor":2,"gold_loss":0,"cards_upgraded":["Defend_MRS","MasterSpark"]},{"damage_healed":0,"gold_gain":0,"player_choice":"Forge","damage_taken":0,"max_hp_gain":0,"max_hp_loss":0,"event_name":"Accursed Blacksmith","floor":5,"gold_loss":0,"cards_upgraded":["UpSweep"]},{"damage_healed":0,"gold_gain":0,"player_choice":"Ignored","damage_taken":0,"max_hp_gain":0,"max_hp_loss":0,"event_name":"Ghosts","floor":29,"gold_loss":0},{"damage_healed":0,"gold_gain":0,"player_choice":"Read","damage_taken":0,"max_hp_gain":0,"max_hp_loss":0,"event_name":"The Library","floor":31,"gold_loss":0,"cards_obtained":["GrandCross"]},{"damage_healed":0,"gold_gain":0,"player_choice":"Paid","damage_taken":0,"relics_obtained":["Red Mask"],"max_hp_gain":0,"max_hp_loss":0,"event_name":"Tomb of Lord Red Mask","floor":38,"gold_loss":161}],"is_beta":false,"boss_relics":[{"not_picked":["Empty Cage","Calling Bell"],"picked":"Busted Crown"},{"not_picked":["Tiny House","BewitchedHakkero"],"picked":"Sozu"}],"items_purged_floors":[11,20,37],"is_endless":false,"potions_floor_spawned":[4,7,12,16,22,25,28,33,42,47,48],"ascension_level":0}}