{"host":"tw5nadds0x0wro7l","time":1610140091,"event":{"mods":["Aspiration","BaseMod","Better Altar","Better Match","Better Skull","Block Reminder","Card Forge","CatGirl Mod","Conspire","DNKmod","Displayed Cursed Tome","Dota2Spire","Downfall","Energized Spire","Force Act Four","Friendly Minions","Gold Saver","Grow up Mod","GungeonMod","Highlight Path","Hubris","Infinite Spire","Luminous","Minty Spire (QoL Compilation)","Practice Mode","Relic Sorter","Replay The Spire","Spicy Shops","StSLib","The Alterego","The Animator","The Death Knight","The Marked","The Senshi","TheSwordswoman","Transform Curses","Waifu the Spire","WarShipGirlsR/????R mod"],"gold_per_floor":[1051,1051,1051,1111,177,255,360,438,438,492,579,666,92,167,167,458,458,515,527,539,590,677,776,887,1013,1050,1146,1204,1345,18,69,69,390,390,435,57,57,7,124,202,337,439,489,609,666,774,100,196,196,196],"floor_reached":51,"playtime":4565,"items_purged":["alterego_mod:Punishment","alterego_mod:Rip"],"score":1461,"play_id":"73c3ab8a-379b-48ab-82d2-72d109fcbc7f","local_time":"20210108160811","daily_mods":["Draft","Vintage","Heirloom","Time Dilation","Flight","downfall:Lament","DeadlyEvents","Binary","Cursed Run","Elite Swarm","Lethality","Midas","Night Terrors"],"is_ascension_mode":false,"campfire_choices":[{"floor":15,"key":"RECALL"},{"floor":32,"key":"REST"},{"floor":49,"key":"REST"}],"circlet_count":0,"master_deck":["alterego_mod:Rip+1","alterego_mod:PerceptionDisorder+1","alterego_mod:Punishment+1","alterego_mod:Rip+1","alterego_mod:Cooking+1","alterego_mod:ChallengeComplete+1","alterego_mod:Smother+1","alterego_mod:BusterCard+1","alterego_mod:PerceptionDisorder+1","alterego_mod:Undulate+1","alterego_mod:Punishment+1","Barricade+1","Metallicize+1","alterego_mod:AlterEgo+1","alterego_mod:BreastValley+1","alterego_mod:Clap+1","alterego_mod:ClassAdvantage+1","alterego_mod:Nekomimi+1","alterego_mod:Punishment+1","alterego_mod:PurpleHair+1","alterego_mod:Rake+1","alterego_mod:Rip+1","alterego_mod:SakuraPetals+1","Combust+1","Juggernaut+1","A Thousand Cuts+1","alterego_mod:Cushion+1","Demon Form+1","Flame Barrier+1","Adrenaline+1","Caltrops+1","Doppelganger+1","expansioncontent:CaCaw+1","expansioncontent:Chronoboost+1","expansioncontent:DefensiveStance+1","Dramatic Entrance+1","alterego_mod:GIGAMILK+1","alterego_mod:Palingenesis+11","ReplayTheSpireMod:IOU","alterego_mod:ChallengeComplete+1","alterego_mod:AlterEgo+1","hubris:DuctTapeCard","hubris:Gluttony"],"relics":["Cursed Key","Anvil of the Gods","Seething Fire","Hammer of Thor","Darkstone Periapt","Du-Vu Doll","NeowsBlessing","replay:Trail_Library","DemoMod:GreenGuonStone","Bottled Tornado","The Courier","Blood Vial","Calipers","hubris:GlazedTorus","Replay:Towering Pillar of Hats","DemoMod:GnawedKey","aspiration:StickyExplosives_weak","aspiration:AnachronicSnailShell","aspiration:HatOfInfinitePower","Replay:WaspNest","infinitespire:PuzzleCube","Dota2Spire:BladeMail","Mummified Hand","conspire:BottledYoYo","Chemical X","aspiration:ChemicalBlood","BranchBurnRelic","energizedSpire:StickyHand","MawBank","animator:PurgingStone","White Beast Statue","Dota2Spire:Satanic","Oddly Smooth Stone","Dota2Spire:HandOfMidas","hubris:SphereOfDissonance","sneckomod:BlankCard","Dota2Spire:Desolator","Dota2Spire:MaskOfMadness","Dota2Spire:AghanimScepter","BargainBundle","Gremlin Horn","hubris:Reverence","Garlic","Dota2Spire:UrnOfShadows","Ancient Tea Set","Dota2Spire:OctarineCore","Dota2Spire:MonkeyKingBar","SlaversCollar","Dota2Spire:EchoSabre","conspire:TreasureMap","conspire:Flyswatter","Omamori","ReplayTheSpireMod:CursedCoin","Lantern","Onion Ring","Happy Flower","StoneCalendar","aspiration:VileToxins","conspire:TopHat","Bottled Flame","Replay:Accelerometer","Shuriken","Replay:Baseball","ReplayTheSpireMod:Lightbulb","Singing Bowl","Anchor","hubris:DuctTape","Dota2Spire:MantaStyle"],"acts_visited":["Exordium","TheCity","TheBeyond"],"potions_floor_usage":[24],"damage_taken":[{"damage":1,"enemies":"Jaw Worm","floor":1,"turns":1},{"damage":0,"enemies":"Jaw Worm","floor":2,"turns":1},{"damage":5,"enemies":"Small Slimes","floor":4,"turns":2},{"damage":11,"enemies":"Lagavulin","floor":6,"turns":4},{"damage":9,"enemies":"Replay:BlueRogue","floor":7,"turns":4},{"damage":14,"enemies":"3 Sentries","floor":8,"turns":3},{"damage":6,"enemies":"2 Louse","floor":10,"turns":3},{"damage":0,"enemies":"Gremlin Nob","floor":11,"turns":3},{"damage":9,"enemies":"3 Sentries","floor":12,"turns":4},{"damage":3,"enemies":"Gremlin Nob","floor":14,"turns":3},{"damage":120,"enemies":"Hexaghost","floor":16,"turns":5},{"damage":27,"enemies":"2 Thieves","floor":18,"turns":3},{"damage":24,"enemies":"3 Byrds","floor":21,"turns":2},{"damage":11,"enemies":"conspire:SneckoGhost","floor":22,"turns":3},{"damage":7,"enemies":"Book of Stabbing","floor":23,"turns":3},{"damage":33,"enemies":"Replay:Snechameleon","floor":24,"turns":3},{"damage":1,"enemies":"Slavers","floor":25,"turns":3},{"damage":7,"enemies":"Replay:Snechameleon","floor":27,"turns":3},{"damage":14,"enemies":"Gremlin Leader","floor":29,"turns":4},{"damage":0,"enemies":"Shelled Parasite and Fungi","floor":31,"turns":1},{"damage":17,"enemies":"hubris:MusketHawk","floor":33,"turns":5},{"damage":0,"enemies":"Orb Walker","floor":35,"turns":2},{"damage":36,"enemies":"R_Hoarder","floor":39,"turns":5},{"damage":32,"enemies":"Reptomancer","floor":40,"turns":1},{"damage":21,"enemies":"Nemesis","floor":41,"turns":5},{"damage":3,"enemies":"Reptomancer","floor":42,"turns":4},{"damage":16,"enemies":"R_Hoarder","floor":44,"turns":4},{"damage":0,"enemies":"3 Darklings","floor":45,"turns":1},{"damage":20,"enemies":"Giant Head","floor":46,"turns":5},{"damage":0,"enemies":"Reptomancer","floor":48,"turns":1},{"damage":21,"enemies":"Donu and Deca","floor":50,"turns":3}],"seed_played":"-8592949165330613036","potions_obtained":[{"floor":2,"key":"Guardian:BlockOnCardUsePotion"},{"floor":6,"key":"Swift Potion"},{"floor":7,"key":"Strength Potion"},{"floor":24,"key":"ColorlessPotion"}],"is_trial":true,"path_per_floor":["M","?","?","M","$","E","E","E","T","M","E","E","$","E","R","B",null,"M","?","?","M","E","E","E","E","T","E","T","E","$","M","R","B",null,"M","$","?","$","E","E","E","E","T","E","M","E","$","E","R","B",null],"character_chosen":"The_Alterego","items_purchased":["Blood Vial","Calipers","hubris:GlazedTorus","Replay:Towering Pillar of Hats","DemoMod:GnawedKey","Mummified Hand","conspire:BottledYoYo","Chemical X","BargainBundle","Gremlin Horn","hubris:Reverence","Garlic","Dota2Spire:UrnOfShadows","Ancient Tea Set","Dota2Spire:OctarineCore","conspire:TreasureMap","conspire:Flyswatter","Omamori","ReplayTheSpireMod:CursedCoin","Lantern","Onion Ring","ReplayTheSpireMod:Lightbulb","Singing Bowl","Anchor","hubris:DuctTape"],"campfire_rested":2,"item_purchase_floors":[5,5,5,5,5,13,13,13,30,30,30,30,30,30,30,36,36,36,38,38,38,47,47,47,47],"current_hp_per_floor":[119,129,140,145,155,159,162,164,180,190,206,213,223,236,246,180,292,275,285,295,289,294,303,292,303,319,324,340,338,348,360,449,458,475,485,495,505,521,499,479,474,483,499,495,507,503,513,527,634,635],"gold":196,"neow_bonus":"","is_daily":false,"chose_seed":false,"campfire_upgraded":0,"win_rate":0.0,"timestamp":1610140091,"path_taken":["M","?","?","M","$","E","E","E","T","?","E","E","$","?","R","BOSS","M","?","?","?","?","E","E","E","T","E","?","E","$","M","R","BOSS","M","$","?","?","?","E","E","E","T","E","?","E","?","?","R","BOSS"],"items_purchased_type":["Relic","Relic","Relic","Relic","Relic","Relic","Relic","Relic","Relic","Relic","Relic","Relic","Relic","Relic","Relic","Relic","Relic","Relic","Relic","Relic","Relic","Relic","Relic","Relic","Relic"],"build_version":"2020-12-22","purchased_purges":2,"victory":true,"max_hp_per_floor":[120,130,140,150,160,170,180,190,206,216,226,236,246,256,266,282,292,302,312,322,332,342,352,362,372,388,398,414,424,434,444,449,465,475,485,495,505,521,531,541,551,561,577,587,597,607,617,629,634,650],"card_choices":[{"not_picked":["alterego_mod:Undulate","alterego_mod:Birthday"],"picked":"alterego_mod:Rip","floor":0},{"not_picked":["alterego_mod:DustData","alterego_mod:BiFurious"],"picked":"alterego_mod:PerceptionDisorder","floor":0},{"not_picked":["alterego_mod:PurpleHair","alterego_mod:Exercise"],"picked":"alterego_mod:Punishment","floor":0},{"not_picked":["alterego_mod:DeftHands","alterego_mod:Pet"],"picked":"alterego_mod:TrashNCrash","floor":0},{"not_picked":["alterego_mod:Bloomers","alterego_mod:Mirror"],"picked":"alterego_mod:Rip","floor":0},{"not_picked":["alterego_mod:DiscoLights","alterego_mod:GoddessCore"],"picked":"alterego_mod:Cooking","floor":0},{"not_picked":["alterego_mod:Stockings","alterego_mod:MagicResistance"],"picked":"alterego_mod:Bounce","floor":0},{"not_picked":["alterego_mod:Santa","alterego_mod:BeGentle"],"picked":"alterego_mod:ChallengeComplete","floor":0},{"not_picked":["alterego_mod:BiFurious","alterego_mod:Bounce"],"picked":"alterego_mod:Smother","floor":0},{"not_picked":["alterego_mod:Bunnysuit","alterego_mod:Cooking"],"picked":"alterego_mod:ChallengeComplete","floor":0},{"not_picked":["alterego_mod:BiFurious","alterego_mod:Undulate"],"picked":"alterego_mod:BusterCard","floor":0},{"not_picked":["alterego_mod:1TonWallop","alterego_mod:MagicResistance"],"picked":"alterego_mod:PerceptionDisorder","floor":0},{"not_picked":["alterego_mod:DustData","alterego_mod:Maid"],"picked":"alterego_mod:Skirt","floor":0},{"not_picked":["alterego_mod:Mirror","alterego_mod:GachaTicket"],"picked":"alterego_mod:Undulate","floor":0},{"not_picked":["alterego_mod:Mirror","alterego_mod:GoddessCore"],"picked":"alterego_mod:Punishment","floor":0},{"not_picked":["alterego_mod:Valkyrie","alterego_mod:RingBreak"],"picked":"SKIP","floor":6},{"not_picked":["alterego_mod:SideboobHour","alterego_mod:STier"],"picked":"SKIP","floor":7},{"not_picked":["alterego_mod:IdEs","alterego_mod:Vow"],"picked":"SKIP","floor":8},{"not_picked":["alterego_mod:VirginLaserPalladion","alterego_mod:BrynhildrRomantia"],"picked":"SKIP","floor":11},{"not_picked":["alterego_mod:IdEs","alterego_mod:PainIsPleasure"],"picked":"SKIP","floor":12},{"not_picked":["alterego_mod:VirginLaserPalladion","alterego_mod:ClassAdvantage"],"picked":"SKIP","floor":14},{"not_picked":["alterego_mod:Valkyrie","alterego_mod:ClassAdvantage"],"picked":"SKIP","floor":22},{"not_picked":["alterego_mod:Venus","alterego_mod:BrynhildrRomantia"],"picked":"SKIP","floor":23},{"not_picked":["alterego_mod:Alter","alterego_mod:PainIsPleasure"],"picked":"SKIP","floor":24},{"not_picked":["alterego_mod:VirginLaserPalladion","alterego_mod:GIGAMILK"],"picked":"SKIP","floor":25},{"not_picked":["alterego_mod:Palingenesis","alterego_mod:IdEs"],"picked":"SKIP","floor":27},{"not_picked":["alterego_mod:Palingenesis","alterego_mod:IdEs"],"picked":"SKIP","floor":27},{"not_picked":["alterego_mod:InsideBaseball","alterego_mod:IdEs"],"picked":"SKIP","floor":29},{"not_picked":["alterego_mod:TrickOrTreatment","alterego_mod:Tantrum"],"picked":"SKIP","floor":39},{"not_picked":["alterego_mod:RingBreak"],"picked":"alterego_mod:AlterEgo","floor":40},{"not_picked":["alterego_mod:Venus"],"picked":"alterego_mod:STier","floor":41},{"not_picked":["alterego_mod:IdEs","alterego_mod:Lift"],"picked":"SKIP","floor":42},{"not_picked":["alterego_mod:Rake","alterego_mod:GIGAMILK"],"picked":"SKIP","floor":44},{"not_picked":["alterego_mod:GIGAMILK","alterego_mod:IdEs"],"picked":"SKIP","floor":46},{"not_picked":["alterego_mod:Valkyrie","alterego_mod:Weigh"],"picked":"Singing Bowl","floor":48}],"player_experience":71450,"relics_obtained":[{"floor":1,"key":"Bottled Tornado"},{"floor":4,"key":"The Courier"},{"floor":6,"key":"aspiration:StickyExplosives_weak"},{"floor":7,"key":"aspiration:AnachronicSnailShell"},{"floor":8,"key":"aspiration:HatOfInfinitePower"},{"floor":9,"key":"Replay:WaspNest"},{"floor":10,"key":"infinitespire:PuzzleCube"},{"floor":11,"key":"Dead Branch"},{"floor":12,"key":"Dota2Spire:BladeMail"},{"floor":14,"key":"aspiration:ChemicalBlood"},{"floor":18,"key":"MawBank"},{"floor":21,"key":"White Beast Statue"},{"floor":22,"key":"Dota2Spire:Satanic"},{"floor":23,"key":"Oddly Smooth Stone"},{"floor":24,"key":"Dota2Spire:HandOfMidas"},{"floor":25,"key":"hubris:SphereOfDissonance"},{"floor":26,"key":"sneckomod:BlankCard"},{"floor":27,"key":"Dota2Spire:Desolator"},{"floor":28,"key":"Dota2Spire:MaskOfMadness"},{"floor":29,"key":"Dota2Spire:AghanimScepter"},{"floor":31,"key":"Dota2Spire:MonkeyKingBar"},{"floor":35,"key":"Dota2Spire:EchoSabre"},{"floor":39,"key":"Happy Flower"},{"floor":40,"key":"StoneCalendar"},{"floor":41,"key":"aspiration:VileToxins"},{"floor":42,"key":"conspire:TopHat"},{"floor":43,"key":"Bottled Flame"},{"floor":44,"key":"Replay:Accelerometer"},{"floor":45,"key":"Shuriken"},{"floor":46,"key":"Replay:Baseball"},{"floor":48,"key":"Dota2Spire:MantaStyle"}],"event_choices":[{"damage_healed":0,"gold_gain":0,"player_choice":"Ignored","damage_taken":0,"max_hp_gain":0,"max_hp_loss":0,"event_name":"Ghosts","floor":19,"gold_loss":0}],"is_beta":false,"boss_relics":[{"not_picked":["Replay:Drink Me","aspiration:FutureDiary"],"picked":"energizedSpire:StickyHand"},{"not_picked":["hubris:CrackedHourglass","DemoMod:RiddleOfLead"],"picked":"SlaversCollar"}],"items_purged_floors":[13,30],"is_endless":false,"potions_floor_spawned":[2,6,7,11,12,16,18,22,23,24,25,27,29,31,33,35,39,40,41,42,44,45,46,48],"ascension_level":0}}