{"host":"d8d3jqle49sogkjv","time":1610117241,"event":{"mods":["BaseMod","Colored Map","Colored Powertips","Minty Spire (QoL Compilation)","StSLib"],"gold_per_floor":[111,111,128,53,71,71,82,82,109,109,109,137,137,152,152,254,254,265,280,730,742,176,176,205,130,130,57,57,57,84,115,115,218,268,288,343,343,358,371,371,383,415,438,146,181,234,261,278,278,278],"floor_reached":51,"playtime":4056,"items_purged":["Doubt","Defend_P"],"score":968,"play_id":"c1fa4963-e674-426d-9858-bcf64bba81c6","local_time":"20210108154721","is_ascension_mode":true,"campfire_choices":[{"data":"SandsOfTime","floor":6.0,"key":"SMITH"},{"data":"Eruption","floor":8.0,"key":"SMITH"},{"data":"Perseverance","floor":11.0,"key":"SMITH"},{"floor":15.0,"key":"REST"},{"floor":23.0,"key":"REST"},{"floor":32.0,"key":"REST"},{"data":"DevaForm","floor":40.0,"key":"SMITH"},{"floor":49,"key":"REST"}],"circlet_count":0,"master_deck":["Strike_P","Defend_P","Eruption+1","Vigilance+1","SandsOfTime+1","Perseverance+1","Pray","SandsOfTime","Sanctity","Adaptation","Vault","FlurryOfBlows","Perseverance","Sanctity","DevaForm+1","LikeWater+1","Prostrate","ForeignInfluence+1","MentalFortress+1","FlurryOfBlows+1","ClearTheMind+1","Halt+1","WaveOfTheHand"],"relics":["PureWater","Torii","Regal Pillow","Omamori","Mercury Hourglass","Empty Cage","Mango","Blood Vial","Akabeko","Mummified Hand","Potion Belt","Toy Ornithopter","Darkstone Periapt","Tiny House","Thread and Needle","Turnip","ClockworkSouvenir","Ancient Tea Set","Bronze Scales","Centennial Puzzle"],"acts_visited":["Exordium","TheCity","TheBeyond"],"potions_floor_usage":[46,47,47,47],"damage_taken":[{"damage":0.0,"enemies":"2 Louse","floor":1.0,"turns":2.0},{"damage":2.0,"enemies":"Small Slimes","floor":3.0,"turns":5.0},{"damage":0.0,"enemies":"Cultist","floor":5.0,"turns":3.0},{"damage":1.0,"enemies":"Large Slime","floor":7.0,"turns":4.0},{"damage":46.0,"enemies":"Gremlin Nob","floor":12.0,"turns":5.0},{"damage":7.0,"enemies":"Gremlin Gang","floor":14.0,"turns":3.0},{"damage":0.0,"enemies":"The Guardian","floor":16.0,"turns":10.0},{"damage":1.0,"enemies":"Chosen","floor":18.0,"turns":4.0},{"damage":7.0,"enemies":"Spheric Guardian","floor":19.0,"turns":5.0},{"damage":0.0,"enemies":"Snecko","floor":21.0,"turns":3.0},{"damage":8.0,"enemies":"Gremlin Leader","floor":24.0,"turns":7.0},{"damage":57.0,"enemies":"Book of Stabbing","floor":31.0,"turns":8.0},{"damage":39.0,"enemies":"Collector","floor":33.0,"turns":9.0},{"damage":9.0,"enemies":"3 Shapes","floor":35.0,"turns":7.0},{"damage":42.0,"enemies":"2 Orb Walkers","floor":36.0,"turns":5.0},{"damage":8.0,"enemies":"Orb Walker","floor":38.0,"turns":4.0},{"damage":0.0,"enemies":"Writhing Mass","floor":39.0,"turns":5.0},{"damage":1.0,"enemies":"4 Shapes","floor":41.0,"turns":5.0},{"damage":9,"enemies":"Nemesis","floor":42,"turns":8},{"damage":6,"enemies":"Giant Head","floor":45,"turns":7},{"damage":28,"enemies":"Jaw Worm Horde","floor":46,"turns":5},{"damage":0,"enemies":"Reptomancer","floor":47,"turns":6},{"damage":9,"enemies":"3 Darklings","floor":48,"turns":5},{"damage":10,"enemies":"Time Eater","floor":50,"turns":16}],"seed_played":"8017847791682584051","potions_obtained":[{"floor":1.0,"key":"Fire Potion"},{"floor":12.0,"key":"DuplicationPotion"},{"floor":14.0,"key":"AttackPotion"},{"floor":21.0,"key":"StancePotion"},{"floor":24.0,"key":"ColorlessPotion"},{"floor":31.0,"key":"AttackPotion"},{"floor":34.0,"key":"Strength Potion"},{"floor":35.0,"key":"PowerPotion"},{"floor":41.0,"key":"Dexterity Potion"},{"floor":42,"key":"SpeedPotion"},{"floor":46,"key":"Fire Potion"}],"is_trial":false,"path_per_floor":["M","?","M","$","M","R","M","R","T","?","R","E","?","M","R","B",null,"M","M","?","M","$","R","E","?","T","$","?","?","T","E","R","B",null,"M","?","?","M","M","R","M","E","T","$","E","M","E","M","R","B",null],"character_chosen":"WATCHER","items_purchased":["Mango","Blood Vial","Sanctity","ClockworkSouvenir","Ancient Tea Set"],"campfire_rested":4,"item_purchase_floors":[22,22,27,44,44],"current_hp_per_floor":[72,77,75,75,75,75,74,74,74,67,67,21,21,14,52,52,77,76,69,23,23,37,79,73,73,73,73,73,73,73,23,65,28,96,87,52,52,46,48,48,49,42,42,42,38,17,34,27,70,62],"gold":278,"neow_bonus":"ONE_RARE_RELIC","is_daily":false,"chose_seed":false,"campfire_upgraded":4,"win_rate":0.0,"timestamp":1610117241,"path_taken":["M","?","M","$","M","R","M","R","T","?","R","E","?","M","R","BOSS","M","?","?","?","$","R","E","?","T","$","?","?","?","E","R","BOSS","M","?","?","M","?","R","M","E","T","$","E","M","E","M","R","BOSS"],"items_purchased_type":["Relic","Relic","Card","Relic","Relic"],"build_version":"2020-12-22","purchased_purges":2,"victory":true,"max_hp_per_floor":[72,77,77,77,77,77,77,77,77,77,77,77,77,77,77,77,77,77,77,77,77,91,91,91,91,91,91,91,91,91,91,91,91,96,96,96,96,96,96,96,96,96,96,96,96,96,96,96,96,96],"card_choices":[{"not_picked":["FollowUp","CrushJoints"],"picked":"SandsOfTime","floor":1.0},{"not_picked":["PathToVictory","FlyingSleeves"],"picked":"Perseverance","floor":3.0},{"not_picked":["Sanctity","Evaluate"],"picked":"Pray","floor":5.0},{"not_picked":["Tantrum","EmptyBody"],"picked":"SandsOfTime","floor":7.0},{"not_picked":["WindmillStrike","SandsOfTime"],"picked":"Sanctity","floor":12.0},{"not_picked":["Meditate","BattleHymn"],"picked":"Adaptation","floor":14.0},{"not_picked":["SpiritShield","Establishment"],"picked":"Vault","floor":16.0},{"not_picked":["CrushJoints","SashWhip+1"],"picked":"FlurryOfBlows","floor":18.0},{"not_picked":["EmptyMind","CrushJoints"],"picked":"Perseverance","floor":19.0},{"not_picked":["SashWhip","EmptyFist+1","CrushJoints"],"picked":"SKIP","floor":21.0},{"not_picked":["JustLucky","WreathOfFlame+1","Sanctity"],"picked":"SKIP","floor":24.0},{"not_picked":["Weave","EmptyFist","CrushJoints"],"picked":"SKIP","floor":31.0},{"not_picked":["Blasphemy","Ragnarok"],"picked":"DevaForm","floor":33.0},{"not_picked":["Meditate+1","CarveReality"],"picked":"LikeWater+1","floor":34.0},{"not_picked":["Collect+1","ThirdEye+1"],"picked":"Prostrate","floor":35.0},{"not_picked":["EmptyFist","ForeignInfluence","ClearTheMind"],"picked":"SKIP","floor":38.0},{"not_picked":["Collect","Wireheading"],"picked":"ForeignInfluence+1","floor":39.0},{"not_picked":["FearNoEvil+1","SashWhip"],"picked":"MentalFortress+1","floor":41.0},{"not_picked":["EmptyBody+1","WindmillStrike"],"picked":"FlurryOfBlows+1","floor":42},{"not_picked":["FearNoEvil+1","EmptyBody+1","Consecrate+1"],"picked":"SKIP","floor":45},{"not_picked":["Swivel","WreathOfFlame+1"],"picked":"ClearTheMind+1","floor":46},{"not_picked":["EmptyBody+1","FollowUp+1"],"picked":"Halt+1","floor":47},{"not_picked":["Weave+1","FlyingSleeves"],"picked":"WaveOfTheHand","floor":48}],"player_experience":399023,"relics_obtained":[{"floor":9.0,"key":"Regal Pillow"},{"floor":12.0,"key":"Omamori"},{"floor":24.0,"key":"Akabeko"},{"floor":26.0,"key":"Mummified Hand"},{"floor":30.0,"key":"Toy Ornithopter"},{"floor":31.0,"key":"Darkstone Periapt"},{"floor":36.0,"key":"Thread and Needle"},{"floor":42,"key":"Turnip"},{"floor":45,"key":"Bronze Scales"},{"floor":47,"key":"Centennial Puzzle"}],"event_choices":[{"damage_healed":0.0,"max_hp_gain":5.0,"max_hp_loss":0.0,"gold_gain":0.0,"event_name":"Big Fish","player_choice":"Donut","floor":2.0,"gold_loss":0.0,"damage_taken":0.0},{"cards_removed":["Strike_P"],"damage_healed":0.0,"max_hp_gain":0.0,"max_hp_loss":0.0,"gold_gain":0.0,"event_name":"Golden Wing","player_choice":"Card Removal","floor":10.0,"gold_loss":0.0,"damage_taken":7.0},{"damage_healed":0.0,"max_hp_gain":0.0,"max_hp_loss":0.0,"gold_gain":0.0,"event_name":"WeMeetAgain","player_choice":"Gave Potion","floor":13.0,"gold_loss":0.0,"damage_taken":0.0,"relics_obtained":["Mercury Hourglass"]},{"damage_healed":0.0,"max_hp_gain":0.0,"max_hp_loss":0.0,"gold_gain":450.0,"event_name":"Knowing Skull","player_choice":"GOLD GOLD GOLD GOLD GOLD ","floor":20.0,"potions_obtained":[],"gold_loss":0.0,"damage_taken":46.0,"cards_obtained":[]},{"cards_removed":["Defend_P"],"damage_healed":0.0,"max_hp_gain":0.0,"max_hp_loss":0.0,"gold_gain":0.0,"event_name":"Beggar","player_choice":"Gave Gold","floor":25.0,"gold_loss":75.0,"damage_taken":0.0},{"damage_healed":0.0,"max_hp_gain":0.0,"max_hp_loss":0.0,"gold_gain":0.0,"event_name":"Addict","player_choice":"Stole Relic","floor":28.0,"gold_loss":0.0,"damage_taken":0.0,"relics_obtained":["Potion Belt"],"cards_obtained":["Shame"]},{"damage_healed":0.0,"max_hp_gain":0.0,"max_hp_loss":0.0,"gold_gain":0.0,"event_name":"Ghosts","player_choice":"Ignored","floor":29.0,"gold_loss":0.0,"damage_taken":0.0},{"damage_healed":0.0,"max_hp_gain":0.0,"max_hp_loss":0.0,"gold_gain":0.0,"event_name":"Mysterious Sphere","player_choice":"Fight","floor":36.0,"gold_loss":0.0,"damage_taken":0.0},{"cards_removed":["Strike_P"],"damage_healed":0.0,"max_hp_gain":0.0,"max_hp_loss":0.0,"gold_gain":0.0,"event_name":"Bonfire Elementals","player_choice":"Offered Basic","floor":37.0,"gold_loss":0.0,"damage_taken":0.0}],"is_beta":false,"boss_relics":[{"not_picked":["Philosopher\u0027s Stone","Runic Pyramid"],"picked":"Empty Cage"},{"not_picked":["Velvet Choker","Runic Dome"],"picked":"Tiny House"}],"items_purged_floors":[4,22],"is_endless":false,"potions_floor_spawned":[1,12,14,21,24,31,35,41,42,46],"ascension_level":3}}