{"host":"2hea6pl5vmah38iy","time":1610088288,"event":{"mods":["AchievementEnabler","BaseMod","Colored Map","DeckTracker","Keyboard Shortcuts","Minty Spire (QoL Compilation)","Rare Cards Sparkle","StSLib","SuperFastMode","everything is the same but u backflip on backflip"],"gold_per_floor":[15,26,39,59,79,79,114,114,137,151,185,185,215,215,215,311,311,336,336,350,350,363,363,363,363],"floor_reached":24,"playtime":807,"items_purged":[],"score":498,"play_id":"90b7ac79-a49e-4eca-a3bc-97d056123799","local_time":"20210108154448","is_ascension_mode":true,"campfire_choices":[{"data":"Eruption","floor":6.0,"key":"SMITH"},{"data":"FollowUp","floor":8.0,"key":"SMITH"},{"data":"SashWhip","floor":12.0,"key":"SMITH"},{"data":"Evaluate","floor":15.0,"key":"SMITH"},{"floor":23.0,"key":"RECALL"}],"circlet_count":0,"master_deck":["AscendersBane","Strike_P+1","Strike_P+1","Strike_P","Defend_P","Defend_P","Defend_P","Eruption+1","Vigilance","Tantrum","FollowUp+1","BowlingBash","SashWhip+1","LessonLearned","Evaluate+1","DeusExMachina","EmptyFist","FearNoEvil"],"relics":["PureWater","Eternal Feather","Strawberry","Oddly Smooth Stone","Omamori","Golden Idol","VioletLotus"],"acts_visited":["Exordium","TheCity"],"potions_floor_usage":[24],"damage_taken":[{"damage":0.0,"enemies":"Cultist","floor":1.0,"turns":2.0},{"damage":0.0,"enemies":"2 Louse","floor":2.0,"turns":2.0},{"damage":0.0,"enemies":"Small Slimes","floor":3.0,"turns":2.0},{"damage":3.0,"enemies":"Blue Slaver","floor":4.0,"turns":4.0},{"damage":3.0,"enemies":"Looter","floor":5.0,"turns":3.0},{"damage":0.0,"enemies":"Gremlin Nob","floor":7.0,"turns":2.0},{"damage":0.0,"enemies":"Gremlin Gang","floor":10.0,"turns":3.0},{"damage":17.0,"enemies":"3 Sentries","floor":11.0,"turns":4.0},{"damage":32.0,"enemies":"Gremlin Nob","floor":13.0,"turns":3.0},{"damage":0.0,"enemies":"Slime Boss","floor":16.0,"turns":5.0},{"damage":0.0,"enemies":"Chosen","floor":18.0,"turns":4.0},{"damage":9.0,"enemies":"Shell Parasite","floor":20.0,"turns":4.0},{"damage":32.0,"enemies":"Snake Plant","floor":22.0,"turns":5.0},{"damage":13,"enemies":"Slavers","floor":24,"turns":3}],"seed_played":"-9151468622212805320","potions_obtained":[{"floor":1.0,"key":"StancePotion"},{"floor":2.0,"key":"SteroidPotion"},{"floor":13.0,"key":"GamblersBrew"},{"floor":18.0,"key":"Energy Potion"},{"floor":22.0,"key":"BlessingOfTheForge"}],"is_trial":false,"path_per_floor":["M","M","M","M","M","R","E","R","T","M","E","R","E","?","R","B",null,"M","?","M","?","M","R","E"],"character_chosen":"WATCHER","items_purchased":[],"campfire_rested":0,"item_purchase_floors":[],"current_hp_per_floor":[61,61,61,58,55,55,55,61,68,68,51,57,25,25,34,34,60,60,60,51,51,19,28,15,15],"gold":363,"neow_bonus":"TRANSFORM_TWO_CARDS","is_daily":false,"chose_seed":false,"campfire_upgraded":4,"win_rate":0.0,"timestamp":1610088288,"path_taken":["M","M","M","M","M","R","E","R","T","M","E","R","E","?","R","BOSS","M","?","?","?","M","R","E"],"items_purchased_type":[],"build_version":"2020-12-22","purchased_purges":0,"victory":false,"max_hp_per_floor":[68,68,68,68,68,68,68,68,75,75,75,75,75,69,69,69,69,69,69,69,69,69,69,69,69],"card_choices":[{"not_picked":["Pray","Worship","Meditate"],"picked":"SKIP","floor":1.0},{"not_picked":["Wireheading","Prostrate","CarveReality"],"picked":"SKIP","floor":2.0},{"not_picked":["WreathOfFlame","Protect","ClearTheMind"],"picked":"SKIP","floor":3.0},{"not_picked":["PathToVictory","Consecrate","BattleHymn"],"picked":"SKIP","floor":4.0},{"not_picked":["BattleHymn","PathToVictory"],"picked":"BowlingBash","floor":5.0},{"not_picked":["Protect","Ragnarok"],"picked":"SashWhip","floor":7.0},{"not_picked":["BowlingBash","Conclude","Swivel"],"picked":"SKIP","floor":10.0},{"not_picked":["FollowUp","ThirdEye"],"picked":"LessonLearned","floor":11.0},{"not_picked":["Swivel","ConjureBlade"],"picked":"Evaluate","floor":13.0},{"not_picked":["SpiritShield","Brilliance"],"picked":"DeusExMachina","floor":16.0},{"not_picked":["CutThroughFate","FollowUp"],"picked":"EmptyFist","floor":18.0},{"not_picked":["BowlingBash","ClearTheMind+1"],"picked":"FearNoEvil","floor":20.0},{"not_picked":["Consecrate","WindmillStrike","EmptyFist"],"picked":"SKIP","floor":22.0}],"player_experience":460188,"relics_obtained":[{"floor":7.0,"key":"Eternal Feather"},{"floor":9.0,"key":"Strawberry"},{"floor":11.0,"key":"Oddly Smooth Stone"},{"floor":13.0,"key":"Omamori"}],"event_choices":[{"damage_healed":0.0,"max_hp_gain":0.0,"max_hp_loss":6.0,"gold_gain":0.0,"event_name":"Golden Idol","player_choice":"Lose Max HP","floor":14.0,"gold_loss":0.0,"damage_taken":0.0,"relics_obtained":["Golden Idol"]},{"damage_healed":0.0,"max_hp_gain":0.0,"max_hp_loss":0.0,"gold_gain":0.0,"event_name":"The Woman in Blue","player_choice":"Bought 0 Potions","floor":19.0,"gold_loss":0.0,"damage_taken":0.0},{"damage_healed":0.0,"max_hp_gain":0.0,"max_hp_loss":0.0,"gold_gain":0.0,"event_name":"Vampires","player_choice":"Ignored","floor":21.0,"gold_loss":0.0,"damage_taken":0.0}],"is_beta":false,"boss_relics":[{"not_picked":["Black Star","Empty Cage"],"picked":"VioletLotus"}],"items_purged_floors":[],"is_endless":false,"potions_floor_spawned":[1,2,4,13,18,22],"killed_by":"Slavers","ascension_level":14}}