{"host":"w4k767hitkqtifhw","time":1610111648,"event":{"mods":["AchievementEnabler","Act Like it!","AlwaysNeverKeys","BaseMod","BetterRewards","Colored Map","Colored Powertips","GifTheSpireLib","Hallownest","Minty Spire (QoL Compilation)","Quick Restart","Rare Cards Sparkle","Replay The Spire","StSLib","The Animator","The Bug Knight","Waifu the Spire","WarShipGirlsR/????R mod"],"gold_per_floor":[117,117,134,152,171,171,18,18,41,53,53,70,70,88,88,191,191,91,91],"floor_reached":18,"playtime":1719,"items_purged":[],"score":279,"play_id":"8bd6aed3-f0b5-497d-9fce-baebfb9d9593","local_time":"20210108141408","is_ascension_mode":false,"campfire_choices":[{"floor":6,"key":"REST"},{"floor":15,"key":"REST"}],"circlet_count":0,"master_deck":["HollowMod:NailStrikeStart","HollowMod:NailStrikeStart","HollowMod:NailStrikeStart","HollowMod:FocusHealStart","HollowMod:PogoStrike","HollowMod:theNailsmith","HollowMod:QuirrelsAssistance+1","HollowMod:HeavyBlow","HollowMod:CornifersMapStart","HollowMod:SharpenedShadows","Sadistic Nature","Panacea","HollowMod:DescendingDark","HollowMod:SoulSplash","HollowMod:Weaversong","HollowMod:BlackTendrils","HollowMod:WraithStrike","HollowMod:SoulVessel","Hallownest:skillSlugHide","Hallownest:skillSlugHide","Hallownest:skillSlugHide","Hallownest:skillSlugHide","Hallownest:skillSlugHide","HollowMod:InfectionAssault","HollowMod:AwokenDreamNail","CurseOfTheBell","animator:Curse_GriefSeed"],"relics":["HollowMod:VesselMask","BargainBundle","Pondfish Scales","Pocketwatch","Hallownest:DreamNailRelic","TheAbacus","ReplayTheSpireMod:TigerMarble","Replay:Ancient Bell","Blood Vial","Pantograph","FossilizedHelix"],"acts_visited":["Hallownest:Greenpath","Hallownest:CityofTears"],"potions_floor_usage":[16,16],"damage_taken":[{"damage":10,"enemies":"Hallownest:2_Tiktiks_and_1_Crawlid","floor":1,"turns":3},{"damage":3,"enemies":"Hallownest:2_MossCreeps","floor":3,"turns":4},{"damage":2,"enemies":"Hallownest:monsterHuskWarrior","floor":4,"turns":4},{"damage":16,"enemies":"Hallownest:monsterFoolEater","floor":5,"turns":3},{"damage":10,"enemies":"Hallownest:Wandering_and_Horned","floor":10,"turns":3},{"damage":18,"enemies":"Hallownest:Guard_and_Warrior","floor":12,"turns":3},{"damage":8,"enemies":"Hallownest:monsterMossCharger","floor":14,"turns":5},{"damage":39,"enemies":"Hallownest:BossBrokenVessel","floor":16,"turns":10},{"damage":84,"enemies":"Hallownest:Flukemon_and_Top","floor":18,"turns":6}],"seed_played":"5973553063017827155","potions_obtained":[{"floor":4,"key":"LiquidBronze"},{"floor":16,"key":"Dexterity Potion"}],"is_trial":false,"path_per_floor":["M","?","M","M","M","R","$","$","T","M","$","M","?","M","R","B",null,"M"],"character_chosen":"THE_BUGKNIGHT","items_purchased":["BargainBundle","Pondfish Scales","Pocketwatch","HollowMod:theNailsmith","HollowMod:QuirrelsAssistance+1","HollowMod:HeavyBlow","HollowMod:CornifersMapStart","HollowMod:SharpenedShadows","Sadistic Nature","Panacea","Ancient Potion","Reflective Coating","Languid Potion","TheAbacus"],"campfire_rested":2,"item_purchase_floors":[0,0,0,0,0,0,0,0,0,0,0,0,0,7],"current_hp_per_floor":[60,60,57,55,39,60,60,60,60,50,50,35,35,29,50,19,70,0,0],"gold":91,"neow_bonus":"","is_daily":false,"chose_seed":false,"campfire_upgraded":0,"win_rate":0.0,"timestamp":1610111648,"path_taken":["M","?","?","M","M","R","?","$","T","?","$","M","?","M","R","BOSS","M"],"items_purchased_type":["Relic","Relic","Relic","Card","Card","Card","Card","Card","Card","Card","Potion","Potion","Potion","Relic"],"build_version":"2020-12-22","purchased_purges":0,"victory":false,"max_hp_per_floor":[70,70,70,70,70,70,70,70,70,70,70,70,70,70,70,70,70,70,70],"card_choices":[{"not_picked":["HollowMod:SoulSplash","HollowMod:InfectedAttack"],"picked":"HollowMod:DescendingDark","floor":1},{"not_picked":["HollowMod:NewLittleFool","HollowMod:PerfectDash"],"picked":"HollowMod:SoulSplash","floor":3},{"not_picked":["HollowMod:NewJinnsSoul","HollowMod:InfectedCysts"],"picked":"HollowMod:Weaversong","floor":4},{"not_picked":["HollowMod:MawleksShell","HollowMod:CycloneSlash"],"picked":"HollowMod:BlackTendrils","floor":5},{"not_picked":["HollowMod:CrystalDash","HollowMod:LifebloodCocoon"],"picked":"HollowMod:WraithStrike","floor":10},{"not_picked":["HollowMod:DashSlash","HollowMod:FastStrike"],"picked":"HollowMod:SoulVessel","floor":12},{"not_picked":["HollowMod:GoodIntentions","HollowMod:HeavyBlow"],"picked":"HollowMod:InfectionAssault","floor":14},{"not_picked":["HollowMod:Weaversong","HollowMod:MidwifesHunger"],"picked":"HollowMod:AwokenDreamNail","floor":16},{"not_picked":["Pain","AbeCurse"],"picked":"CurseOfTheBell","floor":17},{"not_picked":["Amnesia","Parasite"],"picked":"animator:Curse_GriefSeed","floor":17},{"not_picked":["Decay","animator:Curse_Nutcracker"],"picked":"ReplayTheSpireMod:IOU","floor":17}],"player_experience":45457,"relics_obtained":[{"floor":9,"key":"ReplayTheSpireMod:TigerMarble"}],"event_choices":[],"is_beta":false,"boss_relics":[{"not_picked":["Snecko Eye","Replay:Drink Me"],"picked":"Replay:Ancient Bell"},{"not_picked":["Grinning Jar","HollowMod:PaleOreRelic"],"picked":"Blood Vial"},{"not_picked":["Replay:Bottled Flurry","HollowMod:StagPassRelic"],"picked":"Pantograph"},{"not_picked":["Prayer Wheel","CaptainsWheel"],"picked":"FossilizedHelix"}],"items_purged_floors":[],"is_endless":false,"potions_floor_spawned":[3,4,16],"killed_by":"Hallownest:Flukemon_and_Top","ascension_level":0}}