{"host":"08nxni9rwzvm98vp","time":1610109591,"event":{"mods":["AchievementEnabler","BaseMod","Card Forge","Colored Powertips","Gold Saver","Googly Eyes","Highlight Path","Marisa£¨Ùöéë¡¡Øª×âÞÞ£©","Minty Spire (QoL Compilation)","Quick Restart","Rare Cards Sparkle","Shop Mod","StSLib","SuperFastMode"],"gold_per_floor":[1646,1646,1660,1675,1645,1645,1679,1679,1679,1707,1726,1751,1762,1243,1243,1338,1338,1350,1350,1350,588,588,588,619,619,665,693,712,712,286,299,299,395,395,408,82,92,103,120,120,120,150,150,8,58,77,107,119,119,119],"floor_reached":51,"playtime":2364,"items_purged":["UpSweep","Strike_MRS","Strike_MRS","Defend_MRS","Defend_MRS"],"score":952,"play_id":"519424e0-45b9-495d-bb71-74a9c7204e28","local_time":"20210108213951","is_ascension_mode":true,"campfire_choices":[{"data":"DoubleSpark","floor":6.0,"key":"SMITH"},{"data":"OortCloud","floor":8.0,"key":"SMITH"},{"data":"PulseMagic","floor":15.0,"key":"SMITH"},{"data":"RefractionSpark","floor":23,"key":"SMITH"},{"data":"MachineGunSpark","floor":25,"key":"SMITH"},{"data":"PowerUp","floor":29,"key":"SMITH"},{"floor":32,"key":"REST"},{"data":"OortCloud","floor":40,"key":"SMITH"},{"floor":49,"key":"REST"}],"circlet_count":0,"master_deck":["Defend_MRS","Defend_MRS","MasterSpark+1","Acceleration","RefractionSpark+1","DoubleSpark+1","OortCloud+1","RefractionSpark+1","PowerUp+1","PulseMagic+1","FinalSpark","MachineGunSpark+1","FinalSpark+1","PropBag+1","OortCloud+1","PowerUp+1","PulseMagic+1"],"relics":["BewitchedHakkero","Hammer of Thor","Seething Fire","Anvil of the Gods","Sundial","Akabeko","Ginger","Kunai","MerchantsRug","Unceasing Top","Nilry\u0027s Codex","Blood Vial","TheAbacus","Regal Pillow","Gambling Chip","Oddly Smooth Stone","Membership Card","InkBottle","Whetstone","ExperimentalFamiliar","PreservedInsect","MealTicket","StrikeDummy","Mango","BreadOfAWashokuLover","CaptainsWheel","Bottled Lightning"],"acts_visited":["Exordium","TheCity","TheBeyond"],"potions_floor_usage":[28,50,50],"damage_taken":[{"damage":11.0,"enemies":"Jaw Worm","floor":1.0,"turns":4.0},{"damage":1.0,"enemies":"Cultist","floor":3.0,"turns":3.0},{"damage":0.0,"enemies":"Small Slimes","floor":4.0,"turns":2.0},{"damage":13.0,"enemies":"3 Sentries","floor":7.0,"turns":7.0},{"damage":6.0,"enemies":"Gremlin Nob","floor":10.0,"turns":3.0},{"damage":8.0,"enemies":"Red Slaver","floor":11.0,"turns":3.0},{"damage":11.0,"enemies":"Lagavulin","floor":12.0,"turns":4.0},{"damage":6.0,"enemies":"3 Louse","floor":13.0,"turns":3.0},{"damage":2.0,"enemies":"Slime Boss","floor":16.0,"turns":5.0},{"damage":10,"enemies":"Shell Parasite","floor":18,"turns":5},{"damage":22,"enemies":"Book of Stabbing","floor":24,"turns":5},{"damage":21,"enemies":"Gremlin Leader","floor":27,"turns":4},{"damage":2,"enemies":"2 Thieves","floor":28,"turns":3},{"damage":2,"enemies":"Cultist and Chosen","floor":31,"turns":4},{"damage":26,"enemies":"Champ","floor":33,"turns":5},{"damage":0,"enemies":"3 Shapes","floor":35,"turns":3},{"damage":1,"enemies":"Orb Walker","floor":37,"turns":3},{"damage":5,"enemies":"Maw","floor":38,"turns":3},{"damage":15,"enemies":"Sphere and 2 Shapes","floor":39,"turns":3},{"damage":0,"enemies":"Nemesis","floor":42,"turns":3},{"damage":60,"enemies":"2 Orb Walkers","floor":45,"turns":5},{"damage":3,"enemies":"Spire Growth","floor":46,"turns":3},{"damage":0,"enemies":"Giant Head","floor":47,"turns":2},{"damage":3,"enemies":"Jaw Worm Horde","floor":48,"turns":3},{"damage":26,"enemies":"Awakened One","floor":50,"turns":6}],"seed_played":"-6645663121093288375","potions_obtained":[{"floor":3.0,"key":"Fruit Juice"},{"floor":5.0,"key":"Block Potion"},{"floor":5.0,"key":"ColorlessPotion"},{"floor":11.0,"key":"Explosive Potion"},{"floor":22,"key":"FairyPotion"},{"floor":24,"key":"DuplicationPotion"},{"floor":31,"key":"BlessingOfTheForge"},{"floor":42,"key":"EssenceOfSteel"}],"is_trial":false,"path_per_floor":["M","?","M","M","?","R","E","R","T","E","M","E","M","$","R","B",null,"M","?","?","$","?","R","E","R","T","E","M","R","$","M","R","B",null,"M","$","M","M","M","R","?","E","T","$","?","M","E","M","R","B",null],"character_chosen":"MARISA","items_purchased":["MerchantsRug","Unceasing Top","Blood Vial","TheAbacus","Regal Pillow","MachineGunSpark","FinalSpark","Membership Card","InkBottle","Whetstone","Block Potion","PreservedInsect","MealTicket","Lee\u0027s Waffle","OortCloud","BreadOfAWashokuLover"],"campfire_rested":2,"item_purchase_floors":[14,14,21,21,21,21,21,30,30,30,30,36,36,36,36,44],"current_hp_per_floor":[64,64,68,68,68,68,55,55,55,49,41,30,24,24,24,22,80,70,70,54,54,54,54,34,34,34,15,15,15,15,15,54,30,80,80,87,86,82,69,69,69,71,85,97,37,36,38,37,81,57],"gold":119,"neow_bonus":"TRANSFORM_TWO_CARDS","is_daily":false,"chose_seed":false,"campfire_upgraded":7,"win_rate":0.0,"timestamp":1610109591,"path_taken":["M","?","M","?","?","R","E","R","T","E","M","E","M","$","R","BOSS","M","?","?","$","?","R","E","R","T","E","M","R","$","?","R","BOSS","M","$","M","M","M","R","?","E","T","$","?","M","E","M","R","BOSS"],"items_purchased_type":["Relic","Relic","Relic","Relic","Relic","Card","Card","Relic","Relic","Relic","Potion","Relic","Relic","Relic","Card","Relic"],"build_version":"2020-12-22","purchased_purges":5,"victory":true,"max_hp_per_floor":[75,75,80,80,80,80,80,80,80,80,80,80,80,80,80,80,80,80,80,80,80,80,80,80,80,80,80,80,80,80,80,80,80,80,80,87,87,87,87,87,83,83,97,97,97,97,97,97,97,97],"card_choices":[{"not_picked":["OrrerysSun","SporeBomb"],"picked":"RefractionSpark","floor":1.0},{"not_picked":["SporeBomb","GravityBeat"],"picked":"DoubleSpark","floor":3.0},{"not_picked":["IllusionStar","NonDirectionalLaser","WitchOfGreed"],"picked":"SKIP","floor":4.0},{"not_picked":["OrrerysSun","BlazeAway"],"picked":"OortCloud","floor":7.0},{"not_picked":["OortCloud","ShootingEcho"],"picked":"RefractionSpark","floor":10.0},{"not_picked":["AsteroidBelt","UnstableBomb","OneTimeOff"],"picked":"SKIP","floor":11.0},{"not_picked":["SprinkleStarSeal","StarDustReverie"],"picked":"PowerUp","floor":12.0},{"not_picked":["RefractionSpark","MysteriousBeam"],"picked":"PulseMagic","floor":13.0},{"not_picked":["TreasureHunter","StarDustReverie"],"picked":"FinalSpark","floor":16.0},{"not_picked":["IllusionStar","DarkMatter","GravityBeat"],"picked":"SKIP","floor":18},{"not_picked":["WitchLeyline","GrandCross","FairyDestructionRay"],"picked":"SKIP","floor":24},{"not_picked":["MilkyWay","LuminesStrike","MysteriousBeam"],"picked":"SKIP","floor":27},{"not_picked":["WitchOfGreed","BigCrunch","GravityBeat"],"picked":"SKIP","floor":28},{"not_picked":["StarBarrage","OneTimeOff","DeepEcoloBomb"],"picked":"SKIP","floor":31},{"not_picked":["DragonMeteor","EventHorizon+1"],"picked":"PropBag+1","floor":35},{"not_picked":["MagicAbsorber+1","LuminesStrike","UnstableBomb+1"],"picked":"SKIP","floor":37},{"not_picked":["WitchLeyline","MagicChant+1","MilkyWay+1"],"picked":"SKIP","floor":38},{"not_picked":["EnergyFlow+1","ChargeUpSpray"],"picked":"PowerUp+1","floor":39},{"not_picked":["MilkyWay+1","DoubleSpark+1","NonDirectionalLaser+1"],"picked":"SKIP","floor":42},{"not_picked":["GasGiant+1","NonDirectionalLaser+1"],"picked":"PulseMagic+1","floor":46},{"not_picked":["AlicesGift","GasGiant+1","AsteroidBelt"],"picked":"SKIP","floor":47},{"not_picked":["ShootTheMoon","ManaConvection","OneTimeOff+1"],"picked":"SKIP","floor":48}],"player_experience":660659,"relics_obtained":[{"floor":7.0,"key":"Sundial"},{"floor":9.0,"key":"Akabeko"},{"floor":10.0,"key":"Ginger"},{"floor":12.0,"key":"Kunai"},{"floor":20,"key":"Nilry\u0027s Codex"},{"floor":24,"key":"Gambling Chip"},{"floor":26,"key":"Oddly Smooth Stone"},{"floor":27,"key":"Darkstone Periapt"},{"floor":42,"key":"StrikeDummy"},{"floor":43,"key":"Mango"},{"floor":45,"key":"CaptainsWheel"},{"floor":47,"key":"Bottled Lightning"}],"event_choices":[{"damage_healed":0.0,"max_hp_gain":0.0,"max_hp_loss":0.0,"gold_gain":0.0,"event_name":"Accursed Blacksmith","player_choice":"Forge","floor":2.0,"gold_loss":0.0,"damage_taken":0.0,"cards_upgraded":["RefractionSpark"]},{"damage_healed":0.0,"max_hp_gain":0.0,"max_hp_loss":0.0,"gold_gain":0.0,"event_name":"The Woman in Blue","player_choice":"Bought 2 Potions","floor":5.0,"gold_loss":0.0,"damage_taken":0.0},{"damage_healed":0,"gold_gain":0,"player_choice":"Ignored","damage_taken":0,"max_hp_gain":0,"max_hp_loss":0,"event_name":"Ghosts","floor":19,"gold_loss":0},{"damage_healed":0,"gold_gain":0,"player_choice":"Obtained Book","damage_taken":16,"max_hp_gain":0,"max_hp_loss":0,"event_name":"Cursed Tome","floor":20,"gold_loss":0},{"damage_healed":0,"gold_gain":0,"player_choice":"Got Potions","damage_taken":0,"max_hp_gain":0,"max_hp_loss":0,"event_name":"Lab","floor":22,"gold_loss":0},{"damage_healed":0,"gold_gain":0,"player_choice":"Max HP","damage_taken":0,"max_hp_gain":0,"max_hp_loss":4,"event_name":"Winding Halls","floor":41,"gold_loss":0},{"damage_healed":0,"gold_gain":0,"player_choice":"Fight","damage_taken":0,"max_hp_gain":0,"max_hp_loss":0,"event_name":"Mysterious Sphere","floor":45,"gold_loss":0}],"is_beta":false,"boss_relics":[{"not_picked":["SacredBark","Astrolabe"],"picked":"BewitchedHakkero"},{"not_picked":["Empty Cage","Tiny House"],"picked":"ExperimentalFamiliar"}],"items_purged_floors":[14,21,30,36,44],"is_endless":false,"potions_floor_spawned":[3,11,12,24,31,35,38,42,45,48],"ascension_level":1}}