{"host":"cv77zuuuekizn3ic","time":1610099301,"event":{"mods":["AchievementEnabler","BaseMod","Marisa£®ÏF”Í°°ƒß¿Ì…≥£©","Minty Spire (QoL Compilation)","StSLib","Waifu the Spire","everything is the same but u backflip on backflip","slay the spire mod where everything is the same but ironclad has a cowboy hat"],"gold_per_floor":[119,119,19,19,19,19,45,62,62,62,62,137,137,162,162,236,236,251,42,92,7,24,24,49,49,49,49,49],"floor_reached":27,"playtime":717,"items_purged":[],"score":516,"play_id":"f7758d74-23e3-47d7-a4f7-4e83af4ad6d1","local_time":"20210108174821","is_ascension_mode":true,"campfire_choices":[{"data":"Body Slam","floor":6.0,"key":"SMITH"},{"data":"Immolate","floor":13.0,"key":"SMITH"},{"data":"Dark Embrace","floor":15.0,"key":"SMITH"},{"data":"Corruption","floor":23.0,"key":"SMITH"},{"data":"Disarm","floor":25.0,"key":"SMITH"}],"circlet_count":0,"master_deck":["AscendersBane","Strike_R","Defend_R","Defend_R","Defend_R","Defend_R","Bash","Body Slam+1","Madness","Immolate+1","Dark Embrace+1","Corruption+1","Second Wind","Feel No Pain","Disarm+1"],"relics":["Burning Blood","NeowsBlessing","Sundial","Regal Pillow","Question Card","Magic Flower","Empty Cage","Medical Kit","Darkstone Periapt","WingedGreaves","Unceasing Top"],"acts_visited":["Exordium","TheCity"],"potions_floor_usage":[],"damage_taken":[{"damage":0.0,"enemies":"2 Louse","floor":1.0,"turns":1.0},{"damage":0.0,"enemies":"Gremlin Nob","floor":7.0,"turns":1.0},{"damage":0.0,"enemies":"Cultist","floor":8.0,"turns":1.0},{"damage":22.0,"enemies":"Lagavulin","floor":14.0,"turns":6.0},{"damage":21.0,"enemies":"Slime Boss","floor":16.0,"turns":8.0},{"damage":48.0,"enemies":"Chosen","floor":18.0,"turns":5.0},{"damage":0.0,"enemies":"Spheric Guardian","floor":22.0,"turns":3.0},{"damage":25.0,"enemies":"Book of Stabbing","floor":24.0,"turns":5.0},{"damage":41,"enemies":"Slavers","floor":27,"turns":2}],"seed_played":"-6853392885620677778","potions_obtained":[{"floor":7.0,"key":"Block Potion"},{"floor":14.0,"key":"EntropicBrew"},{"floor":22.0,"key":"Regen Potion"}],"is_trial":false,"path_per_floor":["M","?","$","?","$","R","E","M","T","$","?","?","R","E","R","B",null,"M","$","?","?","M","R","E","R","T","E"],"character_chosen":"IRONCLAD","items_purchased":["Madness","Medical Kit","Feel No Pain"],"campfire_rested":0,"item_purchase_floors":[3,19,19],"current_hp_per_floor":[74,48,48,48,48,48,54,60,60,60,53,42,42,26,26,14,60,21,21,21,21,30,30,36,36,36,0,0],"gold":49,"neow_bonus":"THREE_ENEMY_KILL","is_daily":false,"chose_seed":false,"campfire_upgraded":5,"win_rate":0.0,"timestamp":1610099301,"path_taken":["M","?","$","?","$","R","E","?","T","$","?","?","R","E","R","BOSS","M","$","?","?","M","R","E","R","T","E"],"items_purchased_type":["Card","Relic","Card"],"build_version":"2020-12-22","purchased_purges":0,"victory":false,"max_hp_per_floor":[75,75,75,75,75,75,75,75,75,75,75,75,75,75,75,75,75,75,75,75,75,75,75,75,75,75,75,75],"card_choices":[{"not_picked":["Pommel Strike","Clash"],"picked":"Body Slam","floor":1.0},{"not_picked":["Headbutt","Perfected Strike"],"picked":"Immolate","floor":7.0},{"not_picked":["Clash","Cleave","Flex"],"picked":"SKIP","floor":8.0},{"not_picked":["Pommel Strike","Sentinel","Clothesline"],"picked":"Dark Embrace","floor":14.0},{"not_picked":["Bludgeon","Juggernaut","Feed"],"picked":"Corruption","floor":16.0},{"not_picked":["Armaments+1","Hemokinesis","Shrug It Off"],"picked":"Second Wind","floor":18.0},{"not_picked":["Bloodletting","Heavy Blade","Clash"],"picked":"Disarm","floor":22.0},{"not_picked":["Clash","Whirlwind","Fire Breathing","Sword Boomerang"],"picked":"SKIP","floor":24.0}],"player_experience":787308,"relics_obtained":[{"floor":7.0,"key":"Regal Pillow"},{"floor":9.0,"key":"Question Card"},{"floor":14.0,"key":"Magic Flower"},{"floor":24.0,"key":"WingedGreaves"},{"floor":26.0,"key":"Unceasing Top"}],"event_choices":[{"damage_healed":0.0,"max_hp_gain":0.0,"max_hp_loss":0.0,"gold_gain":0.0,"event_name":"Scrap Ooze","player_choice":"Success","floor":2.0,"gold_loss":0.0,"damage_taken":26.0,"relics_obtained":["Sundial"]},{"cards_removed":["Strike_R"],"damage_healed":0.0,"max_hp_gain":0.0,"max_hp_loss":0.0,"gold_gain":0.0,"event_name":"Wheel of Change","player_choice":"Card Removal","floor":4.0,"gold_loss":0.0,"damage_taken":0.0},{"cards_removed":["Strike_R"],"damage_healed":0.0,"max_hp_gain":0.0,"max_hp_loss":0.0,"gold_gain":0.0,"event_name":"Golden Wing","player_choice":"Card Removal","floor":11.0,"gold_loss":0.0,"damage_taken":7.0},{"damage_healed":0.0,"max_hp_gain":0.0,"max_hp_loss":0.0,"gold_gain":75.0,"event_name":"World of Goop","player_choice":"Gather Gold","floor":12.0,"gold_loss":0.0,"damage_taken":11.0},{"damage_healed":0.0,"max_hp_gain":0.0,"max_hp_loss":0.0,"gold_gain":50.0,"event_name":"Nest","player_choice":"Stole From Cult","floor":20.0,"gold_loss":0.0,"damage_taken":0.0},{"damage_healed":0.0,"max_hp_gain":0.0,"max_hp_loss":0.0,"gold_gain":0.0,"event_name":"Addict","player_choice":"Obtained Relic","floor":21.0,"gold_loss":85.0,"damage_taken":0.0,"relics_obtained":["Darkstone Periapt"]}],"is_beta":false,"boss_relics":[{"not_picked":["Calling Bell","Ectoplasm"],"picked":"Empty Cage"}],"items_purged_floors":[],"is_endless":false,"potions_floor_spawned":[7,14,22],"killed_by":"Slavers","ascension_level":20}}