{"host":"Zion","time":1610094682,"event":{"mods":["AchievementEnabler","BaseMod","Colored Map","DeckTracker","Minty Spire (QoL Compilation)","Rare Cards Sparkle"],"gold_per_floor":[109,121,121,121,46,46,60,60,60,72,86,186,233,253,253,358,358,373,384,284,284,303,303,178,178,202,214,228,241,253,280,280,384,384,404,404,419,431,281,310,328,328,328,353,369,369,369,401,401,401,401,401,82,117,117],"floor_reached":56,"playtime":4021,"items_purged":["Strike_G","Strike_G","Defend_G","Strike_G","Strike_G+1"],"score":1581,"play_id":"c7fb547b-8482-43b7-b10e-da3419169373","local_time":"20210108173122","is_ascension_mode":true,"campfire_choices":[{"data":"Cloak And Dagger","floor":6.0,"key":"SMITH"},{"data":"Footwork","floor":8.0,"key":"SMITH"},{"data":"Choke","floor":15.0,"key":"SMITH"},{"data":"Backflip","floor":23.0,"key":"SMITH"},{"data":"Blade Dance","floor":25.0,"key":"SMITH"},{"data":"Accuracy","floor":32.0,"key":"SMITH"},{"data":"Adrenaline","floor":42.0,"key":"SMITH"},{"data":"Purity","floor":47.0,"key":"SMITH"},{"floor":49.0,"key":"RECALL"},{"data":"Leg Sweep","floor":52.0,"key":"SMITH"}],"circlet_count":0,"master_deck":["Defend_G","Defend_G","Defend_G","Defend_G","Survivor+1","Neutralize","Leg Sweep+1","Cloak And Dagger+1","Footwork+1","Choke+1","Blade Dance+1","Backflip+1","Footwork+1","Accuracy+1","Adrenaline+1","PiercingWail","After Image+1","Purity+1","Escape Plan+1","Backflip+1","Well Laid Plans+1","Finisher+1"],"relics":["Ring of the Snake","Thread and Needle","Boot","Coffee Dripper","Oddly Smooth Stone","Singing Bowl","Black Star","Mummified Hand","Frozen Egg 2","Dream Catcher","Ninja Scroll","Paper Crane","Centennial Puzzle","Omamori","Orrery","Bag of Preparation","Orichalcum"],"acts_visited":["Exordium","TheCity","TheBeyond","TheEnding"],"potions_floor_usage":[55,55],"damage_taken":[{"damage":4.0,"enemies":"2 Louse","floor":1.0,"turns":4.0},{"damage":0.0,"enemies":"Cultist","floor":2.0,"turns":6.0},{"damage":0.0,"enemies":"Jaw Worm","floor":7.0,"turns":3.0},{"damage":0.0,"enemies":"Looter","floor":10.0,"turns":4.0},{"damage":1.0,"enemies":"Blue Slaver","floor":11.0,"turns":5.0},{"damage":3.0,"enemies":"Gremlin Nob","floor":13.0,"turns":3.0},{"damage":0.0,"enemies":"2 Fungi Beasts","floor":14.0,"turns":3.0},{"damage":0.0,"enemies":"The Guardian","floor":16.0,"turns":14.0},{"damage":0.0,"enemies":"Shell Parasite","floor":18.0,"turns":5.0},{"damage":6.0,"enemies":"Spheric Guardian","floor":19.0,"turns":6.0},{"damage":11.0,"enemies":"Snake Plant","floor":22.0,"turns":6.0},{"damage":0.0,"enemies":"Snecko","floor":27.0,"turns":5.0},{"damage":0.0,"enemies":"Centurion and Healer","floor":28.0,"turns":4.0},{"damage":0.0,"enemies":"Cultist and Chosen","floor":29.0,"turns":5.0},{"damage":0.0,"enemies":"Snake Plant","floor":30.0,"turns":3.0},{"damage":0.0,"enemies":"Slavers","floor":31.0,"turns":4.0},{"damage":0.0,"enemies":"Automaton","floor":33.0,"turns":12.0},{"damage":0.0,"enemies":"3 Darklings","floor":35.0,"turns":5.0},{"damage":3.0,"enemies":"3 Shapes","floor":37.0,"turns":6.0},{"damage":0.0,"enemies":"Spire Growth","floor":38.0,"turns":6.0},{"damage":15.0,"enemies":"Giant Head","floor":40.0,"turns":9.0},{"damage":0.0,"enemies":"4 Shapes","floor":41.0,"turns":6.0},{"damage":0.0,"enemies":"Nemesis","floor":44.0,"turns":7.0},{"damage":0.0,"enemies":"3 Darklings","floor":45.0,"turns":6.0},{"damage":0.0,"enemies":"Reptomancer","floor":48.0,"turns":9.0},{"damage":40.0,"enemies":"Donu and Deca","floor":50.0,"turns":13.0},{"damage":0.0,"enemies":"Shield and Spear","floor":54.0,"turns":5.0},{"damage":75,"enemies":"The Heart","floor":55,"turns":13}],"seed_played":"-2341796827951706399","potions_obtained":[{"floor":1.0,"key":"LiquidMemories"},{"floor":2.0,"key":"DuplicationPotion"},{"floor":10.0,"key":"ColorlessPotion"},{"floor":13.0,"key":"DuplicationPotion"},{"floor":14.0,"key":"PowerPotion"},{"floor":30.0,"key":"CunningPotion"},{"floor":31.0,"key":"SpeedPotion"},{"floor":37.0,"key":"Energy Potion"},{"floor":40.0,"key":"Weak Potion"},{"floor":44.0,"key":"CunningPotion"}],"is_trial":false,"path_per_floor":["M","M","?","?","$","R","M","R","T","M","M","?","E","M","R","B",null,"M","M","$","?","M","R","$","R","T","M","M","M","M","E","R","B",null,"M","?","M","M","$","E","M","R","T","E","M","?","R","E","R","B",null,"R","$","E","B",null],"character_chosen":"THE_SILENT","items_purchased":["Orrery"],"campfire_rested":0,"item_purchase_floors":[53],"current_hp_per_floor":[66,66,52,49,49,49,49,49,49,49,48,48,45,45,45,45,70,70,64,64,64,53,53,53,53,53,53,53,53,53,55,55,55,72,74,74,71,73,73,58,60,60,60,62,64,64,64,66,66,26,84,84,88,88,13],"gold":117,"neow_bonus":"REMOVE_CARD","is_daily":false,"chose_seed":false,"campfire_upgraded":9,"win_rate":0.0,"timestamp":1610094682,"path_taken":["M","M","?","?","$","R","M","R","T","M","M","?","E","M","R","BOSS","M","M","$","?","M","R","$","R","T","M","M","M","?","E","R","BOSS","M","?","M","M","$","E","M","R","T","E","M","?","R","E","R","BOSS","R","$","E","BOSS"],"items_purchased_type":["Relic"],"build_version":"2020-12-18","purchased_purges":5,"victory":true,"max_hp_per_floor":[70,70,70,70,70,70,70,70,70,70,70,70,70,70,70,70,70,70,70,70,70,70,70,70,70,70,70,70,70,70,72,72,72,72,74,74,74,76,76,76,78,78,78,80,82,82,82,84,84,84,84,84,88,88,88],"card_choices":[{"not_picked":["Catalyst","Sucker Punch"],"picked":"Leg Sweep","floor":1.0},{"not_picked":["Backflip","Bane"],"picked":"Cloak And Dagger","floor":2.0},{"not_picked":["Outmaneuver","Escape Plan"],"picked":"Footwork","floor":7.0},{"not_picked":["Sucker Punch","Bouncing Flask"],"picked":"Choke","floor":10.0},{"not_picked":["Underhanded Strike","Deflect"],"picked":"Blade Dance","floor":11.0},{"not_picked":["Bouncing Flask","Distraction"],"picked":"Backflip","floor":13.0},{"not_picked":["Prepared","Backflip","Acrobatics"],"picked":"SKIP","floor":14.0},{"not_picked":["Sucker Punch","Outmaneuver","Bane+1"],"picked":"SKIP","floor":18.0},{"not_picked":["Flying Knee","Expertise+1"],"picked":"Footwork","floor":19.0},{"not_picked":["Deflect+1","Distraction","Deadly Poison"],"picked":"SKIP","floor":22.0},{"not_picked":["Deflect+1","Bane+1","Sucker Punch"],"picked":"SKIP","floor":27.0},{"not_picked":["Slice","Cloak And Dagger","Expertise"],"picked":"SKIP","floor":28.0},{"not_picked":["Crippling Poison","Acrobatics","Reflex"],"picked":"SKIP","floor":29.0},{"not_picked":["Poisoned Stab","Quick Slash+1"],"picked":"Accuracy","floor":30.0},{"not_picked":["Crippling Poison","Dagger Spray","Flying Knee+1"],"picked":"Singing Bowl","floor":31.0},{"not_picked":["Night Terror","Envenom"],"picked":"Adrenaline","floor":33.0},{"not_picked":["Deadly Poison","Heel Hook+1","Reflex+1"],"picked":"Singing Bowl","floor":35.0},{"not_picked":["Flying Knee","Sucker Punch"],"picked":"PiercingWail","floor":37.0},{"not_picked":["Deadly Poison+1","Dagger Throw","Dodge and Roll"],"picked":"Singing Bowl","floor":38.0},{"not_picked":["PiercingWail+1","Expertise"],"picked":"After Image+1","floor":40.0},{"not_picked":["Expertise","Choke+1","Dodge and Roll+1"],"picked":"Singing Bowl","floor":41.0},{"not_picked":["Bane","Predator","Outmaneuver"],"picked":"Singing Bowl","floor":44.0},{"not_picked":["PiercingWail+1","Acrobatics","Backflip+1"],"picked":"Singing Bowl","floor":45.0},{"not_picked":["Violence","Dramatic Entrance"],"picked":"Purity","floor":46.0},{"not_picked":["Caltrops+1","Slice+1","Poisoned Stab"],"picked":"Singing Bowl","floor":48.0},{"not_picked":["Acrobatics","Deadly Poison","Flying Knee+1"],"picked":"Singing Bowl","floor":53.0},{"not_picked":["PiercingWail","Outmaneuver+1","Dodge and Roll"],"picked":"Singing Bowl","floor":53.0},{"not_picked":["Bullet Time","Caltrops+1"],"picked":"Escape Plan+1","floor":53.0},{"not_picked":["Slice","Dagger Throw"],"picked":"Backflip+1","floor":53.0},{"not_picked":["Cloak And Dagger+1","Dodge and Roll"],"picked":"Well Laid Plans+1","floor":53.0},{"not_picked":["Crippling Poison+1","Doppelganger"],"picked":"Finisher+1","floor":54.0}],"player_experience":207713,"relics_obtained":[{"floor":13.0,"key":"Boot"},{"floor":26.0,"key":"Oddly Smooth Stone"},{"floor":31.0,"key":"Singing Bowl"},{"floor":40.0,"key":"Mummified Hand"},{"floor":40.0,"key":"Frozen Egg 2"},{"floor":43.0,"key":"Dream Catcher"},{"floor":44.0,"key":"Ninja Scroll"},{"floor":44.0,"key":"Paper Crane"},{"floor":48.0,"key":"Centennial Puzzle"},{"floor":48.0,"key":"Omamori"},{"floor":54.0,"key":"Bag of Preparation"},{"floor":54.0,"key":"Orichalcum"}],"event_choices":[{"damage_healed":0.0,"max_hp_gain":0.0,"max_hp_loss":0.0,"gold_gain":0.0,"event_name":"Shining Light","player_choice":"Entered Light","floor":3.0,"gold_loss":0.0,"damage_taken":14.0,"cards_upgraded":["Strike_G","Survivor"]},{"damage_healed":0.0,"max_hp_gain":0.0,"max_hp_loss":0.0,"gold_gain":0.0,"event_name":"Scrap Ooze","player_choice":"Success","floor":4.0,"gold_loss":0.0,"damage_taken":3.0,"relics_obtained":["Thread and Needle"]},{"damage_healed":0.0,"max_hp_gain":0.0,"max_hp_loss":0.0,"gold_gain":100.0,"event_name":"Golden Shrine","player_choice":"Pray","floor":12.0,"gold_loss":0.0,"damage_taken":0.0},{"damage_healed":0.0,"max_hp_gain":0.0,"max_hp_loss":0.0,"gold_gain":0.0,"event_name":"Upgrade Shrine","player_choice":"Upgraded","floor":21.0,"gold_loss":0.0,"damage_taken":0.0,"cards_upgraded":["Footwork"]},{"damage_healed":0.0,"max_hp_gain":0.0,"max_hp_loss":0.0,"gold_gain":0.0,"event_name":"Tomb of Lord Red Mask","player_choice":"Ignored","floor":36.0,"gold_loss":0.0,"damage_taken":0.0},{"damage_healed":0.0,"max_hp_gain":0.0,"max_hp_loss":0.0,"gold_gain":0.0,"event_name":"SensoryStone","player_choice":"Memory 1","floor":46.0,"gold_loss":0.0,"damage_taken":0.0}],"is_beta":true,"boss_relics":[{"not_picked":["Busted Crown","Runic Pyramid"],"picked":"Coffee Dripper"},{"not_picked":["SacredBark","SlaversCollar"],"picked":"Black Star"}],"items_purged_floors":[5,20,24,39,53],"is_endless":false,"potions_floor_spawned":[1,2,10,13,14,19,22,29,30,31,37,40,41,44],"ascension_level":3}}