{"host":"1ltt377nc7aury4n","time":1610074468,"event":{"mods":["AchievementEnabler","BaseMod","Best Route Mod","Colored Powertips","Minty Spire (QoL Compilation)","StSLib"],"gold_per_floor":[109,109,125,75,87,87,112,112,112,112,132,163,163,8,8,113,113,113,38,38,38,38,38,38,38,38,38,38,38,38,38,38,38,38,38,38,38,38,38,38,38,38,38,38,38,38,38,38,38,38],"floor_reached":51,"playtime":6161,"items_purged":["Strike_P"],"score":774,"play_id":"76f35559-4030-4a9f-9753-57f5ab632b67","local_time":"20210107215428","is_ascension_mode":true,"campfire_choices":[{"data":"Eruption","floor":6.0,"key":"SMITH"},{"data":"Wireheading","floor":10.0,"key":"SMITH"},{"data":"Nirvana","floor":13.0,"key":"SMITH"},{"data":"Vigilance","floor":15.0,"key":"SMITH"},{"data":"Scrawl","floor":25.0,"key":"SMITH"},{"data":"SpiritShield","floor":30.0,"key":"SMITH"},{"data":"ThirdEye","floor":32.0,"key":"SMITH"},{"data":"Ragnarok","floor":40.0,"key":"SMITH"},{"floor":45.0,"key":"REST"},{"floor":49.0,"key":"REST"}],"circlet_count":0,"master_deck":["Strike_P","Strike_P","Strike_P","Defend_P","Defend_P","Eruption+1","Vigilance+1","Wireheading+1","DeceiveReality","FearNoEvil+1","Nirvana+1","Scrawl+1","Weave+1","CutThroughFate+1","SpiritShield+1","ThirdEye+1","Ragnarok+1","ReachHeaven","CutThroughFate+1","Nirvana+1","Bandage Up"],"relics":["PureWater","Sundial","Yang","HornCleat","Anchor","Ectoplasm","Mummified Hand","Whetstone","Damaru","SlaversCollar","Thread and Needle","Pen Nib","Ancient Tea Set"],"acts_visited":["Exordium","TheCity","TheBeyond"],"potions_floor_usage":[50],"damage_taken":[{"damage":5.0,"enemies":"Jaw Worm","floor":1.0,"turns":5.0},{"damage":0.0,"enemies":"2 Louse","floor":3.0,"turns":4.0},{"damage":0.0,"enemies":"Cultist","floor":5.0,"turns":2.0},{"damage":7.0,"enemies":"3 Sentries","floor":7.0,"turns":8.0},{"damage":2.0,"enemies":"2 Fungi Beasts","floor":11.0,"turns":4.0},{"damage":14.0,"enemies":"Gremlin Nob","floor":12.0,"turns":4.0},{"damage":13.0,"enemies":"The Guardian","floor":16.0,"turns":12.0},{"damage":4.0,"enemies":"3 Byrds","floor":18.0,"turns":7.0},{"damage":0.0,"enemies":"Shell Parasite","floor":20.0,"turns":4.0},{"damage":0.0,"enemies":"Snake Plant","floor":22.0,"turns":4.0},{"damage":12.0,"enemies":"Book of Stabbing","floor":23.0,"turns":4.0},{"damage":0.0,"enemies":"3 Cultists","floor":24.0,"turns":3.0},{"damage":0.0,"enemies":"Snecko","floor":27.0,"turns":2.0},{"damage":0.0,"enemies":"Centurion and Healer","floor":28.0,"turns":4.0},{"damage":0.0,"enemies":"Shelled Parasite and Fungi","floor":29.0,"turns":5.0},{"damage":0.0,"enemies":"Slavers","floor":31.0,"turns":3.0},{"damage":12.0,"enemies":"Collector","floor":33.0,"turns":9.0},{"damage":5.0,"enemies":"3 Darklings","floor":35.0,"turns":6.0},{"damage":0.0,"enemies":"Orb Walker","floor":36.0,"turns":2.0},{"damage":18.0,"enemies":"2 Orb Walkers","floor":37.0,"turns":6.0},{"damage":9.0,"enemies":"4 Shapes","floor":38.0,"turns":3.0},{"damage":41.0,"enemies":"Reptomancer","floor":41.0,"turns":7.0},{"damage":0.0,"enemies":"Sphere and 2 Shapes","floor":44.0,"turns":3.0},{"damage":0.0,"enemies":"Transient","floor":46.0,"turns":5.0},{"damage":0.0,"enemies":"Maw","floor":47.0,"turns":6.0},{"damage":26,"enemies":"Awakened One","floor":50,"turns":11}],"seed_played":"7552425145916814854","potions_obtained":[{"floor":1.0,"key":"Fire Potion"},{"floor":7.0,"key":"SteroidPotion"},{"floor":16.0,"key":"Explosive Potion"},{"floor":20.0,"key":"Strength Potion"},{"floor":27.0,"key":"SkillPotion"},{"floor":31.0,"key":"AttackPotion"},{"floor":35.0,"key":"Energy Potion"},{"floor":38.0,"key":"LiquidMemories"},{"floor":47.0,"key":"ColorlessPotion"}],"is_trial":false,"path_per_floor":["M","?","M","?","M","R","E","$","T","R","M","E","R","$","R","B",null,"M","$","M","$","M","E","M","R","T","M","M","M","R","E","R","B",null,"M","M","?","M","$","R","E","?","T","M","R","M","M","?","R","B",null],"character_chosen":"WATCHER","items_purchased":["Anchor"],"campfire_rested":2,"item_purchase_floors":[14],"current_hp_per_floor":[74,79,79,79,79,79,72,72,72,72,70,56,56,56,56,43,84,80,80,80,80,80,68,68,68,68,68,68,68,68,68,68,56,84,79,79,61,52,52,52,11,11,11,11,36,36,36,36,61,39],"gold":38,"neow_bonus":"TEN_PERCENT_HP_BONUS","is_daily":false,"chose_seed":false,"campfire_upgraded":8,"win_rate":0.0,"timestamp":1610074468,"path_taken":["M","?","M","?","M","R","E","?","T","R","M","E","R","$","R","BOSS","M","$","M","$","M","E","M","R","T","M","M","M","R","E","R","BOSS","M","?","?","M","$","R","E","?","T","?","R","M","M","?","R","BOSS"],"items_purchased_type":["Relic"],"build_version":"2020-12-22","purchased_purges":1,"victory":true,"max_hp_per_floor":[79,84,84,84,84,84,84,84,84,84,84,84,84,84,84,84,84,84,84,84,84,84,84,84,84,84,84,84,84,84,84,84,84,84,84,84,84,84,84,84,84,84,84,84,84,84,84,84,84,84],"card_choices":[{"not_picked":["Meditate","ClearTheMind"],"picked":"Wireheading","floor":1.0},{"not_picked":["Evaluate","PathToVictory"],"picked":"DeceiveReality","floor":3.0},{"not_picked":["EmptyBody","Evaluate"],"picked":"FearNoEvil","floor":5.0},{"not_picked":["PathToVictory","WheelKick","Halt"],"picked":"SKIP","floor":7.0},{"not_picked":["InnerPeace","Evaluate","Vault"],"picked":"SKIP","floor":11.0},{"not_picked":["Alpha","ClearTheMind"],"picked":"Nirvana","floor":12.0},{"not_picked":["Devotion","Vault"],"picked":"Scrawl","floor":16.0},{"not_picked":["CrushJoints","FollowUp"],"picked":"Weave+1","floor":18.0},{"not_picked":["Halt+1","MentalFortress"],"picked":"CutThroughFate","floor":20.0},{"not_picked":["Conclude","Halt","EmptyBody"],"picked":"SKIP","floor":22.0},{"not_picked":["Consecrate","FlyingSleeves"],"picked":"SpiritShield","floor":23.0},{"not_picked":["EmptyFist","FollowUp","Brilliance"],"picked":"SKIP","floor":24.0},{"not_picked":["Consecrate","LikeWater","Adaptation"],"picked":"SKIP","floor":27.0},{"not_picked":["LikeWater","Conclude+1","Indignation"],"picked":"SKIP","floor":28.0},{"not_picked":["JustLucky","Perseverance","Evaluate"],"picked":"SKIP","floor":29.0},{"not_picked":["Perseverance","InnerPeace+1"],"picked":"ThirdEye","floor":31.0},{"not_picked":["Brilliance","Vault"],"picked":"Ragnarok","floor":33.0},{"not_picked":["Consecrate","Prostrate+1","FlurryOfBlows+1"],"picked":"SKIP","floor":35.0},{"not_picked":["Prostrate+1","Judgement"],"picked":"ReachHeaven","floor":36.0},{"not_picked":["BattleHymn+1","SashWhip+1"],"picked":"CutThroughFate+1","floor":38.0},{"not_picked":["Vengeance+1","Collect+1"],"picked":"Nirvana+1","floor":41.0},{"not_picked":["CutThroughFate","Blasphemy","WreathOfFlame"],"picked":"SKIP","floor":44.0},{"not_picked":["BowlingBash","SashWhip","CutThroughFate+1"],"picked":"SKIP","floor":46.0},{"not_picked":["SashWhip+1","EmptyBody+1","JustLucky+1"],"picked":"SKIP","floor":47.0},{"not_picked":["Trip","Madness"],"picked":"Bandage Up","floor":48.0}],"player_experience":275263,"relics_obtained":[{"floor":7.0,"key":"Sundial"},{"floor":9.0,"key":"Yang"},{"floor":12.0,"key":"HornCleat"},{"floor":23.0,"key":"Mummified Hand"},{"floor":26.0,"key":"Whetstone"},{"floor":31.0,"key":"Damaru"},{"floor":37.0,"key":"Thread and Needle"},{"floor":41.0,"key":"Pen Nib"},{"floor":43.0,"key":"Ancient Tea Set"}],"event_choices":[{"damage_healed":0.0,"max_hp_gain":5.0,"max_hp_loss":0.0,"gold_gain":0.0,"event_name":"Big Fish","player_choice":"Donut","floor":2.0,"gold_loss":0.0,"damage_taken":0.0},{"cards_removed":["Defend_P"],"damage_healed":0.0,"max_hp_gain":0.0,"max_hp_loss":0.0,"gold_gain":0.0,"event_name":"The Cleric","player_choice":"Card Removal","floor":4.0,"gold_loss":50.0,"damage_taken":0.0},{"damage_healed":0.0,"max_hp_gain":0.0,"max_hp_loss":0.0,"gold_gain":0.0,"event_name":"Mysterious Sphere","player_choice":"Fight","floor":37.0,"gold_loss":0.0,"damage_taken":0.0},{"cards_removed":["Defend_P"],"damage_healed":0.0,"max_hp_gain":0.0,"max_hp_loss":0.0,"gold_gain":0.0,"event_name":"Bonfire Elementals","player_choice":"Offered Basic","floor":42.0,"gold_loss":0.0,"damage_taken":0.0},{"damage_healed":0.0,"max_hp_gain":0.0,"max_hp_loss":0.0,"gold_gain":0.0,"event_name":"SensoryStone","player_choice":"Memory 1","floor":48.0,"gold_loss":0.0,"damage_taken":0.0}],"is_beta":false,"boss_relics":[{"not_picked":["Coffee Dripper","Astrolabe"],"picked":"Ectoplasm"},{"not_picked":["Calling Bell","Busted Crown"],"picked":"SlaversCollar"}],"items_purged_floors":[19],"is_endless":false,"potions_floor_spawned":[1,7,16,20,27,29,31,35,38,47],"ascension_level":2}}