{"host":"T","time":1610120520,"event":{"mods":["Aspiration","BaseMod","Downfall","GungeonMod","Hunter ¡‘»À","Minty Spire (QoL Compilation)","READ ME - Guardian Mod","Relic Stats","StSLib","The Alterego","The Cursed","The Jungle","The Poker Player","The Runesmith","The Servant 0.9.4"],"gold_per_floor":[99,117,117,134,164,190,215,245,6,6,35,35,47,75,87,189,189,39,56,68,68,68,394,394,411,440,365,395,395,411,147,160,259,259,259,278,378,378,378,388,388,64,74,91,124,124,134,134,153,153,153,185,40,40,40],"floor_reached":56,"playtime":5103,"items_purged":["Slimebound:Strike_Slimebound","Shame"],"score":1509,"play_id":"447832c5-1654-4600-9f1d-5370354bf992","local_time":"20210108234200","is_ascension_mode":true,"campfire_choices":[{"floor":1,"key":"RECALL"},{"floor":12,"key":"REST"},{"data":"Slimebound:DouseInSlime","floor":18,"key":"SMITH"},{"data":"Slimebound:PrepareCrush","floor":27,"key":"SMITH"},{"data":"Slimebound:LeadByExample","floor":29,"key":"SMITH"},{"data":"Slimebound:OneTwoCombo","floor":35,"key":"SMITH"},{"data":"Phantasmal Killer","floor":46,"key":"SMITH"},{"data":"Slimebound:MassRepurpose","floor":54,"key":"SMITH"}],"circlet_count":0,"master_deck":["Slimebound:Tackle","Slimebound:Defend_Slimebound","Slimebound:Split","Slimebound:CorrosiveSpit","Slimebound:LeadByExample+1","Slimebound:Prepare","Slimebound:OneTwoCombo+1","Slimebound:Nibble","Slimebound:SpikyOuterGoop","Slimebound:SplitBruiser","Slimebound:LevelUp+1","Slimebound:DouseInSlime+1","Slimebound:Repurpose+1","Slimebound:LeechEnergy+1","Bite","Bite","Bite","Bite","Bite","Slimebound:PrepareCrush+1","Slimebound:LivingWall+1","Slimebound:SlimeTap+1","Slimebound:MassFeed+1","Slimebound:OneTwoCombo+1","CurseOfTheBell","Slimebound:SlimeBarrage+1","Slimebound:MassFeed+1","Slimebound:Prepare","Slimebound:SplitAcid","Shame","Slimebound:Split","expansioncontent:Collect+1","Slimebound:SplitMire+1","expansioncontent:AwakenDeath+1","expansioncontent:BronzeBeam+1","expansioncontent:Collect+1","Escape Plan","Cloak And Dagger","Phantasmal Killer+1","Slimebound:MassRepurpose+1","Slimebound:MassFeed+1","Slimebound:SplitAcid+1","Slimebound:SplitAcid+1","Slimebound:OneTwoCombo+1","Slimebound:DuplicatedForm+1"],"relics":["Slimebound:AbsorbEndCombat","Thread and Needle","Juzu Bracelet","MealTicket","DemoMod:PinkGuonStone","DemoMod:LamentConfigurum","DemoMod:MonsterBlood","Toy Ornithopter","Frozen Egg 2","Black Star","downfall:HeartBlessingBlue","downfall:HeartBlessingRed","Molten Egg 2","Old Coin","DemoMod:OrangeGuonStone","DemoMod:ResourcefulSack","Shuriken","Bronze Scales","downfall:HeartBlessingGreen","DemoMod:JetPack","Slimebound:MaxSlimesRelic","Gremlin Horn","Calling Bell","Sundial","Anchor","DemoMod:PartiallyEatenCheese","downfall:GremlinSack","Boot","Slimebound:AggressiveSlimeRelic","Mercury Hourglass","DemoMod:MemoryAlloy","Ice Cream","Vajra","aspiration:HummingbirdHeart","Happy Flower"],"acts_visited":["Exordium","TheCity","TheBeyond","TheEnding"],"potions_floor_usage":[11,19,23,26,26,28,33,33,44,47,55],"damage_taken":[{"damage":7,"enemies":"2 Louse","floor":2,"turns":3},{"damage":11,"enemies":"Jaw Worm","floor":4,"turns":4},{"damage":26,"enemies":"Lagavulin","floor":8,"turns":7},{"damage":10,"enemies":"downfall:FleeingMerchant","floor":9,"turns":4},{"damage":31,"enemies":"Gremlin Nob","floor":11,"turns":4},{"damage":7,"enemies":"Cultist","floor":13,"turns":3},{"damage":13,"enemies":"3 Sentries","floor":14,"turns":5},{"damage":11,"enemies":"Large Slime","floor":15,"turns":3},{"damage":18,"enemies":"downfall:Ironclad","floor":16,"turns":8},{"damage":9,"enemies":"3 Byrds","floor":19,"turns":3},{"damage":11,"enemies":"Spheric Guardian","floor":20,"turns":3},{"damage":30,"enemies":"Book of Stabbing","floor":23,"turns":5},{"damage":6,"enemies":"Chosen and Byrds","floor":25,"turns":4},{"damage":38,"enemies":"Gremlin Leader","floor":26,"turns":5},{"damage":41,"enemies":"Slavers","floor":28,"turns":4},{"damage":10,"enemies":"Snake Plant","floor":30,"turns":3},{"damage":15,"enemies":"downfall:FleeingMerchant","floor":31,"turns":4},{"damage":9,"enemies":"Centurion and Healer","floor":32,"turns":3},{"damage":32,"enemies":"downfall:Watcher","floor":33,"turns":6},{"damage":15,"enemies":"3 Darklings","floor":36,"turns":3},{"damage":8,"enemies":"3 Darklings","floor":37,"turns":1},{"damage":13,"enemies":"3 Shapes","floor":40,"turns":2},{"damage":12,"enemies":"downfall:FleeingMerchant","floor":42,"turns":1},{"damage":28,"enemies":"Writhing Mass","floor":43,"turns":3},{"damage":25,"enemies":"Sphere and 2 Shapes","floor":44,"turns":2},{"damage":8,"enemies":"Nemesis","floor":45,"turns":1},{"damage":17,"enemies":"Maw","floor":47,"turns":4},{"damage":13,"enemies":"4 Shapes","floor":49,"turns":2},{"damage":16,"enemies":"downfall:Defect","floor":50,"turns":4},{"damage":55,"enemies":"downfall:CharBossMerchant","floor":52,"turns":6},{"damage":43,"enemies":"downfall:NeowBoss","floor":55,"turns":15}],"seed_played":"-5138686802160421896","potions_obtained":[{"floor":8,"key":"BlessingOfTheForge"},{"floor":11,"key":"Fire Potion"},{"floor":13,"key":"Swift Potion"},{"floor":14,"key":"SpeedPotion"},{"floor":16,"key":"AttackPotion"},{"floor":20,"key":"AttackPotion"},{"floor":26,"key":"PowerPotion"},{"floor":30,"key":"Weak Potion"},{"floor":32,"key":"SteroidPotion"},{"floor":33,"key":"Fire Potion"},{"floor":43,"key":"Fruit Juice"},{"floor":44,"key":"Explosive Potion"},{"floor":45,"key":"Fire Potion"}],"is_trial":false,"path_per_floor":["R","M","?","M","?","T","T","E","$","?","E","R","M","E","M","B",null,"R","M","M","?","?","E","T","M","E","R","E","R","M","$","M","B",null,"R","M","?","?","?","M","T","$","M","M","E","R","M","?","M","B",null,"E","$","R","B",null],"character_chosen":"SLIMEBOUND","items_purchased":["DemoMod:LamentConfigurum","Gremlin Horn","Slimebound:AggressiveSlimeRelic","Slimebound:MassFeed+1","Mercury Hourglass","Happy Flower"],"campfire_rested":1,"item_purchase_floors":[9,31,42,42,42,53],"current_hp_per_floor":[54,54,54,54,54,54,54,49,61,43,18,38,39,32,31,29,68,78,78,77,54,54,41,41,47,37,37,36,36,40,54,58,52,58,58,51,57,47,47,46,46,58,52,62,62,62,66,66,67,67,67,64,67,67,67],"gold":40,"neow_bonus":"ONE_RARE_RELIC","is_daily":false,"chose_seed":false,"campfire_upgraded":6,"win_rate":0.0,"timestamp":1610120520,"path_taken":["R","M","?","M","?","?","T","E","$","?","E","R","M","E","M","BOSS","R","M","M","?","?","E","T","M","E","R","E","R","M","$","M","BOSS","R","M","?","?","?","M","T","$","M","M","E","R","M","?","M","BOSS","E","$","R","BOSS"],"items_purchased_type":["Relic","Relic","Relic","Card","Relic","Relic"],"build_version":"2020-12-18","purchased_purges":2,"victory":true,"max_hp_per_floor":[54,54,54,54,54,54,54,61,61,68,68,68,68,68,68,68,68,78,78,78,54,54,54,54,54,54,54,54,54,54,54,58,58,58,58,58,58,58,58,58,58,58,58,67,67,67,67,67,67,67,67,67,67,67,67],"relic_stats":{"Gremlin Horn":[14,14],"Happy Flower":[5],"counters":[31,123],"Juzu Bracelet":2,"Boot":[0],"Mercury Hourglass":[90],"Shuriken":[39],"Sundial":[0],"Bronze Scales":[137],"MealTicket":41,"Black Star":5,"obtain_stats":[{"Ice Cream":45,"Gremlin Horn":31,"Vajra":52,"downfall:HeartBlessingGreen":27,"DemoMod:GlassGuonStoneRelic":4,"Juzu Bracelet":5,"Boot":41,"Old Coin":23,"Slimebound:MaxSlimesRelic":28,"DemoMod:MonsterBlood":10,"downfall:HeartBlessingBlue":18,"Sundial":34,"MealTicket":7,"DemoMod:LamentConfigurum":9,"DemoMod:JetPack":28,"Slimebound:AggressiveSlimeRelic":42,"downfall:HeartBlessingRed":18,"Happy Flower":53,"DemoMod:MemoryAlloy":45,"DemoMod:OrangeGuonStone":23,"Thread and Needle":0,"DemoMod:PartiallyEatenCheese":34,"DemoMod:PinkGuonStone":8,"aspiration:HummingbirdHeart":52,"Frozen Egg 2":14,"Mercury Hourglass":42,"Calling Bell":34,"Anchor":34,"downfall:GremlinSack":37,"Shuriken":26,"Bronze Scales":26,"Molten Egg 2":22,"Slimebound:AbsorbEndCombat":0,"Black Star":17,"DemoMod:ResourcefulSack":24,"Toy Ornithopter":11},{"Ice Cream":26,"Gremlin Horn":17,"Vajra":30,"downfall:HeartBlessingGreen":14,"DemoMod:GlassGuonStoneRelic":2,"Juzu Bracelet":2,"Boot":22,"Old Coin":12,"Slimebound:MaxSlimesRelic":15,"DemoMod:MonsterBlood":4,"downfall:HeartBlessingBlue":9,"Sundial":19,"MealTicket":2,"DemoMod:LamentConfigurum":4,"DemoMod:JetPack":15,"Slimebound:AggressiveSlimeRelic":23,"downfall:HeartBlessingRed":9,"Happy Flower":30,"DemoMod:MemoryAlloy":26,"DemoMod:OrangeGuonStone":12,"Thread and Needle":0,"DemoMod:PartiallyEatenCheese":19,"DemoMod:PinkGuonStone":3,"aspiration:HummingbirdHeart":30,"Frozen Egg 2":7,"Mercury Hourglass":23,"Calling Bell":19,"Anchor":19,"downfall:GremlinSack":21,"Shuriken":14,"Bronze Scales":14,"Molten Egg 2":11,"Slimebound:AbsorbEndCombat":0,"Black Star":9,"DemoMod:ResourcefulSack":12,"Toy Ornithopter":5},{"Ice Cream":93,"Gremlin Horn":71,"Vajra":108,"downfall:HeartBlessingGreen":60,"DemoMod:GlassGuonStoneRelic":7,"Juzu Bracelet":7,"Boot":86,"Old Coin":51,"Slimebound:MaxSlimesRelic":64,"DemoMod:MonsterBlood":18,"downfall:HeartBlessingBlue":40,"Sundial":80,"MealTicket":7,"DemoMod:LamentConfigurum":18,"DemoMod:JetPack":64,"Slimebound:AggressiveSlimeRelic":87,"downfall:HeartBlessingRed":40,"Happy Flower":108,"DemoMod:MemoryAlloy":93,"DemoMod:OrangeGuonStone":51,"Thread and Needle":0,"DemoMod:PartiallyEatenCheese":80,"DemoMod:PinkGuonStone":14,"aspiration:HummingbirdHeart":108,"Frozen Egg 2":29,"Mercury Hourglass":87,"Calling Bell":80,"Anchor":80,"downfall:GremlinSack":84,"Shuriken":60,"Bronze Scales":60,"Molten Egg 2":46,"Slimebound:AbsorbEndCombat":0,"Black Star":40,"DemoMod:ResourcefulSack":51,"Toy Ornithopter":22}],"Toy Ornithopter":33},"card_choices":[{"not_picked":["Slimebound:Schlurp","Slimebound:HauntingLick"],"picked":"Slimebound:LeadByExample","floor":2},{"not_picked":["Slimebound:PressTheAttack","Slimebound:SplitBruiser","Slimebound:RollThrough"],"picked":"SKIP","floor":4},{"not_picked":["Slimebound:SplitMire","Slimebound:HauntingLick"],"picked":"Slimebound:Prepare","floor":8},{"not_picked":["Slimebound:LeechingTouch","Slimebound:SlimeSpikes"],"picked":"Slimebound:OneTwoCombo","floor":9},{"not_picked":["Slimebound:SlimeSpikes","Slimebound:ViciousTackle"],"picked":"Slimebound:Nibble","floor":11},{"not_picked":["Slimebound:ViciousTackle","Slimebound:GrowthPunch"],"picked":"Slimebound:SpikyOuterGoop","floor":13},{"not_picked":["Slimebound:FinishingTackle","Slimebound:ViciousTackle"],"picked":"Slimebound:SplitBruiser","floor":14},{"not_picked":["Slimebound:Schlurp","Slimebound:SplitMire"],"picked":"Slimebound:LevelUp+1","floor":15},{"not_picked":["Slimebound:WasteNot","Slimebound:DuplicatedForm+1"],"picked":"Slimebound:DouseInSlime","floor":16},{"not_picked":["Slimebound:FormOfPuddle","Slimebound:PressTheAttack"],"picked":"Slimebound:Repurpose+1","floor":19},{"not_picked":["Slimebound:SlimeSpikes+1","Slimebound:PressTheAttack"],"picked":"Slimebound:LeechEnergy+1","floor":20},{"not_picked":["Slimebound:SplitMire","Slimebound:ComboTackle+1"],"picked":"Slimebound:PrepareCrush","floor":23},{"not_picked":["Slimebound:ComboTackle+1","Slimebound:RollThrough+1"],"picked":"Slimebound:LivingWall+1","floor":25},{"not_picked":["Slimebound:HauntingLick","Slimebound:Dissolve"],"picked":"Slimebound:SlimeTap+1","floor":26},{"not_picked":["Slimebound:FinishingTackle+1","Slimebound:RollThrough+1","Slimebound:GoopTackle+1"],"picked":"SKIP","floor":28},{"not_picked":["Slimebound:GrowthPunch+1","Slimebound:ComboTackle+1","Slimebound:Schlurp"],"picked":"SKIP","floor":30},{"not_picked":["Slimebound:SplitLeeching","Slimebound:ComboTackle+1"],"picked":"Slimebound:MassFeed+1","floor":31},{"not_picked":["Slimebound:Prepare+1","Slimebound:SlimeSpikes","Slimebound:FinishingTackle+1"],"picked":"SKIP","floor":32},{"not_picked":["Slimebound:WasteNot","Slimebound:Teamwork"],"picked":"Slimebound:OneTwoCombo+1","floor":33},{"not_picked":["Slimebound:GrowthPunch+1","Slimebound:TongueLash+1"],"picked":"Slimebound:SlimeBarrage+1","floor":36},{"not_picked":["Slimebound:Chomp+1","Slimebound:BestDefense+1"],"picked":"Slimebound:SplitMire+1","floor":37},{"not_picked":["expansioncontent:ChargeUp","expansioncontent:LastStand+1"],"picked":"expansioncontent:AwakenDeath+1","floor":38},{"not_picked":["expansioncontent:DecasProtection","expansioncontent:ManipulateTime"],"picked":"expansioncontent:BronzeBeam+1","floor":38},{"not_picked":["expansioncontent:PolyBeam+1","expansioncontent:DecasProtection"],"picked":"expansioncontent:Collect+1","floor":38},{"not_picked":["Slimebound:Equalize+1","Slimebound:Repurpose","Slimebound:FinishingTackle+1"],"picked":"SKIP","floor":40},{"not_picked":["Slimebound:GoopSpray","Slimebound:SplitBruiser+1"],"picked":"Slimebound:MassRepurpose","floor":42},{"not_picked":["Slimebound:Nibble+1","Slimebound:LeechEnergy+1"],"picked":"Slimebound:SplitAcid+1","floor":43},{"not_picked":["Slimebound:SamplingLick","Slimebound:DisruptingSlam+1"],"picked":"Slimebound:SplitAcid+1","floor":44},{"not_picked":["Slimebound:ComboTackle+1","Slimebound:Gluttony+1","Slimebound:LeechEnergy+1"],"picked":"SKIP","floor":45},{"not_picked":["Slimebound:LivingWall","Slimebound:SplitLeeching+1","Slimebound:Repurpose+1"],"picked":"SKIP","floor":47},{"not_picked":["Slimebound:SamplingLick","Slimebound:RainOfGoop","Slimebound:SlimeSpikes+1"],"picked":"SKIP","floor":49},{"not_picked":["Slimebound:SlimeTap","Slimebound:TongueLash+1"],"picked":"Slimebound:DuplicatedForm+1","floor":52}],"player_experience":363437,"relics_obtained":[{"floor":7,"key":"MealTicket"},{"floor":8,"key":"DemoMod:PinkGuonStone"},{"floor":11,"key":"Toy Ornithopter"},{"floor":14,"key":"Frozen Egg 2"},{"floor":23,"key":"Old Coin"},{"floor":23,"key":"DemoMod:OrangeGuonStone"},{"floor":24,"key":"DemoMod:ResourcefulSack"},{"floor":26,"key":"Shuriken"},{"floor":26,"key":"Bronze Scales"},{"floor":28,"key":"DemoMod:JetPack"},{"floor":28,"key":"Slimebound:MaxSlimesRelic"},{"floor":34,"key":"Sundial"},{"floor":34,"key":"Anchor"},{"floor":34,"key":"DemoMod:PartiallyEatenCheese"},{"floor":37,"key":"downfall:GremlinSack"},{"floor":41,"key":"Boot"},{"floor":45,"key":"DemoMod:MemoryAlloy"},{"floor":45,"key":"Ice Cream"},{"floor":52,"key":"Vajra"},{"floor":52,"key":"aspiration:HummingbirdHeart"}],"event_choices":[{"damage_healed":0,"gold_gain":0,"player_choice":"Success","damage_taken":25,"relics_obtained":["DemoMod:MonsterBlood"],"max_hp_gain":0,"max_hp_loss":0,"event_name":"Scrap Ooze","floor":10,"gold_loss":0},{"damage_healed":0,"gold_gain":0,"player_choice":"Became a vampire","damage_taken":0,"max_hp_gain":0,"max_hp_loss":24,"event_name":"Vampires","floor":21,"gold_loss":0,"cards_obtained":["Bite","Bite","Bite","Bite","Bite"]},{"damage_healed":0,"gold_gain":0,"player_choice":"Stole Relic","damage_taken":0,"relics_obtained":["Molten Egg 2"],"max_hp_gain":0,"max_hp_loss":0,"event_name":"Addict","floor":22,"gold_loss":0,"cards_obtained":["Shame"]},{"damage_healed":0,"gold_gain":0,"player_choice":"Copied","damage_taken":0,"max_hp_gain":0,"max_hp_loss":0,"event_name":"Duplicator","floor":48,"gold_loss":0,"cards_obtained":["Slimebound:OneTwoCombo"]}],"is_beta":true,"boss_relics":[{"not_picked":["Sozu","Pandora\u0027s Box"],"picked":"Black Star"},{"not_picked":["aspiration:FutureDiary","aspiration:MobileForge"],"picked":"Calling Bell"}],"items_purged_floors":[9,42],"is_endless":false,"potions_floor_spawned":[8,11,13,14,16,20,26,30,32,33,43,44,45],"ascension_level":1}}