{"host":"r53pw7z744tg3fxg","time":1610135722,"event":{"mods":["AchievementEnabler","BaseMod","Colored Map","Colored Powertips","Highlight Path","Minty Spire (QoL Compilation)","Quick Restart","Transform Curses"],"gold_per_floor":[115,132,232,30,42,73,73,91,116,135,135,166,166,166,166,166,166],"floor_reached":16,"playtime":932,"items_purged":[],"score":174,"play_id":"92158aaa-f938-4a22-bc60-ff77ced956d8","local_time":"20210108125522","is_ascension_mode":true,"campfire_choices":[{"data":"Eruption","floor":7.0,"key":"SMITH"},{"floor":15,"key":"REST"}],"circlet_count":0,"master_deck":["AscendersBane","Strike_P","Strike_P","Strike_P","Strike_P","Defend_P","Defend_P","Defend_P","Defend_P","Eruption+1","Vigilance","BowlingBash+1","ThirdEye","SashWhip","WheelKick","PathToVictory","Wallop+1","Consecrate","BattleHymn"],"relics":["PureWater","NeowsBlessing","ClockworkSouvenir","Nunchaku","Anchor","PreservedInsect"],"acts_visited":["Exordium"],"potions_floor_usage":[12,14],"damage_taken":[{"damage":0.0,"enemies":"Small Slimes","floor":1.0,"turns":1.0},{"damage":0.0,"enemies":"Cultist","floor":2.0,"turns":1.0},{"damage":0.0,"enemies":"2 Louse","floor":5.0,"turns":1.0},{"damage":25.0,"enemies":"3 Sentries","floor":6.0,"turns":10.0},{"damage":11.0,"enemies":"Exordium Wildlife","floor":8.0,"turns":4.0},{"damage":0.0,"enemies":"Looter","floor":10.0,"turns":3.0},{"damage":18,"enemies":"Lagavulin","floor":12,"turns":7},{"damage":0,"enemies":"Red Slaver","floor":14,"turns":1},{"damage":33,"enemies":"Hexaghost","floor":16,"turns":7}],"seed_played":"3044156305074749885","potions_obtained":[{"floor":2.0,"key":"SpeedPotion"},{"floor":5.0,"key":"Regen Potion"},{"floor":6.0,"key":"CultistPotion"},{"floor":12,"key":"SmokeBomb"}],"is_trial":false,"path_per_floor":["M","M","?","$","M","E","R","M","T","M","$","E","?","M","R","B"],"character_chosen":"WATCHER","items_purchased":["ClockworkSouvenir","SashWhip"],"campfire_rested":1,"item_purchase_floors":[4,4],"current_hp_per_floor":[65,65,65,65,65,55,55,44,44,44,44,26,12,12,33,0,0],"gold":166,"neow_bonus":"THREE_ENEMY_KILL","is_daily":false,"chose_seed":false,"campfire_upgraded":1,"win_rate":0.0,"timestamp":1610135722,"path_taken":["M","M","?","$","?","E","R","M","T","M","?","E","?","M","R","BOSS"],"items_purchased_type":["Relic","Card"],"build_version":"2020-12-22","purchased_purges":0,"victory":false,"max_hp_per_floor":[72,72,72,72,72,72,72,72,72,72,72,72,72,72,72,72,72],"card_choices":[{"not_picked":["FollowUp","Evaluate"],"picked":"BowlingBash","floor":1.0},{"not_picked":["BowlingBash","Crescendo"],"picked":"ThirdEye","floor":2.0},{"not_picked":["SashWhip","Alpha"],"picked":"WheelKick","floor":5.0},{"not_picked":["Consecrate","FollowUp"],"picked":"PathToVictory","floor":6.0},{"not_picked":["ThirdEye","Meditate"],"picked":"Wallop","floor":8.0},{"not_picked":["FlyingSleeves","PathToVictory"],"picked":"Consecrate","floor":10.0},{"not_picked":["Wireheading","PathToVictory"],"picked":"BattleHymn","floor":12}],"player_experience":1214910,"relics_obtained":[{"floor":6.0,"key":"Nunchaku"},{"floor":9.0,"key":"Anchor"},{"floor":12,"key":"PreservedInsect"}],"event_choices":[{"damage_healed":0.0,"max_hp_gain":0.0,"max_hp_loss":0.0,"gold_gain":100.0,"event_name":"Wheel of Change","player_choice":"Gold","floor":3.0,"gold_loss":0.0,"damage_taken":0.0},{"damage_healed":0,"gold_gain":0,"player_choice":"Entered Light","damage_taken":14,"max_hp_gain":0,"max_hp_loss":0,"event_name":"Shining Light","floor":13,"gold_loss":0,"cards_upgraded":["Wallop","BowlingBash"]}],"is_beta":false,"boss_relics":[],"items_purged_floors":[],"is_endless":false,"potions_floor_spawned":[2,5,6,12,14],"killed_by":"Hexaghost","ascension_level":11}}