{"host":"fxh4234sf5pb3xr6","time":1610109676,"event":{"mods":["AchievementEnabler","BaseMod","Colored Map","Colored Powertips","Minty Spire (QoL Compilation)","Rare Cards Sparkle","StSLib"],"gold_per_floor":[116,66,66,141,155,185,185,220,220,220,247,273,339,351,363,470,482,514,200,215,115,129,129,129,129],"floor_reached":24,"playtime":1137,"items_purged":["Strike_G","Defend_G"],"score":265,"play_id":"440f0826-386c-4637-ba97-b5155d506586","local_time":"20210108074116","is_ascension_mode":true,"campfire_choices":[{"data":"Neutralize","floor":7,"key":"SMITH"},{"floor":10,"key":"REST"},{"floor":15,"key":"REST"},{"floor":23,"key":"REST"}],"circlet_count":0,"master_deck":["Strike_G","Strike_G","Strike_G","Defend_G","Defend_G","Defend_G","Survivor","Neutralize+1","Deadly Poison","Dagger Spray","Escape Plan","Blade Dance","Bane+1","Envenom","Cloak And Dagger","Terror+1"],"relics":["Ring of the Snake","Bag of Preparation","Blood Vial","MealTicket","Molten Egg 2","MawBank","HoveringKite","Shuriken"],"acts_visited":["Exordium","TheCity"],"potions_floor_usage":[16,20,22,22],"damage_taken":[{"damage":1,"enemies":"2 Louse","floor":1,"turns":3},{"damage":1,"enemies":"Small Slimes","floor":5,"turns":3},{"damage":24,"enemies":"Lagavulin","floor":6,"turns":8},{"damage":25,"enemies":"3 Sentries","floor":8,"turns":9},{"damage":17,"enemies":"Lagavulin","floor":11,"turns":8},{"damage":0,"enemies":"Jaw Worm","floor":12,"turns":3},{"damage":23,"enemies":"Hexaghost","floor":16,"turns":11},{"damage":45,"enemies":"Spheric Guardian","floor":18,"turns":7},{"damage":22,"enemies":"2 Thieves","floor":20,"turns":4},{"damage":12,"enemies":"Centurion and Healer","floor":22,"turns":5},{"damage":40,"enemies":"Book of Stabbing","floor":24,"turns":5}],"seed_played":"4517028164184830615","potions_obtained":[{"floor":8,"key":"AttackPotion"},{"floor":11,"key":"Fire Potion"},{"floor":16,"key":"AttackPotion"},{"floor":18,"key":"LiquidMemories"}],"is_trial":false,"path_per_floor":["M","?","?","?","M","E","R","E","T","R","E","M","?","?","R","B",null,"M","$","M","$","M","R","E"],"character_chosen":"THE_SILENT","items_purchased":["Shuriken"],"campfire_rested":3,"item_purchase_floors":[19],"current_hp_per_floor":[69,69,69,58,57,33,33,10,10,31,16,18,18,18,39,18,57,14,29,9,24,14,35,0,0],"gold":129,"neow_bonus":"RANDOM_COMMON_RELIC","is_daily":false,"chose_seed":false,"campfire_upgraded":1,"win_rate":0.0,"timestamp":1610109676,"path_taken":["M","?","?","?","M","E","R","E","T","R","E","?","?","?","R","BOSS","M","$","M","$","M","R","E"],"items_purchased_type":["Relic"],"build_version":"2020-12-22","purchased_purges":2,"victory":false,"max_hp_per_floor":[70,70,70,70,70,70,70,70,70,70,70,70,70,70,70,70,70,70,70,70,70,70,70,70,70],"card_choices":[{"not_picked":["Sucker Punch","Deflect"],"picked":"Deadly Poison","floor":1},{"not_picked":["Flechettes","Prepared","Crippling Poison"],"picked":"SKIP","floor":5},{"not_picked":["PiercingWail","Burst"],"picked":"Dagger Spray","floor":6},{"not_picked":["Deflect","Crippling Poison"],"picked":"Escape Plan","floor":8},{"not_picked":["Deadly Poison","Phantasmal Killer"],"picked":"Blade Dance","floor":11},{"not_picked":["Acrobatics","Outmaneuver"],"picked":"Bane+1","floor":12},{"not_picked":["Bullet Time","Glass Knife+1"],"picked":"Envenom","floor":16},{"not_picked":["Skewer+1","Blade Dance"],"picked":"Cloak And Dagger","floor":18},{"not_picked":["PiercingWail","Heel Hook+1"],"picked":"Terror+1","floor":20},{"not_picked":["Dodge and Roll+1","Flying Knee+1","Underhanded Strike+1"],"picked":"SKIP","floor":22}],"player_experience":335238,"relics_obtained":[{"floor":6,"key":"Blood Vial"},{"floor":8,"key":"MealTicket"},{"floor":9,"key":"Molten Egg 2"},{"floor":11,"key":"MawBank"}],"event_choices":[{"cards_removed":["Defend_G"],"damage_healed":0,"gold_gain":0,"player_choice":"Card Removal","damage_taken":0,"max_hp_gain":0,"max_hp_loss":0,"event_name":"The Cleric","floor":2,"gold_loss":50},{"cards_removed":["Strike_G"],"damage_healed":0,"gold_gain":0,"player_choice":"Forget","damage_taken":0,"max_hp_gain":0,"max_hp_loss":0,"event_name":"Living Wall","floor":3,"gold_loss":0},{"damage_healed":0,"gold_gain":75,"player_choice":"Gather Gold","damage_taken":11,"max_hp_gain":0,"max_hp_loss":0,"event_name":"World of Goop","floor":4,"gold_loss":0},{"damage_healed":0,"gold_gain":54,"player_choice":"Gained Gold","damage_taken":0,"max_hp_gain":0,"max_hp_loss":0,"event_name":"Golden Wing","floor":13,"gold_loss":0},{"damage_healed":0,"gold_gain":0,"player_choice":"Ignored","damage_taken":0,"max_hp_gain":0,"max_hp_loss":0,"event_name":"Liars Game","floor":14,"gold_loss":0}],"is_beta":false,"boss_relics":[{"not_picked":["SacredBark","Runic Pyramid"],"picked":"HoveringKite"}],"items_purged_floors":[19,21],"is_endless":false,"potions_floor_spawned":[8,11,16,18],"killed_by":"Book of Stabbing","ascension_level":5}}