{"host":"5wznv0010959mrmz","time":1610067865,"event":{"mods":["BaseMod","Highlight Path","Minty Spire (QoL Compilation)","Relic Stats"],"gold_per_floor":[109,109,109,129,53,53,94,115,115,115,135,171,190,115,115,208,208,223,313,334,358,381,417,417,437,462,462,485,525,525,37,37,130,130,151,151,151,151,151,189,189,189,189],"floor_reached":42,"playtime":1609,"items_purged":["Strike_G"],"score":948,"play_id":"ee336df5-99d7-4cd5-9cba-150438892320","local_time":"20210107190425","is_ascension_mode":true,"campfire_choices":[{"data":"Poisoned Stab","floor":6,"key":"SMITH"},{"data":"Neutralize","floor":10,"key":"SMITH"},{"data":"Crippling Poison","floor":15,"key":"SMITH"},{"floor":24,"key":"REST"},{"floor":27,"key":"REST"},{"floor":30,"key":"REST"},{"floor":32,"key":"RECALL"},{"floor":41,"key":"REST"}],"circlet_count":0,"master_deck":["AscendersBane","Strike_G+1","Strike_G","Strike_G","Defend_G","Defend_G","Defend_G","Defend_G","Defend_G","Survivor","Neutralize+1","Poisoned Stab","Poisoned Stab+1","Noxious Fumes","Endless Agony+1","Venomology","Deadly Poison","Envenom+1","Crippling Poison+1","Wraith Form v2+1","Backflip","Sucker Punch+1","Footwork+1","Catalyst+1","Madness","Madness"],"relics":["Ring of the Snake","FossilizedHelix","Golden Idol","Pear","Paper Crane","Frozen Egg 2","Fusion Hammer","Whetstone","Juzu Bracelet","Nunchaku","Potion Belt","SacredBark","PreservedInsect","Blood Vial"],"acts_visited":["Exordium","TheCity","TheBeyond"],"potions_floor_usage":[7,12,13,16,18,18,20,20,21,22,23,23,25,25,28,28,29,29,33,33,33,33,33,40,42],"damage_taken":[{"damage":0,"enemies":"Jaw Worm","floor":1,"turns":6},{"damage":7,"enemies":"2 Louse","floor":4,"turns":2},{"damage":16,"enemies":"Lagavulin","floor":7,"turns":8},{"damage":0,"enemies":"Cultist","floor":8,"turns":3},{"damage":0,"enemies":"Red Slaver","floor":11,"turns":3},{"damage":10,"enemies":"3 Sentries","floor":12,"turns":6},{"damage":0,"enemies":"2 Fungi Beasts","floor":13,"turns":2},{"damage":2,"enemies":"Hexaghost","floor":16,"turns":9},{"damage":2,"enemies":"3 Byrds","floor":18,"turns":5},{"damage":2,"enemies":"Chosen","floor":20,"turns":4},{"damage":21,"enemies":"Centurion and Healer","floor":21,"turns":7},{"damage":4,"enemies":"Cultist and Chosen","floor":22,"turns":6},{"damage":2,"enemies":"Book of Stabbing","floor":23,"turns":5},{"damage":9,"enemies":"Shelled Parasite and Fungi","floor":25,"turns":5},{"damage":24,"enemies":"Chosen and Byrds","floor":28,"turns":7},{"damage":32,"enemies":"Slavers","floor":29,"turns":5},{"damage":39,"enemies":"Collector","floor":33,"turns":8},{"damage":1,"enemies":"3 Shapes","floor":35,"turns":7},{"damage":17,"enemies":"Giant Head","floor":40,"turns":6},{"damage":54,"enemies":"Reptomancer","floor":42,"turns":2}],"seed_played":"-7972019740852307101","potions_obtained":[{"floor":4,"key":"Dexterity Potion"},{"floor":12,"key":"SkillPotion"},{"floor":13,"key":"FearPotion"},{"floor":16,"key":"EssenceOfSteel"},{"floor":23,"key":"GamblersBrew"},{"floor":25,"key":"Regen Potion"},{"floor":28,"key":"LiquidBronze"},{"floor":36,"key":"Strength Potion"},{"floor":36,"key":"GamblersBrew"},{"floor":40,"key":"FearPotion"}],"is_trial":false,"path_per_floor":["M","?","?","M","$","R","E","M","T","R","M","E","M","?","R","B",null,"M","?","M","M","M","E","R","M","T","R","M","E","R","$","R","B",null,"M","?","?","?","?","E","R","E"],"character_chosen":"THE_SILENT","items_purchased":["Noxious Fumes","Potion Belt","DistilledChaos","DuplicationPotion","Blur"],"campfire_rested":4,"item_purchase_floors":[5,31,31,31,31],"current_hp_per_floor":[59,59,52,45,45,45,39,39,39,39,39,29,29,29,29,27,59,57,45,43,22,18,16,37,28,28,49,64,32,53,53,53,14,56,55,55,55,42,42,25,46,0,0],"gold":189,"neow_bonus":"ONE_RARE_RELIC","is_daily":false,"chose_seed":false,"campfire_upgraded":3,"win_rate":0.0,"timestamp":1610067865,"path_taken":["M","?","?","M","$","R","E","M","T","R","M","E","M","?","R","BOSS","M","?","?","M","M","E","R","M","T","R","M","E","R","?","R","BOSS","M","?","?","?","?","E","R","E"],"items_purchased_type":["Card","Relic","Potion","Potion","Card"],"build_version":"2020-12-22","purchased_purges":1,"victory":false,"max_hp_per_floor":[60,60,60,60,60,60,70,70,70,70,70,70,70,70,70,70,70,70,70,70,70,70,70,70,70,70,70,70,70,70,70,70,70,70,70,70,70,70,70,70,70,70,70],"relic_stats":{"Blood Vial":2,"Nunchaku":[4],"counters":[20,106],"Golden Idol":122,"PreservedInsect":190,"Juzu Bracelet":2,"Whetstone":["Endless Agony","Strike_G"],"obtain_stats":[{"Potion Belt":31,"Pear":7,"Golden Idol":2,"SacredBark":34,"PreservedInsect":37,"Juzu Bracelet":26,"Whetstone":23,"Paper Crane":9,"Frozen Egg 2":12,"Blood Vial":40,"Nunchaku":29,"Fusion Hammer":17,"FossilizedHelix":0,"Ring of the Snake":0},{"Potion Belt":16,"Pear":3,"Golden Idol":1,"SacredBark":17,"PreservedInsect":18,"Juzu Bracelet":14,"Whetstone":13,"Paper Crane":4,"Frozen Egg 2":6,"Blood Vial":19,"Nunchaku":16,"Fusion Hammer":8,"FossilizedHelix":0,"Ring of the Snake":0},{"Potion Belt":83,"Pear":16,"Golden Idol":6,"SacredBark":91,"PreservedInsect":98,"Juzu Bracelet":71,"Whetstone":66,"Paper Crane":19,"Frozen Egg 2":28,"Blood Vial":104,"Nunchaku":83,"Fusion Hammer":39,"FossilizedHelix":0,"Ring of the Snake":0}],"Ring of the Snake":[42]},"card_choices":[{"not_picked":["Sucker Punch","Footwork"],"picked":"Poisoned Stab","floor":1},{"not_picked":["Blur","Infinite Blades"],"picked":"Poisoned Stab","floor":4},{"not_picked":["Accuracy","Flying Knee"],"picked":"Endless Agony","floor":7},{"not_picked":["Blade Dance","Choke"],"picked":"Venomology","floor":8},{"not_picked":["Prepared","Sucker Punch"],"picked":"Deadly Poison","floor":11},{"not_picked":["Caltrops+1","Terror"],"picked":"Envenom+1","floor":12},{"not_picked":["Endless Agony","Flying Knee"],"picked":"Crippling Poison","floor":13},{"not_picked":["After Image+1","Phantasmal Killer"],"picked":"Wraith Form v2+1","floor":16},{"not_picked":["Acrobatics","Terror"],"picked":"Backflip","floor":18},{"not_picked":["Outmaneuver","Flying Knee","PiercingWail"],"picked":"SKIP","floor":20},{"not_picked":["Dagger Throw+1","Terror"],"picked":"Sucker Punch+1","floor":21},{"not_picked":["Tactician","Acrobatics","Bouncing Flask"],"picked":"SKIP","floor":22},{"not_picked":["Storm of Steel","Deadly Poison","Bane"],"picked":"SKIP","floor":23},{"not_picked":["Quick Slash","Underhanded Strike"],"picked":"Footwork+1","floor":25},{"not_picked":["Reflex","PiercingWail","Acrobatics"],"picked":"SKIP","floor":28},{"not_picked":["Sucker Punch","Flying Knee","Bouncing Flask"],"picked":"SKIP","floor":29},{"not_picked":["Bane","Acrobatics"],"picked":"Catalyst+1","floor":35},{"not_picked":["Dagger Spray+1","Dodge and Roll","Infinite Blades+1"],"picked":"SKIP","floor":40}],"player_experience":415289,"relics_obtained":[{"floor":7,"key":"Pear"},{"floor":9,"key":"Paper Crane"},{"floor":12,"key":"Frozen Egg 2"},{"floor":23,"key":"Whetstone"},{"floor":26,"key":"Juzu Bracelet"},{"floor":29,"key":"Nunchaku"},{"floor":37,"key":"PreservedInsect"},{"floor":40,"key":"Blood Vial"}],"event_choices":[{"damage_healed":0,"gold_gain":0,"player_choice":"Take Wound","damage_taken":0,"relics_obtained":["Golden Idol"],"max_hp_gain":0,"max_hp_loss":0,"event_name":"Golden Idol","floor":2,"gold_loss":0,"cards_obtained":["Injury"]},{"cards_removed":["Injury"],"damage_healed":0,"gold_gain":0,"player_choice":"Card Removal","damage_taken":7,"max_hp_gain":0,"max_hp_loss":0,"event_name":"Golden Wing","floor":3,"gold_loss":0},{"cards_removed":["Strike_G"],"damage_healed":0,"gold_gain":0,"player_choice":"Card Removal","damage_taken":0,"max_hp_gain":0,"max_hp_loss":0,"event_name":"The Cleric","floor":14,"gold_loss":75},{"damage_healed":0,"gold_gain":90,"player_choice":"GOLD ","damage_taken":12,"max_hp_gain":0,"max_hp_loss":0,"event_name":"Knowing Skull","floor":19,"potions_obtained":[],"gold_loss":0,"cards_obtained":[]},{"damage_healed":0,"gold_gain":0,"player_choice":"Got Potions","damage_taken":0,"max_hp_gain":0,"max_hp_loss":0,"event_name":"Lab","floor":36,"gold_loss":0},{"damage_healed":0,"gold_gain":0,"player_choice":"Relic","damage_taken":0,"max_hp_gain":0,"max_hp_loss":0,"event_name":"Wheel of Change","floor":37,"gold_loss":0},{"damage_healed":0,"gold_gain":0,"player_choice":"Embrace Madness","damage_taken":13,"max_hp_gain":0,"max_hp_loss":0,"event_name":"Winding Halls","floor":38,"gold_loss":0,"cards_obtained":["Madness","Madness"]},{"cards_removed":["Blur"],"damage_healed":0,"gold_gain":0,"player_choice":"Removed Skill","damage_taken":0,"max_hp_gain":0,"max_hp_loss":0,"event_name":"Falling","floor":39,"gold_loss":0}],"is_beta":false,"boss_relics":[{"not_picked":["Runic Pyramid","Astrolabe"],"picked":"Fusion Hammer"},{"not_picked":["Black Star","SlaversCollar"],"picked":"SacredBark"}],"items_purged_floors":[31],"is_endless":false,"potions_floor_spawned":[4,12,13,16,21,23,25,28,40],"killed_by":"Reptomancer","ascension_level":20}}