{"host":"18wi9kpcl4eah7pe","time":1610070703,"event":{"mods":["BaseMod","Colored Powertips","Downfall","Minty Spire (QoL Compilation)","StSLib"],"gold_per_floor":[99,117,117,128,141,66,66,51,51,63,95,20,40,51,67,163,163,88,106,121,106,106,136,160,160,160,191,191,206,206,234,248,346,346,346,364,380,250,250,250,304,331,346,381,381,397,397,189,204,204,204,235,36,36,36],"floor_reached":56,"playtime":3458,"items_purged":["Regret"],"score":1436,"play_id":"c348b509-5df8-4e0c-b6e5-9898bb70b9ca","local_time":"20210107195143","is_ascension_mode":true,"campfire_choices":[{"floor":1.0,"key":"RECALL"},{"data":"Slimebound:GrowthPunch","floor":6.0,"key":"SMITH"},{"data":"Slimebound:Split","floor":9.0,"key":"SMITH"},{"floor":12.0,"key":"REST"},{"data":"Slimebound:PrepareCrush","floor":18.0,"key":"SMITH"},{"floor":26.0,"key":"REST"},{"floor":30.0,"key":"REST"},{"data":"Slimebound:SplitSpecialist","floor":35.0,"key":"SMITH"},{"data":"Slimebound:MinionMaster","floor":40.0,"key":"SMITH"},{"data":"Slimebound:GrowthPunch","floor":45.0,"key":"SMITH"},{"data":"Slimebound:OozeBath","floor":54,"key":"SMITH"}],"circlet_count":0,"master_deck":["Slimebound:Strike_Slimebound","Slimebound:Strike_Slimebound","Slimebound:Strike_Slimebound","Slimebound:Tackle","Slimebound:Defend_Slimebound+1","Slimebound:Defend_Slimebound","Slimebound:Defend_Slimebound","Slimebound:Defend_Slimebound","Slimebound:Split+1","Slimebound:CorrosiveSpit","Slimebound:GrowthPunch+1","Slimebound:SlimeSpikes+1","Slimebound:LeechLife","Slimebound:SplitAcid","Slimebound:LeechEnergy","Slimebound:HauntingLick","Slimebound:SplitBruiser","Slimebound:Equalize","Slimebound:SamplingLick","Slimebound:PrepareCrush+1","Slimebound:SplitSpecialist+1","Slimebound:SlimeTap","Slimebound:Gluttony","Slimebound:OneTwoCombo","Slimebound:FirmFortitude","Slimebound:LeadByExample","Slimebound:PressTheAttack","Slimebound:SpikyOuterGoop","Slimebound:MinionMaster+1","Slimebound:RollThrough","Slimebound:SplitSpecialist+1","Slimebound:SamplingLick","Slimebound:SpikyOuterGoop","Slimebound:GrowthPunch+1","Slimebound:LevelUp+1","Slimebound:Nibble","Slimebound:FlameTackle","Slimebound:MegaLick+1","Slimebound:SplitMire+1","Slimebound:OozeBath+1","Slimebound:LeechEnergy"],"relics":["Slimebound:AbsorbEndCombat","PreservedInsect","MealTicket","downfall:HeartBlessingRed","InkBottle","downfall:HeartBlessingGreen","SacredBark","downfall:HeartBlessingBlue","Art of War","Ancient Tea Set","Akabeko","Calipers","HornCleat","FossilizedHelix","Black Star","Strawberry","Strange Spoon","War Paint","Slimebound:MaxSlimesRelic","Happy Flower","Omamori","Pantograph","Sling","TungstenRod","Toy Ornithopter","OrangePellets"],"acts_visited":["Exordium","TheCity","TheBeyond","TheEnding"],"potions_floor_usage":[],"damage_taken":[{"damage":4.0,"enemies":"Small Slimes","floor":2.0,"turns":4.0},{"damage":12.0,"enemies":"Jaw Worm","floor":4.0,"turns":5.0},{"damage":13.0,"enemies":"Cultist","floor":5.0,"turns":5.0},{"damage":6.0,"enemies":"downfall:FleeingMerchant","floor":8.0,"turns":4.0},{"damage":12.0,"enemies":"2 Fungi Beasts","floor":10.0,"turns":2.0},{"damage":29.0,"enemies":"Lagavulin","floor":11.0,"turns":6.0},{"damage":12.0,"enemies":"Large Slime","floor":13.0,"turns":4.0},{"damage":7.0,"enemies":"Gremlin Gang","floor":14.0,"turns":2.0},{"damage":13.0,"enemies":"3 Louse","floor":15.0,"turns":2.0},{"damage":49.0,"enemies":"downfall:Ironclad","floor":16.0,"turns":5.0},{"damage":25.0,"enemies":"Chosen","floor":19.0,"turns":5.0},{"damage":25.0,"enemies":"3 Byrds","floor":20.0,"turns":3.0},{"damage":19.0,"enemies":"downfall:FleeingMerchant","floor":21.0,"turns":4.0},{"damage":72.0,"enemies":"Slavers","floor":23.0,"turns":5.0},{"damage":28.0,"enemies":"Book of Stabbing","floor":27.0,"turns":3.0},{"damage":22.0,"enemies":"Snake Plant","floor":29.0,"turns":3.0},{"damage":16.0,"enemies":"Slavers","floor":31.0,"turns":3.0},{"damage":19.0,"enemies":"Centurion and Healer","floor":32.0,"turns":4.0},{"damage":47.0,"enemies":"downfall:Silent","floor":33.0,"turns":7.0},{"damage":27.0,"enemies":"3 Shapes","floor":36.0,"turns":4.0},{"damage":0.0,"enemies":"Orb Walker","floor":37.0,"turns":3.0},{"damage":3.0,"enemies":"downfall:FleeingMerchant","floor":38.0,"turns":4.0},{"damage":43.0,"enemies":"Reptomancer","floor":42.0,"turns":4.0},{"damage":20.0,"enemies":"Maw","floor":43.0,"turns":6.0},{"damage":31.0,"enemies":"Giant Head","floor":44.0,"turns":6.0},{"damage":4.0,"enemies":"3 Darklings","floor":46.0,"turns":3.0},{"damage":36.0,"enemies":"Jaw Worm Horde","floor":49.0,"turns":3.0},{"damage":37.0,"enemies":"downfall:Watcher","floor":50.0,"turns":6.0},{"damage":52.0,"enemies":"downfall:CharBossMerchant","floor":52.0,"turns":7.0},{"damage":132,"enemies":"downfall:NeowBoss","floor":55,"turns":22}],"seed_played":"228283248657124217","potions_obtained":[{"floor":4.0,"key":"Explosive Potion"},{"floor":5.0,"key":"Strength Potion"},{"floor":11.0,"key":"Explosive Potion"},{"floor":14.0,"key":"champ:CounterPotion"},{"floor":15.0,"key":"champ:CounterPotion"},{"floor":16.0,"key":"LiquidMemories"},{"floor":23.0,"key":"Slimebound:SlimedPotion"},{"floor":27.0,"key":"Energy Potion"},{"floor":29.0,"key":"SteroidPotion"},{"floor":33.0,"key":"hexamod:EctoCoolerPotion"},{"floor":37.0,"key":"Explosive Potion"},{"floor":42.0,"key":"PowerPotion"},{"floor":46.0,"key":"GamblersBrew"}],"is_trial":false,"path_per_floor":["R","M","?","M","M","R","T","$","R","M","E","R","M","M","M","B",null,"R","M","M","$","?","E","T","?","R","E","?","M","R","E","M","B",null,"R","M","M","$","?","R","T","E","M","E","R","M","?","$","M","B",null,"E","$","R","B",null],"character_chosen":"SLIMEBOUND","items_purchased":["Strawberry","Strange Spoon","Slimebound:SpikyOuterGoop","Slimebound:GrowthPunch","Sling","Strength Potion","OrangePellets","Slimebound:LeechEnergy"],"campfire_rested":3,"item_purchase_floors":[38,38,38,38,48,48,53,53],"current_hp_per_floor":[60,60,60,56,53,53,53,60,60,60,47,60,60,57,50,29,60,70,60,37,70,70,18,18,18,39,57,57,55,70,70,70,63,70,70,63,65,77,77,77,77,44,66,75,75,77,77,77,61,75,77,63,77,77,55],"gold":36,"neow_bonus":"RANDOM_COMMON_RELIC","is_daily":false,"chose_seed":false,"campfire_upgraded":7,"win_rate":0.0,"timestamp":1610070703,"path_taken":["R","M","?","M","M","R","T","$","R","M","E","R","M","M","M","BOSS","R","M","M","$","?","E","T","?","R","E","?","?","R","E","M","BOSS","R","M","M","$","?","R","T","E","M","E","R","M","?","$","M","BOSS","E","$","R","BOSS"],"items_purchased_type":["Relic","Relic","Card","Card","Relic","Potion","Relic","Card"],"build_version":"2020-12-22","purchased_purges":1,"victory":true,"max_hp_per_floor":[60,60,60,60,60,60,60,60,60,60,60,60,60,60,60,60,60,70,70,70,70,70,70,70,70,70,70,70,70,70,70,70,70,70,70,70,70,77,77,77,77,77,77,77,77,77,77,77,77,77,77,77,77,77,77],"card_choices":[{"not_picked":["Slimebound:ServeAndProtect","Slimebound:GoopTackle"],"picked":"Slimebound:GrowthPunch","floor":2.0},{"not_picked":["Slimebound:PressTheAttack","Slimebound:FinishingTackle"],"picked":"Slimebound:SlimeSpikes","floor":4.0},{"not_picked":["Slimebound:ItLooksTasty","Slimebound:DisruptingSlam"],"picked":"Slimebound:LeechLife","floor":5.0},{"not_picked":["Slimebound:GoopSpray","Slimebound:LivingWall"],"picked":"Slimebound:SplitAcid","floor":8.0},{"not_picked":["Slimebound:FlameTackle","Slimebound:LivingWall"],"picked":"Slimebound:LeechEnergy","floor":10.0},{"not_picked":["Slimebound:LeechingTouch","Slimebound:SlimeBarrage"],"picked":"Slimebound:HauntingLick","floor":11.0},{"not_picked":["Slimebound:Schlurp","Slimebound:ViciousTackle"],"picked":"Slimebound:SplitBruiser","floor":13.0},{"not_picked":["Slimebound:Overexert","Slimebound:SplitMire"],"picked":"Slimebound:Equalize","floor":14.0},{"not_picked":["Slimebound:LivingWall","Slimebound:Equalize"],"picked":"Slimebound:SamplingLick","floor":15.0},{"not_picked":["Slimebound:SlimeSlap","Slimebound:OneTwoCombo"],"picked":"Slimebound:PrepareCrush","floor":16.0},{"not_picked":["Slimebound:LeechEnergy","Slimebound:ServeAndProtect"],"picked":"Slimebound:SplitSpecialist","floor":19.0},{"not_picked":["Slimebound:ProtectTheBoss+1","Slimebound:SlimeBarrage"],"picked":"Slimebound:SlimeTap","floor":20.0},{"not_picked":["Slimebound:TongueLash","Slimebound:SplitBruiser"],"picked":"Slimebound:Gluttony","floor":21.0},{"not_picked":["Slimebound:SlimeSpikes","Slimebound:SplitAcid"],"picked":"Slimebound:OneTwoCombo","floor":23.0},{"not_picked":["Slimebound:Repurpose","Slimebound:Recollect"],"picked":"Slimebound:FirmFortitude","floor":27.0},{"not_picked":["Slimebound:GoopSpray+1","Slimebound:FlameTackle"],"picked":"Slimebound:LeadByExample","floor":29.0},{"not_picked":["Slimebound:HungryTackle+1","Slimebound:SplitAcid"],"picked":"Slimebound:PressTheAttack","floor":31.0},{"not_picked":["Slimebound:SplitAcid","Slimebound:SlimeSpikes"],"picked":"Slimebound:SpikyOuterGoop","floor":32.0},{"not_picked":["Slimebound:PrepareCrush","Slimebound:DouseInSlime"],"picked":"Slimebound:MinionMaster","floor":33.0},{"not_picked":["Slimebound:SplitMire+1","Slimebound:ForwardTackle+1"],"picked":"Slimebound:RollThrough","floor":36.0},{"not_picked":["Slimebound:SamplingLick+1","Slimebound:FirmFortitude+1"],"picked":"Slimebound:SplitSpecialist+1","floor":37.0},{"not_picked":["Slimebound:FinishingTackle","Slimebound:MinionMaster"],"picked":"Slimebound:SamplingLick","floor":38.0},{"not_picked":["Slimebound:SplitLeeching","Slimebound:MegaLick"],"picked":"Slimebound:LevelUp+1","floor":42.0},{"not_picked":["Slimebound:ItLooksTasty+1","Slimebound:SplitLeeching"],"picked":"Slimebound:Nibble","floor":43.0},{"not_picked":["Slimebound:Schlurp+1","Slimebound:SplitBruiser+1"],"picked":"Slimebound:FlameTackle","floor":44.0},{"not_picked":["Slimebound:Replication+1","Slimebound:SlimeSpikes"],"picked":"Slimebound:MegaLick+1","floor":46.0},{"not_picked":["Slimebound:LevelUp","Slimebound:LeechingTouch"],"picked":"Slimebound:SplitMire+1","floor":49.0},{"not_picked":["Slimebound:ViciousTackle","Slimebound:GoopSpray"],"picked":"Slimebound:OozeBath","floor":52.0}],"player_experience":884732,"relics_obtained":[{"floor":11.0,"key":"InkBottle"},{"floor":23.0,"key":"Ancient Tea Set"},{"floor":24.0,"key":"Akabeko"},{"floor":27.0,"key":"HornCleat"},{"floor":31.0,"key":"FossilizedHelix"},{"floor":41.0,"key":"War Paint"},{"floor":42.0,"key":"Slimebound:MaxSlimesRelic"},{"floor":42.0,"key":"Happy Flower"},{"floor":44.0,"key":"Omamori"},{"floor":44.0,"key":"Pantograph"},{"floor":52.0,"key":"TungstenRod"},{"floor":52.0,"key":"Toy Ornithopter"}],"event_choices":[{"damage_healed":0.0,"max_hp_gain":0.0,"max_hp_loss":0.0,"gold_gain":0.0,"event_name":"Big Fish","player_choice":"Box","floor":3.0,"gold_loss":0.0,"damage_taken":0.0,"relics_obtained":["MealTicket"],"cards_obtained":["Regret"]},{"damage_healed":0.0,"max_hp_gain":0.0,"max_hp_loss":0.0,"gold_gain":0.0,"event_name":"Addict","player_choice":"Stole Relic","floor":22.0,"gold_loss":0.0,"damage_taken":0.0,"relics_obtained":["Art of War"],"cards_obtained":["Shame"]},{"cards_removed":["Shame"],"damage_healed":0.0,"max_hp_gain":0.0,"max_hp_loss":0.0,"gold_gain":0.0,"event_name":"Purifier","player_choice":"Purged","floor":47.0,"gold_loss":0.0,"damage_taken":0.0}],"is_beta":false,"boss_relics":[{"not_picked":["Busted Crown","Coffee Dripper"],"picked":"SacredBark"},{"not_picked":["Runic Dome","Fusion Hammer"],"picked":"Black Star"}],"items_purged_floors":[38],"is_endless":false,"potions_floor_spawned":[4,5,11,14,15,16,23,27,29,33,37,42,46],"ascension_level":2}}