{"host":"dowi7cgbhepuzvpj","time":1610121980,"event":{"mods":["AchievementEnabler","BaseMod","Colored Map","Highlight Path","Keyboard Shortcuts","Minty Spire (QoL Compilation)","Permanent Neow","Quick Restart","StSLib","SuperFastMode"],"gold_per_floor":[117,117,131,131,144,144,187,187,187,212,51,74,89,89,89,178,178,191,116,141,159,84,84,84],"floor_reached":23,"playtime":803,"items_purged":["Night Terror"],"score":437,"play_id":"51db994a-2b9e-4b8b-a459-57e778db38b6","local_time":"20210109010620","is_ascension_mode":true,"campfire_choices":[{"data":"Neutralize","floor":6.0,"key":"SMITH"},{"data":"Footwork","floor":8.0,"key":"SMITH"},{"floor":15.0,"key":"REST"}],"circlet_count":0,"master_deck":["AscendersBane","Strike_G","Strike_G","Strike_G","Strike_G","Defend_G","Defend_G+1","Defend_G+1","Defend_G","Defend_G","Survivor","Neutralize+1","Poisoned Stab","Footwork+1","Noxious Fumes","PiercingWail","Adrenaline","Noxious Fumes","Well Laid Plans","Blur","Poisoned Stab"],"relics":["Ring of the Snake","Snake Skull","Golden Idol","Turnip","Bottled Flame","War Paint","Philosopher\u0027s Stone"],"acts_visited":["Exordium","TheCity"],"potions_floor_usage":[23,23],"damage_taken":[{"damage":0.0,"enemies":"Small Slimes","floor":1.0,"turns":6.0},{"damage":2.0,"enemies":"Jaw Worm","floor":3.0,"turns":6.0},{"damage":0.0,"enemies":"2 Louse","floor":5.0,"turns":4.0},{"damage":15.0,"enemies":"3 Sentries","floor":7.0,"turns":7.0},{"damage":0.0,"enemies":"Blue Slaver","floor":10.0,"turns":4.0},{"damage":0.0,"enemies":"Red Slaver","floor":12.0,"turns":4.0},{"damage":0.0,"enemies":"Looter","floor":13.0,"turns":4.0},{"damage":0.0,"enemies":"Hexaghost","floor":16.0,"turns":10.0},{"damage":26,"enemies":"3 Byrds","floor":18,"turns":5},{"damage":5,"enemies":"2 Thieves","floor":19,"turns":5},{"damage":15,"enemies":"3 Cultists","floor":20,"turns":6},{"damage":4,"enemies":"Sentry and Sphere","floor":21,"turns":5},{"damage":16,"enemies":"Gremlin Leader","floor":23,"turns":5}],"seed_played":"-3872537124834969005","potions_obtained":[{"floor":5.0,"key":"SneckoOil"},{"floor":13.0,"key":"GhostInAJar"},{"floor":16.0,"key":"LiquidMemories"},{"floor":18,"key":"CunningPotion"}],"is_trial":false,"path_per_floor":["M","?","M","?","M","R","E","R","T","M","$","M","M","?","R","B",null,"M","M","M","M","$","E"],"character_chosen":"THE_SILENT","items_purchased":["War Paint"],"campfire_rested":1,"item_purchase_floors":[11],"current_hp_per_floor":[59,59,57,34,34,34,19,19,19,19,19,19,19,19,38,38,59,33,28,13,9,9,0,0],"gold":84,"neow_bonus":"RANDOM_COMMON_RELIC","is_daily":false,"chose_seed":false,"campfire_upgraded":2,"win_rate":0.0,"timestamp":1610121980,"path_taken":["M","?","M","?","M","R","E","R","T","M","$","M","M","?","R","BOSS","M","M","M","M","$","E"],"items_purchased_type":["Relic"],"build_version":"2020-12-22","purchased_purges":1,"victory":false,"max_hp_per_floor":[66,66,66,66,66,66,66,66,66,66,66,66,66,66,66,66,66,66,66,66,66,66,66,66],"card_choices":[{"not_picked":["Quick Slash","Dash"],"picked":"Poisoned Stab","floor":1.0},{"not_picked":["Outmaneuver","Deflect"],"picked":"Noxious Fumes","floor":3.0},{"not_picked":["Acrobatics","Bane"],"picked":"PiercingWail","floor":5.0},{"not_picked":["Footwork","Die Die Die"],"picked":"Adrenaline","floor":7.0},{"not_picked":["Acrobatics","Outmaneuver"],"picked":"Noxious Fumes","floor":10.0},{"not_picked":["Bane","Dagger Throw"],"picked":"Well Laid Plans","floor":12.0},{"not_picked":["Heel Hook","Acrobatics"],"picked":"Blur","floor":13.0},{"not_picked":["Venomology","Wraith Form v2"],"picked":"Night Terror","floor":16.0},{"not_picked":["Dagger Spray","Sucker Punch","Poisoned Stab"],"picked":"SKIP","floor":18},{"not_picked":["Dagger Throw","Cloak And Dagger+1","Deflect"],"picked":"SKIP","floor":19},{"not_picked":["Bane","Dagger Throw+1","Cloak And Dagger"],"picked":"SKIP","floor":20},{"not_picked":["Blade Dance","Outmaneuver"],"picked":"Poisoned Stab","floor":21}],"player_experience":780600,"relics_obtained":[{"floor":7.0,"key":"Turnip"},{"floor":9.0,"key":"Bottled Flame"}],"event_choices":[{"damage_healed":0.0,"max_hp_gain":0.0,"max_hp_loss":0.0,"gold_gain":0.0,"cards_transformed":["Strike_G"],"event_name":"Living Wall","player_choice":"Change","floor":2.0,"gold_loss":0.0,"damage_taken":0.0,"cards_obtained":["Footwork"]},{"damage_healed":0.0,"max_hp_gain":0.0,"max_hp_loss":0.0,"gold_gain":0.0,"event_name":"Golden Idol","player_choice":"Take Damage","floor":4.0,"gold_loss":0.0,"damage_taken":23.0,"relics_obtained":["Golden Idol"]},{"damage_healed":0.0,"max_hp_gain":0.0,"max_hp_loss":0.0,"gold_gain":0.0,"event_name":"Liars Game","player_choice":"Ignored","floor":14.0,"gold_loss":0.0,"damage_taken":0.0}],"is_beta":false,"boss_relics":[{"not_picked":["Tiny House","SlaversCollar"],"picked":"Philosopher\u0027s Stone"}],"items_purged_floors":[22],"is_endless":false,"potions_floor_spawned":[5,13,16,18,20],"killed_by":"Gremlin Leader","ascension_level":16}}