{"host":"8xi53560pl5zaoq2","time":1610094114,"event":{"mods":["BaseMod","Colored Map","Highlight Path","Minty Spire (QoL Compilation)","StSLib","Synergy Search"],"gold_per_floor":[117,134,153,103,103,103,178,178,204,234,234,251,279,22,22,124,124,124,124],"floor_reached":18,"playtime":585,"items_purged":[],"score":270,"play_id":"83bba95b-6bf1-4fce-bd31-0441ea6bc085","local_time":"20210108012154","is_ascension_mode":true,"campfire_choices":[{"data":"Eruption","floor":6,"key":"SMITH"},{"data":"ThirdEye","floor":8,"key":"SMITH"},{"data":"Vigilance","floor":11,"key":"SMITH"},{"data":"PathToVictory","floor":15,"key":"SMITH"}],"circlet_count":0,"master_deck":["Strike_P","Strike_P","Strike_P","Strike_P","Defend_P","Defend_P","Eruption+1","Vigilance+1","Consecrate","EmptyBody","ThirdEye+1","FlurryOfBlows","PathToVictory+1","DeusExMachina"],"relics":["PureWater","NeowsBlessing","Akabeko","Singing Bowl","White Beast Statue","Frozen Egg 2","Coffee Dripper"],"acts_visited":["Exordium","TheCity"],"potions_floor_usage":[10,16],"damage_taken":[{"damage":0,"enemies":"Cultist","floor":1,"turns":1},{"damage":0,"enemies":"Small Slimes","floor":2,"turns":1},{"damage":0,"enemies":"2 Louse","floor":3,"turns":1},{"damage":0,"enemies":"Gremlin Nob","floor":10,"turns":2},{"damage":4,"enemies":"Looter","floor":12,"turns":2},{"damage":9,"enemies":"Lagavulin","floor":13,"turns":4},{"damage":14,"enemies":"Hexaghost","floor":16,"turns":7},{"damage":19,"enemies":"Shell Parasite","floor":18,"turns":4}],"seed_played":"3214106327248115215","potions_obtained":[{"floor":2,"key":"SteroidPotion"},{"floor":13,"key":"FearPotion"},{"floor":16,"key":"Energy Potion"}],"is_trial":false,"path_per_floor":["M","M","M","?","?","R","?","R","T","E","R","M","E","$","R","B",null,"M"],"character_chosen":"WATCHER","items_purchased":["Frozen Egg 2"],"campfire_rested":0,"item_purchase_floors":[14],"current_hp_per_floor":[65,65,65,65,58,58,47,47,47,47,47,45,36,36,36,22,61,42,42],"gold":124,"neow_bonus":"THREE_ENEMY_KILL","is_daily":false,"chose_seed":false,"campfire_upgraded":4,"win_rate":0.0,"timestamp":1610094114,"path_taken":["M","M","?","?","?","R","?","R","T","E","R","M","E","?","R","BOSS","M"],"items_purchased_type":["Relic"],"build_version":"2020-12-22","purchased_purges":0,"victory":false,"max_hp_per_floor":[72,72,72,72,72,72,72,72,72,72,72,74,74,74,74,74,74,74,74],"card_choices":[{"not_picked":["Protect","WreathOfFlame"],"picked":"Consecrate","floor":1},{"not_picked":["SashWhip","BowlingBash"],"picked":"EmptyBody","floor":2},{"not_picked":["EmptyFist","EmptyBody"],"picked":"ThirdEye","floor":3},{"not_picked":["Crescendo","CutThroughFate"],"picked":"FlurryOfBlows","floor":10},{"not_picked":["Wish","EmptyFist","Fasting2"],"picked":"Singing Bowl","floor":12},{"not_picked":["SignatureMove","SashWhip"],"picked":"PathToVictory","floor":13},{"not_picked":["Blasphemy","SpiritShield"],"picked":"DeusExMachina","floor":16}],"player_experience":1272573,"relics_obtained":[{"floor":9,"key":"Akabeko"},{"floor":10,"key":"Singing Bowl"},{"floor":13,"key":"White Beast Statue"}],"event_choices":[{"cards_removed":["Defend_P"],"damage_healed":0,"gold_gain":0,"player_choice":"Card Removal","damage_taken":0,"max_hp_gain":0,"max_hp_loss":0,"event_name":"The Cleric","floor":4,"gold_loss":50},{"cards_removed":["Defend_P"],"damage_healed":0,"gold_gain":0,"player_choice":"Card Removal","damage_taken":7,"max_hp_gain":0,"max_hp_loss":0,"event_name":"Golden Wing","floor":5,"gold_loss":0},{"damage_healed":0,"gold_gain":75,"player_choice":"Gather Gold","damage_taken":11,"max_hp_gain":0,"max_hp_loss":0,"event_name":"World of Goop","floor":7,"gold_loss":0}],"is_beta":false,"boss_relics":[{"not_picked":["Ectoplasm","Snecko Eye"],"picked":"Coffee Dripper"}],"items_purged_floors":[],"is_endless":false,"potions_floor_spawned":[2,13,16],"killed_by":"Shell Parasite","ascension_level":8}}