{"host":"jksa5rawk3m4gilz","time":1610129994,"event":{"mods":["BaseMod","Colored Map","Highlight Path","Minty Spire (QoL Compilation)","Quick Restart"],"gold_per_floor":[117,117,137,103,103,103,134,150,150,186,186,186,206,206,206,299,299,323,336,336,356,204,204,204,204],"floor_reached":24,"playtime":626,"items_purged":[],"score":460,"play_id":"7c59252e-6041-41e0-9ff1-f5368fda7d34","local_time":"20210108191954","is_ascension_mode":true,"campfire_choices":[{"data":"Eruption","floor":6,"key":"SMITH"},{"floor":12,"key":"REST"},{"data":"Indignation","floor":15,"key":"SMITH"},{"floor":23,"key":"REST"}],"circlet_count":0,"master_deck":["AscendersBane","Strike_P","Strike_P","Defend_P","Defend_P","Defend_P","Defend_P","Eruption+1","Vigilance","Crescendo","Fasting2","Indignation+1","Vault","Judgement","FearNoEvil","SpiritShield","Halt"],"relics":["PureWater","NeowsBlessing","Golden Idol","Matryoshka","Bag of Preparation","Strawberry","Regal Pillow","SlaversCollar","Oddly Smooth Stone"],"acts_visited":["Exordium","TheCity"],"potions_floor_usage":[21],"damage_taken":[{"damage":0,"enemies":"Small Slimes","floor":1,"turns":1},{"damage":0,"enemies":"2 Louse","floor":3,"turns":2},{"damage":0,"enemies":"Gremlin Nob","floor":7,"turns":2},{"damage":0,"enemies":"Cultist","floor":8,"turns":3},{"damage":40,"enemies":"Lagavulin","floor":10,"turns":3},{"damage":4,"enemies":"Exordium Wildlife","floor":13,"turns":4},{"damage":0,"enemies":"Slime Boss","floor":16,"turns":7},{"damage":24,"enemies":"3 Byrds","floor":18,"turns":4},{"damage":2,"enemies":"Chosen","floor":19,"turns":6},{"damage":45,"enemies":"Snake Plant","floor":21,"turns":4},{"damage":55,"enemies":"Slavers","floor":24,"turns":4}],"seed_played":"4974698690248997706","potions_obtained":[{"floor":1,"key":"Regen Potion"},{"floor":10,"key":"SmokeBomb"},{"floor":16,"key":"PowerPotion"}],"is_trial":false,"path_per_floor":["M","?","M","$","?","R","E","M","T","E","?","R","M","$","R","B",null,"M","M","?","M","$","R","E"],"character_chosen":"WATCHER","items_purchased":["Fasting2","Oddly Smooth Stone"],"campfire_rested":2,"item_purchase_floors":[4,22],"current_hp_per_floor":[65,47,47,47,52,52,52,52,59,19,19,59,55,55,55,55,77,53,51,51,6,6,46,0,0],"gold":204,"neow_bonus":"THREE_ENEMY_KILL","is_daily":false,"chose_seed":false,"campfire_upgraded":2,"win_rate":0.0,"timestamp":1610129994,"path_taken":["M","?","M","$","?","R","E","M","T","E","?","R","M","$","R","BOSS","M","M","?","?","$","R","E"],"items_purchased_type":["Card","Relic"],"build_version":"2020-12-22","purchased_purges":0,"victory":false,"max_hp_per_floor":[72,72,72,72,77,77,77,77,84,84,84,84,84,84,84,84,84,84,84,84,84,84,84,84,84],"card_choices":[{"not_picked":["ReachHeaven","CutThroughFate","CarveReality"],"picked":"SKIP","floor":1},{"not_picked":["CrushJoints","MentalFortress"],"picked":"Crescendo","floor":3},{"not_picked":["Prostrate","JustLucky"],"picked":"Indignation","floor":7},{"not_picked":["InnerPeace","Meditate","Protect"],"picked":"SKIP","floor":8},{"not_picked":["SignatureMove","Sanctity"],"picked":"Vault","floor":10},{"not_picked":["EmptyBody","BowlingBash"],"picked":"FearNoEvil","floor":13},{"not_picked":["MasterReality","Establishment"],"picked":"SpiritShield","floor":16},{"not_picked":["ClearTheMind","Fasting2"],"picked":"Halt","floor":18},{"not_picked":["CrushJoints","ReachHeaven","FlurryOfBlows"],"picked":"SKIP","floor":19},{"not_picked":["Adaptation","FollowUp","Halt"],"picked":"SKIP","floor":21}],"player_experience":2116495,"relics_obtained":[{"floor":7,"key":"Matryoshka"},{"floor":9,"key":"Bag of Preparation"},{"floor":9,"key":"Strawberry"},{"floor":10,"key":"Regal Pillow"}],"event_choices":[{"damage_healed":0,"gold_gain":0,"player_choice":"Take Damage","damage_taken":18,"relics_obtained":["Golden Idol"],"max_hp_gain":0,"max_hp_loss":0,"event_name":"Golden Idol","floor":2,"gold_loss":0},{"damage_healed":0,"gold_gain":0,"player_choice":"Donut","damage_taken":0,"max_hp_gain":5,"max_hp_loss":0,"event_name":"Big Fish","floor":5,"gold_loss":0},{"damage_healed":0,"gold_gain":0,"cards_transformed":["Strike_P"],"player_choice":"Change","damage_taken":0,"max_hp_gain":0,"max_hp_loss":0,"event_name":"Living Wall","floor":11,"gold_loss":0,"cards_obtained":["Judgement"]},{"cards_removed":["Strike_P"],"damage_healed":0,"gold_gain":0,"player_choice":"Purged","damage_taken":0,"max_hp_gain":0,"max_hp_loss":0,"event_name":"Purifier","floor":20,"gold_loss":0}],"is_beta":false,"boss_relics":[{"not_picked":["Pandora\u0027s Box","VioletLotus"],"picked":"SlaversCollar"}],"items_purged_floors":[],"is_endless":false,"potions_floor_spawned":[1,10,16],"killed_by":"Slavers","ascension_level":13}}