{"host":"cbu6enf2xtq4r7r3","time":1610113388,"event":{"mods":["2.2 Compatiblity","AlwaysNeverKeys","BaseMod","Better Match","Better Note","Better Sensory Stone","Better Skull","Better Third Choice","Colored Map","Colored Powertips","Defuse TimeMaze Blight","Emptier Cage","Minty Spire (QoL Compilation)","Permanent Neow","Quick Restart","Random Character Button","Relic Sorter","Reorder Act Four","Shop Mod","StSLib"],"gold_per_floor":[117,127,127,137,137,137,165,165,189,223,240,165,191,208,208,306,306,319,329,329,229,229,255,255,285,285,299,313,388,403,30,30,30,30,30],"floor_reached":34,"playtime":1084,"items_purged":["Strike_B","Strike_B"],"score":500,"play_id":"eb7b62e9-5a46-44a2-ac1a-e2c5491c7990","local_time":"20210108144308","is_ascension_mode":true,"campfire_choices":[{"data":"Zap","floor":6.0,"key":"SMITH"},{"data":"Undo","floor":8.0,"key":"SMITH"},{"data":"Barrage","floor":15.0,"key":"SMITH"},{"data":"Defragment","floor":24.0,"key":"SMITH"},{"data":"Loop","floor":32,"key":"SMITH"}],"circlet_count":0,"master_deck":["Strike_B","Strike_B","Defend_B","Defend_B","Defend_B","Defend_B","Zap+1","Undo+1","Streamline","Ball Lightning","Conserve Battery","Reinforced Body","Melter","Barrage+1","Reboot","Ball Lightning+1","Defragment+1","Cold Snap+1","Loop+1"],"relics":["Nuclear Battery","DataDisk","Dream Catcher","Mercury Hourglass","Ancient Tea Set","SlaversCollar","Pantograph","Lantern","Sundial","Lee\u0027s Waffle","Bronze Scales"],"acts_visited":["Exordium","TheCity"],"potions_floor_usage":[33],"damage_taken":[{"damage":2.0,"enemies":"Jaw Worm","floor":1.0,"turns":4.0},{"damage":0.0,"enemies":"Cultist","floor":2.0,"turns":5.0},{"damage":0.0,"enemies":"Small Slimes","floor":4.0,"turns":3.0},{"damage":5.0,"enemies":"Gremlin Nob","floor":7.0,"turns":3.0},{"damage":5.0,"enemies":"3 Sentries","floor":10.0,"turns":6.0},{"damage":1.0,"enemies":"Exordium Thugs","floor":11.0,"turns":3.0},{"damage":0.0,"enemies":"Lagavulin","floor":13.0,"turns":4.0},{"damage":0.0,"enemies":"3 Louse","floor":14.0,"turns":2.0},{"damage":4.0,"enemies":"The Guardian","floor":16.0,"turns":8.0},{"damage":0.0,"enemies":"Spheric Guardian","floor":18.0,"turns":1.0},{"damage":1.0,"enemies":"2 Thieves","floor":19.0,"turns":3.0},{"damage":21.0,"enemies":"Slavers","floor":23.0,"turns":5.0},{"damage":14.0,"enemies":"Gremlin Leader","floor":25.0,"turns":5.0},{"damage":16.0,"enemies":"Sentry and Sphere","floor":27.0,"turns":4.0},{"damage":7,"enemies":"Chosen and Byrds","floor":28,"turns":4},{"damage":1,"enemies":"Snecko","floor":30,"turns":4},{"damage":22,"enemies":"Collector","floor":33,"turns":7}],"seed_played":"7550601945670635311","potions_obtained":[{"floor":2.0,"key":"Swift Potion"},{"floor":7.0,"key":"PowerPotion"},{"floor":11.0,"key":"LiquidMemories"},{"floor":18.0,"key":"DuplicationPotion"},{"floor":23.0,"key":"FearPotion"},{"floor":27.0,"key":"LiquidBronze"}],"is_trial":false,"path_per_floor":["M","M","?","M","?","R","E","R","T","E","M","$","E","M","R","B",null,"M","M","?","$","?","E","R","E","T","M","M","?","M","$","R","B",null],"character_chosen":"DEFECT","items_purchased":["Lee\u0027s Waffle","Bronze Scales","Loop"],"campfire_rested":0,"item_purchase_floors":[31,31,31],"current_hp_per_floor":[73,73,75,75,75,75,70,70,70,65,64,64,64,64,64,60,75,75,74,74,74,74,53,53,39,39,23,16,9,8,82,82,60,60,60],"gold":30,"neow_bonus":"BOSS_RELIC","is_daily":false,"chose_seed":false,"campfire_upgraded":5,"win_rate":0.0,"timestamp":1610113388,"path_taken":["M","M","?","?","?","R","E","R","T","E","?","?","E","M","R","BOSS","M","M","?","$","?","E","R","E","T","M","M","?","?","$","R","BOSS"],"items_purchased_type":["Relic","Relic","Card"],"build_version":"2020-12-22","purchased_purges":2,"victory":false,"max_hp_per_floor":[75,75,75,75,75,75,75,75,75,75,75,75,75,75,75,75,75,75,75,75,75,75,75,75,75,75,75,75,75,75,82,82,82,82,82],"card_choices":[{"not_picked":["Leap","Go for the Eyes"],"picked":"Undo","floor":1.0},{"not_picked":["Storm","Scrape"],"picked":"Streamline","floor":2.0},{"not_picked":["Go for the Eyes","Compile Driver"],"picked":"Ball Lightning","floor":4.0},{"not_picked":["Streamline","Leap"],"picked":"Conserve Battery","floor":7.0},{"not_picked":["Stack","Tempest"],"picked":"Reinforced Body","floor":10.0},{"not_picked":["Reprogram","Reinforced Body","Coolheaded"],"picked":"SKIP","floor":11.0},{"not_picked":["Rebound","Ball Lightning"],"picked":"Melter","floor":13.0},{"not_picked":["Undo","Rebound"],"picked":"Barrage","floor":14.0},{"not_picked":["Fission","All For One"],"picked":"Reboot","floor":16.0},{"not_picked":["Beam Cell","Stack"],"picked":"Ball Lightning+1","floor":18.0},{"not_picked":["Rebound","Beam Cell","Barrage+1"],"picked":"SKIP","floor":19.0},{"not_picked":["Redo+1","Fusion+1"],"picked":"Defragment","floor":23.0},{"not_picked":["Creative AI","Leap","Double Energy"],"picked":"SKIP","floor":25.0},{"not_picked":["Go for the Eyes","Reprogram","Rebound+1"],"picked":"SKIP","floor":27.0},{"not_picked":["FTL+1","Coolheaded"],"picked":"Cold Snap+1","floor":28},{"not_picked":["Genetic Algorithm","Beam Cell","FTL"],"picked":"SKIP","floor":30}],"player_experience":77879,"relics_obtained":[{"floor":7.0,"key":"DataDisk"},{"floor":9.0,"key":"Dream Catcher"},{"floor":10.0,"key":"Mercury Hourglass"},{"floor":13.0,"key":"Ancient Tea Set"},{"floor":23.0,"key":"Pantograph"},{"floor":25.0,"key":"Lantern"},{"floor":26.0,"key":"Sundial"}],"event_choices":[{"damage_healed":4.0,"max_hp_gain":0.0,"max_hp_loss":0.0,"gold_gain":0.0,"event_name":"betterSkull:BetterSkull","player_choice":"LEAVE ","floor":3.0,"gold_loss":0.0,"damage_taken":0.0,"cards_upgraded":[],"relics_obtained":[]},{"cards_removed":["Dualcast"],"damage_healed":0.0,"max_hp_gain":0.0,"max_hp_loss":0.0,"gold_gain":0.0,"event_name":"Bonfire Elementals","player_choice":"Offered Basic","floor":5.0,"gold_loss":0.0,"damage_taken":0.0},{"cards_removed":["Undo"],"damage_healed":0.0,"max_hp_gain":0.0,"max_hp_loss":0.0,"gold_gain":0.0,"event_name":"betterNote:BetterNote","player_choice":"Give","floor":20.0,"gold_loss":0.0,"damage_taken":0.0,"cards_obtained":["None"]},{"damage_healed":0.0,"max_hp_gain":0.0,"max_hp_loss":0.0,"gold_gain":0.0,"event_name":"betterThird:BetterWriting","player_choice":"Adaptability","floor":22.0,"gold_loss":0.0,"damage_taken":0.0},{"damage_healed":0,"gold_gain":75,"player_choice":"Touch","damage_taken":7,"max_hp_gain":0,"max_hp_loss":0,"event_name":"FaceTrader","floor":29,"gold_loss":0}],"is_beta":false,"boss_relics":[{"not_picked":["Empty Cage","Velvet Choker"],"picked":"SlaversCollar"}],"items_purged_floors":[12,21],"is_endless":false,"potions_floor_spawned":[2,7,11,18,23,27,33],"ascension_level":3}}