{"host":"kncugt8qnf1emsb0","time":1610094982,"event":{"mods":["ATMod(阿瑾Mod)","AchievementEnabler","Act Like it!","BaseMod","Friendly Minions","Lobotomy","LobotomyExtend","Minty Spire (QoL Compilation)","MostiFishMod","Quick Restart","Remilia（蕾米莉亚）","RumiaBox-露米娅的神秘盒子","Shop Mod","StSLib","TestMod","The Marked","【遗物卡牌】REMEMod"],"gold_per_floor":[117,164,164,563,663,663,762,762,787,787,814,814,824,838,849,860,860],"floor_reached":16,"playtime":815,"items_purged":["Defend_RM","RedMoon"],"score":121,"play_id":"158feb6f-ed4d-4e28-8d21-57ff2bea2489","local_time":"20210108163622","is_ascension_mode":false,"campfire_choices":[{"data":"AT_ChampionKick","floor":6,"key":"SMITH"},{"data":"Double Energy","floor":8,"key":"SMITH"},{"data":"BloodHunter","floor":10,"key":"SMITH"},{"data":"ScarletShoot","floor":12,"key":"SMITH"},{"floor":15,"key":"RECALL"}],"circlet_count":0,"master_deck":["Strike_RM","Strike_RM","Strike_RM","Strike_RM","Defend_RM","Defend_RM","Defend_RM","ScarletShoot+1","Double Energy+1","AT_ChampionKick+1","Murderer","BloodHunter+1","testmod-PerfectCombo","Woodsman"],"relics":["ScarletHat","testmod-TestBox","REME_ComplimentaryCards","AT_ATBox","DiscerningMonocle","testmod-Charity","CogitoBucket","SynthV:TestCard","LetterFromLob","Chemical X","MerchantsRug","AT_BellDemon","Centennial Puzzle","InkBottle","BirthdayGift-Icosahedron","Bag of Preparation","LastBattle","Nunchaku","SSSystem","MawBank"],"acts_visited":["Exordium"],"potions_floor_usage":[16,16],"damage_taken":[{"damage":1,"enemies":"Cultist","floor":1,"turns":4},{"damage":58,"enemies":"Lagavulin","floor":11,"turns":6},{"damage":0,"enemies":"Small Slimes","floor":13,"turns":2},{"damage":9,"enemies":"Jaw Worm","floor":14,"turns":1},{"damage":62,"enemies":"The Guardian","floor":16,"turns":3}],"seed_played":"3938042124140500792","potions_obtained":[{"floor":11,"key":"Energy Potion"},{"floor":14,"key":"Explosive Potion"}],"is_trial":false,"path_per_floor":["M","$","?","?","$","R","?","R","T","R","E","R","M","M","R","B"],"character_chosen":"REMILIA","items_purchased":["Strawberry","Chemical X","MerchantsRug","SpeedPotion","BlessingOfTheForge","SkillPotion","AT_BellDemon","BloodHunter","testmod-PerfectCombo","Centennial Puzzle","SneckoOil","SteroidPotion","FearPotion","InkBottle","BirthdayGift-Icosahedron"],"campfire_rested":0,"item_purchase_floors":[2,2,2,2,2,2,2,2,2,5,5,5,5,5,5],"current_hp_per_floor":[75,85,85,86,90,90,91,91,92,92,36,36,50,51,52,0,0],"gold":860,"neow_bonus":"","is_daily":false,"chose_seed":false,"campfire_upgraded":4,"win_rate":0.0,"timestamp":1610094982,"path_taken":["M","$","?","?","?","R","?","R","T","R","E","R","M","M","R","BOSS"],"items_purchased_type":["Relic","Relic","Relic","Potion","Potion","Potion","Relic","Card","Card","Relic","Potion","Potion","Potion","Relic","Relic"],"build_version":"2020-12-22","purchased_purges":2,"victory":false,"max_hp_per_floor":[76,86,86,87,91,91,92,92,93,93,94,94,95,96,97,98,98],"card_choices":[{"not_picked":["PunishingBird","ShyLook"],"picked":"Murderer","floor":1},{"not_picked":["HunterOfTheNight","Stigmanizer","MastersStateliness"],"picked":"SKIP","floor":1},{"not_picked":["SpiderBud","MeatLantern"],"picked":"Woodsman","floor":11},{"not_picked":["VampirishNight","AfternoonTea","BloodHunter","HunterOfTheNight","BlasphemousPunishment"],"picked":"SKIP","floor":11},{"not_picked":["BloodyTrap","Stigmanizer","BloodHunter","CharismaGuard","RedRainbow"],"picked":"SKIP","floor":13},{"not_picked":["BloodyTrap","Stigmanizer","BloodHunter","CharismaGuard","RedRainbow"],"picked":"SKIP","floor":13},{"not_picked":["ScarletImprint","Maim","FavorOfDestiny","MillenniumVampire","CharismaGuard"],"picked":"SKIP","floor":14},{"not_picked":["ScarletImprint","Maim","FavorOfDestiny","MillenniumVampire","CharismaGuard"],"picked":"SKIP","floor":14}],"player_experience":14505,"relics_obtained":[{"floor":1,"key":"SynthV:TestCard"},{"floor":1,"key":"LetterFromLob"},{"floor":9,"key":"Bag of Preparation"},{"floor":11,"key":"LastBattle"},{"floor":11,"key":"Nunchaku"},{"floor":13,"key":"SSSystem"},{"floor":14,"key":"MawBank"}],"event_choices":[{"damage_healed":0,"gold_gain":0,"player_choice":"Ignored","damage_taken":0,"max_hp_gain":0,"max_hp_loss":0,"event_name":"Liars Game","floor":3,"gold_loss":0},{"damage_healed":0,"gold_gain":400,"player_choice":"Sell","damage_taken":0,"max_hp_gain":0,"max_hp_loss":0,"event_name":"恩洛斯的盘子","floor":4,"relics_lost":["DaveBox"],"gold_loss":0},{"damage_healed":0,"gold_gain":100,"player_choice":"Pray","damage_taken":0,"max_hp_gain":0,"max_hp_loss":0,"event_name":"Golden Shrine","floor":7,"gold_loss":0}],"is_beta":false,"boss_relics":[],"items_purged_floors":[2,5],"is_endless":false,"potions_floor_spawned":[11,14],"killed_by":"The Guardian","ascension_level":0}}