{"host":"w5ovz9boloi14a0g","time":1610070484,"event":{"mods":["BaseMod","Downfall","Googly Eyes","Minty Spire (QoL Compilation)","StSLib","SuperFastMode"],"gold_per_floor":[99,109,129,129,142,142,169,169,42,60,76,141,166,166,184,282,282,232,242,242,253,271,285,285,302,252,267,281,231,242,342,356,460,460,410,77,77,97,117,117,117,117],"floor_reached":40,"playtime":1650,"items_purged":["Regret"],"score":394,"play_id":"b9d19721-1749-4c53-a869-c56233485412","local_time":"20210107194804","is_ascension_mode":false,"campfire_choices":[{"data":"Slimebound:Split","floor":1,"key":"SMITH"},{"data":"Slimebound:CorrosiveSpit","floor":18,"key":"SMITH"},{"data":"1","floor":26,"key":"LIFT"},{"data":"2","floor":29,"key":"LIFT"},{"data":"3","floor":35,"key":"LIFT"}],"circlet_count":0,"master_deck":["Slimebound:Strike_Slimebound+1","Slimebound:Strike_Slimebound+1","Slimebound:Tackle+1","Slimebound:Defend_Slimebound","Slimebound:Defend_Slimebound","Slimebound:Defend_Slimebound","Slimebound:Defend_Slimebound","Slimebound:Split+1","Slimebound:CorrosiveSpit+1","Slimebound:Grow+1","Slimebound:SamplingLick+1","Slimebound:Repurpose","Slimebound:DisruptingSlam","Slimebound:MegaLick","Slimebound:PressTheAttack+1","Slimebound:LeechEnergy","Slimebound:SlimeSpikes","Slimebound:MassFeed","Slimebound:RejuvenatingLick+1"],"relics":["Slimebound:AbsorbEndCombatUpgraded","Slimebound:GreedOozeRelic","Whetstone","CaptainsWheel","Slimebound:AggressiveSlimeRelic","Kunai","Girya","Turnip","Darkstone Periapt","Black Star"],"acts_visited":["Exordium","TheCity","TheBeyond"],"potions_floor_usage":[],"damage_taken":[{"damage":14,"enemies":"Jaw Worm","floor":2,"turns":3},{"damage":8,"enemies":"Small Slimes","floor":3,"turns":3},{"damage":10,"enemies":"2 Louse","floor":5,"turns":2},{"damage":10,"enemies":"downfall:FleeingMerchant","floor":9,"turns":4},{"damage":0,"enemies":"2 Fungi Beasts","floor":10,"turns":3},{"damage":8,"enemies":"Large Slime","floor":11,"turns":4},{"damage":12,"enemies":"Gremlin Nob","floor":12,"turns":3},{"damage":24,"enemies":"Gremlin Nob","floor":13,"turns":3},{"damage":12,"enemies":"3 Louse","floor":15,"turns":2},{"damage":34,"enemies":"downfall:Ironclad","floor":16,"turns":9},{"damage":22,"enemies":"3 Byrds","floor":19,"turns":4},{"damage":19,"enemies":"Shell Parasite","floor":21,"turns":4},{"damage":17,"enemies":"Snake Plant","floor":22,"turns":4},{"damage":25,"enemies":"Centurion and Healer","floor":23,"turns":5},{"damage":27,"enemies":"Cultist and Chosen","floor":25,"turns":5},{"damage":28,"enemies":"Snake Plant","floor":27,"turns":4},{"damage":14,"enemies":"3 Cultists","floor":28,"turns":4},{"damage":25,"enemies":"Shelled Parasite and Fungi","floor":30,"turns":4},{"damage":17,"enemies":"downfall:Watcher","floor":31,"turns":8},{"damage":20,"enemies":"Snecko","floor":32,"turns":4},{"damage":63,"enemies":"downfall:Defect","floor":33,"turns":10},{"damage":7,"enemies":"Orb Walker","floor":38,"turns":2},{"damage":40,"enemies":"3 Darklings","floor":39,"turns":4},{"damage":122,"enemies":"Giant Head","floor":40,"turns":9}],"seed_played":"-2455550612449076989","potions_obtained":[{"floor":10,"key":"DistilledChaos"},{"floor":11,"key":"ColorlessPotion"},{"floor":12,"key":"BlessingOfTheForge"},{"floor":16,"key":"Slimebound:SlimedPotion"}],"is_trial":false,"path_per_floor":["R","M","M","?","M","?","T","?","$","M","M","?","E","T","M","B",null,"R","M","?","M","M","M","T","M","R","M","M","R","M","?","M","B",null,"R","?","?","M","M","E"],"character_chosen":"SLIMEBOUND","items_purchased":["Slimebound:MegaLick"],"campfire_rested":0,"item_purchase_floors":[9],"current_hp_per_floor":[66,64,64,64,64,64,64,64,66,66,66,64,54,54,56,50,66,66,66,66,63,66,63,63,55,55,49,66,66,61,66,62,31,66,66,74,74,71,60,0,0,0],"gold":117,"neow_bonus":"TEN_PERCENT_HP_BONUS","is_daily":false,"chose_seed":false,"campfire_upgraded":2,"win_rate":0.0,"timestamp":1610070484,"path_taken":["R","M","M","?","M","?","T","?","$","M","M","?","E","?","M","BOSS","R","M","?","M","M","M","T","M","R","M","M","R","?","?","M","BOSS","R","?","?","M","?","E"],"items_purchased_type":["Card"],"build_version":"2020-12-22","purchased_purges":1,"victory":false,"max_hp_per_floor":[66,66,66,66,66,66,66,66,66,66,66,66,66,66,66,66,66,66,66,66,66,66,66,66,66,66,66,66,66,66,66,66,66,66,66,74,74,74,74,74,74,74],"card_choices":[{"not_picked":["Slimebound:SlimeSpikes","Slimebound:SplitBruiser"],"picked":"Slimebound:Grow","floor":2},{"not_picked":["Slimebound:RollThrough","Slimebound:Grow"],"picked":"Slimebound:SamplingLick","floor":3},{"not_picked":["Slimebound:ComboTackle","Slimebound:Prepare"],"picked":"Slimebound:Repurpose","floor":5},{"not_picked":["Slimebound:LeechLife","Slimebound:ProtectTheBoss"],"picked":"Slimebound:DisruptingSlam","floor":9},{"not_picked":["Slimebound:SplitBruiser","Slimebound:RollThrough","Slimebound:SlimeBrawl"],"picked":"SKIP","floor":10},{"not_picked":["Slimebound:SlimeTap","Slimebound:ComboTackle","Slimebound:ForwardTackle"],"picked":"SKIP","floor":11},{"not_picked":["Slimebound:SamplingLick","Slimebound:Nibble","Slimebound:Gluttony"],"picked":"SKIP","floor":13},{"not_picked":["Slimebound:SplitMire","Slimebound:ComboTackle","Slimebound:ViciousTackle"],"picked":"SKIP","floor":15},{"not_picked":["Slimebound:Equalize","Slimebound:ProtectTheBoss","Slimebound:SplitAcid+1"],"picked":"SKIP","floor":19},{"not_picked":["Slimebound:BestDefense","Slimebound:SplitLeeching+1"],"picked":"Slimebound:PressTheAttack+1","floor":21},{"not_picked":["Slimebound:Schlurp","Slimebound:SplitLeeching","Slimebound:SplitBruiser"],"picked":"SKIP","floor":22},{"not_picked":["Slimebound:RainOfGoop","Slimebound:FinishingTackle","Slimebound:ProtectTheBoss"],"picked":"SKIP","floor":23},{"not_picked":["Slimebound:LevelUp","Slimebound:SplitLeeching","Slimebound:SplitMire+1"],"picked":"SKIP","floor":25},{"not_picked":["Slimebound:Gluttony","Slimebound:BestDefense+1","Slimebound:Schlurp"],"picked":"SKIP","floor":27},{"not_picked":["Slimebound:LeechLife","Slimebound:GrowthPunch","Slimebound:SamplingLick"],"picked":"SKIP","floor":28},{"not_picked":["Slimebound:ViciousTackle","Slimebound:Nibble","Slimebound:TongueLash"],"picked":"SKIP","floor":30},{"not_picked":["Slimebound:SpikyOuterGoop","Slimebound:GoopSpray"],"picked":"Slimebound:LeechEnergy","floor":31},{"not_picked":["Slimebound:GoopSpray","Slimebound:Dissolve"],"picked":"Slimebound:SlimeSpikes","floor":32},{"not_picked":["Slimebound:Overexert","Slimebound:OneTwoCombo"],"picked":"Slimebound:MassFeed","floor":33},{"not_picked":["Slimebound:FinishingTackle+1","Slimebound:ForwardTackle+1"],"picked":"Slimebound:RejuvenatingLick+1","floor":38},{"not_picked":["Slimebound:SplitLeeching+1","Slimebound:Equalize","Slimebound:LeechingTouch"],"picked":"SKIP","floor":39}],"player_experience":59546,"relics_obtained":[{"floor":7,"key":"Whetstone"},{"floor":13,"key":"Slimebound:AggressiveSlimeRelic"},{"floor":14,"key":"Kunai"},{"floor":24,"key":"Girya"},{"floor":31,"key":"Turnip"},{"floor":31,"key":"Darkstone Periapt"}],"event_choices":[{"damage_healed":0,"gold_gain":0,"player_choice":"Ignored","damage_taken":0,"max_hp_gain":0,"max_hp_loss":0,"event_name":"Duplicator","floor":20,"gold_loss":0},{"cards_removed":["Slimebound:Strike_Slimebound"],"damage_healed":0,"gold_gain":0,"player_choice":"Offered Basic","damage_taken":0,"max_hp_gain":0,"max_hp_loss":0,"event_name":"Bonfire Elementals","floor":37,"gold_loss":0}],"is_beta":false,"boss_relics":[{"not_picked":["Astrolabe","Snecko Eye"],"picked":"Slimebound:AbsorbEndCombatUpgraded"},{"not_picked":["Sozu","Runic Dome"],"picked":"Black Star"}],"items_purged_floors":[9],"is_endless":false,"potions_floor_spawned":[10,11,12,15,16,19,21,31,32,33],"killed_by":"Giant Head","ascension_level":0}}