{"host":"qdfumeom6htv8yxl","time":1610130209,"event":{"mods":["AchievementEnabler","BaseMod","Bestiary","Block Reminder","Minty Spire (QoL Compilation)","Quick Restart","Relic Stats"],"gold_per_floor":[109,57,69,69,69,69,84,84,107,107,107,107],"floor_reached":11,"playtime":285,"items_purged":[],"score":122,"play_id":"36ccb9b6-c8d4-47c3-9602-156bbb7e0f50","local_time":"20210108122329","is_ascension_mode":true,"campfire_choices":[{"data":"Sucker Punch","floor":6,"key":"SMITH"},{"data":"Neutralize","floor":8,"key":"SMITH"},{"data":"Backflip","floor":10,"key":"SMITH"}],"circlet_count":0,"master_deck":["AscendersBane","Strike_G","Strike_G","Strike_G","Strike_G","Strike_G","Defend_G","Defend_G","Defend_G","Defend_G","Defend_G","Survivor","Neutralize+1","Sucker Punch+1","Backflip+1","Acrobatics","Acrobatics"],"relics":["Ring of the Snake","NeowsBlessing","Golden Idol","Omamori"],"acts_visited":["Exordium"],"potions_floor_usage":[11,11],"damage_taken":[{"damage":0,"enemies":"Jaw Worm","floor":1,"turns":1},{"damage":0,"enemies":"2 Louse","floor":3,"turns":1},{"damage":0,"enemies":"Small Slimes","floor":7,"turns":1},{"damage":18,"enemies":"Lagavulin","floor":11,"turns":6}],"seed_played":"4333634987082524240","potions_obtained":[{"floor":1,"key":"SkillPotion"},{"floor":3,"key":"ColorlessPotion"}],"is_trial":false,"path_per_floor":["M","$","M","?","?","R","M","R","T","R","E"],"character_chosen":"THE_SILENT","items_purchased":["Backflip"],"campfire_rested":0,"item_purchase_floors":[2],"current_hp_per_floor":[59,59,59,59,59,59,59,59,59,59,41,41],"gold":107,"neow_bonus":"THREE_ENEMY_KILL","is_daily":false,"chose_seed":false,"campfire_upgraded":3,"win_rate":0.0,"timestamp":1610130209,"path_taken":["M","$","M","?","?","R","?","R","T","R","E"],"items_purchased_type":["Card"],"build_version":"2020-12-22","purchased_purges":0,"victory":false,"max_hp_per_floor":[66,66,66,66,60,60,60,60,60,60,60,60],"relic_stats":{"counters":[4,9],"Golden Idol":3,"obtain_stats":[{"NeowsBlessing":0,"Golden Idol":5,"Omamori":9,"Ring of the Snake":0},{"NeowsBlessing":0,"Golden Idol":2,"Omamori":3,"Ring of the Snake":0},{"NeowsBlessing":0,"Golden Idol":2,"Omamori":3,"Ring of the Snake":0}],"Ring of the Snake":[8]},"card_choices":[{"not_picked":["Catalyst","Blur"],"picked":"Sucker Punch","floor":1},{"not_picked":["Leg Sweep","Distraction"],"picked":"Acrobatics","floor":3},{"not_picked":["Prepared","Eviscerate"],"picked":"Acrobatics","floor":7}],"player_experience":1743232,"relics_obtained":[{"floor":9,"key":"Omamori"}],"event_choices":[{"damage_healed":0,"gold_gain":0,"player_choice":"Leave","damage_taken":0,"max_hp_gain":0,"max_hp_loss":0,"event_name":"The Cleric","floor":4,"gold_loss":0},{"damage_healed":0,"gold_gain":0,"player_choice":"Lose Max HP","damage_taken":0,"relics_obtained":["Golden Idol"],"max_hp_gain":0,"max_hp_loss":6,"event_name":"Golden Idol","floor":5,"gold_loss":0}],"is_beta":false,"boss_relics":[],"items_purged_floors":[],"is_endless":false,"potions_floor_spawned":[1,3],"killed_by":"Lagavulin","ascension_level":20}}