{"host":"i0avyit1s6jb1siw","time":1610116898,"event":{"mods":["BaseMod","DeckTracker","Dota2Spire","Highlight Path","Minty Spire (QoL Compilation)","Quick Restart","StSLib","SuperFastMode"],"gold_per_floor":[112,112,62,76,76,76,94,94,121,135,135,166,166,182,182,182,182],"floor_reached":16,"playtime":263,"items_purged":["Strike_G"],"score":200,"play_id":"673b465a-1efb-4fef-996e-0ab2dc39d8c5","local_time":"20210108154138","is_ascension_mode":true,"campfire_choices":[{"floor":6.0,"key":"REST"},{"data":"Panache","floor":11.0,"key":"SMITH"},{"data":"Cloak And Dagger","floor":15.0,"key":"SMITH"}],"circlet_count":0,"master_deck":["AscendersBane","Strike_G","Strike_G","Strike_G","Strike_G","Defend_G","Defend_G","Defend_G","Defend_G","Defend_G","Survivor","Neutralize","Panache+1","Endless Agony","Cloak And Dagger+1","Accuracy","Cloak And Dagger+1","Concentrate","Footwork"],"relics":["Ring of the Snake","Smiling Mask","Dota2Spire:LotusOrb","Dota2Spire:ShadowBlade","Dota2Spire:EtherealBlade"],"acts_visited":["Exordium"],"potions_floor_usage":[16],"damage_taken":[{"damage":0.0,"enemies":"2 Louse","floor":1.0,"turns":4.0},{"damage":7.0,"enemies":"Jaw Worm","floor":4.0,"turns":4.0},{"damage":1.0,"enemies":"Small Slimes","floor":7.0,"turns":3.0},{"damage":0.0,"enemies":"Looter","floor":10.0,"turns":3.0},{"damage":11.0,"enemies":"Lagavulin","floor":12.0,"turns":6.0},{"damage":10.0,"enemies":"3 Louse","floor":14.0,"turns":3.0},{"damage":13,"enemies":"Hexaghost","floor":16,"turns":9}],"seed_played":"-3269628320503223698","potions_obtained":[{"floor":1.0,"key":"Strength Potion"},{"floor":7.0,"key":"Dexterity Potion"},{"floor":14.0,"key":"SteroidPotion"}],"is_trial":false,"path_per_floor":["M","?","$","M","?","R","M","T","T","M","R","E","T","M","R","B"],"character_chosen":"THE_SILENT","items_purchased":[],"campfire_rested":1,"item_purchase_floors":[],"current_hp_per_floor":[59,24,24,17,17,35,34,34,34,34,34,23,23,13,13,0,0],"gold":182,"neow_bonus":"RANDOM_COLORLESS_2","is_daily":false,"chose_seed":false,"campfire_upgraded":2,"win_rate":0.0,"timestamp":1610116898,"path_taken":["M","?","$","M","?","R","M","?","T","M","R","E","?","M","R","BOSS"],"items_purchased_type":[],"build_version":"2020-12-22","purchased_purges":1,"victory":false,"max_hp_per_floor":[60,60,60,60,60,60,60,60,60,60,60,60,60,60,60,60,60],"card_choices":[{"not_picked":["The Bomb","Transmutation"],"picked":"Panache","floor":0.0},{"not_picked":["Bane","Flechettes"],"picked":"Endless Agony","floor":1.0},{"not_picked":["Skewer","Deflect"],"picked":"Cloak And Dagger","floor":4.0},{"not_picked":["Deadly Poison","Cloak And Dagger"],"picked":"Accuracy","floor":7.0},{"not_picked":["Quick Slash","Masterful Stab"],"picked":"Cloak And Dagger","floor":10.0},{"not_picked":["Outmaneuver","Eviscerate"],"picked":"Concentrate","floor":12.0},{"not_picked":["Prepared","Leg Sweep"],"picked":"Footwork","floor":14.0}],"player_experience":2185946,"relics_obtained":[{"floor":9.0,"key":"Dota2Spire:LotusOrb"},{"floor":12.0,"key":"Dota2Spire:ShadowBlade"},{"floor":13.0,"key":"Dota2Spire:EtherealBlade"}],"event_choices":[{"damage_healed":0.0,"max_hp_gain":0.0,"max_hp_loss":0.0,"gold_gain":0.0,"event_name":"Scrap Ooze","player_choice":"Success","floor":2.0,"gold_loss":0.0,"damage_taken":35.0,"relics_obtained":["Smiling Mask"]},{"damage_healed":0.0,"max_hp_gain":0.0,"max_hp_loss":0.0,"gold_gain":0.0,"event_name":"Living Wall","player_choice":"Grow","floor":5.0,"gold_loss":0.0,"damage_taken":0.0,"cards_upgraded":["Cloak And Dagger"]}],"is_beta":false,"boss_relics":[],"items_purged_floors":[3],"is_endless":false,"potions_floor_spawned":[1,7,14],"killed_by":"Hexaghost","ascension_level":20}}