{"host":"vlqejv0notyktumz","time":1610064550,"event":{"mods":["AchievementEnabler","BaseMod","Googly Eyes","Minty Spire (QoL Compilation)"],"gold_per_floor":[109,129,204,6,18,18,18,18,18,44,44,78,98,178,178,178,178],"floor_reached":16,"playtime":404,"items_purged":[],"score":113,"play_id":"dbd4075c-d5b7-4b28-a05f-ccaae07225da","local_time":"20210107180910","is_ascension_mode":true,"campfire_choices":[{"data":"Flex","floor":6,"key":"SMITH"},{"data":"Iron Wave","floor":8,"key":"SMITH"},{"data":"Impervious","floor":11,"key":"SMITH"},{"floor":15,"key":"REST"}],"circlet_count":0,"master_deck":["Strike_R","Strike_R","Strike_R","Strike_R","Strike_R","Defend_R","Defend_R","Defend_R","Defend_R","Bash+1","Heavy Blade","Seeing Red","Iron Wave+1","Flex+1","Impervious+1","Flame Barrier"],"relics":["Burning Blood","Nunchaku","Regal Pillow","The Courier","Smiling Mask"],"acts_visited":["Exordium"],"potions_floor_usage":[12,12,16],"damage_taken":[{"damage":10,"enemies":"Jaw Worm","floor":1,"turns":4},{"damage":0,"enemies":"2 Louse","floor":2,"turns":4},{"damage":0,"enemies":"Cultist","floor":5,"turns":2},{"damage":35,"enemies":"3 Sentries","floor":10,"turns":8},{"damage":26,"enemies":"Lagavulin","floor":12,"turns":6},{"damage":4,"enemies":"Large Slime","floor":13,"turns":5},{"damage":70,"enemies":"The Guardian","floor":16,"turns":14}],"seed_played":"7326805203676815490","potions_obtained":[{"floor":5,"key":"Weak Potion"},{"floor":10,"key":"Explosive Potion"},{"floor":13,"key":"AttackPotion"}],"is_trial":false,"path_per_floor":["M","M","?","$","M","R","$","R","T","E","R","E","M","?","R","B"],"character_chosen":"IRONCLAD","items_purchased":["Iron Wave","Nunchaku"],"campfire_rested":1,"item_purchase_floors":[4,4],"current_hp_per_floor":[76,80,69,69,75,75,75,75,75,46,46,26,28,28,67,0,0],"gold":178,"neow_bonus":"UPGRADE_CARD","is_daily":false,"chose_seed":false,"campfire_upgraded":3,"win_rate":0.0,"timestamp":1610064550,"path_taken":["M","M","?","$","M","R","$","R","T","E","R","E","M","?","R","BOSS"],"items_purchased_type":["Card","Relic"],"build_version":"2020-12-22","purchased_purges":0,"victory":false,"max_hp_per_floor":[80,80,80,80,80,80,80,80,80,80,80,80,80,80,80,80,80],"card_choices":[{"not_picked":["Iron Wave","Flex"],"picked":"Heavy Blade","floor":1},{"not_picked":["Warcry","Clash"],"picked":"Seeing Red","floor":2},{"not_picked":["True Grit","Whirlwind"],"picked":"Flex","floor":5},{"not_picked":["Sentinel","Havoc"],"picked":"Impervious","floor":10},{"not_picked":["Combust","Shrug It Off","Second Wind"],"picked":"SKIP","floor":12},{"not_picked":["Warcry","Havoc"],"picked":"Flame Barrier","floor":13}],"player_experience":300952,"relics_obtained":[{"floor":9,"key":"Regal Pillow"},{"floor":10,"key":"The Courier"},{"floor":12,"key":"Smiling Mask"}],"event_choices":[{"damage_healed":0,"gold_gain":75,"player_choice":"Gather Gold","damage_taken":11,"max_hp_gain":0,"max_hp_loss":0,"event_name":"World of Goop","floor":3,"gold_loss":0},{"damage_healed":0,"gold_gain":80,"player_choice":"Gained Gold","damage_taken":0,"max_hp_gain":0,"max_hp_loss":0,"event_name":"Golden Wing","floor":14,"gold_loss":0}],"is_beta":false,"boss_relics":[],"items_purged_floors":[],"is_endless":false,"potions_floor_spawned":[5,10,13],"killed_by":"The Guardian","ascension_level":1}}