{"host":"avq773cl9g5msfol","time":1610094316,"event":{"mods":["100% Spire Juice","AchievementEnabler","Act Like it!","Ascension Unlocker","Aspiration","Astrologer","Bard","Bartender","BaseMod","Better Altar","Better Third Choice","BetterRewards","CapriCore","ChefMod","Colored Map","Colored Powertips","Conspire","Dio Mod","Downfall","Elementarium","Energized Spire","Gensokyo","GifTheSpireLib","GungeonMod","Hallownest","Hermit","Highlight Path","Hubris","Humility","Infinite Spire","Jorbs\u0027s Wanderer Trilogy","Koishi","Magitek Elite","Marisa????????","Marked Mod","Menagerie","Minty Spire (QoL Compilation)","Pale of the Ancients","Potionbrewer","Quarter Circle Forward PUNCH!","Rare Cards Sparkle","Reimu??????","Relic Stats","Remilia??????","Replay The Spire","SacredBarkPlus","Shade Mod","Somnambulant","Spicy Shops","StSLib","Synergy Search","The Administrix","The Blue Laboratory","The Bug Knight","The Construct","The Cursed","The Disciple","The Dragon Tamer","The Exalted","The Hayseed","The Hierophant","The Immortal","The Judge","The Marked","The Mystic","The Problem Sleuth","The Runesmith","The Senshi","The Vixen","The Wild Card","TheArtist","TheFirefly","Wandering Minibosses","vexMod"],"gold_per_floor":[113,132,132,144,154,182,230,280,357,430,446,462,462,472,472,560,560,570,584,1075,1093,1107,1107,1155,1155,1179,1205,1205,1219,1238,1263,1356,1430,1430,1492,1490,1530,1586,1600,1600,1620,1135,1135,1135,1135,669,713,713,713,713,713],"floor_reached":52,"playtime":4314,"items_purged":["infinitespire:FinalStrike"],"score":3115,"play_id":"b1f22ed3-bfef-48e0-b0af-f0948f2888cc","local_time":"20210108152516","is_ascension_mode":true,"campfire_choices":[{"data":"potionbrewer:ChemicalSpill","floor":15,"key":"SMITH"},{"data":"potionbrewer:FlashPowder","floor":23,"key":"SMITH"},{"floor":25,"key":"REST"},{"data":"Pot Of Greed","floor":40,"key":"SMITH"},{"data":"infinitespire:TheBestDefense","floor":44,"key":"SMITH"},{"data":"Pot Of Greed","floor":49,"key":"SMITH"}],"circlet_count":0,"master_deck":["AscendersBane","potionbrewer:Collect+1","potionbrewer:ChemicalSpill+1","potionbrewer:PotentialEnergy+1","potionbrewer:AcidCloud+1","potionbrewer:HazardousMaterials+1","potionbrewer:SpecialFormula+1","potionbrewer:FlareUp+1","potionbrewer:AlchemistForm+1","potionbrewer:TwoForOne+1","potionbrewer:Shovel+1","potionbrewer:AcidCloud+1","potionbrewer:BlindingMist+1","potionbrewer:EmptyBottle+1","potionbrewer:Shovel+1","potionbrewer:Shovel+1","potionbrewer:ChainReaction+1","potionbrewer:SpecialFormula+1","potionbrewer:IronFlesh+1","potionbrewer:Prototype","potionbrewer:HazardousWaste+1","potionbrewer:BeatDown+1","potionbrewer:BalancedFormula+1","potionbrewer:Prototype","potionbrewer:FlashPowder+1","potionbrewer:Catalyze+1","potionbrewer:Prototype","potionbrewer:BrokenBeakers+1","Pot Of Greed+1","Pot Of Greed+1","Pot Of Greed+1","potionbrewer:Transmute+1","infinitespire:TheBestDefense+1","ReplayTheSpireMod:Echoes of Time"],"relics":["potionbrewer:PotionKit","Golden Egg","Quantum Egg","RuthlessExorcism:ReiMu","Replay:Rubber Ducky","aspiration:HatOfInfinitePower","qcfpunch:Wrestler\u0027s_Cloak","hubris:CrystalStatue","Happy Flower","infinitespire:WardingShard","conspire:Dentures","Potion Belt","PreservedInsect","hubris:64BitClover","DemoMod:GnawedKey","DemoMod:GlassGuonStoneRelic","qcfpunch:Necklace_of_Skulls","DemoMod:OrangeGuonStone","Gremlin Food","Bromod:ArcaneAvenger","qcfpunch:Dark_Gi","infinitespire:Joker Card","wanderingMiniBosses:LockLocket","Regal Pillow","DemoMod:Metronome","Cleaning_Rag","Gremlin Horn","Grinning Jar","Elementarium:ElementariumTrophy","energizedSpire:StickyHand","hubris:Zylophone","Bromod:ArcaneTrickery","Runesmith:Nanobots","Lee\u0027s Waffle","qcfpunch:Red_Beret"],"acts_visited":["Gensokyo:Gensokyo","Elementarium:Elementarium","Hallownest:KingdomsEdge"],"potions_floor_usage":[1,2,5,5,6,7,11,11,12,12,14,16,16,18,20,20,20,20,20,20,20,20,21,27,27,27,29,29,30,30,33,33,38,39,47,50,50,51],"damage_taken":[{"damage":0,"enemies":"Gensokyo:3_Fairies","floor":1,"turns":3},{"damage":0,"enemies":"Gensokyo:Python","floor":2,"turns":3},{"damage":0,"enemies":"Gensokyo:2_Kodama","floor":4,"turns":2},{"damage":0,"enemies":"Gensokyo:Kitsune","floor":5,"turns":3},{"damage":0,"enemies":"Gensokyo:Aya","floor":6,"turns":6},{"damage":0,"enemies":"Gensokyo:2_Rabbits","floor":7,"turns":5},{"damage":0,"enemies":"Gensokyo:Mamizou","floor":8,"turns":4},{"damage":0,"enemies":"Gensokyo:5_Fairies","floor":10,"turns":3},{"damage":0,"enemies":"Gensokyo:VengefulSpirit","floor":11,"turns":2},{"damage":0,"enemies":"Gensokyo:Aya","floor":12,"turns":4},{"damage":0,"enemies":"Gensokyo:2_Rabbits","floor":14,"turns":3},{"damage":0,"enemies":"Gensokyo:Reimu","floor":16,"turns":5},{"damage":5,"enemies":"Elementarium:Cyclone","floor":18,"turns":2},{"damage":0,"enemies":"Elementarium:2_ELEMENTALS","floor":19,"turns":1},{"damage":0,"enemies":"Menagerie:Suneater","floor":20,"turns":5},{"damage":0,"enemies":"Elementarium:VOID_CORRUPTION_AND_TAR_GOLEM","floor":21,"turns":3},{"damage":0,"enemies":"Elementarium:STONE_GOLEMS","floor":22,"turns":3},{"damage":0,"enemies":"Elementarium:FIRE_NOBILITY","floor":24,"turns":4},{"damage":0,"enemies":"Elementarium:ElementalPortal","floor":27,"turns":5},{"damage":0,"enemies":"Elementarium:RubyGolem","floor":29,"turns":2},{"damage":0,"enemies":"Elementarium:Hydrostalker","floor":30,"turns":2},{"damage":0,"enemies":"Elementarium:FIRE_NOBILITY","floor":31,"turns":2},{"damage":0,"enemies":"Elementarium:GolemEmperor","floor":33,"turns":2},{"damage":0,"enemies":"Hallownest:Shield_Heavy","floor":35,"turns":2},{"damage":0,"enemies":"Hallownest:2_Littles","floor":36,"turns":3},{"damage":0,"enemies":"Hallownest:2_Wandering_and_1_Horned","floor":37,"turns":2},{"damage":0,"enemies":"Hallownest:2_Primals","floor":38,"turns":2},{"damage":0,"enemies":"Hallownest:2_Great","floor":39,"turns":1},{"damage":0,"enemies":"Hallownest:Xero_Hu_Marmu","floor":41,"turns":1},{"damage":0,"enemies":"Hallownest:Shield_Sturdy","floor":47,"turns":3},{"damage":0,"enemies":"Hallownest:BossHollowKnight","floor":50,"turns":2},{"damage":0,"enemies":"Hallownest:BossGreyPrinceZote","floor":51,"turns":2}],"seed_played":"72512686484953917","potions_obtained":[{"floor":1,"key":"potionbrewer:CleansingPotion"},{"floor":4,"key":"MagicPotion:ReiMu"},{"floor":10,"key":"blueLaboratory:FruitPunch"},{"floor":14,"key":"Swift Potion"},{"floor":19,"key":"GrandPatriotsElixir:ReiMu"},{"floor":22,"key":"potionbrewer:ToxicPotion"},{"floor":24,"key":"blueLaboratory:FruitPunch"},{"floor":28,"key":"potionbrewer:ToxicPotion"},{"floor":28,"key":"FairyPotion"},{"floor":29,"key":"Explosive Potion"}],"is_trial":false,"path_per_floor":["M","M","$","M","M","E","M","E","T","M","M","E","?","M","R","B",null,"M","M","?","M","M","R","E","R","T","E","?","M","M","E","R_BF","B",null,"M","M","M","?","M","R","M","?","T","R","T","$","M","?","R","B","B",null],"character_chosen":"POTIONBREWER","items_purchased":["blueLaboratory:FruitPunch","RuthlessExorcism:ReiMu","Replay:Rubber Ducky","potionbrewer:AcidCloud","potionbrewer:BlindingMist","qcfpunch:Challenger_Coin","aspiration:HatOfInfinitePower","qcfpunch:Wrestler\u0027s_Cloak","potionbrewer:EmptyBottle","potionbrewer:Shovel","hubris:CrystalStatue","potionbrewer:CleansingPotion","Happy Flower","infinitespire:WardingShard","conspire:Dentures","potionbrewer:ChainReaction","Potion Belt","AttackPotion","Energy Potion","potionbrewer:SpecialFormula","PreservedInsect","hubris:64BitClover","DemoMod:GnawedKey","Lee\u0027s Waffle","qcfpunch:Red_Beret","SkillPotion"],"campfire_rested":1,"item_purchase_floors":[0,0,0,0,0,0,0,0,0,0,0,0,0,0,0,0,0,0,0,0,0,0,0,46,46,46],"current_hp_per_floor":[63,63,63,63,65,65,65,65,65,65,67,69,69,69,69,69,50,45,45,45,45,45,45,45,50,50,54,54,54,54,54,54,54,54,54,54,54,54,54,54,54,54,54,54,54,61,61,61,61,61,61],"gold":713,"neow_bonus":"","is_daily":false,"chose_seed":false,"campfire_upgraded":5,"win_rate":0.0,"timestamp":1610094316,"path_taken":["M","M","?","M","M","E","M","E","T","?","M","E","?","?","R","BOSS","M","M","?","M","M","R","E","R","T","E","?","M","?","E","R_BF","BOSS","M","M","M","?","?","R","M","?","T","R","?","$","M","?","R","BOSS","BOSS"],"items_purchased_type":["Potion","Relic","Relic","Card","Card","Potion","Relic","Relic","Card","Card","Relic","Potion","Relic","Relic","Relic","Card","Relic","Potion","Potion","Card","Relic","Relic","Relic","Relic","Relic","Potion"],"build_version":"2020-12-22","purchased_purges":1,"victory":true,"max_hp_per_floor":[70,70,70,70,72,72,72,72,72,72,74,76,76,76,76,76,50,50,50,50,50,50,50,50,50,50,54,54,54,54,54,54,54,54,54,54,54,54,54,54,54,54,54,54,54,61,61,61,61,61,61],"relic_stats":{"Regal Pillow":0,"Lee\u0027s Waffle":7,"Happy Flower":[30],"Gremlin Horn":[10,10],"counters":[127,399],"PreservedInsect":201,"obtain_stats":[{"Golden Egg":0,"Bromod:ArcaneNullifier":46,"Hallownest:UnbreakableCardRelic":21,"Gensokyo:UndefinedDarkness":27,"Whetstone":44,"Ginger":12,"wanderingMiniBosses:OtherGremlinHorn":19,"qcfpunch:Red_Beret":46,"hubris:MysteriousPyramids":28,"Blood Vial":12,"conspire:GlowingRock":5,"MealTicket":45,"Fusion Hammer":17,"Replay:Bottled Flurry":44,"theMarked:DemonDagger":6,"Pear":46,"DemoMod:OrangeGuonStone":8,"HollowMod:JonisBlessing":55,"qcfpunch:Dark_Gi":17,"energizedSpire:StickyHand":34,"Akabeko":22,"potionbrewer:Torch":0,"Elementarium:ElementariumTrophy":33,"ReplayTheSpireMod:Ring of Collecting":5,"Snecko Eye":36,"Tintinnabulum":44,"Pandora\u0027s Box":0,"conspire:BottledYoYo":13,"energizedSpire:MagnifyingGlass":34,"Unceasing Top":27,"Elementarium:HuntersElixir":19,"vexMod:PlasmaPancake":0,"qcfpunch:Spiky_Bracers":0,"Lantern":28,"aspiration:Lifesprig":21,"Regal Pillow":24,"wanderingMiniBosses:AbyssPearl":20,"hubris:EmptyBottle":0,"White_Cape":39,"Power_Wrist":6,"Pet Ghost":6,"Silver_Glasses":19,"Replay:Rubber Ducky":0,"Cleaning_Rag":27,"Ring of Fangs":26,"Ring of Peace":5,"WingedGreaves":24,"DemoMod:GnawedKey":0,"Ring of Panic":9,"wanderingMiniBosses:LockLocket":20,"hubris:GlazedTorus":0,"Potion Belt":0,"Lee\u0027s Waffle":0,"Runesmith:Nanobots":45,"hubris:64BitClover":0,"qcfpunch:Black_Training_Shirt":10,"DemoMod:PartiallyEatenCheese":10,"Thread and Needle":14,"The Courier":8,"PreservedInsect":0,"infinitespire:Joker Card":20,"Protect_Vest":55,"hubris:Towel":12,"Replay:Arrowhead":41,"Bromod:ArcaneMomentum":10,"theMarked:ArtifactOfAir":0,"potionbrewer:BoosterPack":43,"MokouMod:PhoenixFeather":0,"Turnip":0,"Bottled Lightning":49,"theMarked:Winder":0,"Ice Cream":0,"Bromod:ArcaneUltimatum":0,"DemoMod:GreenGuonStone":26,"Calipers":0,"hubris:CrystalStatue":43,"Gremlin Horn":29,"potionbrewer:AlchemistFlask":0,"DemoMod:GlassGuonStoneRelic":1,"potionbrewer:PotionKit":0,"Centennial Puzzle":26,"HornCleat":30,"aspiration:MobileForge":17,"DemoMod:MonsterBlood":40,"DemoMod:Metronome":26,"qcfpunch:Red_Gi":38,"Philosopher\u0027s Stone":48,"qcfpunch:Handcuffs":0,"conspire:Dentures":0,"Happy Flower":0,"Dead Branch":10,"conspire:Boomerang":9,"Du-Vu Doll":0,"hubris:Zylophone":38,"OrangePellets":0,"ReplayTheSpireMod:Shallot":26,"Bronze Scales":46,"ReplayTheSpireMod:TigerMarble":43,"infinitespire:EmpoweringShard":13,"Black Star":21,"Grinning Jar":31,"aspiration:HatOfInfinitePower":0,"Bromod:ArcaneAvenger":12,"theSenshi:SuperSailorFukuRelic":0,"Snecko Heart":34,"Juzu Bracelet":0,"Hallownest:DreamNailRelic":4,"hubris:SlimyHat":30,"Incense Burner":30,"ClockworkSouvenir":0,"DemoMod:SevenLeafClover":0,"Frozen Eye":30,"Replay:Bandana":8,"Bromod:ArcaneTrickery":41,"Bromod:ArcaneTempo":56,"Genji_Glove":0,"qcfpunch:Necklace_of_Skulls":6,"qcfpunch:Wrestler\u0027s_Cloak":0,"TheVixenMod:UmbreonRelic":39,"Hallownest:BeastSealRelic":37,"Gremlin Food":11,"ReplayTheSpireMod:Ninjato":0,"Quantum Egg":0,"aspiration:SecretTechniqueScroll":17,"vexMod:FocusSash":19,"Gensokyo:ConquerorOfFear":28,"Orichalcum":8,"Peace Pipe":25,"Anchor":24,"Golden_Hairpin":34,"infinitespire:WardingShard":0,"vexMod:HeadHunter":0,"Ring of Fury":43,"Gem_Box":24,"Membership Card":0,"potionbrewer:Keyblade":0,"DemoMod:Bottle":28,"FossilizedHelix":0,"TungstenRod":0,"RuthlessExorcism:ReiMu":11},{"Golden Egg":0,"Bromod:ArcaneNullifier":23,"Hallownest:UnbreakableCardRelic":9,"Gensokyo:UndefinedDarkness":85,"Whetstone":22,"Ginger":78,"wanderingMiniBosses:OtherGremlinHorn":81,"qcfpunch:Red_Beret":124,"hubris:MysteriousPyramids":65,"Blood Vial":5,"conspire:GlowingRock":1,"MealTicket":22,"Fusion Hammer":79,"Replay:Bottled Flurry":91,"theMarked:DemonDagger":76,"Pear":71,"DemoMod:OrangeGuonStone":102,"HollowMod:JonisBlessing":27,"qcfpunch:Dark_Gi":107,"energizedSpire:StickyHand":118,"Akabeko":83,"potionbrewer:Torch":0,"Elementarium:ElementariumTrophy":66,"ReplayTheSpireMod:Ring of Collecting":75,"Snecko Eye":18,"Tintinnabulum":49,"Pandora\u0027s Box":0,"conspire:BottledYoYo":35,"energizedSpire:MagnifyingGlass":88,"Unceasing Top":12,"Elementarium:HuntersElixir":61,"vexMod:PlasmaPancake":29,"qcfpunch:Spiky_Bracers":29,"Lantern":12,"aspiration:Lifesprig":61,"Regal Pillow":113,"wanderingMiniBosses:AbyssPearl":9,"hubris:EmptyBottle":0,"White_Cape":20,"Power_Wrist":55,"Pet Ghost":32,"Silver_Glasses":8,"Replay:Rubber Ducky":73,"Cleaning_Rag":114,"Ring of Fangs":85,"Ring of Peace":75,"WingedGreaves":10,"DemoMod:GnawedKey":95,"Ring of Panic":76,"wanderingMiniBosses:LockLocket":110,"hubris:GlazedTorus":0,"Potion Belt":95,"Lee\u0027s Waffle":52,"Runesmith:Nanobots":124,"hubris:64BitClover":95,"qcfpunch:Black_Training_Shirt":57,"DemoMod:PartiallyEatenCheese":4,"Thread and Needle":59,"The Courier":34,"PreservedInsect":95,"infinitespire:Joker Card":110,"Protect_Vest":27,"hubris:Towel":58,"Replay:Arrowhead":47,"Bromod:ArcaneMomentum":77,"theMarked:ArtifactOfAir":52,"potionbrewer:BoosterPack":21,"MokouMod:PhoenixFeather":0,"Turnip":52,"Bottled Lightning":25,"theMarked:Winder":52,"Ice Cream":29,"Bromod:ArcaneUltimatum":29,"DemoMod:GreenGuonStone":63,"Calipers":52,"hubris:CrystalStatue":70,"Gremlin Horn":115,"potionbrewer:AlchemistFlask":52,"DemoMod:GlassGuonStoneRelic":1,"potionbrewer:PotionKit":95,"Centennial Puzzle":63,"HornCleat":14,"aspiration:MobileForge":60,"DemoMod:MonsterBlood":69,"DemoMod:Metronome":113,"qcfpunch:Red_Gi":89,"Philosopher\u0027s Stone":50,"qcfpunch:Handcuffs":0,"conspire:Dentures":95,"Happy Flower":95,"Dead Branch":34,"conspire:Boomerang":56,"Du-Vu Doll":0,"hubris:Zylophone":122,"OrangePellets":0,"ReplayTheSpireMod:Shallot":41,"Bronze Scales":49,"ReplayTheSpireMod:TigerMarble":48,"infinitespire:EmpoweringShard":59,"Black Star":61,"Grinning Jar":117,"aspiration:HatOfInfinitePower":95,"Bromod:ArcaneAvenger":105,"theSenshi:SuperSailorFukuRelic":73,"Snecko Heart":44,"Juzu Bracelet":29,"Hallownest:DreamNailRelic":31,"hubris:SlimyHat":43,"Incense Burner":87,"ClockworkSouvenir":29,"DemoMod:SevenLeafClover":52,"Frozen Eye":86,"Replay:Bandana":3,"Bromod:ArcaneTrickery":124,"Bromod:ArcaneTempo":28,"Genji_Glove":0,"qcfpunch:Necklace_of_Skulls":100,"qcfpunch:Wrestler\u0027s_Cloak":52,"TheVixenMod:UmbreonRelic":45,"Hallownest:BeastSealRelic":45,"Gremlin Food":104,"ReplayTheSpireMod:Ninjato":73,"Quantum Egg":29,"aspiration:SecretTechniqueScroll":37,"vexMod:FocusSash":39,"Gensokyo:ConquerorOfFear":86,"Orichalcum":56,"Peace Pipe":11,"Anchor":41,"Golden_Hairpin":66,"infinitespire:WardingShard":29,"vexMod:HeadHunter":0,"Ring of Fury":90,"Gem_Box":62,"Membership Card":73,"potionbrewer:Keyblade":0,"DemoMod:Bottle":86,"FossilizedHelix":0,"TungstenRod":73,"RuthlessExorcism:ReiMu":4},{"Golden Egg":0,"Bromod:ArcaneNullifier":61,"Hallownest:UnbreakableCardRelic":22,"Gensokyo:UndefinedDarkness":275,"Whetstone":58,"Ginger":245,"wanderingMiniBosses:OtherGremlinHorn":260,"qcfpunch:Red_Beret":392,"hubris:MysteriousPyramids":209,"Blood Vial":14,"conspire:GlowingRock":2,"MealTicket":58,"Fusion Hammer":252,"Replay:Bottled Flurry":294,"theMarked:DemonDagger":239,"Pear":223,"DemoMod:OrangeGuonStone":333,"HollowMod:JonisBlessing":79,"qcfpunch:Dark_Gi":350,"energizedSpire:StickyHand":381,"Akabeko":266,"potionbrewer:Torch":0,"Elementarium:ElementariumTrophy":213,"ReplayTheSpireMod:Ring of Collecting":235,"Snecko Eye":50,"Tintinnabulum":165,"Pandora\u0027s Box":0,"conspire:BottledYoYo":105,"energizedSpire:MagnifyingGlass":289,"Unceasing Top":34,"Elementarium:HuntersElixir":204,"vexMod:PlasmaPancake":91,"qcfpunch:Spiky_Bracers":91,"Lantern":34,"aspiration:Lifesprig":204,"Regal Pillow":368,"wanderingMiniBosses:AbyssPearl":22,"hubris:EmptyBottle":0,"White_Cape":54,"Power_Wrist":183,"Pet Ghost":99,"Silver_Glasses":18,"Replay:Rubber Ducky":230,"Cleaning_Rag":373,"Ring of Fangs":275,"Ring of Peace":235,"WingedGreaves":24,"DemoMod:GnawedKey":307,"Ring of Panic":239,"wanderingMiniBosses:LockLocket":358,"hubris:GlazedTorus":0,"Potion Belt":307,"Lee\u0027s Waffle":177,"Runesmith:Nanobots":392,"hubris:64BitClover":307,"qcfpunch:Black_Training_Shirt":190,"DemoMod:PartiallyEatenCheese":12,"Thread and Needle":197,"The Courier":102,"PreservedInsect":307,"infinitespire:Joker Card":358,"Protect_Vest":79,"hubris:Towel":192,"Replay:Arrowhead":161,"Bromod:ArcaneMomentum":243,"theMarked:ArtifactOfAir":177,"potionbrewer:BoosterPack":56,"MokouMod:PhoenixFeather":0,"Turnip":177,"Bottled Lightning":69,"theMarked:Winder":177,"Ice Cream":91,"Bromod:ArcaneUltimatum":91,"DemoMod:GreenGuonStone":206,"Calipers":177,"hubris:CrystalStatue":222,"Gremlin Horn":375,"potionbrewer:AlchemistFlask":177,"DemoMod:GlassGuonStoneRelic":2,"potionbrewer:PotionKit":307,"Centennial Puzzle":206,"HornCleat":39,"aspiration:MobileForge":202,"DemoMod:MonsterBlood":220,"DemoMod:Metronome":368,"qcfpunch:Red_Gi":291,"Philosopher\u0027s Stone":168,"qcfpunch:Handcuffs":0,"conspire:Dentures":307,"Happy Flower":307,"Dead Branch":102,"conspire:Boomerang":187,"Du-Vu Doll":0,"hubris:Zylophone":390,"OrangePellets":0,"ReplayTheSpireMod:Shallot":135,"Bronze Scales":165,"ReplayTheSpireMod:TigerMarble":162,"infinitespire:EmpoweringShard":197,"Black Star":204,"Grinning Jar":379,"aspiration:HatOfInfinitePower":307,"Bromod:ArcaneAvenger":342,"theSenshi:SuperSailorFukuRelic":230,"Snecko Heart":150,"Juzu Bracelet":91,"Hallownest:DreamNailRelic":95,"hubris:SlimyHat":145,"Incense Burner":281,"ClockworkSouvenir":91,"DemoMod:SevenLeafClover":177,"Frozen Eye":278,"Replay:Bandana":8,"Bromod:ArcaneTrickery":392,"Bromod:ArcaneTempo":84,"Genji_Glove":0,"qcfpunch:Necklace_of_Skulls":324,"qcfpunch:Wrestler\u0027s_Cloak":177,"TheVixenMod:UmbreonRelic":153,"Hallownest:BeastSealRelic":153,"Gremlin Food":338,"ReplayTheSpireMod:Ninjato":230,"Quantum Egg":91,"aspiration:SecretTechniqueScroll":113,"vexMod:FocusSash":124,"Gensokyo:ConquerorOfFear":278,"Orichalcum":187,"Peace Pipe":27,"Anchor":135,"Golden_Hairpin":213,"infinitespire:WardingShard":91,"vexMod:HeadHunter":0,"Ring of Fury":292,"Gem_Box":205,"Membership Card":230,"potionbrewer:Keyblade":0,"DemoMod:Bottle":278,"FossilizedHelix":0,"TungstenRod":230,"RuthlessExorcism:ReiMu":12}]},"card_choices":[{"not_picked":["potionbrewer:MicrobeSpray","potionbrewer:OneTwoPunch","potionbrewer:Brandish"],"picked":"SKIP","floor":1},{"not_picked":["potionbrewer:VolatileSolution","potionbrewer:UnstableFormula","potionbrewer:Smack"],"picked":"SKIP","floor":2},{"not_picked":["potionbrewer:WizBang","potionbrewer:Brandish","potionbrewer:Refill"],"picked":"SKIP","floor":4},{"not_picked":["potionbrewer:Experimentation","potionbrewer:Shovel"],"picked":"potionbrewer:IronFlesh","floor":5},{"not_picked":["potionbrewer:FortifiedSerum","potionbrewer:Spark","potionbrewer:LabJournal"],"picked":"SKIP","floor":6},{"not_picked":["potionbrewer:UnstableFormula","potionbrewer:TestSubject","potionbrewer:OneTwoPunch"],"picked":"potionbrewer:Prototype","floor":7},{"not_picked":["potionbrewer:TimeBomb","potionbrewer:UnstableFormula","potionbrewer:VolatileSolution"],"picked":"SKIP","floor":8},{"not_picked":["potionbrewer:FuelCell","potionbrewer:FortifiedSerum","potionbrewer:CausticBarrier"],"picked":"SKIP","floor":10},{"not_picked":["potionbrewer:QuickStep","potionbrewer:Spark","potionbrewer:Smokescreen"],"picked":"SKIP","floor":11},{"not_picked":["potionbrewer:BlindingSpray","potionbrewer:Transmute"],"picked":"potionbrewer:HazardousWaste","floor":12},{"not_picked":["potionbrewer:CrossReference","potionbrewer:Toxicity","potionbrewer:Refill"],"picked":"SKIP","floor":14},{"not_picked":["potionbrewer:EquivalentExchange","potionbrewer:TheFinalStraw"],"picked":"potionbrewer:BeatDown","floor":16},{"not_picked":["potionbrewer:FortifiedSerum","potionbrewer:ChainReaction+1"],"picked":"potionbrewer:BalancedFormula","floor":18},{"not_picked":["potionbrewer:Toxicity","potionbrewer:UnstableFormula","potionbrewer:TimeBomb"],"picked":"SKIP","floor":19},{"not_picked":["potionbrewer:Fuel","potionbrewer:Smokescreen","potionbrewer:ChemicalWeapons"],"picked":"potionbrewer:Prototype","floor":20},{"not_picked":["potionbrewer:BalancedFormula","potionbrewer:ChemicalRage"],"picked":"potionbrewer:FlashPowder","floor":21},{"not_picked":["potionbrewer:Brandish","potionbrewer:Contingency","potionbrewer:Experimentation+1"],"picked":"SKIP","floor":22},{"not_picked":["potionbrewer:ExplosiveReaction","potionbrewer:TestFormula"],"picked":"potionbrewer:Catalyze","floor":24},{"not_picked":["potionbrewer:LabJournal","potionbrewer:Smack","potionbrewer:UnstableFormula"],"picked":"potionbrewer:Prototype","floor":27},{"not_picked":["potionbrewer:Smokescreen","potionbrewer:Brandish","potionbrewer:Discombobulate"],"picked":"SKIP","floor":29},{"not_picked":["potionbrewer:BlindingSpray","potionbrewer:CrossReference","potionbrewer:Biohazard"],"picked":"SKIP","floor":30},{"not_picked":["potionbrewer:OneTwoPunch","potionbrewer:IronFlesh"],"picked":"potionbrewer:BrokenBeakers","floor":31},{"not_picked":["potionbrewer:IronFlesh","potionbrewer:Accelerant"],"picked":"potionbrewer:Transmute","floor":33},{"not_picked":["potionbrewer:FuelCell","potionbrewer:FlashPowder","potionbrewer:OneTwoPunch"],"picked":"SKIP","floor":35},{"not_picked":["potionbrewer:DigDeep+1","potionbrewer:Brandish","potionbrewer:EmptyBottle"],"picked":"SKIP","floor":36},{"not_picked":["potionbrewer:WizBang+1","potionbrewer:TimeBomb","potionbrewer:Shovel"],"picked":"SKIP","floor":37},{"not_picked":["potionbrewer:Toxicity","potionbrewer:FlashPowder","potionbrewer:ChokingPowder"],"picked":"SKIP","floor":39},{"not_picked":["potionbrewer:FlashPowder","potionbrewer:FuelCell","potionbrewer:OneTwoPunch"],"picked":"SKIP","floor":41},{"not_picked":["infinitespire:TheBestDefense","ReplayTheSpireMod:Echoes of Time"],"picked":"infinitespire:FinalStrike","floor":42},{"not_picked":["potionbrewer:Backhand","potionbrewer:Toxicity","potionbrewer:TimeBomb"],"picked":"SKIP","floor":47}],"player_experience":1295453,"relics_obtained":[{"floor":6,"key":"qcfpunch:Necklace_of_Skulls"},{"floor":8,"key":"DemoMod:OrangeGuonStone"},{"floor":11,"key":"Gremlin Food"},{"floor":12,"key":"Bromod:ArcaneAvenger"},{"floor":20,"key":"infinitespire:Joker Card"},{"floor":20,"key":"wanderingMiniBosses:LockLocket"},{"floor":24,"key":"Regal Pillow"},{"floor":26,"key":"DemoMod:Metronome"},{"floor":27,"key":"Cleaning_Rag"},{"floor":29,"key":"Gremlin Horn"},{"floor":31,"key":"Grinning Jar"},{"floor":38,"key":"hubris:Zylophone"},{"floor":41,"key":"Bromod:ArcaneTrickery"},{"floor":45,"key":"Runesmith:Nanobots"}],"event_choices":[{"damage_healed":0,"gold_gain":0,"player_choice":"Follow","damage_taken":0,"max_hp_gain":0,"max_hp_loss":0,"event_name":"Elementarium:BeastsOfTheMenagerie","floor":20,"gold_loss":0},{"damage_healed":0,"gold_gain":0,"player_choice":"Tanks","damage_taken":0,"max_hp_gain":0,"max_hp_loss":0,"event_name":"Elementarium:IncubationChamber","floor":28,"gold_loss":0}],"is_beta":false,"boss_relics":[{"not_picked":["construct:WeddingRing","vexMod:FluxCapacitor"],"picked":"qcfpunch:Dark_Gi"},{"not_picked":["energizedSpire:HugeHouse","aspiration:WatcherSkillbook"],"picked":"energizedSpire:StickyHand"}],"items_purged_floors":[46],"is_endless":false,"potions_floor_spawned":[1,4,6,10,11,14,19,22,24,29,33,36,37,39],"ascension_level":20}}