{"host":"oy4pyvr762z5n0bb","time":1610089240,"event":{"mods":["AchievementEnabler","BaseMod","Colored Map","Colored Powertips","Googly Eyes","Key Reminder","Minty Spire (QoL Compilation)","Quick Restart","Relic Sorter","StSLib","SuperFastMode","Unceasing Turn Reminder","slay the spire mod where everything is the same but ironclad has a cowboy hat"],"gold_per_floor":[109,129,129,144,17,52,52,70,141,141,159,192,192,209,209,313,313,324,343,343,442,460,460,487,487,487,11,25,25,35,49,49,154,154,174,174,185,203,203,203,214,78,105,105,139,139,171,185,185,185],"floor_reached":51,"playtime":1433,"items_purged":["Strike_R","Strike_R"],"score":1003,"play_id":"78d36d06-811c-45b9-9e40-ad1a6ed4c80c","local_time":"20210107230040","is_ascension_mode":true,"campfire_choices":[{"data":"Carnage","floor":7,"key":"SMITH"},{"data":"Shockwave","floor":10,"key":"SMITH"},{"floor":15,"key":"REST"},{"data":"Shockwave","floor":23,"key":"SMITH"},{"floor":32,"key":"REST"},{"floor":40,"key":"REST"},{"floor":46,"key":"REST"},{"floor":49,"key":"REST"}],"circlet_count":0,"master_deck":["Strike_R","Defend_R","Defend_R","Defend_R","Defend_R","Bash","Pummel","Shockwave+1","Twin Strike","Pummel","Flex","Pommel Strike","Armaments","Bludgeon","Cleave+1","Shockwave+1","Flame Barrier","Disarm+1","Pummel","True Grit","Hemokinesis"],"relics":["Burning Blood","Incense Burner","Sundial","Vajra","Singing Bowl","Busted Crown","Ornamental Fan","Mummified Hand","InkBottle","Orichalcum","Strange Spoon","Runic Pyramid","Anchor","Potion Belt","Question Card"],"acts_visited":["Exordium","TheCity","TheBeyond"],"potions_floor_usage":[6,16,16,24,24,33,33,41,50,50,50,50],"damage_taken":[{"damage":1,"enemies":"Cultist","floor":1,"turns":3},{"damage":7,"enemies":"Small Slimes","floor":2,"turns":3},{"damage":9,"enemies":"Jaw Worm","floor":4,"turns":3},{"damage":25,"enemies":"3 Sentries","floor":6,"turns":6},{"damage":3,"enemies":"Looter","floor":8,"turns":2},{"damage":11,"enemies":"Blue Slaver","floor":11,"turns":3},{"damage":30,"enemies":"Lagavulin","floor":12,"turns":6},{"damage":0,"enemies":"Exordium Thugs","floor":14,"turns":3},{"damage":19,"enemies":"Hexaghost","floor":16,"turns":6},{"damage":18,"enemies":"2 Thieves","floor":18,"turns":4},{"damage":11,"enemies":"3 Byrds","floor":19,"turns":4},{"damage":8,"enemies":"Snake Plant","floor":22,"turns":3},{"damage":0,"enemies":"Gremlin Leader","floor":24,"turns":8},{"damage":0,"enemies":"Centurion and Healer","floor":28,"turns":4},{"damage":6,"enemies":"Cultist and Chosen","floor":30,"turns":4},{"damage":36,"enemies":"Sentry and Sphere","floor":31,"turns":6},{"damage":45,"enemies":"Champ","floor":33,"turns":8},{"damage":7,"enemies":"3 Shapes","floor":35,"turns":3},{"damage":31,"enemies":"3 Darklings","floor":37,"turns":8},{"damage":25,"enemies":"Maw","floor":38,"turns":8},{"damage":9,"enemies":"Transient","floor":41,"turns":5},{"damage":30,"enemies":"Nemesis","floor":45,"turns":10},{"damage":36,"enemies":"Reptomancer","floor":47,"turns":8},{"damage":10,"enemies":"Spire Growth","floor":48,"turns":6},{"damage":38,"enemies":"Time Eater","floor":50,"turns":12}],"seed_played":"-1645689513191954986","potions_obtained":[{"floor":1,"key":"Energy Potion"},{"floor":12,"key":"Strength Potion"},{"floor":14,"key":"Strength Potion"},{"floor":16,"key":"SkillPotion"},{"floor":22,"key":"SteroidPotion"},{"floor":28,"key":"PowerPotion"},{"floor":33,"key":"LiquidBronze"},{"floor":38,"key":"Ancient Potion"},{"floor":45,"key":"Swift Potion"},{"floor":47,"key":"BlessingOfTheForge"}],"is_trial":false,"path_per_floor":["M","M","?","M","$","E","R","M","T","R","M","E","?","M","R","B",null,"M","M","?","?","M","R","E","?","T","$","M","$","M","M","R","B",null,"M","?","M","M","?","R","M","$","T","?","E","R","E","M","R","B",null],"character_chosen":"IRONCLAD","items_purchased":["Carnage","Flex","Orichalcum","Strange Spoon","ColorlessPotion","Energy Potion","Hemokinesis"],"campfire_rested":5,"item_purchase_floors":[5,5,27,27,27,27,42],"current_hp_per_floor":[77,76,69,66,66,47,47,50,50,50,45,21,9,17,41,28,69,57,54,54,54,54,54,60,60,60,60,66,66,68,38,64,27,74,75,75,52,33,33,61,58,58,58,58,36,64,36,34,64,32],"gold":185,"neow_bonus":"TRANSFORM_CARD","is_daily":false,"chose_seed":false,"campfire_upgraded":3,"win_rate":0.0,"timestamp":1610089240,"path_taken":["M","?","?","M","$","E","R","M","T","R","M","E","?","M","R","BOSS","M","M","?","?","M","R","E","?","T","$","M","?","M","M","R","BOSS","M","?","M","M","?","R","M","$","T","?","E","R","E","M","R","BOSS"],"items_purchased_type":["Card","Card","Relic","Relic","Potion","Potion","Card"],"build_version":"2020-12-22","purchased_purges":2,"victory":true,"max_hp_per_floor":[80,80,80,80,80,80,80,80,80,80,80,80,80,82,82,82,82,82,84,84,84,86,86,86,86,86,86,86,86,88,88,88,90,90,92,92,94,94,94,94,94,94,94,94,96,96,98,100,100,100],"card_choices":[{"not_picked":["Thunderclap","Armaments"],"picked":"Shockwave","floor":1},{"not_picked":["Flex","Wild Strike"],"picked":"Twin Strike","floor":2},{"not_picked":["Clothesline","Entrench"],"picked":"Pummel","floor":4},{"not_picked":["Iron Wave","Wild Strike","Combust"],"picked":"SKIP","floor":6},{"not_picked":["Combust","Flex"],"picked":"Pommel Strike","floor":8},{"not_picked":["Twin Strike","Body Slam","Fire Breathing"],"picked":"SKIP","floor":11},{"not_picked":["Havoc","Body Slam"],"picked":"Armaments","floor":12},{"not_picked":["Body Slam","Entrench","Infernal Blade"],"picked":"Singing Bowl","floor":14},{"not_picked":["Feed","Exhume"],"picked":"Bludgeon","floor":16},{"not_picked":[],"picked":"Cleave+1","floor":18},{"not_picked":["Clash"],"picked":"Singing Bowl","floor":19},{"not_picked":["Second Wind"],"picked":"Singing Bowl","floor":22},{"not_picked":[],"picked":"Flame Barrier","floor":24},{"not_picked":[],"picked":"Disarm+1","floor":28},{"not_picked":["Clash+1"],"picked":"Singing Bowl","floor":30},{"not_picked":[],"picked":"Pummel","floor":31},{"not_picked":["Brutality"],"picked":"Singing Bowl","floor":33},{"not_picked":["Blood for Blood"],"picked":"Singing Bowl","floor":35},{"not_picked":["Twin Strike"],"picked":"Singing Bowl","floor":37},{"not_picked":["Havoc"],"picked":"SKIP","floor":38},{"not_picked":[],"picked":"True Grit","floor":41},{"not_picked":["Second Wind"],"picked":"Singing Bowl","floor":45},{"not_picked":["Blood for Blood"],"picked":"Singing Bowl","floor":47},{"not_picked":["Clash","Warcry+1"],"picked":"Singing Bowl","floor":48}],"player_experience":718937,"relics_obtained":[{"floor":6,"key":"Incense Burner"},{"floor":9,"key":"Sundial"},{"floor":12,"key":"Vajra"},{"floor":24,"key":"Ornamental Fan"},{"floor":26,"key":"InkBottle"},{"floor":43,"key":"Anchor"},{"floor":45,"key":"Potion Belt"},{"floor":47,"key":"Question Card"}],"event_choices":[{"cards_removed":["Strike_R"],"damage_healed":0,"gold_gain":0,"player_choice":"Card Removal","damage_taken":7,"max_hp_gain":0,"max_hp_loss":0,"event_name":"Golden Wing","floor":3,"gold_loss":0},{"damage_healed":0,"gold_gain":0,"player_choice":"Success","damage_taken":12,"relics_obtained":["Singing Bowl"],"max_hp_gain":0,"max_hp_loss":0,"event_name":"Scrap Ooze","floor":13,"gold_loss":0},{"damage_healed":0,"gold_gain":0,"player_choice":"Read","damage_taken":0,"max_hp_gain":0,"max_hp_loss":0,"event_name":"The Library","floor":20,"gold_loss":0,"cards_obtained":["Shockwave"]},{"damage_healed":0,"gold_gain":99,"player_choice":"Stole From Cult","damage_taken":0,"max_hp_gain":0,"max_hp_loss":0,"event_name":"Nest","floor":21,"gold_loss":0},{"damage_healed":0,"gold_gain":0,"player_choice":"Opened","damage_taken":0,"relics_obtained":["Mummified Hand"],"max_hp_gain":0,"max_hp_loss":0,"event_name":"The Mausoleum","floor":25,"gold_loss":0},{"damage_healed":0,"gold_gain":0,"player_choice":"Ignored","damage_taken":0,"max_hp_gain":0,"max_hp_loss":0,"event_name":"Tomb of Lord Red Mask","floor":36,"gold_loss":0},{"damage_healed":0,"gold_gain":0,"player_choice":"Ignored","damage_taken":0,"max_hp_gain":0,"max_hp_loss":0,"event_name":"Mysterious Sphere","floor":39,"gold_loss":0},{"cards_removed":["Carnage"],"damage_healed":0,"gold_gain":0,"player_choice":"Removed Attack","damage_taken":0,"max_hp_gain":0,"max_hp_loss":0,"event_name":"Falling","floor":44,"gold_loss":0}],"is_beta":false,"boss_relics":[{"not_picked":["Calling Bell","Philosopher\u0027s Stone"],"picked":"Busted Crown"},{"not_picked":["Empty Cage","Fusion Hammer"],"picked":"Runic Pyramid"}],"items_purged_floors":[27,42],"is_endless":false,"potions_floor_spawned":[1,12,14,16,22,28,33,38,45,47],"ascension_level":6}}