{"host":"u3jctbsl7uavviuy","time":1610105397,"event":{"mods":["ATMod(阿瑾Mod)","Arknights The Spire","BaseMod","BetterRewards","GungeonMod","HololiveMod","Luminous","Marisa（F雨　魔理沙）","Minty Spire (QoL Compilation)","Relic Stats","Replay The Spire","Shop Mod","Spicy Shops","StSLib","TestMod","The Animator","The Cursed","The Gatherer","The Servant 0.9.4","WarShipGirlsR/战舰少女R mod","vexMod","篝火指南"],"gold_per_floor":[118,133,150,192,43,84,106,139,139,139,291,341,341,487,487,949,949,1039,1162,213,213,400,400,608,608,674,879,1000,1113,1329,1486,798,1168,1168,1267,1267,1380,1260,1449,901,1138,1339,1339,1558,1746,1392,1517,1641,824,984],"floor_reached":51,"playtime":3100,"items_purged":["ats:Strike G","ats:Strike C","ats:Defend","ats:Defend","ats:Defend","ats:Defend"],"score":1400,"play_id":"de0b6f1d-7003-4d94-8c2d-4dabfd2ba853","local_time":"20210108202957","is_ascension_mode":true,"campfire_choices":[{"floor":10,"key":"REST"},{"data":"ats:Echo Reverb","floor":15,"key":"SMITH"},{"data":"ats:Durian","floor":23,"key":"SMITH"}],"circlet_count":0,"master_deck":["ats:Strike S","ats:Armor Crushing Shot","ats:Emotion Absorption","AT_FamilyPortrait","Master of Strategy","ats:Calcification","ats:Powerful Strike","ats:Rapid Magazine","ats:Flexible Camouflage","ats:Echo Reverb+1","ats:Shell Defense","ats:Healing Drone","ats:Revitalization","ats:Durian+1","ats:Neurotoxin+1","ats:Assault Order+1","ats:Powerful Strike","ats:Powerful Strike","ats:Neurotoxin+1","ats:Shell Defense","ats:Explosion Area Strengthen+1","ats:Poison Spread","ats:Flexible Camouflage","ats:Neurotoxin","ats:Consecutive Shot Auto","ats:Powerful Strike+1","ats:Rapid Magazine+1","ats:Neurotoxin+1","ats:Overload","testmod-PainDetonator"],"relics":["ats:Sanity","testmod-TestBox","AT_ATBox","testmod-Acrobat","MerchantsRug","ReplayTheSpireMod:TigerMarble","Omamori","Replay:Rubber Ducky","AT_BellowingDragoncrestRing","Toolbox","ats:Originium","Pondfish Scales","ats:Gyao","vexMod:BarristanHead","Gremlin Horn","ats:Tactical Delivery","Ice Cream","AT_PhaseBoots","DollysMirror","Gambling Chip","Red Mask","DemoMod:WhiteGuonStone","DemoMod:Metronome","ats:Rhine Circuitry","DemoMod:SerJunkan","Onion Ring","Replay:Ringing Soul","Calling Bell","Simple Rune","vexMod:Dragonfruit","Incense Burner","AT_GuinsooRageblade","Chemical X","Anchor","Pen Nib","AT_BladeRuinedKing","DemoMod:Junk","Membership Card","Bottled Tornado","Bag of Preparation","Gremlin Food","DemoMod:MeatBun","Kunai","ReplayFunnel","Pear","Sling"],"acts_visited":["Exordium","TheCity","TheBeyond"],"potions_floor_usage":[8,8,8,8,16,39,40,40],"damage_taken":[{"damage":6.0,"enemies":"Cultist","floor":1.0,"turns":6.0},{"damage":4.0,"enemies":"Small Slimes","floor":2.0,"turns":3.0},{"damage":2.0,"enemies":"Jaw Worm","floor":3.0,"turns":4.0},{"damage":12,"enemies":"Lagavulin","floor":6,"turns":6},{"damage":0,"enemies":"Exordium Thugs","floor":7,"turns":4},{"damage":2,"enemies":"Replay:BlueRogue","floor":8,"turns":4},{"damage":16,"enemies":"3 Sentries","floor":11,"turns":9},{"damage":0,"enemies":"Lots of Slimes","floor":12,"turns":1},{"damage":0,"enemies":"Exordium Wildlife","floor":14,"turns":6},{"damage":0,"enemies":"Fading Forest","floor":16,"turns":11},{"damage":0,"enemies":"Spheric Guardian","floor":18,"turns":1},{"damage":0,"enemies":"Chosen","floor":19,"turns":4},{"damage":0,"enemies":"Masked Bandits","floor":22,"turns":3},{"damage":1,"enemies":"Book of Stabbing","floor":24,"turns":4},{"damage":0,"enemies":"Replay:Snechameleon","floor":27,"turns":3},{"damage":0,"enemies":"Snake Plant","floor":28,"turns":3},{"damage":11,"enemies":"Centurion and Healer","floor":29,"turns":3},{"damage":4,"enemies":"Gremlin Leader","floor":30,"turns":5},{"damage":0,"enemies":"Cultist and Chosen","floor":31,"turns":3},{"damage":12,"enemies":"Champ","floor":33,"turns":8},{"damage":0,"enemies":"3 Shapes","floor":35,"turns":1},{"damage":0,"enemies":"3 Darklings","floor":37,"turns":4},{"damage":14,"enemies":"Maw","floor":39,"turns":4},{"damage":0,"enemies":"Reptomancer","floor":42,"turns":4},{"damage":0,"enemies":"Nemesis","floor":44,"turns":5},{"damage":0,"enemies":"Transient","floor":45,"turns":5},{"damage":19,"enemies":"R_Hoarder","floor":47,"turns":4},{"damage":0,"enemies":"Spire Growth","floor":48,"turns":3},{"damage":0,"enemies":"Awakened One","floor":50,"turns":4}],"seed_played":"-8440566554483608243","potions_obtained":[{"floor":1.0,"key":"testmod-SpacePotion"},{"floor":8,"key":"Block Potion"},{"floor":12,"key":"ats:Emergency Sanity Potion"},{"floor":14,"key":"Explosive Potion"},{"floor":16,"key":"BlessingOfTheForge"},{"floor":18,"key":"testmod-TestPotion"},{"floor":19,"key":"LiquidBronze"},{"floor":24,"key":"DemoMod:BlankPotion"},{"floor":29,"key":"Elixir"},{"floor":39,"key":"testmod-SpacePotion"},{"floor":44,"key":"BlessingOfTheForge"},{"floor":48,"key":"SkillPotion"}],"is_trial":false,"path_per_floor":["M","M","M","?","$","E","M","E","T","R","E","M","?","M","R","B",null,"M","M","$","?","?","R","E","?","T","E","M","M","E","M","R","B",null,"M","?","M","$","M","R","?","E","T","E","M","$","E","M","R","B",null],"character_chosen":"DOCTOR_CLASS","items_purchased":["MerchantsRug","ReplayTheSpireMod:TigerMarble","Omamori","Replay:Rubber Ducky","Master of Strategy","ats:Calcification","Toolbox","Ice Cream","AT_SpeedBoots","ats:Powerful Strike","DollysMirror","Gambling Chip","Onion Ring","ats:Neurotoxin","ats:Consecutive Shot Auto","Replay:Ringing Soul","AT_GuinsooRageblade","Chemical X","Anchor","testmod-SpacePotion","Dexterity Potion","Membership Card","Bottled Tornado","Bag of Preparation","DemoMod:MeatBun","Kunai","ReplayFunnel","Pear","ats:Overload","Sling","testmod-PainDetonator","SteroidPotion"],"campfire_rested":1,"item_purchase_floors":[0,0,0,0,0,0,5,20,20,20,20,20,32,32,32,32,38,40,40,40,40,46,46,46,49,49,49,49,49,49,49,49],"current_hp_per_floor":[38,39,39,21,21,14,16,14,14,35,35,35,35,67,67,72,72,72,72,72,72,72,72,72,72,72,72,72,72,72,72,72,72,77,77,67,80,80,67,67,67,80,80,83,83,83,69,83,99,99],"gold":984,"neow_bonus":"","is_daily":false,"chose_seed":false,"campfire_upgraded":2,"win_rate":0.0,"timestamp":1610105397,"path_taken":["M","M","?","?","?","E","?","E","T","R","E","M","?","M","R","BOSS","M","M","$","?","?","R","E","?","T","E","M","M","E","M","R","BOSS","M","?","M","$","M","R","?","E","T","E","M","$","E","M","R","BOSS"],"items_purchased_type":["Relic","Relic","Relic","Relic","Card","Card","Relic","Relic","Relic","Card","Relic","Relic","Relic","Card","Card","Relic","Relic","Relic","Relic","Potion","Potion","Relic","Relic","Relic","Relic","Relic","Relic","Relic","Card","Relic","Card","Potion"],"build_version":"2020-12-22","purchased_purges":6,"victory":true,"max_hp_per_floor":[72,72,72,72,72,72,72,72,72,72,72,72,72,72,72,72,72,72,72,72,72,72,72,72,72,72,72,72,72,72,72,72,72,77,77,77,80,80,80,80,80,80,80,83,83,83,83,86,99,99],"relic_stats":{"Gremlin Horn":[26,26],"counters":[70,326],"Gambling Chip":[62],"Pen Nib":[12],"Bag of Preparation":[6],"Chemical X":[1],"Kunai":[3],"obtain_stats":[{"Ice Cream":20,"Golden Egg":14,"AT_ATBox":0,"Gremlin Horn":11,"DemoMod:GlassGuonStoneRelic":1,"Bottled Tornado":46,"Sling":49,"Old Coin":9,"Blood Vial":43,"Replay:Ringing Soul":32,"DollysMirror":20,"DemoMod:Metronome":26,"Kunai":49,"AT_GuinsooRageblade":38,"ats:Rhine Circuitry":27,"MerchantsRug":0,"testmod-TestBox":0,"Pear":49,"Happy Flower":40,"testmod-FatalChain":4,"DemoMod:OrangeGuonStone":26,"Oddly Smooth Stone":27,"AT_PhaseBoots":33,"Pen Nib":42,"vexMod:PaidLearning":24,"Replay:Kaleidoscope":23,"vexMod:Cooldron":32,"AT_SpeedBoots":20,"DemoMod:MeatBun":49,"testmod-Acrobat":2,"Simple Rune":10,"Onion Ring":32,"DemoMod:SerJunkan":30,"ReplayTheSpireMod:TigerMarble":0,"AT_DeathDance":38,"Mirror":30,"ReplayFunnel":49,"ats:Ability Aura":17,"vexMod:PlasmaPancake":17,"Incense Burner":34,"Bag of Preparation":46,"testmod-Nyarlathotep":9,"DemoMod:WhiteGuonStone":24,"Replay:Rubber Ducky":0,"testmod-CrystalShield":12,"Gambling Chip":20,"Toolbox":5,"testmod-Déjàvu":0,"Red Mask":25,"ats:Sanity":0,"Chemical X":40,"Potion Belt":23,"DemoMod:Junk":44,"Gremlin Food":47,"BargainBundle":38,"NeowsBlessing":0,"vexMod:ConsolationPrize":17,"The Courier":6,"AT_BladeRuinedKing":43,"Omamori":0,"testmod-TurbochargingSystem":8,"testmod-IndustrialRevolution":26,"ats:Gyao":8,"Calling Bell":17,"vexMod:Dragonfruit":34,"Pondfish Scales":6,"Anchor":40,"AT_BellowingDragoncrestRing":4,"vexMod:BarristanHead":9,"ats:Originium":10,"Orrery":44,"ats:Tactical Delivery":34,"Bottled Lightning":44,"Membership Card":46},{"Ice Cream":53,"Golden Egg":21,"AT_ATBox":0,"Gremlin Horn":48,"DemoMod:GlassGuonStoneRelic":1,"Bottled Tornado":67,"Sling":69,"Old Coin":17,"Blood Vial":37,"Replay:Ringing Soul":60,"DollysMirror":53,"DemoMod:Metronome":55,"Kunai":69,"AT_GuinsooRageblade":63,"ats:Rhine Circuitry":56,"MerchantsRug":41,"testmod-TestBox":0,"Pear":69,"Happy Flower":36,"testmod-FatalChain":15,"DemoMod:OrangeGuonStone":28,"Oddly Smooth Stone":28,"AT_PhaseBoots":61,"Pen Nib":65,"vexMod:PaidLearning":10,"Replay:Kaleidoscope":10,"vexMod:Cooldron":32,"AT_SpeedBoots":53,"DemoMod:MeatBun":69,"testmod-Acrobat":43,"Simple Rune":4,"Onion Ring":60,"DemoMod:SerJunkan":59,"ReplayTheSpireMod:TigerMarble":12,"AT_DeathDance":34,"Mirror":31,"ReplayFunnel":69,"ats:Ability Aura":7,"vexMod:PlasmaPancake":7,"Incense Burner":61,"Bag of Preparation":67,"testmod-Nyarlathotep":3,"DemoMod:WhiteGuonStone":55,"Replay:Rubber Ducky":41,"testmod-CrystalShield":20,"Gambling Chip":53,"Toolbox":44,"testmod-Déjàvu":0,"Red Mask":28,"ats:Sanity":0,"Chemical X":64,"Potion Belt":27,"DemoMod:Junk":66,"Gremlin Food":68,"BargainBundle":34,"NeowsBlessing":0,"vexMod:ConsolationPrize":7,"The Courier":17,"AT_BladeRuinedKing":65,"Omamori":41,"testmod-TurbochargingSystem":17,"testmod-IndustrialRevolution":11,"ats:Gyao":47,"Calling Bell":7,"vexMod:Dragonfruit":61,"Pondfish Scales":45,"Anchor":64,"AT_BellowingDragoncrestRing":44,"vexMod:BarristanHead":47,"ats:Originium":4,"Orrery":37,"ats:Tactical Delivery":33,"Bottled Lightning":37,"Membership Card":67},{"Ice Cream":260,"Golden Egg":86,"AT_ATBox":0,"Gremlin Horn":237,"DemoMod:GlassGuonStoneRelic":1,"Bottled Tornado":315,"Sling":322,"Old Coin":69,"Blood Vial":179,"Replay:Ringing Soul":284,"DollysMirror":260,"DemoMod:Metronome":267,"Kunai":322,"AT_GuinsooRageblade":297,"ats:Rhine Circuitry":270,"MerchantsRug":201,"testmod-TestBox":0,"Pear":322,"Happy Flower":173,"testmod-FatalChain":54,"DemoMod:OrangeGuonStone":129,"Oddly Smooth Stone":129,"AT_PhaseBoots":288,"Pen Nib":305,"vexMod:PaidLearning":39,"Replay:Kaleidoscope":39,"vexMod:Cooldron":153,"AT_SpeedBoots":260,"DemoMod:MeatBun":322,"testmod-Acrobat":208,"Simple Rune":11,"Onion Ring":284,"DemoMod:SerJunkan":281,"ReplayTheSpireMod:TigerMarble":47,"AT_DeathDance":166,"Mirror":148,"ReplayFunnel":322,"ats:Ability Aura":26,"vexMod:PlasmaPancake":26,"Incense Burner":292,"Bag of Preparation":315,"testmod-Nyarlathotep":3,"DemoMod:WhiteGuonStone":267,"Replay:Rubber Ducky":201,"testmod-CrystalShield":81,"Gambling Chip":260,"Toolbox":214,"testmod-Déjàvu":0,"Red Mask":129,"ats:Sanity":0,"Chemical X":301,"Potion Belt":127,"DemoMod:Junk":310,"Gremlin Food":319,"BargainBundle":166,"NeowsBlessing":0,"vexMod:ConsolationPrize":26,"The Courier":69,"AT_BladeRuinedKing":305,"Omamori":201,"testmod-TurbochargingSystem":69,"testmod-IndustrialRevolution":46,"ats:Gyao":228,"Calling Bell":26,"vexMod:Dragonfruit":292,"Pondfish Scales":220,"Anchor":301,"AT_BellowingDragoncrestRing":214,"vexMod:BarristanHead":228,"ats:Originium":11,"Orrery":179,"ats:Tactical Delivery":162,"Bottled Lightning":179,"Membership Card":315}]},"card_choices":[{"not_picked":["ats:Childhood Dance","ats:Charging Defense"],"picked":"ats:Powerful Strike","floor":1.0},{"not_picked":["ats:Mental Burst","ats:Shell Defense"],"picked":"ats:Rapid Magazine","floor":2.0},{"not_picked":["ats:Counter Healing Mode","ats:Leaping Hammer","ats:Flame Of Heaven"],"picked":"SKIP","floor":3.0},{"not_picked":["ats:Apocalypse","ats:Hammer On"],"picked":"ats:Flexible Camouflage","floor":4},{"not_picked":["ats:Cat Scratch","ats:Leaping Hammer","ats:Flexible Camouflage"],"picked":"SKIP","floor":6},{"not_picked":["ats:Composite Medical Shells","ats:Hook Shot"],"picked":"ats:Echo Reverb","floor":7},{"not_picked":["ats:Consecutive Shot Auto","ats:Cat Scratch"],"picked":"ats:Shell Defense","floor":8},{"not_picked":["ats:Hammer On","ats:Shell Defense"],"picked":"ats:Healing Drone","floor":11},{"not_picked":["ats:Curse Doll","ats:Counter Healing Mode"],"picked":"ats:Revitalization","floor":12},{"not_picked":["ats:Hammer On","ats:Burning Ground","ats:Ignite"],"picked":"SKIP","floor":14},{"not_picked":["ats:Soul Rend","ats:True Silver Slash"],"picked":"ats:Durian","floor":16},{"not_picked":["ats:Leaping Hammer","ats:Flame Of Heaven+1"],"picked":"ats:Neurotoxin+1","floor":18},{"not_picked":["ats:Apocalypse","ats:Shell Defense"],"picked":"ats:Assault Order+1","floor":19},{"not_picked":["ats:Cat Scratch","ats:Ignite+1"],"picked":"ats:Shell Defense","floor":22},{"not_picked":["ats:Chain Hook","ats:Hammer On"],"picked":"ats:Explosion Area Strengthen+1","floor":24},{"not_picked":["ats:Powerful Strike+1","ats:Apocalypse","ats:Consecutive Shot Auto"],"picked":"SKIP","floor":27},{"not_picked":["ats:Cat Scratch","ats:Hammer On","ats:Shell Defense"],"picked":"SKIP","floor":28},{"not_picked":["ats:Beaten Up","ats:Demon Strength"],"picked":"ats:Poison Spread","floor":29},{"not_picked":["ats:Flame Of Heaven","ats:Hammer On","ats:Shadow Assault"],"picked":"SKIP","floor":30},{"not_picked":["ats:Encircling Forest","ats:Shell Defense+1"],"picked":"ats:Flexible Camouflage","floor":31},{"not_picked":["ats:Leaping Hammer","ats:Flame Of Heaven","ats:Curse Doll"],"picked":"SKIP","floor":35},{"not_picked":["ats:Consecutive Shot Auto","ats:Thermite Blade"],"picked":"ats:Powerful Strike+1","floor":37},{"not_picked":["ats:Assault Order+1","ats:Childhood Dance","ats:Leaping Hammer+1"],"picked":"SKIP","floor":39},{"not_picked":["ats:Fractured Body","ats:Consecutive Shot Auto","ats:Shell Defense"],"picked":"SKIP","floor":42},{"not_picked":["ats:Hammer On","ats:Powerful Strike"],"picked":"ats:Rapid Magazine+1","floor":44},{"not_picked":["ats:Composite Medical Shells+1","ats:Closed Bolt Burst Fire+1","ats:Shell Defense+1"],"picked":"SKIP","floor":45},{"not_picked":["ats:Chain Hook","ats:Revitalization+1","ats:Part Time Job"],"picked":"SKIP","floor":47},{"not_picked":["ats:Curse Doll","ats:Childhood Dance"],"picked":"ats:Neurotoxin+1","floor":48}],"player_experience":418922,"relics_obtained":[{"floor":4,"key":"AT_BellowingDragoncrestRing"},{"floor":6,"key":"ats:Originium"},{"floor":6,"key":"Pondfish Scales"},{"floor":8,"key":"ats:Originium"},{"floor":8,"key":"ats:Gyao"},{"floor":9,"key":"vexMod:BarristanHead"},{"floor":11,"key":"ats:Originium"},{"floor":11,"key":"Gremlin Horn"},{"floor":22,"key":"Red Mask"},{"floor":24,"key":"DemoMod:WhiteGuonStone"},{"floor":26,"key":"DemoMod:Metronome"},{"floor":27,"key":"ats:Rhine Circuitry"},{"floor":30,"key":"DemoMod:SerJunkan"},{"floor":34,"key":"Simple Rune"},{"floor":34,"key":"vexMod:Dragonfruit"},{"floor":34,"key":"Incense Burner"},{"floor":42,"key":"Pen Nib"},{"floor":43,"key":"AT_BladeRuinedKing"},{"floor":44,"key":"DemoMod:Junk"},{"floor":47,"key":"Gremlin Food"}],"event_choices":[{"cards_removed":["ats:Strike V"],"damage_healed":0,"gold_gain":0,"player_choice":"Offered Basic","damage_taken":0,"max_hp_gain":0,"max_hp_loss":0,"event_name":"Bonfire Elementals","floor":13,"gold_loss":0},{"damage_healed":0,"gold_gain":0,"player_choice":"Ignored","damage_taken":0,"max_hp_gain":0,"max_hp_loss":0,"event_name":"Ghosts","floor":21,"gold_loss":0},{"damage_healed":0,"gold_gain":0,"player_choice":"Fought Bandits","damage_taken":0,"max_hp_gain":0,"max_hp_loss":0,"event_name":"Masked Bandits","floor":22,"gold_loss":0},{"damage_healed":0,"gold_gain":0,"player_choice":"Memory 3","damage_taken":10,"max_hp_gain":0,"max_hp_loss":0,"event_name":"SensoryStone","floor":36,"gold_loss":0},{"damage_healed":0,"gold_gain":222,"player_choice":"Wore Mask","damage_taken":0,"max_hp_gain":0,"max_hp_loss":0,"event_name":"Tomb of Lord Red Mask","floor":41,"gold_loss":0}],"is_beta":false,"boss_relics":[{"not_picked":["Replay:Wanted Poster","Abe\u0027s Treasure"],"picked":"ats:Tactical Delivery"},{"not_picked":["Snecko Eye","ats:Sanity Plus"],"picked":"Calling Bell"}],"items_purged_floors":[20,32,40,46,49,49],"is_endless":false,"potions_floor_spawned":[1,8,12,14,16,18,19,24,29,33,37,39,44,48],"ascension_level":1}}