{"host":"¿à÷økuyou","time":1610106467,"event":{"mods":["ATMod(°¢èªMod)","Act Like it!","BaseMod","BetterRewards","Minty Spire (QoL Compilation)","Quick Restart","RyuuouÁúÍõ","StSLib"],"gold_per_floor":[144,189,234,45,220,220,265,310,335,335,380,380,470,515,515,815,815,860,905,950,950,995,1085,1085,1130,1155,1155,1200,1245,25,25,25,400,400,570,690,52,52,122,122,337,337,337,407,552,552,0,120,120,445],"floor_reached":51,"playtime":1642,"items_purged":["Doubt"],"score":805,"play_id":"5bf16f1b-7e79-49ab-a7bf-6934e60f043e","local_time":"20210108194747","daily_mods":["Draft","Uncertain Future","Midas"],"is_ascension_mode":false,"campfire_choices":[{"floor":12,"key":"REST"},{"floor":15,"key":"REST"},{"floor":24,"key":"REST"},{"floor":27,"key":"REST"},{"floor":32,"key":"REST"},{"floor":40,"key":"REST"},{"floor":46,"key":"REST"},{"floor":49,"key":"REST"}],"circlet_count":0,"master_deck":["Feel No Pain","Dual Wield","AT_BodySlamDance","Iron Wave","Shockwave","Shrug It Off+1","Clothesline","Shrug It Off","AT_ManFootWork","Headbutt","Second Wind","Havoc","Iron Wave","True Grit","Disarm+1","Apotheosis+1","Battle Trance","AT_ShrugMaster","Flame Barrier","Juggernaut","AT_ShrugMaster+1","Battle Trance","AT_IchimonjiDouble+1","Offering","Armaments+1","Demon Form+1","AT_ShrugMaster+1","AT_BodySlamDance","Sentinel+1","Reaper","Pommel Strike+1"],"relics":["Burning Blood","AT_ATBox","Vajra","AT_ForceNature","Bottled Tornado","Mark of Pain","The Courier","War Paint","AT_LudenTempest","Oddly Smooth Stone","Frozen Egg 2","AT_MibuBalloonWealth","Happy Flower","Bronze Scales","Bag of Marbles","AT_ArchangelStaff","Nilry\u0027s Codex","AT_TrinityForce","AT_TheCollector","Juzu Bracelet","Gambling Chip","Dead Branch","AT_SilvercatRing","Red Mask"],"acts_visited":["Exordium","TheCity","TheBeyond"],"potions_floor_usage":[13,16,16,50,50],"damage_taken":[{"damage":0,"enemies":"2 Louse","floor":1,"turns":3},{"damage":5,"enemies":"Small Slimes","floor":2,"turns":2},{"damage":2,"enemies":"Jaw Worm","floor":3,"turns":4},{"damage":2,"enemies":"Gremlin Gang","floor":7,"turns":5},{"damage":3,"enemies":"2 Fungi Beasts","floor":8,"turns":3},{"damage":2,"enemies":"3 Louse","floor":11,"turns":4},{"damage":4,"enemies":"Gremlin Nob","floor":13,"turns":4},{"damage":1,"enemies":"Blue Slaver","floor":14,"turns":3},{"damage":11,"enemies":"Hexaghost","floor":16,"turns":6},{"damage":0,"enemies":"Chosen","floor":18,"turns":5},{"damage":0,"enemies":"Shell Parasite","floor":19,"turns":4},{"damage":0,"enemies":"Sentry and Sphere","floor":20,"turns":4},{"damage":10,"enemies":"Shelled Parasite and Fungi","floor":22,"turns":4},{"damage":5,"enemies":"Book of Stabbing","floor":23,"turns":4},{"damage":6,"enemies":"Centurion and Healer","floor":25,"turns":3},{"damage":0,"enemies":"Snecko","floor":28,"turns":4},{"damage":21,"enemies":"Snake Plant","floor":29,"turns":2},{"damage":6,"enemies":"Collector","floor":33,"turns":4},{"damage":2,"enemies":"3 Darklings","floor":35,"turns":3},{"damage":3,"enemies":"3 Shapes","floor":36,"turns":4},{"damage":17,"enemies":"Transient","floor":39,"turns":5},{"damage":3,"enemies":"Giant Head","floor":41,"turns":4},{"damage":4,"enemies":"Writhing Mass","floor":44,"turns":2},{"damage":3,"enemies":"4 Shapes","floor":45,"turns":2},{"damage":9,"enemies":"Jaw Worm Horde","floor":48,"turns":3},{"damage":18,"enemies":"Awakened One","floor":50,"turns":3}],"seed_played":"-6062085814737979882","potions_obtained":[{"floor":1,"key":"Weak Potion"},{"floor":8,"key":"GamblersBrew"},{"floor":11,"key":"SteroidPotion"},{"floor":14,"key":"ColorlessPotion"},{"floor":18,"key":"AttackPotion"},{"floor":19,"key":"SneckoOil"},{"floor":33,"key":"DuplicationPotion"},{"floor":39,"key":"DistilledChaos"},{"floor":42,"key":"FairyPotion"},{"floor":42,"key":"HeartOfIron"},{"floor":48,"key":"BlessingOfTheForge"}],"is_trial":false,"path_per_floor":["M","M","M","$","?","?","M","M","T","?","M","R","E","M","R","B",null,"M","M","M","?","M","E","R","M","T","R","M","M","$","?","R","B",null,"M","M","$","?","M","R","E","?","T","M","M","R","?","M","R","B",null],"character_chosen":"IRONCLAD","items_purchased":["Apotheosis","AT_LudenTempest","Oddly Smooth Stone","Frozen Egg 2","AT_MibuBalloonWealth","Happy Flower","Bronze Scales","Bag of Marbles","AT_ArchangelStaff","AT_TheCollector","Juzu Bracelet","Gambling Chip","AT_BodySlamDance"],"campfire_rested":8,"item_purchase_floors":[4,30,30,30,30,30,30,30,30,37,37,37,37],"current_hp_per_floor":[80,80,80,80,80,80,80,80,80,80,80,80,80,80,80,75,80,80,80,80,76,72,73,80,80,80,80,80,65,65,58,80,80,80,80,80,80,80,69,80,80,80,80,80,80,80,80,77,80,68],"gold":445,"neow_bonus":"","is_daily":true,"chose_seed":false,"campfire_upgraded":0,"win_rate":0.0,"timestamp":1610106467,"path_taken":["M","M","M","$","?","?","M","M","T","?","M","R","E","M","R","BOSS","M","M","M","?","M","E","R","M","T","R","?","M","$","?","R","BOSS","M","M","$","?","M","R","E","?","T","M","M","R","?","M","R","BOSS"],"items_purchased_type":["Card","Relic","Relic","Relic","Relic","Relic","Relic","Relic","Relic","Relic","Relic","Relic","Card"],"build_version":"2020-12-18","purchased_purges":1,"victory":true,"max_hp_per_floor":[80,80,80,80,80,80,80,80,80,80,80,80,80,80,80,80,80,80,80,80,80,80,80,80,80,80,80,80,80,80,80,80,80,80,80,80,80,80,80,80,80,80,80,80,80,80,80,80,80,80],"card_choices":[{"not_picked":["Anger","Dark Embrace"],"picked":"Feel No Pain","floor":0},{"not_picked":["Flex","Anger"],"picked":"Dual Wield","floor":0},{"not_picked":["Thunderclap","Warcry"],"picked":"AT_BodySlamDance","floor":0},{"not_picked":["Clothesline","Armaments"],"picked":"Iron Wave","floor":0},{"not_picked":["Iron Wave","Heavy Blade"],"picked":"Shockwave","floor":0},{"not_picked":["AT_BodySlamDance","Inflame"],"picked":"Shrug It Off","floor":0},{"not_picked":["Dual Wield","Body Slam"],"picked":"Clothesline","floor":0},{"not_picked":["Rupture","Bloodletting"],"picked":"Shrug It Off","floor":0},{"not_picked":["Havoc","Rampage"],"picked":"AT_ManFootWork","floor":0},{"not_picked":["Bloodletting","Searing Blow"],"picked":"Headbutt","floor":0},{"not_picked":["Havoc","Searing Blow"],"picked":"Second Wind","floor":0},{"not_picked":["Hemokinesis","Rage"],"picked":"Havoc","floor":0},{"not_picked":["Heavy Blade","Uppercut"],"picked":"Iron Wave","floor":0},{"not_picked":["Pummel","Headbutt"],"picked":"True Grit","floor":0},{"not_picked":["Clash","Inflame"],"picked":"Pommel Strike","floor":0},{"not_picked":["Sword Boomerang","Heavy Blade"],"picked":"Disarm","floor":1},{"not_picked":["Iron Wave","Clash","Pommel Strike"],"picked":"SKIP","floor":2},{"not_picked":["Body Slam","True Grit","Havoc"],"picked":"SKIP","floor":3},{"not_picked":["Combust","Thunderclap","Headbutt"],"picked":"SKIP","floor":7},{"not_picked":["Twin Strike","Double Tap","Pummel"],"picked":"SKIP","floor":8},{"not_picked":["Warcry","Flame Barrier"],"picked":"Battle Trance","floor":11},{"not_picked":["Flex","Anger"],"picked":"AT_ShrugMaster","floor":13},{"not_picked":["Thunderclap","True Grit"],"picked":"Flame Barrier","floor":14},{"not_picked":["Berserk","Reaper"],"picked":"Juggernaut","floor":16},{"not_picked":["Wild Strike","Anger"],"picked":"AT_ShrugMaster+1","floor":18},{"not_picked":["Clothesline","Clash","Anger"],"picked":"SKIP","floor":19},{"not_picked":["Shockwave","Flex"],"picked":"Battle Trance","floor":20},{"not_picked":["Infernal Blade","Cleave"],"picked":"AT_IchimonjiDouble+1","floor":22},{"not_picked":["Clothesline","Hemokinesis+1"],"picked":"Offering","floor":23},{"not_picked":["Body Slam","Flame Barrier","Sword Boomerang"],"picked":"SKIP","floor":25},{"not_picked":["Anger","Heavy Blade"],"picked":"Armaments+1","floor":28},{"not_picked":["Iron Wave","Twin Strike+1","Warcry"],"picked":"SKIP","floor":29},{"not_picked":["Limit Break","Corruption+1"],"picked":"Demon Form+1","floor":33},{"not_picked":["Shrug It Off","Clothesline","Cleave"],"picked":"SKIP","floor":35},{"not_picked":["Cleave","Clothesline+1"],"picked":"AT_ShrugMaster+1","floor":36},{"not_picked":["AT_DiedThrough+1","Pommel Strike+1"],"picked":"Sentinel+1","floor":39},{"not_picked":["Iron Wave+1","True Grit"],"picked":"Reaper","floor":41},{"not_picked":["Armaments+1","Dropkick","Anger+1"],"picked":"SKIP","floor":44},{"not_picked":["Blood for Blood+1","True Grit+1"],"picked":"Pommel Strike+1","floor":45},{"not_picked":["Thunderclap","Clothesline","Dropkick+1"],"picked":"SKIP","floor":48}],"player_experience":168146,"relics_obtained":[{"floor":9,"key":"Vajra"},{"floor":13,"key":"Bottled Tornado"},{"floor":23,"key":"The Courier"},{"floor":26,"key":"War Paint"},{"floor":31,"key":"Nilry\u0027s Codex"},{"floor":41,"key":"Dead Branch"},{"floor":43,"key":"AT_SilvercatRing"}],"event_choices":[{"damage_healed":0,"gold_gain":175,"player_choice":"AGREE","damage_taken":0,"max_hp_gain":0,"max_hp_loss":0,"event_name":"Liars Game","floor":5,"gold_loss":0,"cards_obtained":["Doubt"]},{"damage_healed":0,"gold_gain":0,"player_choice":"Grow","damage_taken":0,"max_hp_gain":0,"max_hp_loss":0,"event_name":"Living Wall","floor":6,"gold_loss":0,"cards_upgraded":["Apotheosis"]},{"damage_healed":0,"gold_gain":0,"player_choice":"Searched \u00271\u0027 times","damage_taken":0,"relics_obtained":["AT_ForceNature"],"max_hp_gain":0,"max_hp_loss":0,"event_name":"Dead Adventurer","floor":10,"gold_loss":0},{"damage_healed":0,"gold_gain":0,"player_choice":"Damaged","damage_taken":8,"max_hp_gain":0,"max_hp_loss":0,"event_name":"Wheel of Change","floor":21,"gold_loss":0},{"damage_healed":0,"gold_gain":0,"player_choice":"Obtained Book","damage_taken":16,"max_hp_gain":0,"max_hp_loss":0,"event_name":"Cursed Tome","floor":31,"gold_loss":0},{"cards_removed":["Pommel Strike"],"damage_healed":0,"gold_gain":0,"player_choice":"Removed Attack","damage_taken":0,"max_hp_gain":0,"max_hp_loss":0,"event_name":"Falling","floor":38,"gold_loss":0},{"damage_healed":0,"gold_gain":0,"player_choice":"Got Potions","damage_taken":0,"max_hp_gain":0,"max_hp_loss":0,"event_name":"Lab","floor":42,"gold_loss":0},{"damage_healed":0,"gold_gain":0,"player_choice":"Paid","damage_taken":0,"relics_obtained":["Red Mask"],"max_hp_gain":0,"max_hp_loss":0,"event_name":"Tomb of Lord Red Mask","floor":47,"gold_loss":552}],"is_beta":true,"boss_relics":[{"not_picked":["Coffee Dripper","Empty Cage"],"picked":"Mark of Pain"},{"not_picked":["Busted Crown","Runic Pyramid"],"picked":"AT_TrinityForce"}],"items_purged_floors":[30],"is_endless":false,"potions_floor_spawned":[1,8,11,14,18,19,23,33,39,41,48],"ascension_level":0}}