{"host":"kabf61oc9jgfwufg","time":1610107171,"event":{"mods":["AchievementEnabler","Act Like it!","Aspiration","BaseMod","Conspire","GifTheSpireLib","Halation","HexUI Lib","Hubris","Infinite Spire","Melee Mod","Minty Spire (QoL Compilation)","Quick Restart","Rare Cards Sparkle","Replay The Spire","Shop Mod","StSLib","Waifu the Spire"],"gold_per_floor":[117,128,147,164,17,48,66,15,39,51,51,63,138,138,138,237,237,248,258,288,288,288],"floor_reached":21,"playtime":663,"items_purged":[],"score":185,"play_id":"3381c75e-d158-4f81-a174-45e716c264f3","local_time":"20210108115931","is_ascension_mode":false,"campfire_choices":[{"floor":11,"key":"REST"}],"circlet_count":0,"master_deck":["Strike_P","Strike_P","Strike_P","Defend_P","Defend_P","Defend_P","Defend_P","Eruption","Vigilance","PathToVictory+1","Evaluate","PathToVictory","JustLucky","FlurryOfBlows","EmptyFist","Judgement","EmptyMind","FlurryOfBlows","EmptyFist"],"relics":["HandDrill","hubris:VirtuousBlindfold","infinitespire:Chaos","hubris:ToyBattleship","aspiration:ChemicalBlood","aspiration:FutureDiary"],"acts_visited":["Exordium","TheCity"],"potions_floor_usage":[12,16,16,20,20],"damage_taken":[{"damage":0,"enemies":"Cultist","floor":1,"turns":1},{"damage":2,"enemies":"conspire:RoseBush","floor":2,"turns":1},{"damage":0,"enemies":"Small Slimes","floor":3,"turns":1},{"damage":10,"enemies":"Looter","floor":4,"turns":4},{"damage":42,"enemies":"Gremlin Nob","floor":6,"turns":4},{"damage":0,"enemies":"Large Slime","floor":7,"turns":3},{"damage":4,"enemies":"3 Louse","floor":10,"turns":3},{"damage":11,"enemies":"Blue Slaver","floor":12,"turns":2},{"damage":18,"enemies":"Hexaghost","floor":16,"turns":7},{"damage":4,"enemies":"Shell Parasite","floor":18,"turns":4},{"damage":0,"enemies":"Spheric Guardian","floor":19,"turns":3},{"damage":63,"enemies":"Cultist and Chosen","floor":20,"turns":7}],"seed_played":"-8983028539707500492","potions_obtained":[{"floor":2,"key":"DistilledChaos"},{"floor":3,"key":"SkillPotion"},{"floor":4,"key":"Adrenaline Potion"},{"floor":16,"key":"Explosive Potion"},{"floor":20,"key":"Adrenaline Potion"},{"floor":20,"key":"Languid Potion"},{"floor":20,"key":"DistilledChaos"}],"is_trial":false,"path_per_floor":["M","M","M","M","$","E","M","$","T","M","R","M","?","?","R","B",null,"M","M","M","?"],"character_chosen":"WATCHER","items_purchased":["infinitespire:Chaos","EmptyFist"],"campfire_rested":1,"item_purchase_floors":[5,8],"current_hp_per_floor":[72,70,70,60,60,18,18,18,18,14,35,24,13,6,27,9,72,68,68,5,0,0],"gold":288,"neow_bonus":"THREE_ENEMY_KILL","is_daily":false,"chose_seed":false,"campfire_upgraded":0,"win_rate":0.0,"timestamp":1610107171,"path_taken":["M","M","?","?","$","E","M","?","T","M","R","M","?","?","R","BOSS","M","M","M","?"],"items_purchased_type":["Relic","Card"],"build_version":"2020-12-22","purchased_purges":0,"victory":false,"max_hp_per_floor":[72,72,72,72,72,72,72,72,72,72,72,72,72,72,72,72,72,72,72,72,72,72],"card_choices":[{"not_picked":["Replay:Cycle","ClearTheMind","Replay:BluntJabs"],"picked":"SKIP","floor":1},{"not_picked":["ThirdEye","Fasting2"],"picked":"PathToVictory","floor":2},{"not_picked":["MentalFortress","FlyingSleeves"],"picked":"Evaluate","floor":3},{"not_picked":["Adaptation","Replay:Cycle"],"picked":"PathToVictory","floor":4},{"not_picked":["Crescendo","ThirdEye"],"picked":"JustLucky","floor":6},{"not_picked":["Replay:BluntJabs","Indignation"],"picked":"FlurryOfBlows","floor":7},{"not_picked":["Wallop","ClearTheMind"],"picked":"Judgement","floor":10},{"not_picked":["SandsOfTime","Halt"],"picked":"EmptyMind","floor":12},{"not_picked":["Nirvana","Replay:Cycle","Meditate"],"picked":"SKIP","floor":18},{"not_picked":["PathToVictory","CrushJoints"],"picked":"FlurryOfBlows","floor":19},{"not_picked":["Consecrate","CrushJoints"],"picked":"EmptyFist","floor":20}],"player_experience":84388,"relics_obtained":[{"floor":6,"key":"hubris:ToyBattleship"},{"floor":9,"key":"aspiration:ChemicalBlood"}],"event_choices":[{"damage_healed":0,"gold_gain":75,"player_choice":"Gather Gold","damage_taken":11,"max_hp_gain":0,"max_hp_loss":0,"event_name":"World of Goop","floor":13,"gold_loss":0},{"cards_removed":["Strike_P"],"damage_healed":0,"gold_gain":0,"player_choice":"Card Removal","damage_taken":7,"max_hp_gain":0,"max_hp_loss":0,"event_name":"Golden Wing","floor":14,"gold_loss":0}],"is_beta":false,"boss_relics":[{"not_picked":["Runic Pyramid","hubris:HollowSoul"],"picked":"aspiration:FutureDiary"}],"items_purged_floors":[],"is_endless":false,"potions_floor_spawned":[2,3,4,6,18],"ascension_level":0}}