{"host":"xrbutm0tzv4qwo7u","time":1610071040,"event":{"mods":["AchievementEnabler","BaseMod","Colored Powertips","Dark Map","Hermit","Minty Spire (QoL Compilation)","StSLib","The Cursed","The Marked"],"gold_per_floor":[114,131,131,131,56,88,88,105,105,120,140,160,15,46,46,149,149,165,165,178,103,121,121,136,167,167,235,245,260,272,287,287,385,385,400,400,414,21,21,56,73,73,73,99,118,118,32,32,32,32],"floor_reached":51,"playtime":2937,"items_purged":["Regret","Madness"],"score":916,"play_id":"a74df6c5-c1cd-4055-b19d-93697305eb5c","local_time":"20210107195720","is_ascension_mode":false,"campfire_choices":[{"floor":7.0,"key":"REST"},{"data":"ClearTheMind","floor":15.0,"key":"SMITH"},{"floor":23.0,"key":"REST"},{"floor":32,"key":"REST"},{"floor":42,"key":"REST"},{"data":"ClearTheMind","floor":46,"key":"SMITH"},{"data":"Enlightenment","floor":49,"key":"SMITH"}],"circlet_count":0,"master_deck":["Strike_P","Strike_P","Strike_P","Strike_P","Defend_P","Defend_P","Defend_P","Defend_P","Eruption+1","Vigilance","FollowUp","Sanctity","ClearTheMind+1","Vengeance","EmptyBody","BattleHymn","Tantrum","Judgement","CurseOfTheBell","FlurryOfBlows+1","LikeWater","Study","Evaluate","Halt","Meditate","Halt","ReachHeaven","DevaForm","ClearTheMind+1","ReachHeaven","Adaptation","EmptyFist","Adaptation","Blasphemy","EmptyFist","EmptyFist+1","FollowUp","Halt+1","Devotion","FlurryOfBlows+1","Evaluate+1","Madness","Halt+1","LikeWater+1","Adaptation","FearNoEvil","Prostrate+1","TalkToTheHand","Tantrum","ClearTheMind+1","Crescendo","FollowUp+1","Wallop","Tantrum","Enlightenment+1","Good Instincts","Swift Strike"],"relics":["PureWater","Thread and Needle","Mercury Hourglass","Pear","Lantern","Lee\u0027s Waffle","WingedGreaves","Calling Bell","Dream Catcher","White Beast Statue","Prayer Wheel","Eternal Feather","Smiling Mask","Ornamental Fan","Philosopher\u0027s Stone","ClockworkSouvenir","Bronze Scales","Question Card","PreservedInsect","Oddly Smooth Stone"],"acts_visited":["Exordium","TheCity","TheBeyond"],"potions_floor_usage":[29,30,31,31,31,33,40,40,41,50,50,50],"damage_taken":[{"damage":0.0,"enemies":"Small Slimes","floor":1.0,"turns":2.0},{"damage":0.0,"enemies":"Jaw Worm","floor":2.0,"turns":4.0},{"damage":52.0,"enemies":"Gremlin Nob","floor":6.0,"turns":5.0},{"damage":0.0,"enemies":"Cultist","floor":8.0,"turns":4.0},{"damage":1.0,"enemies":"Exordium Thugs","floor":10.0,"turns":3.0},{"damage":9.0,"enemies":"Lots of Slimes","floor":11.0,"turns":3.0},{"damage":0.0,"enemies":"Exordium Wildlife","floor":12.0,"turns":2.0},{"damage":0.0,"enemies":"3 Sentries","floor":14.0,"turns":3.0},{"damage":0.0,"enemies":"Slime Boss","floor":16.0,"turns":5.0},{"damage":0.0,"enemies":"3 Byrds","floor":18.0,"turns":3.0},{"damage":0.0,"enemies":"Shell Parasite","floor":20.0,"turns":5.0},{"damage":25.0,"enemies":"Shelled Parasite and Fungi","floor":22.0,"turns":4.0},{"damage":11.0,"enemies":"Centurion and Healer","floor":24.0,"turns":5.0},{"damage":37.0,"enemies":"Gremlin Leader","floor":25.0,"turns":5.0},{"damage":0,"enemies":"Chosen and Byrds","floor":28,"turns":5},{"damage":9,"enemies":"3 Cultists","floor":29,"turns":5},{"damage":13,"enemies":"Centurion and Healer","floor":30,"turns":6},{"damage":12,"enemies":"Chosen and Byrds","floor":31,"turns":6},{"damage":53,"enemies":"Automaton","floor":33,"turns":12},{"damage":11,"enemies":"Orb Walker","floor":35,"turns":4},{"damage":32,"enemies":"3 Shapes","floor":37,"turns":4},{"damage":8,"enemies":"Reptomancer","floor":40,"turns":5},{"damage":12,"enemies":"Transient","floor":41,"turns":5},{"damage":2,"enemies":"Giant Head","floor":44,"turns":6},{"damage":12,"enemies":"Maw","floor":45,"turns":6},{"damage":97,"enemies":"Awakened One","floor":50,"turns":11}],"seed_played":"6475947409059892686","potions_obtained":[{"floor":6.0,"key":"SkillPotion"},{"floor":8.0,"key":"LiquidMemories"},{"floor":10.0,"key":"Strength Potion"},{"floor":14.0,"key":"Energy Potion"},{"floor":18.0,"key":"EntropicBrew"},{"floor":20.0,"key":"Ancient Potion"},{"floor":22.0,"key":"Weak Potion"},{"floor":24.0,"key":"Fruit Juice"},{"floor":25.0,"key":"FearPotion"},{"floor":28,"key":"EssenceOfSteel"},{"floor":29,"key":"FairyPotion"},{"floor":30,"key":"EntropicBrew"},{"floor":31,"key":"Fire Potion"},{"floor":33,"key":"DistilledChaos"},{"floor":35,"key":"EssenceOfSteel"},{"floor":37,"key":"EssenceOfSteel"},{"floor":40,"key":"SpeedPotion"},{"floor":41,"key":"Regen Potion"},{"floor":44,"key":"Regen Potion"},{"floor":45,"key":"EssenceOfSteel"}],"is_trial":false,"path_per_floor":["M","M","?","?","$","E","R","M","T","M","M","M","$","E","R","B",null,"M","?","M","?","M","R","M","E","T","T","M","M","M","M","R","B",null,"M","?","M","$","?","E","M","R","T","E","M","R","$","?","R","B",null],"character_chosen":"WATCHER","items_purchased":["Lee\u0027s Waffle","Adaptation","ClockworkSouvenir","Bronze Scales","FearNoEvil","Tantrum"],"campfire_rested":4,"item_purchase_floors":[13,38,38,38,38,47],"current_hp_per_floor":[65,65,65,65,65,23,45,45,45,44,35,35,82,82,82,82,82,82,82,82,82,57,81,75,38,38,38,38,29,16,4,51,26,87,76,65,33,33,33,25,13,69,69,67,55,85,85,75,87,5],"gold":32,"neow_bonus":"ONE_RARE_RELIC","is_daily":false,"chose_seed":false,"campfire_upgraded":3,"win_rate":0.0,"timestamp":1610071040,"path_taken":["M","M","?","?","?","E","R","?","T","M","M","M","$","E","R","BOSS","M","?","?","?","M","R","M","E","T","?","M","M","M","M","R","BOSS","M","?","M","$","?","E","?","R","T","E","M","R","$","?","R","BOSS"],"items_purchased_type":["Relic","Card","Relic","Relic","Card","Card"],"build_version":"2020-12-22","purchased_purges":2,"victory":true,"max_hp_per_floor":[65,65,65,65,65,75,75,75,75,75,75,75,82,82,82,82,82,82,82,82,82,82,82,87,87,87,87,87,87,87,87,87,87,87,87,87,87,87,87,87,87,87,87,87,87,87,87,87,87,87],"card_choices":[{"not_picked":["PathToVictory","JustLucky"],"picked":"FollowUp","floor":1.0},{"not_picked":["Prostrate","Weave"],"picked":"Sanctity","floor":2.0},{"not_picked":["ThirdEye","Establishment"],"picked":"ClearTheMind","floor":6.0},{"not_picked":["SashWhip","Nirvana"],"picked":"Vengeance","floor":8.0},{"not_picked":["PathToVictory","Protect"],"picked":"EmptyBody","floor":10.0},{"not_picked":["Protect","Swivel"],"picked":"BowlingBash","floor":11.0},{"not_picked":["CutThroughFate","Worship"],"picked":"BattleHymn","floor":12.0},{"not_picked":["Omniscience","JustLucky"],"picked":"Tantrum","floor":14.0},{"not_picked":["Establishment","DevaForm"],"picked":"Judgement","floor":16.0},{"not_picked":["CutThroughFate","Crescendo+1"],"picked":"FlurryOfBlows","floor":18.0},{"not_picked":["Adaptation","Indignation"],"picked":"LikeWater","floor":18.0},{"not_picked":["CrushJoints","ReachHeaven"],"picked":"Study","floor":20.0},{"not_picked":["Halt","EmptyBody"],"picked":"Evaluate","floor":20.0},{"not_picked":["Consecrate","JustLucky"],"picked":"Halt","floor":22.0},{"not_picked":["Establishment","Prostrate"],"picked":"Meditate","floor":22.0},{"not_picked":["ThirdEye","Consecrate"],"picked":"Halt","floor":23.0},{"not_picked":["FlyingSleeves","SashWhip"],"picked":"ReachHeaven","floor":24.0},{"not_picked":["Halt","BowlingBash"],"picked":"DevaForm","floor":24.0},{"not_picked":["ThirdEye","FlyingSleeves"],"picked":"ClearTheMind+1","floor":25.0},{"not_picked":["CutThroughFate+1","Vengeance"],"picked":"ReachHeaven","floor":28},{"not_picked":["FollowUp","WreathOfFlame"],"picked":"Adaptation","floor":28},{"not_picked":["JustLucky","SignatureMove+1"],"picked":"EmptyFist","floor":29},{"not_picked":["SashWhip","WindmillStrike"],"picked":"Adaptation","floor":29},{"not_picked":["CarveReality","ClearTheMind"],"picked":"Blasphemy","floor":30},{"not_picked":["ClearTheMind","Collect"],"picked":"EmptyFist","floor":30},{"not_picked":["WaveOfTheHand","SignatureMove"],"picked":"EmptyFist+1","floor":31},{"not_picked":["WindmillStrike","CutThroughFate"],"picked":"FollowUp","floor":31},{"not_picked":["Consecrate","Prostrate"],"picked":"Halt+1","floor":32},{"not_picked":["LessonLearned","ConjureBlade"],"picked":"Devotion","floor":33},{"not_picked":["Evaluate","Crescendo+1"],"picked":"FlurryOfBlows+1","floor":35},{"not_picked":["Sanctity+1","JustLucky"],"picked":"Evaluate+1","floor":35},{"not_picked":["PathToVictory","FollowUp"],"picked":"Halt+1","floor":37},{"not_picked":["SashWhip","Meditate"],"picked":"LikeWater+1","floor":37},{"not_picked":["FollowUp+1","EmptyFist"],"picked":"Prostrate+1","floor":40},{"not_picked":["JustLucky","BowlingBash+1","Blasphemy"],"picked":"TalkToTheHand","floor":41},{"not_picked":["BowlingBash","Swivel","FlurryOfBlows"],"picked":"Tantrum","floor":41},{"not_picked":["BowlingBash+1","CrushJoints+1","JustLucky+1"],"picked":"ClearTheMind","floor":42},{"not_picked":["JustLucky+1","WreathOfFlame+1","EmptyFist"],"picked":"Crescendo","floor":44},{"not_picked":["JustLucky","Vengeance+1","Conclude+1"],"picked":"FollowUp+1","floor":45},{"not_picked":["EmptyBody+1","WreathOfFlame","JustLucky"],"picked":"Wallop","floor":45},{"not_picked":["Good Instincts","PanicButton","Swift Strike"],"picked":"Enlightenment","floor":48},{"not_picked":["Dramatic Entrance","Forethought","Madness"],"picked":"Good Instincts","floor":48},{"not_picked":["Master of Strategy","Metamorphosis","PanicButton"],"picked":"Swift Strike","floor":48}],"player_experience":29175,"relics_obtained":[{"floor":6.0,"key":"Pear"},{"floor":9.0,"key":"Lantern"},{"floor":14.0,"key":"WingedGreaves"},{"floor":17.0,"key":"Dream Catcher"},{"floor":17.0,"key":"White Beast Statue"},{"floor":17.0,"key":"Prayer Wheel"},{"floor":25.0,"key":"Eternal Feather"},{"floor":26,"key":"Smiling Mask"},{"floor":27,"key":"Ornamental Fan"},{"floor":40,"key":"Question Card"},{"floor":43,"key":"PreservedInsect"},{"floor":44,"key":"Oddly Smooth Stone"}],"event_choices":[{"damage_healed":0.0,"max_hp_gain":0.0,"max_hp_loss":0.0,"gold_gain":0.0,"event_name":"Living Wall","player_choice":"Grow","floor":3.0,"gold_loss":0.0,"damage_taken":0.0,"cards_upgraded":["Eruption"]},{"damage_healed":0.0,"max_hp_gain":0.0,"max_hp_loss":0.0,"gold_gain":0.0,"event_name":"Big Fish","player_choice":"Box","floor":4.0,"gold_loss":0.0,"damage_taken":0.0,"relics_obtained":["Mercury Hourglass"],"cards_obtained":["Regret"]},{"damage_healed":0.0,"max_hp_gain":0.0,"max_hp_loss":0.0,"gold_gain":0.0,"event_name":"The Woman in Blue","player_choice":"Bought 0 Potions","floor":19.0,"gold_loss":0.0,"damage_taken":0.0},{"cards_removed":["BowlingBash"],"damage_healed":0.0,"max_hp_gain":0.0,"max_hp_loss":0.0,"gold_gain":0.0,"event_name":"Beggar","player_choice":"Gave Gold","floor":21.0,"gold_loss":75.0,"damage_taken":0.0},{"damage_healed":0,"gold_gain":0,"player_choice":"Embrace Madness","damage_taken":11,"max_hp_gain":0,"max_hp_loss":0,"event_name":"Winding Halls","floor":36,"gold_loss":0,"cards_obtained":["Madness","Madness"]},{"damage_healed":0,"gold_gain":0,"player_choice":"Upgraded","damage_taken":0,"max_hp_gain":0,"max_hp_loss":0,"event_name":"Upgrade Shrine","floor":39,"gold_loss":0,"cards_upgraded":["FlurryOfBlows"]},{"damage_healed":0,"gold_gain":0,"player_choice":"Memory 3","damage_taken":10,"max_hp_gain":0,"max_hp_loss":0,"event_name":"SensoryStone","floor":48,"gold_loss":0}],"is_beta":false,"boss_relics":[{"not_picked":["Busted Crown","Velvet Choker"],"picked":"Calling Bell"},{"not_picked":["Cursed Key","Empty Cage"],"picked":"Philosopher\u0027s Stone"}],"items_purged_floors":[5,47],"is_endless":false,"potions_floor_spawned":[6,8,10,14,18,20,22,24,25,28,29,30,31,33,35,37,40,41,44,45],"ascension_level":0}}