{"host":"s41rn2jhghpwfrvz","time":1610107505,"event":{"mods":["BaseMod","Minty Spire (QoL Compilation)","Quick Restart","Relic Stats","SuperFastMode"],"gold_per_floor":[119,136,152,162,162,162,162],"floor_reached":6,"playtime":189,"items_purged":[],"score":76,"play_id":"05d909f9-d7d6-4865-87d8-b6377a1a8310","local_time":"20210108140505","daily_mods":["SealedDeck","Diverse","DeadlyEvents"],"is_ascension_mode":true,"campfire_choices":[],"circlet_count":0,"master_deck":["AscendersBane","All Out Attack","Conserve Battery","Dagger Spray","Sweeping Beam","Well Laid Plans","Pommel Strike","Conserve Battery","Gash","Acrobatics","Acrobatics","Backflip"],"relics":["Burning Blood","Pocketwatch"],"acts_visited":["Exordium"],"potions_floor_usage":[6],"damage_taken":[{"damage":0,"enemies":"Cultist","floor":1,"turns":3},{"damage":6,"enemies":"2 Louse","floor":2,"turns":2},{"damage":5,"enemies":"Jaw Worm","floor":3,"turns":4},{"damage":1,"enemies":"Blue Slaver","floor":4,"turns":3},{"damage":36,"enemies":"Gremlin Nob","floor":6,"turns":4}],"seed_played":"5339615745760656993","potions_obtained":[{"floor":1,"key":"Explosive Potion"}],"is_trial":true,"path_per_floor":["M","M","M","M","?","E"],"character_chosen":"IRONCLAD","items_purchased":[],"campfire_rested":0,"item_purchase_floors":[],"current_hp_per_floor":[74,74,75,75,57,21,21],"gold":162,"neow_bonus":"","is_daily":false,"chose_seed":false,"campfire_upgraded":0,"win_rate":0.0,"timestamp":1610107505,"path_taken":["M","M","?","M","?","E"],"items_purchased_type":[],"build_version":"2020-12-22","purchased_purges":0,"victory":false,"max_hp_per_floor":[75,75,75,75,75,75,75],"relic_stats":{"counters":[5,16],"obtain_stats":[{"Burning Blood":0,"Pocketwatch":5},{"Burning Blood":0,"Pocketwatch":4},{"Burning Blood":0,"Pocketwatch":12}],"Burning Blood":19,"Pocketwatch":[3]},"card_choices":[{"not_picked":["Twin Strike","Infernal Blade","ClearTheMind"],"picked":"SKIP","floor":1},{"not_picked":["Pommel Strike","WindmillStrike"],"picked":"Backflip","floor":2},{"not_picked":["Beam Cell","Protect","Cleave"],"picked":"SKIP","floor":3},{"not_picked":["Poisoned Stab","Headbutt","Self Repair"],"picked":"SKIP","floor":4}],"player_experience":1675391,"relics_obtained":[],"event_choices":[{"damage_healed":0,"gold_gain":0,"player_choice":"Success","damage_taken":18,"relics_obtained":["Pocketwatch"],"max_hp_gain":0,"max_hp_loss":0,"event_name":"Scrap Ooze","floor":5,"gold_loss":0}],"is_beta":false,"boss_relics":[],"items_purged_floors":[],"is_endless":false,"potions_floor_spawned":[1],"killed_by":"Gremlin Nob","ascension_level":20}}