{"host":"2lo6hma6kymb0g9i","time":1610126494,"event":{"mods":["BaseMod","Colored Map","DeckTracker","Minty Spire (QoL Compilation)"],"gold_per_floor":[116,191,208,208,133,161,179,179,202,214,214,214,114,133,133,233,233,252,266,141,154,154,154,154],"floor_reached":23,"playtime":1360,"items_purged":["Strike_B","Strike_B","Strike_B+1"],"score":346,"play_id":"9c5fd7e3-0fbb-426d-b07a-2800e4b549cc","local_time":"20210109022134","is_ascension_mode":true,"campfire_choices":[{"data":"Streamline","floor":15.0,"key":"SMITH"}],"circlet_count":0,"master_deck":["Defend_B+1","Defend_B+1","Defend_B","Defend_B","Zap","Dualcast","Chaos","Streamline+1","Gash","Coolheaded+1","Chill","Go for the Eyes+1"],"relics":["Cracked Core","NeowsBlessing","Happy Flower","Omamori","Runic Pyramid"],"acts_visited":["Exordium","TheCity"],"potions_floor_usage":[23,23],"damage_taken":[{"damage":0.0,"enemies":"Small Slimes","floor":1.0,"turns":1.0},{"damage":0.0,"enemies":"2 Louse","floor":3.0,"turns":1.0},{"damage":0.0,"enemies":"Lagavulin","floor":6.0,"turns":1.0},{"damage":0.0,"enemies":"Cultist","floor":7.0,"turns":3.0},{"damage":13.0,"enemies":"Blue Slaver","floor":10.0,"turns":3.0},{"damage":2.0,"enemies":"Looter","floor":14.0,"turns":4.0},{"damage":0.0,"enemies":"Slime Boss","floor":16.0,"turns":6.0},{"damage":1.0,"enemies":"Spheric Guardian","floor":18.0,"turns":4.0},{"damage":42.0,"enemies":"3 Byrds","floor":19.0,"turns":5.0},{"damage":9.0,"enemies":"Centurion and Healer","floor":21.0,"turns":4.0},{"damage":11,"enemies":"Slavers","floor":23,"turns":7}],"seed_played":"-7112525790410616116","potions_obtained":[{"floor":1.0,"key":"Swift Potion"},{"floor":3.0,"key":"Block Potion"},{"floor":7.0,"key":"AttackPotion"},{"floor":16.0,"key":"SkillPotion"},{"floor":19.0,"key":"DistilledChaos"}],"is_trial":false,"path_per_floor":["M","?","M","?","$","E","M","?","T","M","$","?","$","M","R","B",null,"M","M","$","M","?","E"],"character_chosen":"DEFECT","items_purchased":[],"campfire_rested":0,"item_purchase_floors":[],"current_hp_per_floor":[68,57,57,57,57,57,57,42,42,29,29,29,29,27,27,27,63,62,20,20,11,11,0,0],"gold":154,"neow_bonus":"THREE_ENEMY_KILL","is_daily":false,"chose_seed":false,"campfire_upgraded":1,"win_rate":0.0,"timestamp":1610126494,"path_taken":["M","?","M","?","$","E","?","?","T","M","$","?","$","M","R","BOSS","M","M","$","M","?","E"],"items_purchased_type":[],"build_version":"2020-12-22","purchased_purges":3,"victory":false,"max_hp_per_floor":[75,75,75,75,75,75,75,75,75,75,75,75,75,75,75,75,75,75,75,75,75,75,75,75],"card_choices":[{"not_picked":["Conserve Battery","FTL"],"picked":"Chaos","floor":1.0},{"not_picked":["Chill","Hologram"],"picked":"Streamline","floor":3.0},{"not_picked":["Double Energy","Fusion","Stack"],"picked":"SKIP","floor":6.0},{"not_picked":["Chaos","Compile Driver","Rebound"],"picked":"SKIP","floor":7.0},{"not_picked":["Coolheaded","Darkness","Rip and Tear"],"picked":"SKIP","floor":10.0},{"not_picked":["Reprogram","FTL"],"picked":"Gash","floor":14.0},{"not_picked":["BootSequence","Sweeping Beam"],"picked":"Coolheaded+1","floor":18.0},{"not_picked":["Hologram","Capacitor"],"picked":"Chill","floor":19.0},{"not_picked":["Redo","Leap"],"picked":"Go for the Eyes+1","floor":21.0}],"player_experience":973364,"relics_obtained":[{"floor":6.0,"key":"Happy Flower"},{"floor":9.0,"key":"Omamori"}],"event_choices":[{"damage_healed":0.0,"max_hp_gain":0.0,"max_hp_loss":0.0,"gold_gain":75.0,"event_name":"World of Goop","player_choice":"Gather Gold","floor":2.0,"gold_loss":0.0,"damage_taken":11.0},{"damage_healed":0.0,"max_hp_gain":0.0,"max_hp_loss":0.0,"gold_gain":0.0,"event_name":"Match and Keep!","player_choice":"0 cards matched","floor":4.0,"gold_loss":0.0,"damage_taken":0.0,"cards_obtained":[]},{"damage_healed":0.0,"max_hp_gain":0.0,"max_hp_loss":0.0,"gold_gain":0.0,"event_name":"Shining Light","player_choice":"Entered Light","floor":8.0,"gold_loss":0.0,"damage_taken":15.0,"cards_upgraded":["Strike_B","Defend_B"]},{"cards_removed":["Strike_B"],"damage_healed":0.0,"max_hp_gain":0.0,"max_hp_loss":0.0,"gold_gain":0.0,"event_name":"Living Wall","player_choice":"Forget","floor":12.0,"gold_loss":0.0,"damage_taken":0.0},{"damage_healed":0,"gold_gain":0,"player_choice":"Forge","damage_taken":0,"max_hp_gain":0,"max_hp_loss":0,"event_name":"Accursed Blacksmith","floor":22,"gold_loss":0,"cards_upgraded":["Defend_B"]}],"is_beta":false,"boss_relics":[{"not_picked":["Sozu","Nuclear Battery"],"picked":"Runic Pyramid"}],"items_purged_floors":[5,13,20],"is_endless":false,"potions_floor_spawned":[1,3,7,16,19],"killed_by":"Slavers","ascension_level":6}}