{"host":"i9h64q9gphvrup4n","time":1610132613,"event":{"mods":["2.2 Compatiblity","AchievementEnabler","Aspiration","Astrologer","Bard","BaseMod","Beaked The Cultist","BetterRewards","Colored Powertips","Conspire","Downfall","Gremlin Mod","Hermit","Hubris","Infinite Spire","Jorbs\u0027s Wanderer Trilogy","Minty Spire (QoL Compilation)","Replay The Spire","Shop Mod","StSLib","SuperFastMode","The Blackbeard","The Bladedancer","The Bug Knight","The Construct","The Cursed","The Disciple","The Hierophant","The Jungle","The Necromancer","The Runesmith","The Wild Card","slay the spire mod where everything is the same but ironclad has a cowboy hat","vexMod"],"gold_per_floor":[111,76,76,151,171,171,171,171,171,171,206,217,250,260,260,334,334,344,355,355,355,355,355,382,382,382,382,398,424,424,444,319,398,398,418,368,368,368,368],"floor_reached":38,"playtime":1649,"items_purged":[],"score":937,"play_id":"bb4bc570-6a2c-4fa4-a529-2a376d8f2bce","local_time":"20210108130333","is_ascension_mode":true,"campfire_choices":[{"floor":6,"key":"REST"},{"data":"Regret","floor":15,"key":"PURGE"},{"data":"Summon_Undead_Army","floor":23,"key":"SMITH"},{"floor":25,"key":"REST"},{"floor":27,"key":"RECALL"}],"circlet_count":0,"master_deck":["AscendersBane","Strike_W","Strike_W","Strike_W","Defend_W","Defend_W","Defend_W","Defend_W","Negative_Energy_Arrows","Bone_Wall","Spectral_Walk","infinitespire:Starlight","Vampiric_Strike","Pandemic","Bone_Bullets","Summon_Undead_Army+1","Summon_Vampire_Lady+1","Spectral_Walk","Toxic_Smoke_Screen+1","Necrotic_Claws","Negative_Energy_Shield","Death_Coil+1","Cloudkill","Skeleton_Dragon","Bone_Bullets+1","conspire:SpireCoStock","Negative_Energy_Arrows","Negative_Energy_Mist"],"relics":["Vampire_Amulet","conspire:Boomerang","Juzu Bracelet","Anchor","ClockworkSouvenir","hubris:EmptyBottle","Peace Pipe","conspire:DecoderRing","Tiny Chest","infinitespire:Beetle Shell","Blood Vial","Runic Pyramid","CultistMask","Gremlin Horn","HollowMod:LifeEnderRelic","Counterbalance","conspire:InfiniteJournal","Bottled Flame","infinitespire:Magic Flask","Ring of Chaos"],"acts_visited":["Exordium","TheCity","TheBeyond"],"potions_floor_usage":[16,16,18,38],"damage_taken":[{"damage":0,"enemies":"Jaw Worm","floor":1,"turns":4},{"damage":1,"enemies":"Cultist","floor":5,"turns":5},{"damage":20,"enemies":"Gremlin Nob","floor":11,"turns":4},{"damage":7,"enemies":"conspire:RoseBush","floor":12,"turns":5},{"damage":33,"enemies":"HollowMod:MossKnight","floor":13,"turns":9},{"damage":12,"enemies":"Blue Slaver","floor":14,"turns":4},{"damage":90,"enemies":"Fading Forest","floor":16,"turns":11},{"damage":28,"enemies":"Shell Parasite","floor":18,"turns":6},{"damage":22,"enemies":"3 Byrds","floor":19,"turns":8},{"damage":69,"enemies":"Slavers","floor":24,"turns":8},{"damage":19,"enemies":"Snake Plant","floor":28,"turns":5},{"damage":33,"enemies":"HollowMod:Nosk","floor":29,"turns":10},{"damage":33,"enemies":"Sentry and Sphere","floor":31,"turns":7},{"damage":75,"enemies":"Automaton","floor":33,"turns":11},{"damage":31,"enemies":"3 Shapes","floor":35,"turns":8},{"damage":74,"enemies":"3 Darklings","floor":38,"turns":5}],"seed_played":"1554620600196504457","potions_obtained":[{"floor":5,"key":"Languid Potion"},{"floor":13,"key":"BlessingOfTheForge"},{"floor":18,"key":"FearPotion"}],"is_trial":false,"path_per_floor":["M","?","?","?","M","R","?","?","T","?","E","M","E","M","R","B",null,"M","M","?","?","T","R","E","R","T","R","M","E","T","M","R","B",null,"M","?","?","M"],"character_chosen":"NECROMANCER","items_purchased":["Juzu Bracelet","Anchor","ClockworkSouvenir","hubris:EmptyBottle"],"campfire_rested":2,"item_purchase_floors":[0,0,0,0],"current_hp_per_floor":[26,44,44,33,34,56,56,39,39,75,57,62,45,51,51,16,60,55,58,58,58,58,58,38,60,60,60,67,63,63,68,68,41,67,60,60,60,0,0],"gold":368,"neow_bonus":"","is_daily":false,"chose_seed":false,"campfire_upgraded":1,"win_rate":0.0,"timestamp":1610132613,"path_taken":["M","?","?","?","M","R","?","?","T","?","E","M","E","M","R","BOSS","M","M","?","?","?","R","E","R","T","R","M","E","?","M","R","BOSS","M","?","?","M"],"items_purchased_type":["Relic","Relic","Relic","Relic"],"build_version":"2020-12-22","purchased_purges":0,"victory":false,"max_hp_per_floor":[75,75,75,75,75,75,75,75,75,75,75,75,75,75,75,75,75,75,75,75,75,75,75,75,75,75,75,75,75,75,75,75,75,75,75,75,75,75,75],"card_choices":[{"not_picked":["Necromantic_Selection","Bones_to_Steel"],"picked":"Spectral_Walk","floor":1},{"not_picked":["Chill_Blood","Consume_Illness"],"picked":"Pandemic","floor":5},{"not_picked":["infinitespire:Collect","hubris:Fate"],"picked":"infinitespire:Starlight","floor":8},{"not_picked":["Chill_Blood","Blood_Shield"],"picked":"Vampiric_Strike","floor":11},{"not_picked":["Bone_Bullets","Necromantic_Selection"],"picked":"Pandemic","floor":12},{"not_picked":["Death_Coil","Chill_Blood"],"picked":"Bone_Bullets","floor":13},{"not_picked":["Requiem","Scare"],"picked":"Summon_Undead_Army","floor":14},{"not_picked":["Summon_Death_Knight","Blood_Magic"],"picked":"Summon_Vampire_Lady","floor":16},{"not_picked":["Necrotic_Claws+1","Violent_Necrosis"],"picked":"Spectral_Walk","floor":18},{"not_picked":["Blood_Whip","Finger_Of_Death"],"picked":"Toxic_Smoke_Screen+1","floor":19},{"not_picked":["Corrupt","Whirlwind_of_Bones"],"picked":"Necrotic_Claws","floor":24},{"not_picked":["Corrupt","Negative_Energy_Sphere"],"picked":"Negative_Energy_Shield","floor":28},{"not_picked":["Plague_Bolt","Blood_Whip+1"],"picked":"Death_Coil+1","floor":29},{"not_picked":["Vampiric_Strike","Strike_from_Beyond"],"picked":"Cloudkill","floor":31},{"not_picked":["Reap_The_Weak","Requiem"],"picked":"Skeleton_Dragon","floor":33},{"not_picked":["Strike_from_Beyond+1","Pandemic+1"],"picked":"Bone_Bullets+1","floor":35}],"player_experience":697465,"relics_obtained":[{"floor":9,"key":"Tiny Chest"},{"floor":11,"key":"infinitespire:Beetle Shell"},{"floor":13,"key":"Blood Vial"},{"floor":22,"key":"Gremlin Horn"},{"floor":24,"key":"HollowMod:LifeEnderRelic"},{"floor":26,"key":"Counterbalance"},{"floor":29,"key":"conspire:InfiniteJournal"},{"floor":30,"key":"Bottled Flame"}],"event_choices":[{"damage_healed":18,"gold_gain":0,"player_choice":"Healed","damage_taken":0,"max_hp_gain":0,"max_hp_loss":0,"event_name":"The Cleric","floor":2,"gold_loss":35},{"cards_removed":["Strike_W"],"damage_healed":0,"gold_gain":0,"player_choice":"Purged","damage_taken":0,"max_hp_gain":0,"max_hp_loss":0,"event_name":"Purifier","floor":3,"gold_loss":0},{"damage_healed":0,"gold_gain":75,"player_choice":"Gather Gold","damage_taken":11,"max_hp_gain":0,"max_hp_loss":0,"event_name":"World of Goop","floor":4,"gold_loss":0},{"damage_healed":0,"gold_gain":0,"player_choice":"Box","damage_taken":0,"relics_obtained":["conspire:DecoderRing"],"max_hp_gain":0,"max_hp_loss":0,"event_name":"Big Fish","floor":7,"gold_loss":0,"cards_obtained":["Regret"]},{"cards_removed":["Pandemic"],"damage_healed":36,"gold_gain":0,"player_choice":"Offered Uncommon","damage_taken":0,"max_hp_gain":0,"max_hp_loss":0,"event_name":"Bonfire Elementals","floor":10,"gold_loss":0},{"damage_healed":0,"gold_gain":0,"player_choice":"Trade","damage_taken":0,"relics_obtained":["CultistMask"],"max_hp_gain":0,"max_hp_loss":0,"event_name":"FaceTrader","floor":20,"gold_loss":0},{"damage_healed":0,"gold_gain":0,"player_choice":"Upgraded","damage_taken":0,"max_hp_gain":0,"max_hp_loss":0,"event_name":"Upgrade Shrine","floor":21,"gold_loss":0,"cards_upgraded":["Summon_Vampire_Lady"]},{"damage_healed":0,"gold_gain":0,"player_choice":"Paid Gold","damage_taken":0,"relics_obtained":["infinitespire:Magic Flask"],"max_hp_gain":0,"max_hp_loss":0,"event_name":"WeMeetAgain","floor":32,"gold_loss":125},{"damage_healed":0,"gold_gain":0,"player_choice":"Invest 1","damage_taken":0,"max_hp_gain":0,"max_hp_loss":0,"event_name":"conspire:Investor","floor":36,"gold_loss":0},{"damage_healed":0,"gold_gain":0,"player_choice":"2 cards matched","damage_taken":0,"max_hp_gain":0,"max_hp_loss":0,"event_name":"Match and Keep!","floor":37,"gold_loss":0,"cards_obtained":["Negative_Energy_Arrows","Negative_Energy_Mist"]}],"is_beta":false,"boss_relics":[{"not_picked":["hubris:VirtuousBlindfold","Kintsugi"],"picked":"Runic Pyramid"},{"not_picked":["Replay:Ancient Bell","aspiration:SilentSkillbook"],"picked":"Ring of Chaos"}],"items_purged_floors":[],"is_endless":false,"potions_floor_spawned":[5,13,16,18,31,33],"killed_by":"3 Darklings","ascension_level":13}}