{"host":"dqv8oo4v229c1o2l","time":1610133327,"event":{"mods":["AchievementEnabler","BaseMod","Colored Map","Colored Powertips","Minty Spire (QoL Compilation)","Quick Restart","Rare Cards Sparkle","StSLib","Synergy Search"],"gold_per_floor":[116,66,66,76,40,66,66,66,92,127,127,147,181,192,192,293,293,303,303,73,86,86,86,86,98,98,133,133,168,181,213,213,313,313,331,341,341,359,359,359,373,373,373,373,373],"floor_reached":44,"playtime":3704,"items_purged":[],"score":534,"play_id":"87324b59-6728-41f0-bf8b-46bf77720b4e","local_time":"20210108111527","is_ascension_mode":true,"campfire_choices":[{"data":"JustLucky","floor":7.0,"key":"SMITH"},{"data":"Collect","floor":11.0,"key":"SMITH"},{"floor":15.0,"key":"REST"},{"data":"ConjureBlade","floor":23.0,"key":"SMITH"},{"floor":28.0,"key":"REST"},{"floor":32.0,"key":"REST"},{"floor":40.0,"key":"REST"}],"circlet_count":0,"master_deck":["Strike_P","Strike_P","Strike_P","Defend_P","Defend_P","Defend_P","Defend_P","Eruption","Vigilance","JustLucky+1","Collect+1","InnerPeace","Pray+1","Nirvana","WindmillStrike","ThirdEye","ConjureBlade+1","WindmillStrike","Wireheading","Prostrate","Establishment"],"relics":["PureWater","NeowsBlessing","Centennial Puzzle","Art of War","Mango","Dead Branch","Sozu","Enchiridion","Pen Nib","The Courier","PreservedInsect","Lantern","Meat on the Bone","Busted Crown"],"acts_visited":["Exordium","TheCity","TheBeyond"],"potions_floor_usage":[],"damage_taken":[{"damage":0.0,"enemies":"Small Slimes","floor":1.0,"turns":1.0},{"damage":0.0,"enemies":"2 Louse","floor":4.0,"turns":1.0},{"damage":0.0,"enemies":"Lagavulin","floor":6.0,"turns":1.0},{"damage":25.0,"enemies":"3 Sentries","floor":10.0,"turns":9.0},{"damage":0.0,"enemies":"Cultist","floor":12.0,"turns":3.0},{"damage":20.0,"enemies":"Gremlin Nob","floor":13.0,"turns":3.0},{"damage":5.0,"enemies":"Looter","floor":14.0,"turns":3.0},{"damage":19.0,"enemies":"Hexaghost","floor":16.0,"turns":7.0},{"damage":15.0,"enemies":"3 Byrds","floor":18.0,"turns":6.0},{"damage":0.0,"enemies":"Shell Parasite","floor":21.0,"turns":4.0},{"damage":9.0,"enemies":"Snecko","floor":25.0,"turns":4.0},{"damage":66.0,"enemies":"Gremlin Leader","floor":27.0,"turns":4.0},{"damage":8.0,"enemies":"Book of Stabbing","floor":29.0,"turns":3.0},{"damage":4.0,"enemies":"3 Cultists","floor":30.0,"turns":4.0},{"damage":18.0,"enemies":"Slavers","floor":31.0,"turns":4.0},{"damage":14.0,"enemies":"Automaton","floor":33.0,"turns":5.0},{"damage":38.0,"enemies":"3 Shapes","floor":35.0,"turns":5.0},{"damage":3.0,"enemies":"Orb Walker","floor":36.0,"turns":2.0},{"damage":26.0,"enemies":"3 Darklings","floor":38.0,"turns":4.0},{"damage":40.0,"enemies":"Jaw Worm Horde","floor":41.0,"turns":4.0},{"damage":29,"enemies":"Nemesis","floor":44,"turns":4}],"seed_played":"-1711297148893577316","potions_obtained":[{"floor":1.0,"key":"AttackPotion"},{"floor":4.0,"key":"EntropicBrew"},{"floor":10.0,"key":"AttackPotion"},{"floor":13.0,"key":"SkillPotion"},{"floor":16.0,"key":"SkillPotion"}],"is_trial":false,"path_per_floor":["M","$","?","M","$","E","R","?","T","E","R","M","E","M","R","B",null,"M","?","$","M","?","R","?","M","T","E","R","E","M","E","R","B",null,"M","M","$","M","?","R","M","?","T","E"],"character_chosen":"WATCHER","items_purchased":["JustLucky","InnerPeace","Pen Nib","Wireheading"],"campfire_rested":4,"item_purchase_floors":[2,5,20,20],"current_hp_per_floor":[72,72,65,65,65,65,65,65,65,54,54,54,34,29,54,35,86,71,55,55,55,55,55,83,74,74,8,33,25,21,3,28,26,86,48,45,45,31,31,56,28,28,28,0,0],"gold":373,"neow_bonus":"THREE_ENEMY_KILL","is_daily":false,"chose_seed":false,"campfire_upgraded":3,"win_rate":0.0,"timestamp":1610133327,"path_taken":["M","$","?","M","$","E","R","?","T","E","R","M","E","?","R","BOSS","M","?","$","M","?","R","?","M","T","E","R","E","?","E","R","BOSS","M","M","$","M","?","R","M","?","T","E"],"items_purchased_type":["Card","Card","Relic","Card"],"build_version":"2020-12-22","purchased_purges":0,"victory":false,"max_hp_per_floor":[72,72,72,72,72,72,72,72,72,86,86,86,86,86,86,86,86,86,86,86,86,86,86,86,86,86,86,86,86,86,86,86,86,86,86,86,86,86,86,86,86,86,86,86,86],"card_choices":[{"not_picked":["Conclude","BowlingBash","FlurryOfBlows"],"picked":"SKIP","floor":1.0},{"not_picked":["Meditate","Vengeance"],"picked":"Collect","floor":4.0},{"not_picked":["Consecrate","Vengeance"],"picked":"Pray","floor":6.0},{"not_picked":["Indignation","FlurryOfBlows"],"picked":"Nirvana","floor":10.0},{"not_picked":["Halt","Adaptation"],"picked":"WindmillStrike","floor":12.0},{"not_picked":["TalkToTheHand","Consecrate","Crescendo"],"picked":"SKIP","floor":13.0},{"not_picked":["BowlingBash","Wallop"],"picked":"ThirdEye","floor":14.0},{"not_picked":["Blasphemy","MasterReality"],"picked":"ConjureBlade","floor":16.0},{"not_picked":["Evaluate","FollowUp"],"picked":"WindmillStrike","floor":18.0},{"not_picked":["Collect","FlyingSleeves","PathToVictory"],"picked":"SKIP","floor":21.0},{"not_picked":["Study","BowlingBash+1","Perseverance"],"picked":"SKIP","floor":25.0},{"not_picked":["CrushJoints","Conclude","LikeWater+1"],"picked":"SKIP","floor":27.0},{"not_picked":["EmptyBody","EmptyFist","SashWhip"],"picked":"SKIP","floor":29.0},{"not_picked":["EmptyFist","ReachHeaven"],"picked":"Prostrate","floor":30.0},{"not_picked":["Study+1","Adaptation","BowlingBash"],"picked":"SKIP","floor":31.0},{"not_picked":["Alpha","DeusExMachina"],"picked":"Establishment","floor":33.0},{"not_picked":["Protect"],"picked":"SKIP","floor":35.0},{"not_picked":["Adaptation+1"],"picked":"SKIP","floor":36.0},{"not_picked":["ReachHeaven+1"],"picked":"SKIP","floor":38.0},{"not_picked":["WaveOfTheHand+1"],"picked":"SKIP","floor":41.0}],"player_experience":254822,"relics_obtained":[{"floor":6.0,"key":"Centennial Puzzle"},{"floor":9.0,"key":"Art of War"},{"floor":10.0,"key":"Mango"},{"floor":13.0,"key":"Dead Branch"},{"floor":19.0,"key":"Enchiridion"},{"floor":26.0,"key":"The Courier"},{"floor":27.0,"key":"PreservedInsect"},{"floor":29.0,"key":"Lantern"},{"floor":31.0,"key":"Meat on the Bone"}],"event_choices":[{"cards_removed":["Strike_P"],"damage_healed":0.0,"max_hp_gain":0.0,"max_hp_loss":0.0,"gold_gain":0.0,"event_name":"Golden Wing","player_choice":"Card Removal","floor":3.0,"gold_loss":0.0,"damage_taken":7.0},{"damage_healed":0.0,"max_hp_gain":0.0,"max_hp_loss":0.0,"gold_gain":0.0,"event_name":"Accursed Blacksmith","player_choice":"Forge","floor":8.0,"gold_loss":0.0,"damage_taken":0.0,"cards_upgraded":["Pray"]},{"damage_healed":0.0,"max_hp_gain":0.0,"max_hp_loss":0.0,"gold_gain":0.0,"event_name":"Cursed Tome","player_choice":"Obtained Book","floor":19.0,"gold_loss":0.0,"damage_taken":16.0},{"damage_healed":0.0,"max_hp_gain":0.0,"max_hp_loss":0.0,"gold_gain":0.0,"event_name":"Vampires","player_choice":"Ignored","floor":22.0,"gold_loss":0.0,"damage_taken":0.0},{"damage_healed":28.0,"max_hp_gain":0.0,"max_hp_loss":0.0,"gold_gain":0.0,"event_name":"The Library","player_choice":"Heal","floor":24.0,"gold_loss":0.0,"damage_taken":0.0},{"damage_healed":0.0,"max_hp_gain":0.0,"max_hp_loss":0.0,"gold_gain":0.0,"event_name":"Tomb of Lord Red Mask","player_choice":"Ignored","floor":39.0,"gold_loss":0.0,"damage_taken":0.0},{"damage_healed":0.0,"max_hp_gain":0.0,"max_hp_loss":0.0,"gold_gain":0.0,"event_name":"Mysterious Sphere","player_choice":"Ignored","floor":42.0,"gold_loss":0.0,"damage_taken":0.0}],"is_beta":false,"boss_relics":[{"not_picked":["Coffee Dripper","Astrolabe"],"picked":"Sozu"},{"not_picked":["Cursed Key","Runic Pyramid"],"picked":"Busted Crown"}],"items_purged_floors":[],"is_endless":false,"potions_floor_spawned":[1,4,10,13,16,25,27,35,41],"killed_by":"Nemesis","ascension_level":1}}