{"host":"uv231blk40vjdojr","time":1610142024,"event":{"mods":["AchievementEnabler","BaseMod","Bestiary","Minty Spire (QoL Compilation)","Relic Stats"],"gold_per_floor":[117,135,135,149,74,74,74,88,114,130,143,143,162,180,180,275,275,286,286,298,298,223,241,251,251,251,90,90,101,101,116,116,213,213,227,227,243,243,243],"floor_reached":38,"playtime":1797,"items_purged":[],"score":372,"play_id":"1e3911c8-07f6-4075-9899-4c5c2421e0ec","local_time":"20210108224024","is_ascension_mode":false,"campfire_choices":[{"data":"Dualcast","floor":7.0,"key":"SMITH"},{"data":"Fission","floor":12.0,"key":"SMITH"},{"data":"Streamline","floor":15.0,"key":"SMITH"},{"data":"Hologram","floor":25.0,"key":"SMITH"},{"data":"Seek","floor":28.0,"key":"SMITH"},{"floor":30.0,"key":"REST"},{"floor":32.0,"key":"REST"}],"circlet_count":0,"master_deck":["Strike_B","Strike_B","Defend_B","Defend_B","Defend_B","Zap+1","Dualcast+1","FTL","Cold Snap","Go for the Eyes","Melter","Fission+1","Lockon","Glacier","Streamline+1","Hologram+1","Echo Form","Double Energy+1","Static Discharge","Turbo+1","Fusion+1","Seek+1","Multi-Cast","FTL","All For One","Beam Cell+1","Loop+1"],"relics":["Cracked Core"],"acts_visited":["Exordium","TheCity","TheBeyond"],"potions_floor_usage":[33,33,33,38],"damage_taken":[{"damage":0.0,"enemies":"2 Louse","floor":1.0,"turns":2.0},{"damage":0.0,"enemies":"Small Slimes","floor":2.0,"turns":2.0},{"damage":0.0,"enemies":"Cultist","floor":4.0,"turns":3.0},{"damage":0.0,"enemies":"Large Slime","floor":8.0,"turns":5.0},{"damage":3.0,"enemies":"3 Louse","floor":10.0,"turns":3.0},{"damage":2.0,"enemies":"Blue Slaver","floor":11.0,"turns":3.0},{"damage":6.0,"enemies":"Large Slime","floor":13.0,"turns":3.0},{"damage":4.0,"enemies":"Gremlin Gang","floor":14.0,"turns":3.0},{"damage":18.0,"enemies":"The Guardian","floor":16.0,"turns":8.0},{"damage":3.0,"enemies":"Spheric Guardian","floor":18.0,"turns":4.0},{"damage":0.0,"enemies":"Chosen","floor":20.0,"turns":3.0},{"damage":18.0,"enemies":"Centurion and Healer","floor":23.0,"turns":4.0},{"damage":18.0,"enemies":"Snake Plant","floor":24.0,"turns":4.0},{"damage":14.0,"enemies":"Snecko","floor":29.0,"turns":6.0},{"damage":5.0,"enemies":"Centurion and Healer","floor":31.0,"turns":6.0},{"damage":59,"enemies":"Automaton","floor":33,"turns":14},{"damage":16,"enemies":"3 Darklings","floor":35,"turns":8},{"damage":18,"enemies":"3 Shapes","floor":37,"turns":6},{"damage":55,"enemies":"Writhing Mass","floor":38,"turns":3}],"seed_played":"7867669908961819267","potions_obtained":[{"floor":2.0,"key":"Weak Potion"},{"floor":4.0,"key":"Explosive Potion"},{"floor":6.0,"key":"CultistPotion"},{"floor":6.0,"key":"PowerPotion"},{"floor":14.0,"key":"Weak Potion"},{"floor":16.0,"key":"GamblersBrew"},{"floor":24.0,"key":"Dexterity Potion"},{"floor":29.0,"key":"Dexterity Potion"},{"floor":33,"key":"FearPotion"},{"floor":35,"key":"EssenceOfDarkness"}],"is_trial":false,"path_per_floor":["M","M","?","M","$","?","R","M","T","M","M","R","M","M","R","B",null,"M","$","M","?","?","M","M","R","T","$","R","M","R","M","R","B",null,"M","?","M","M"],"character_chosen":"DEFECT","items_purchased":["Melter","Seek"],"campfire_rested":2,"item_purchase_floors":[5,27],"current_hp_per_floor":[75,75,68,68,68,68,68,68,68,65,63,63,57,53,53,35,75,72,72,72,72,72,54,36,36,36,36,36,22,44,39,61,2,75,59,59,41,0,0],"gold":243,"neow_bonus":"UPGRADE_CARD","is_daily":false,"chose_seed":false,"campfire_upgraded":5,"win_rate":0.0,"timestamp":1610142024,"path_taken":["M","M","?","M","$","?","R","M","T","M","?","R","M","M","R","BOSS","M","$","M","?","?","M","M","R","T","$","R","M","R","M","R","BOSS","M","?","M","M"],"items_purchased_type":["Card","Card"],"build_version":"2020-12-22","purchased_purges":0,"victory":false,"max_hp_per_floor":[75,75,75,75,75,75,75,75,75,75,75,75,75,75,75,75,75,75,75,75,75,75,75,75,75,75,75,75,75,75,75,75,75,75,75,75,75,75,75],"relic_stats":{"counters":[19,90],"obtain_stats":[{"Cracked Core":0},{"Cracked Core":0},{"Cracked Core":0}]},"card_choices":[{"not_picked":["Sweeping Beam","Chill"],"picked":"FTL","floor":1.0},{"not_picked":["Turbo","Hologram"],"picked":"Cold Snap","floor":2.0},{"not_picked":["Skim","Steam"],"picked":"Go for the Eyes","floor":4.0},{"not_picked":["Beam Cell","Glacier"],"picked":"Fission","floor":8.0},{"not_picked":["Skim","Rebound"],"picked":"Lockon","floor":10.0},{"not_picked":["Undo","Steam"],"picked":"Glacier","floor":11.0},{"not_picked":["Steam","Cold Snap"],"picked":"Streamline","floor":13.0},{"not_picked":["Rebound","Steam Power"],"picked":"Hologram","floor":14.0},{"not_picked":["Hyperbeam","Machine Learning"],"picked":"Echo Form","floor":16.0},{"not_picked":["Barrage+1","Redo"],"picked":"Double Energy+1","floor":18.0},{"not_picked":["Gash","Consume","Streamline"],"picked":"SKIP","floor":20.0},{"not_picked":["Leap","Hologram"],"picked":"Turbo+1","floor":23.0},{"not_picked":["Conserve Battery","Consume"],"picked":"Fusion+1","floor":24.0},{"not_picked":["Steam Power","Scrape"],"picked":"Multi-Cast","floor":29.0},{"not_picked":["Beam Cell","Stack"],"picked":"FTL","floor":31.0},{"not_picked":["Thunder Strike","Amplify"],"picked":"All For One","floor":33},{"not_picked":["Fusion","Cold Snap"],"picked":"Beam Cell+1","floor":35},{"not_picked":["Chaos","Barrage+1"],"picked":"Loop+1","floor":37}],"player_experience":615914,"relics_obtained":[],"event_choices":[{"cards_removed":["Strike_B"],"damage_healed":0.0,"max_hp_gain":0.0,"max_hp_loss":0.0,"gold_gain":0.0,"event_name":"Golden Wing","player_choice":"Card Removal","floor":3.0,"gold_loss":0.0,"damage_taken":7.0},{"damage_healed":0.0,"max_hp_gain":0.0,"max_hp_loss":0.0,"gold_gain":0.0,"event_name":"Lab","player_choice":"Got Potions","floor":6.0,"gold_loss":0.0,"damage_taken":0.0},{"damage_healed":0.0,"max_hp_gain":0.0,"max_hp_loss":0.0,"gold_gain":0.0,"event_name":"The Library","player_choice":"Read","floor":21.0,"gold_loss":0.0,"damage_taken":0.0,"cards_obtained":["Static Discharge"]},{"cards_removed":["Strike_B"],"damage_healed":0.0,"max_hp_gain":0.0,"max_hp_loss":0.0,"gold_gain":0.0,"event_name":"Beggar","player_choice":"Gave Gold","floor":22.0,"gold_loss":75.0,"damage_taken":0.0},{"cards_removed":["Defend_B"],"damage_healed":0,"gold_gain":0,"player_choice":"Removed Skill","damage_taken":0,"max_hp_gain":0,"max_hp_loss":0,"event_name":"Falling","floor":36,"gold_loss":0}],"is_beta":false,"boss_relics":[{"not_picked":["Busted Crown","Empty Cage","SlaversCollar"]},{"not_picked":["Runic Dome","Snecko Eye","Inserter"]}],"items_purged_floors":[],"is_endless":false,"potions_floor_spawned":[2,4,14,16,24,29,33,35],"killed_by":"Writhing Mass","ascension_level":0}}