{"host":"l84l8xigz5v5foa2","time":1610120817,"event":{"mods":["2.2 Compatiblity","AchievementEnabler","BaseMod","Better Note","Better Vampires","Card Filter","Colored Map","DeckTracker","Downfall","Gremlin Skip","Highlight Path","Keyboard Shortcuts","Minty Spire (QoL Compilation)","Permanent Neow","Quick Restart","Relic Filter","Relic Stats","StSLib","SuperFastMode","Transform Curses","Unknown Chances"],"gold_per_floor":[99,109,122,122,140,152,176,176,176,201,201,217,217,242,253,325,325,250,267,287,305,305,322,322,422,435,435,16,35,35,50,62,137,137,137,154,154,174,389,400,400,431,356,152,183,201,126,172,188,188,188,213,10,10,10],"floor_reached":56,"playtime":4849,"items_purged":["Guardian:Defend_Guardian","Guardian:Strike_Guardian","Guardian:Defend_Guardian","Guardian:CrystalBeam"],"score":2471,"play_id":"509cd594-fa47-4f35-b418-8524463edb8e","local_time":"20210109004657","is_ascension_mode":true,"campfire_choices":[{"data":"Guardian:TwinSlam","floor":1.0,"key":"SMITH"},{"data":"Guardian:CurlUp","floor":9.0,"key":"SMITH"},{"data":"Guardian:Preprogram","floor":11.0,"key":"SMITH"},{"floor":13.0,"key":"RECALL"},{"data":"Guardian:PolyBeam","floor":18.0,"key":"SMITH"},{"data":"Guardian:Suspension","floor":27.0,"key":"SMITH"},{"data":"Guardian:PiercingHide","floor":30.0,"key":"SMITH"},{"data":"Guardian:StasisEngine","floor":35.0,"key":"SMITH"},{"data":"Guardian:ShieldSpikes","floor":43.0,"key":"SMITH"},{"data":"Guardian:Orbwalk","floor":47.0,"key":"SMITH"},{"data":"Guardian:EvasiveProtocol","floor":54.0,"key":"SMITH"}],"circlet_count":0,"master_deck":["AscendersBane","Guardian:CurlUp+1","Guardian:TwinSlam+1","Guardian:Recover","Guardian:Preprogram+1","Guardian:FloatingOrbs","Guardian:PolyBeam+1","Guardian:GemFinder","Guardian:EvasiveProtocol+1","Guardian:Reroute","Guardian:TemporalStrike+1","Guardian:ShieldSpikes+1","Guardian:DonusPower","Guardian:Suspension+1","Guardian:PrismaticBarrier","Guardian:Incinerate","Guardian:PiercingHide+1","Guardian:DecasProtection+1","Guardian:StasisEngine+1","Guardian:TemporalShield+1","Guardian:AncientConstruct","Guardian:StasisEngine","Guardian:Orbwalk+1","Guardian:FuturePlans+1","Guardian:Gem_Green","Guardian:Clone"],"relics":["Coffee Dripper","Toy Ornithopter","downfall:ShatteredFragment","Vajra","Ancient Tea Set","sneckomod:SneckoTalon","downfall:HeartBlessingRed","Bottled Lightning","MutagenicStrength","Guardian:BottledAnomaly","Omamori","Empty Cage","Orichalcum","downfall:HeartBlessingBlue","Singing Bowl","downfall:HeartBlessingGreen","Guardian:DefensiveModeMoreBlock","Boot"],"acts_visited":["TheCity","TheBeyond","TheEnding"],"potions_floor_usage":[55,55],"damage_taken":[{"damage":0.0,"enemies":"Cultist","floor":2.0,"turns":3.0},{"damage":0.0,"enemies":"Jaw Worm","floor":3.0,"turns":3.0},{"damage":0.0,"enemies":"2 Louse","floor":5.0,"turns":3.0},{"damage":0.0,"enemies":"Blue Slaver","floor":6.0,"turns":3.0},{"damage":2.0,"enemies":"3 Sentries","floor":10.0,"turns":8.0},{"damage":0.0,"enemies":"Exordium Wildlife","floor":12.0,"turns":2.0},{"damage":0.0,"enemies":"Lagavulin","floor":14.0,"turns":7.0},{"damage":10.0,"enemies":"Gremlin Gang","floor":15.0,"turns":4.0},{"damage":30.0,"enemies":"downfall:Silent","floor":16.0,"turns":9.0},{"damage":8.0,"enemies":"Spheric Guardian","floor":19.0,"turns":4.0},{"damage":0.0,"enemies":"Centurion and Healer","floor":20.0,"turns":7.0},{"damage":13.0,"enemies":"Snecko","floor":21.0,"turns":4.0},{"damage":1.0,"enemies":"Chosen and Byrds","floor":23.0,"turns":5.0},{"damage":1.0,"enemies":"downfall:Augmenter","floor":25.0,"turns":6.0},{"damage":34.0,"enemies":"Sentry and Sphere","floor":26.0,"turns":4.0},{"damage":0.0,"enemies":"downfall:FleeingMerchant","floor":28.0,"turns":4.0},{"damage":0.0,"enemies":"Shelled Parasite and Fungi","floor":29.0,"turns":3.0},{"damage":0.0,"enemies":"Snake Plant","floor":31.0,"turns":3.0},{"damage":0.0,"enemies":"Centurion and Healer","floor":32.0,"turns":4.0},{"damage":4.0,"enemies":"downfall:Ironclad","floor":33.0,"turns":10.0},{"damage":0.0,"enemies":"Orb Walker","floor":36.0,"turns":2.0},{"damage":0.0,"enemies":"3 Darklings","floor":38.0,"turns":3.0},{"damage":0.0,"enemies":"downfall:FleeingMerchant","floor":39.0,"turns":4.0},{"damage":0.0,"enemies":"Maw","floor":40.0,"turns":5.0},{"damage":19.0,"enemies":"Nemesis","floor":42.0,"turns":3.0},{"damage":0.0,"enemies":"Reptomancer","floor":45.0,"turns":2.0},{"damage":0.0,"enemies":"Sphere and 2 Shapes","floor":46.0,"turns":3.0},{"damage":0.0,"enemies":"Writhing Mass","floor":49.0,"turns":3.0},{"damage":0.0,"enemies":"downfall:Defect","floor":50.0,"turns":3.0},{"damage":0.0,"enemies":"downfall:CharBossMerchant","floor":52.0,"turns":3.0},{"damage":0,"enemies":"downfall:NeowBoss","floor":55,"turns":11}],"seed_played":"-8238741943181876123","potions_obtained":[{"floor":2.0,"key":"SkillPotion"},{"floor":4.0,"key":"SkillPotion"},{"floor":10.0,"key":"champ:CounterPotion"},{"floor":15.0,"key":"Dexterity Potion"},{"floor":19.0,"key":"Guardian:BlockOnCardUsePotion"},{"floor":26.0,"key":"Guardian:AcceleratePotion"},{"floor":29.0,"key":"Guardian:AcceleratePotion"},{"floor":38.0,"key":"Regen Potion"},{"floor":46.0,"key":"Weak Potion"}],"is_trial":false,"path_per_floor":["R","M","M","?","M","M","T","?","R","E","R","M","R","E","M","B",null,"R","M","M","M","?","M","T","?","M","R","$","M","R","M","M","B",null,"R","M","?","M","$","M","T","E","R","$","E","M","R","T","M","B",null,"E","$","R","B",null],"character_chosen":"GUARDIAN","items_purchased":["Guardian:BottledAnomaly","Omamori","Guardian:Orbwalk","PowerPotion"],"campfire_rested":0,"item_purchase_floors":[28,28,44,53],"current_hp_per_floor":[65,65,65,65,65,65,65,41,41,44,44,49,49,49,39,14,58,58,50,55,47,47,46,46,45,11,11,11,16,16,16,16,12,57,57,57,57,57,57,57,57,52,62,62,66,70,70,70,70,75,86,88,88,88,92],"gold":10,"neow_bonus":"BOSS_RELIC","is_daily":false,"chose_seed":false,"campfire_upgraded":10,"win_rate":0.0,"timestamp":1610120817,"path_taken":["R","M","?","?","?","M","T","?","R","E","R","M","R","E","M","BOSS","R","M","M","M","?","M","T","?","?","R","$","?","R","M","M","BOSS","R","M","?","M","$","M","T","E","R","$","E","M","R","?","M","BOSS","E","$","R","BOSS"],"items_purchased_type":["Relic","Relic","Card","Potion"],"build_version":"2020-12-22","purchased_purges":4,"victory":true,"max_hp_per_floor":[72,72,72,72,72,72,72,72,72,72,72,72,72,72,72,72,72,72,72,72,72,72,72,72,72,72,72,72,72,72,72,72,72,72,72,72,72,72,72,72,72,72,82,82,86,90,90,90,90,90,90,92,92,92,92],"relic_stats":{"Singing Bowl":10,"counters":[31,138],"Orichalcum":[0],"Boot":[25],"obtain_stats":[{"Guardian:DefensiveModeMoreBlock":48,"downfall:ShatteredFragment":8,"downfall:HeartBlessingRed":18,"Singing Bowl":45,"Guardian:ModeShifter":0,"Vajra":10,"downfall:HeartBlessingGreen":47,"Omamori":28,"Orichalcum":42,"Ancient Tea Set":14,"sneckomod:SneckoTalon":17,"Empty Cage":34,"Boot":52,"downfall:HeartBlessingBlue":43,"MutagenicStrength":25,"Coffee Dripper":0,"Bottled Lightning":24,"Guardian:BottledAnomaly":28,"Toy Ornithopter":7},{"Guardian:DefensiveModeMoreBlock":27,"downfall:ShatteredFragment":4,"downfall:HeartBlessingRed":9,"Singing Bowl":26,"Guardian:ModeShifter":0,"Vajra":5,"downfall:HeartBlessingGreen":27,"Omamori":16,"Orichalcum":25,"Ancient Tea Set":7,"sneckomod:SneckoTalon":9,"Empty Cage":20,"Boot":30,"downfall:HeartBlessingBlue":25,"MutagenicStrength":14,"Coffee Dripper":0,"Bottled Lightning":13,"Guardian:BottledAnomaly":16,"Toy Ornithopter":4},{"Guardian:DefensiveModeMoreBlock":118,"downfall:ShatteredFragment":12,"downfall:HeartBlessingRed":42,"Singing Bowl":115,"Guardian:ModeShifter":0,"Vajra":20,"downfall:HeartBlessingGreen":118,"Omamori":76,"Orichalcum":113,"Ancient Tea Set":29,"sneckomod:SneckoTalon":42,"Empty Cage":96,"Boot":127,"downfall:HeartBlessingBlue":113,"MutagenicStrength":68,"Coffee Dripper":0,"Bottled Lightning":62,"Guardian:BottledAnomaly":76,"Toy Ornithopter":12}],"Toy Ornithopter":44},"card_choices":[{"not_picked":["Guardian:GuardianWhirl","Guardian:Suspension"],"picked":"Guardian:Gem_Blue","floor":2.0},{"not_picked":["Guardian:PiercingHide","Guardian:PrismaticBeam"],"picked":"Guardian:Recover","floor":3.0},{"not_picked":["Guardian:TemporalShield","Guardian:Recover","Guardian:ChargeCore"],"picked":"SKIP","floor":5.0},{"not_picked":["Guardian:Recover","Guardian:Emergency","Guardian:GuardianWhirl"],"picked":"SKIP","floor":6.0},{"not_picked":["Guardian:RevengeProtocol","Guardian:Incinerate"],"picked":"Guardian:Preprogram","floor":10.0},{"not_picked":["Guardian:TemporalStrike","Guardian:ChargeUp"],"picked":"Guardian:Gem_Yellow","floor":12.0},{"not_picked":["Guardian:Planning","Guardian:TemporalShield"],"picked":"Guardian:FloatingOrbs","floor":14.0},{"not_picked":["Guardian:ArmoredProtocol","Guardian:PiercingHide"],"picked":"Guardian:PolyBeam","floor":15.0},{"not_picked":["Guardian:HyperBeam_Guardian","Guardian:CompilePackage"],"picked":"Guardian:GemFinder","floor":16.0},{"not_picked":["Guardian:Gem_Green","Guardian:Gem_Lightblue"],"picked":"Guardian:Gem_Cyan","floor":19.0},{"not_picked":["Guardian:CrystalBeam","Guardian:Gem_Green"],"picked":"Guardian:EvasiveProtocol","floor":19.0},{"not_picked":["Guardian:Gem_Green","Guardian:Gem_Red"],"picked":"Guardian:Gem_Cyan","floor":20.0},{"not_picked":["Guardian:FloatingOrbs","Guardian:Gem_Purple"],"picked":"Guardian:Reroute","floor":20.0},{"not_picked":["Guardian:ArmoredProtocol","Guardian:Orbwalk"],"picked":"Guardian:TemporalStrike+1","floor":21.0},{"not_picked":["Guardian:Gem_Lightblue","Guardian:Gem_Red"],"picked":"Guardian:Gem_Cyan","floor":21.0},{"not_picked":["Guardian:CrystalBeam","Guardian:ArmoredProtocol"],"picked":"Guardian:Gem_Purple","floor":23.0},{"not_picked":["Guardian:TemporalStrike","Guardian:WalkerClaw"],"picked":"Guardian:Suspension","floor":25.0},{"not_picked":["Guardian:ShieldCharger","Guardian:Gem_Blue"],"picked":"Guardian:PrismaticBarrier","floor":26.0},{"not_picked":["Guardian:Gem_Green","Guardian:Gem_Red"],"picked":"Guardian:Gem_Cyan","floor":26.0},{"not_picked":["Guardian:Gem_Green","Guardian:WalkerClaw"],"picked":"Guardian:Incinerate","floor":28.0},{"not_picked":["Guardian:Planning+1","Guardian:EvasiveProtocol"],"picked":"Guardian:PiercingHide","floor":29.0},{"not_picked":["Guardian:Gem_Red","Guardian:Gem_Lightblue"],"picked":"Guardian:Gem_Cyan","floor":29.0},{"not_picked":["Guardian:FloatingOrbs","Guardian:Gem_Purple"],"picked":"Guardian:DecasProtection+1","floor":31.0},{"not_picked":["Guardian:TemporalShield","Guardian:PiercingHide"],"picked":"Guardian:Gem_Fragmented","floor":32.0},{"not_picked":["Guardian:Gem_Lightblue","Guardian:Gem_Green"],"picked":"Guardian:Gem_Cyan","floor":32.0},{"not_picked":["Guardian:CompilePackage","Guardian:ExploitGems"],"picked":"Guardian:StasisEngine","floor":33.0},{"not_picked":["Guardian:Incinerate","Guardian:TemporalStrike"],"picked":"Guardian:CrystalBeam","floor":36.0},{"not_picked":["Guardian:ShieldCharger","Guardian:RollAttack+1"],"picked":"Guardian:TemporalShield+1","floor":38.0},{"not_picked":["Guardian:TemporalStrike","Guardian:Reroute+1"],"picked":"Guardian:AncientConstruct","floor":39.0},{"not_picked":["Guardian:Gem_Green","Guardian:Gem_Red"],"picked":"Guardian:Gem_Cyan","floor":40.0},{"not_picked":["Guardian:TemporalShield+1","Guardian:DecasProtection","Guardian:Planning"],"picked":"SKIP","floor":40.0},{"not_picked":["Guardian:TemporalShield+1","Guardian:DecasProtection","Guardian:Planning"],"picked":"SKIP","floor":40.0},{"not_picked":["Guardian:CrystalBeam","Guardian:ShieldCharger"],"picked":"Guardian:StasisEngine","floor":42.0},{"not_picked":["Guardian:Gem_Red","Guardian:Gem_Green"],"picked":"Guardian:Gem_Cyan","floor":42.0},{"not_picked":["Guardian:Incinerate","Guardian:PolyBeam","Guardian:TemporalShield"],"picked":"Singing Bowl","floor":45.0},{"not_picked":["Guardian:Gem_Green","Guardian:Gem_Lightblue","Guardian:Gem_Cyan"],"picked":"Singing Bowl","floor":45.0},{"not_picked":["Guardian:Gem_Lightblue","Guardian:Gem_Green","Guardian:Gem_Red"],"picked":"Singing Bowl","floor":46.0},{"not_picked":["Guardian:PiercingHide","Guardian:Gem_Cyan","Guardian:Reroute"],"picked":"Singing Bowl","floor":46.0},{"not_picked":["Guardian:Incinerate","Guardian:PrimingBeam"],"picked":"Guardian:FuturePlans+1","floor":49.0},{"not_picked":["Guardian:Gem_Lightblue","Guardian:Gem_Red"],"picked":"Guardian:Gem_Green","floor":49.0},{"not_picked":["Guardian:Suspension","Guardian:HyperBeam_Guardian"],"picked":"Guardian:Clone","floor":52.0},{"not_picked":["Guardian:Gem_Green","Guardian:Gem_Cyan","Guardian:Gem_Red"],"picked":"Singing Bowl","floor":52.0}],"player_experience":2995121,"relics_obtained":[{"floor":7.0,"key":"Toy Ornithopter"},{"floor":10.0,"key":"Vajra"},{"floor":14.0,"key":"Ancient Tea Set"},{"floor":24.0,"key":"Bottled Lightning"},{"floor":25.0,"key":"MutagenicStrength"},{"floor":42.0,"key":"Orichalcum"},{"floor":45.0,"key":"Singing Bowl"},{"floor":48.0,"key":"Guardian:DefensiveModeMoreBlock"},{"floor":52.0,"key":"Boot"}],"event_choices":[{"damage_healed":0.0,"max_hp_gain":0.0,"max_hp_loss":0.0,"gold_gain":0.0,"event_name":"Lab","player_choice":"Got Potions","floor":4.0,"gold_loss":0.0,"damage_taken":0.0}],"is_beta":false,"boss_relics":[{"not_picked":["Guardian:StasisSlotReductionRelic","Sozu"],"picked":"sneckomod:SneckoTalon"},{"not_picked":["Philosopher\u0027s Stone","Fusion Hammer"],"picked":"Empty Cage"}],"items_purged_floors":[28,39,44,53],"is_endless":false,"potions_floor_spawned":[2,6,10,15,19,26,29,38,46],"ascension_level":20}}