{"host":"dhtq6diq1v6cnmza","time":1610074204,"event":{"mods":["Act Like it!","BaseMod","BetterRewards","Colored Map","Colored Powertips","Downfall","Highlight Path","Hubris","Infinite Spire","Minty Spire (QoL Compilation)","Replay The Spire","Shop Mod","StSLib","The Jungle"],"gold_per_floor":[399,419,439,439,457,486,486,496,421,421,455,455,380,19,34,138,138,138,148,168,365,381,381,381,36,46,7,7,7,7,7,24,124,124,124,124,245,297,79,98,98,98,111,111,111,126,126,155,173,173],"floor_reached":51,"playtime":5238,"items_purged":["Writhe"],"score":733,"play_id":"9f8bfb54-d484-4416-8306-e7eb024cd769","local_time":"20210107215004","is_ascension_mode":false,"campfire_choices":[{"floor":1.0,"key":"RECALL"},{"data":"Slimebound:DouseInSlime","floor":9.0,"key":"SMITH"},{"data":"Slimebound:Gluttony","floor":13.0,"key":"SMITH"},{"data":"expansioncontent:StudyTheSpire","floor":18.0,"key":"SMITH"},{"data":"Slimebound:AcidTongue","floor":23.0,"key":"SMITH"},{"data":"infinitespire:Collect","floor":35.0,"key":"SMITH"},{"data":"Slimebound:SplitMire","floor":42.0,"key":"SMITH"},{"data":"Slimebound:AcidTongue","floor":45.0,"key":"SMITH"},{"data":"Slimebound:SpikyOuterGoop","floor":47.0,"key":"SMITH"}],"circlet_count":0,"master_deck":["Slimebound:Tackle+1","Slimebound:Split","Slimebound:CorrosiveSpit","Slimebound:AcidTongue+1","Slimebound:MegaLick+1","Slimebound:DouseInSlime+1","Slimebound:SamplingLick+1","Slimebound:Gluttony+1","Slimebound:FinishingTackle","expansioncontent:StudyTheSpire+1","Slimebound:ViciousTackle","Slimebound:MassRepurpose","Slimebound:SplitMire+1","Slimebound:RejuvenatingLick","Slimebound:AcidTongue","Slimebound:SpikyOuterGoop+1","Slimebound:GoopSpray+1","Slimebound:SamplingLick+1","Slimebound:LeechEnergy","infinitespire:Collect+1","Slimebound:SamplingLick+1","Slimebound:OozeBath+1","Slimebound:GoopTackle","Slimebound:DisruptingSlam","Slimebound:FlameTackle+1","Slimebound:AcidTongue+1","Slimebound:GoopTackle","Slimebound:Dissolve","Slimebound:GoopTackle","Slimebound:Darklings","Slimebound:LeechEnergy","expansioncontent:AwakenDeath","Slimebound:Schlurp+1","Slimebound:MegaLick","Slimebound:LeadByExample"],"relics":["Slimebound:AbsorbEndCombat","Old Coin","hubris:Towel","Singing Bowl","Slimebound:MaxSlimesRelic","downfall:HeartBlessingRed","hubris:Spice","downfall:HeartBlessingGreen","PreservedInsect","Black Star","infinitespire:BottledMercury","infinitespire:Bottled Soul","Pandora\u0027s Box","Replay:Towering Pillar of Hats","Anchor","hubris:FunFungus","Replay:Bottled Eggs","Whetstone"],"acts_visited":["Exordium","TheCity","TheBeyond"],"potions_floor_usage":[],"damage_taken":[{"damage":9.0,"enemies":"Small Slimes","floor":2.0,"turns":3.0},{"damage":10.0,"enemies":"Jaw Worm","floor":3.0,"turns":4.0},{"damage":7.0,"enemies":"Cultist","floor":5.0,"turns":3.0},{"damage":34.0,"enemies":"Lagavulin","floor":6.0,"turns":7.0},{"damage":20.0,"enemies":"Lots of Slimes","floor":8.0,"turns":5.0},{"damage":42.0,"enemies":"3 Sentries","floor":11.0,"turns":6.0},{"damage":19.0,"enemies":"downfall:FleeingMerchant","floor":14.0,"turns":4.0},{"damage":10.0,"enemies":"3 Louse","floor":15.0,"turns":4.0},{"damage":28.0,"enemies":"downfall:Watcher","floor":16.0,"turns":8.0},{"damage":12.0,"enemies":"Chosen","floor":19.0,"turns":3.0},{"damage":4.0,"enemies":"Spheric Guardian","floor":20.0,"turns":2.0},{"damage":35.0,"enemies":"3 Cultists","floor":22.0,"turns":5.0},{"damage":20.0,"enemies":"downfall:FleeingMerchant","floor":25.0,"turns":4.0},{"damage":36.0,"enemies":"Snecko","floor":26.0,"turns":5.0},{"damage":15.0,"enemies":"downfall:FleeingMerchant","floor":27.0,"turns":4.0},{"damage":33.0,"enemies":"Snake Plant","floor":32.0,"turns":3.0},{"damage":31.0,"enemies":"downfall:Ironclad","floor":33.0,"turns":5.0},{"damage":23.0,"enemies":"downfall:FleeingMerchant","floor":37.0,"turns":4.0},{"damage":53.0,"enemies":"2 Orb Walkers","floor":38.0,"turns":4.0},{"damage":44.0,"enemies":"3 Shapes","floor":40.0,"turns":7.0},{"damage":40.0,"enemies":"3 Darklings","floor":43.0,"turns":5.0},{"damage":29.0,"enemies":"Spire Growth","floor":46.0,"turns":4.0},{"damage":81,"enemies":"Reptomancer","floor":48,"turns":5},{"damage":32,"enemies":"Transient","floor":49,"turns":5},{"damage":53,"enemies":"downfall:Defect","floor":50,"turns":7}],"seed_played":"2343180518523373440","potions_obtained":[{"floor":5.0,"key":"SkillPotion"},{"floor":11.0,"key":"Slimebound:SlimedPotion"},{"floor":15.0,"key":"champ:CounterPotion"},{"floor":16.0,"key":"Adrenaline Potion"},{"floor":32.0,"key":"EntropicBrew"},{"floor":33.0,"key":"SkillPotion"},{"floor":43.0,"key":"Swift Potion"},{"floor":46.0,"key":"Cursed Concoction"},{"floor":48,"key":"LiquidMemories"}],"is_trial":false,"path_per_floor":["R","M","M","?","M","E","T","M","R","?","E","?","R","$","M","B",null,"R","M","M","?","M","R","T","$","M","$","?","?","T","?","M","B",null,"R","?","$","?","$","M","T","R","M","?","R","M","R","E","M","B",null],"character_chosen":"SLIMEBOUND","items_purchased":["expansioncontent:StudyTheSpire","PreservedInsect","Slimebound:SpikyOuterGoop","infinitespire:Bottled Soul","Slimebound:LeechEnergy","Slimebound:LeechEnergy","expansioncontent:AwakenDeath","Slimebound:MegaLick","Anchor"],"campfire_rested":0,"item_purchase_floors":[14,14,25,25,27,37,37,39,39],"current_hp_per_floor":[54,54,54,54,54,39,39,43,43,43,29,29,29,34,44,48,62,62,62,62,40,35,35,35,43,37,48,48,32,40,40,27,30,66,66,66,63,43,43,43,43,43,56,56,56,55,55,27,32,41],"gold":173,"neow_bonus":"ONE_RARE_RELIC","is_daily":false,"chose_seed":false,"campfire_upgraded":8,"win_rate":0.0,"timestamp":1610074204,"path_taken":["R","M","M","?","M","E","T","M","R","?","E","?","R","$","M","BOSS","R","M","M","?","?","R","T","?","M","$","?","?","?","?","M","BOSS","R","?","$","?","?","M","T","R","M","?","R","M","R","E","M","BOSS"],"items_purchased_type":["Card","Relic","Card","Relic","Card","Card","Card","Card","Relic"],"build_version":"2020-12-22","purchased_purges":1,"victory":true,"max_hp_per_floor":[54,54,54,54,54,54,54,54,54,54,62,62,62,62,62,62,62,62,62,62,64,64,64,64,66,66,66,66,66,74,66,66,66,66,66,66,68,68,68,70,70,70,72,72,72,72,72,74,76,76],"card_choices":[{"not_picked":["Slimebound:RollThrough","Slimebound:PressTheAttack"],"picked":"Slimebound:AcidTongue","floor":2.0},{"not_picked":["Slimebound:RollThrough","Slimebound:HauntingLick"],"picked":"Slimebound:MegaLick","floor":3.0},{"not_picked":["Slimebound:PressTheAttack","Slimebound:SlimeSpikes","Slimebound:Chomp"],"picked":"SKIP","floor":5.0},{"not_picked":["Slimebound:GrowthPunch","Slimebound:FinishingTackle"],"picked":"Slimebound:DouseInSlime","floor":6.0},{"not_picked":["Slimebound:PressTheAttack","Slimebound:SplitBruiser"],"picked":"Slimebound:SamplingLick","floor":8.0},{"not_picked":["Slimebound:BestDefense","Slimebound:SlimeSpikes"],"picked":"Slimebound:Gluttony","floor":11.0},{"not_picked":["Slimebound:WasteNot","Slimebound:SplitLeeching"],"picked":"Slimebound:FinishingTackle","floor":14.0},{"not_picked":["Slimebound:ComboTackle","Slimebound:ProtectTheBoss"],"picked":"Slimebound:ViciousTackle","floor":15.0},{"not_picked":["Slimebound:Teamwork","Slimebound:RallyTheTroops"],"picked":"Slimebound:MassRepurpose","floor":16.0},{"not_picked":["Slimebound:GrowthPunch","Slimebound:RollThrough"],"picked":"Slimebound:SplitMire","floor":19.0},{"not_picked":["Slimebound:GrowthPunch","Slimebound:DivideAndConquer+1"],"picked":"Slimebound:RejuvenatingLick","floor":20.0},{"not_picked":["Slimebound:ForwardTackle","Slimebound:RallyTheTroops","Slimebound:SplitBruiser"],"picked":"Singing Bowl","floor":21.0},{"not_picked":["Slimebound:RollThrough","Slimebound:SplitMire"],"picked":"Slimebound:AcidTongue","floor":22.0},{"not_picked":["Slimebound:PressTheAttack","Slimebound:GoopTackle","Slimebound:BestDefense+1"],"picked":"Singing Bowl","floor":25.0},{"not_picked":["Slimebound:SplitMire","Slimebound:FinishingTackle"],"picked":"Slimebound:GoopSpray+1","floor":26.0},{"not_picked":["Slimebound:ProtectTheBoss","Slimebound:SlimeBrawl+1"],"picked":"Slimebound:SamplingLick","floor":27.0},{"not_picked":["infinitespire:Gouge","hubris:Rewind"],"picked":"infinitespire:Collect","floor":29.0},{"not_picked":["Slimebound:PressTheAttack","Slimebound:ProtectTheBoss"],"picked":"Slimebound:SamplingLick","floor":32.0},{"not_picked":["hubris:SpiceAddiction","Slimebound:Overexert"],"picked":"Slimebound:OozeBath","floor":33.0},{"not_picked":["Slimebound:Grow","Slimebound:GoopTackle","Slimebound:SplitLeeching+1"],"picked":"Singing Bowl","floor":37.0},{"not_picked":["Slimebound:SlimeSpikes+1","Slimebound:AcidTongue"],"picked":"Slimebound:Schlurp+1","floor":38.0},{"not_picked":["Slimebound:SplitAcid+1","Slimebound:SplitBruiser","Slimebound:ViciousTackle"],"picked":"Singing Bowl","floor":40.0},{"not_picked":["Slimebound:GoopSpray+1","Slimebound:GrowthPunch","hubris:SpiceAddiction"],"picked":"Singing Bowl","floor":43.0},{"not_picked":["Slimebound:ServeAndProtect+1","Slimebound:Schlurp"],"picked":"Slimebound:LeadByExample","floor":46.0},{"not_picked":["hubris:SpiceAddiction","Slimebound:GrowthPunch+1","Slimebound:FormOfPuddle"],"picked":"Singing Bowl","floor":48},{"not_picked":["Slimebound:SplitLeeching+1","hubris:SpiceAddiction","Slimebound:Gluttony+1"],"picked":"Singing Bowl","floor":49}],"player_experience":207990,"relics_obtained":[{"floor":6.0,"key":"Singing Bowl"},{"floor":7.0,"key":"Slimebound:MaxSlimesRelic"},{"floor":11.0,"key":"hubris:Spice"},{"floor":24.0,"key":"infinitespire:BottledMercury"},{"floor":30.0,"key":"hubris:Spice"},{"floor":38.0,"key":"Replay:Towering Pillar of Hats"},{"floor":41.0,"key":"hubris:FunFungus"},{"floor":48,"key":"Replay:Bottled Eggs"},{"floor":48,"key":"Whetstone"}],"event_choices":[{"damage_healed":0.0,"max_hp_gain":0.0,"max_hp_loss":0.0,"gold_gain":0.0,"event_name":"Mysterious Sphere","player_choice":"Fight","floor":38.0,"gold_loss":0.0,"damage_taken":0.0}],"is_beta":false,"boss_relics":[{"not_picked":["hubris:Spice","Replay:Drink Me"],"picked":"Black Star"},{"not_picked":["hubris:Spice","infinitespire:Cupcake"],"picked":"Pandora\u0027s Box"}],"items_purged_floors":[37],"is_endless":false,"potions_floor_spawned":[5,11,15,16,20,32,33,43,46,48],"ascension_level":0}}