{"host":"ff4g3thpm8pmsxyp","time":1610114325,"event":{"mods":["AchievementEnabler","BaseMod","Colored Map","DeckTracker","Highlight Path","Minty Spire (QoL Compilation)","Permanent Neow","Rare Cards Sparkle","Relic Stats","StSLib","SuperFastMode"],"gold_per_floor":[111,111,125,141,154,189,189,218,218,234,234,159,178,212,212,317,317,327,338,348,60,76,111,111,144,169,169,169],"floor_reached":27,"playtime":1352,"items_purged":["Strike_G","Strike_G"],"score":525,"play_id":"efe76e58-605a-4263-b611-29ce52e54259","local_time":"20210108085845","is_ascension_mode":true,"campfire_choices":[{"data":"After Image","floor":7,"key":"SMITH"},{"floor":11,"key":"REST"},{"data":"Noxious Fumes","floor":15,"key":"SMITH"},{"data":"Apotheosis","floor":24,"key":"SMITH"}],"circlet_count":0,"master_deck":["AscendersBane","Strike_G","Strike_G","Strike_G","Defend_G","Defend_G","Defend_G","Defend_G","Defend_G","Survivor","Neutralize","Deadly Poison","After Image+1","Neutralize","Bane","Noxious Fumes+1","Blur","Tactician","Dagger Throw","Prepared","Bane","Calculated Gamble","Adrenaline","Blur","Prepared+1","Apotheosis+1","Deflect+1","Deadly Poison","Cloak And Dagger+1"],"relics":["Ring of the Snake","Tingsha","Omamori","Toy Ornithopter","Letter Opener","Ice Cream","Coffee Dripper","Kunai","Orichalcum","Tiny Chest"],"acts_visited":["Exordium","TheCity"],"potions_floor_usage":[16,25],"damage_taken":[{"damage":4.0,"enemies":"2 Louse","floor":1.0,"turns":3.0},{"damage":0,"enemies":"Cultist","floor":3,"turns":4},{"damage":4,"enemies":"Jaw Worm","floor":4,"turns":3},{"damage":14,"enemies":"3 Louse","floor":5,"turns":4},{"damage":6,"enemies":"Lagavulin","floor":6,"turns":7},{"damage":19,"enemies":"3 Sentries","floor":8,"turns":8},{"damage":12,"enemies":"Exordium Wildlife","floor":10,"turns":4},{"damage":1,"enemies":"Looter","floor":13,"turns":3},{"damage":0,"enemies":"Lagavulin","floor":14,"turns":6},{"damage":2,"enemies":"The Guardian","floor":16,"turns":8},{"damage":3,"enemies":"Chosen","floor":18,"turns":4},{"damage":2,"enemies":"Spheric Guardian","floor":19,"turns":4},{"damage":4,"enemies":"Centurion and Healer","floor":20,"turns":9},{"damage":0,"enemies":"Snake Plant","floor":22,"turns":4},{"damage":9,"enemies":"Book of Stabbing","floor":23,"turns":6},{"damage":16,"enemies":"Gremlin Leader","floor":25,"turns":7},{"damage":27,"enemies":"Slavers","floor":27,"turns":5}],"seed_played":"8703212444167670972","potions_obtained":[{"floor":1.0,"key":"LiquidMemories"},{"floor":5,"key":"Poison Potion"},{"floor":8,"key":"Strength Potion"},{"floor":10,"key":"BlessingOfTheForge"},{"floor":16,"key":"DuplicationPotion"}],"is_trial":false,"path_per_floor":["M","?","M","M","M","E","R","E","T","M","R","$","M","E","R","B",null,"M","M","M","$","M","E","R","E","T","E"],"character_chosen":"THE_SILENT","items_purchased":["Apotheosis"],"campfire_rested":1,"item_purchase_floors":[21],"current_hp_per_floor":[59,59,59,55,41,35,35,16,16,4,22,22,21,21,21,24,53,50,48,44,44,44,35,35,24,24,0,0],"gold":169,"neow_bonus":"ONE_RARE_RELIC","is_daily":false,"chose_seed":false,"campfire_upgraded":3,"win_rate":0.0,"timestamp":1610114325,"path_taken":["M","?","M","M","M","E","R","E","T","M","R","?","M","E","R","BOSS","M","M","M","$","M","E","R","E","T","E"],"items_purchased_type":["Card"],"build_version":"2020-12-22","purchased_purges":2,"victory":false,"max_hp_per_floor":[63,63,63,63,63,63,63,63,63,63,63,63,63,63,63,63,63,63,63,63,63,63,63,63,63,63,63,63],"relic_stats":{"counters":[17,89],"Tingsha":[218],"Tiny Chest":0,"Letter Opener":[191],"Kunai":[2],"Orichalcum":[0],"obtain_stats":[{"Ice Cream":14,"Tingsha":0,"Tiny Chest":26,"Omamori":6,"Coffee Dripper":17,"Letter Opener":9,"Kunai":23,"Orichalcum":25,"Toy Ornithopter":8,"Ring of the Snake":0},{"Ice Cream":9,"Tingsha":0,"Tiny Chest":16,"Omamori":5,"Coffee Dripper":10,"Letter Opener":6,"Kunai":15,"Orichalcum":16,"Toy Ornithopter":6,"Ring of the Snake":0},{"Ice Cream":42,"Tingsha":0,"Tiny Chest":84,"Omamori":21,"Coffee Dripper":50,"Letter Opener":29,"Kunai":77,"Orichalcum":84,"Toy Ornithopter":29,"Ring of the Snake":0}],"Toy Ornithopter":10,"Ring of the Snake":[34]},"card_choices":[{"not_picked":["Finisher","Outmaneuver"],"picked":"Deadly Poison","floor":1.0},{"not_picked":["Caltrops","Setup"],"picked":"Noxious Fumes","floor":3},{"not_picked":["Blade Dance","Slice"],"picked":"Blur","floor":4},{"not_picked":["Underhanded Strike","Bane"],"picked":"Tactician","floor":5},{"not_picked":["Poisoned Stab","Distraction"],"picked":"Dagger Throw","floor":6},{"not_picked":["Bane","Phantasmal Killer"],"picked":"Prepared","floor":8},{"not_picked":["Flying Knee","Slice"],"picked":"Bane","floor":10},{"not_picked":["Outmaneuver","Sucker Punch"],"picked":"Calculated Gamble","floor":13},{"not_picked":["Dash","Slice","Dagger Throw"],"picked":"SKIP","floor":14},{"not_picked":["Wraith Form v2","Malaise"],"picked":"Adrenaline","floor":16},{"not_picked":["Flying Knee","Bane"],"picked":"Blur","floor":18},{"not_picked":["Accuracy+1","Slice","Bane"],"picked":"SKIP","floor":19},{"not_picked":["Dagger Throw","Dodge and Roll"],"picked":"Prepared+1","floor":20},{"not_picked":["Bane","Dagger Spray"],"picked":"Deflect+1","floor":22},{"not_picked":["Deflect","Prepared"],"picked":"Deadly Poison","floor":23},{"not_picked":["Infinite Blades","Dodge and Roll+1"],"picked":"Cloak And Dagger+1","floor":25}],"player_experience":258111,"relics_obtained":[{"floor":6,"key":"Omamori"},{"floor":8,"key":"Toy Ornithopter"},{"floor":9,"key":"Letter Opener"},{"floor":14,"key":"Ice Cream"},{"floor":23,"key":"Kunai"},{"floor":25,"key":"Orichalcum"},{"floor":26,"key":"Tiny Chest"}],"event_choices":[{"damage_healed":0,"gold_gain":0,"player_choice":"3 cards matched","damage_taken":0,"max_hp_gain":0,"max_hp_loss":0,"event_name":"Match and Keep!","floor":2,"gold_loss":0,"cards_obtained":["After Image","Neutralize","Bane"]}],"is_beta":false,"boss_relics":[{"not_picked":["SacredBark","Ectoplasm"],"picked":"Coffee Dripper"}],"items_purged_floors":[12,21],"is_endless":false,"potions_floor_spawned":[1,5,8,10,16,22],"killed_by":"Slavers","ascension_level":10}}