{"host":"3ykswgue17e1ycc2","time":1610119302,"event":{"mods":["BaseMod","Colored Powertips","Dark Map","Minty Spire (QoL Compilation)","Quick Restart","Rare Cards Sparkle","StSLib"],"gold_per_floor":[115,134,134,147,147,173,173,206,206,206,206,84,84,84],"floor_reached":13,"playtime":218,"items_purged":[],"score":132,"play_id":"d51ba81e-1fbb-4c76-86e1-2d95860ef5fc","local_time":"20210108222142","is_ascension_mode":true,"campfire_choices":[{"data":"Bash","floor":7,"key":"SMITH"},{"data":"True Grit","floor":11,"key":"SMITH"}],"circlet_count":0,"master_deck":["Strike_R","Strike_R","Strike_R","Defend_R","Defend_R","Defend_R","Defend_R","Bash+1","True Grit+1","Cleave","Cleave","Headbutt","Flex"],"relics":["Burning Blood","NeowsBlessing","The Courier","Smiling Mask","Singing Bowl","Art of War"],"acts_visited":["Exordium"],"potions_floor_usage":[6,8],"damage_taken":[{"damage":0,"enemies":"Cultist","floor":1,"turns":1},{"damage":0,"enemies":"2 Louse","floor":2,"turns":1},{"damage":0,"enemies":"Small Slimes","floor":4,"turns":1},{"damage":36,"enemies":"Gremlin Nob","floor":6,"turns":6},{"damage":40,"enemies":"Lagavulin","floor":8,"turns":5},{"damage":26,"enemies":"3 Sentries","floor":13,"turns":4}],"seed_played":"-246534716006301648","potions_obtained":[{"floor":2,"key":"AttackPotion"},{"floor":4,"key":"Regen Potion"}],"is_trial":false,"path_per_floor":["M","M","$","M","?","E","R","E","T","?","R","$","E"],"character_chosen":"IRONCLAD","items_purchased":["Art of War"],"campfire_rested":0,"item_purchase_floors":[12],"current_hp_per_floor":[78,80,80,80,73,43,43,21,21,21,21,21,0,0],"gold":84,"neow_bonus":"THREE_ENEMY_KILL","is_daily":false,"chose_seed":false,"campfire_upgraded":2,"win_rate":0.0,"timestamp":1610119302,"path_taken":["M","?","$","M","?","E","R","E","T","?","R","$","E"],"items_purchased_type":["Relic"],"build_version":"2020-12-22","purchased_purges":0,"victory":false,"max_hp_per_floor":[80,80,80,80,80,80,80,80,80,80,80,80,80,80],"card_choices":[{"not_picked":["Perfected Strike","Clothesline"],"picked":"True Grit","floor":1},{"not_picked":["Heavy Blade","Armaments"],"picked":"Cleave","floor":2},{"not_picked":["Body Slam","Havoc"],"picked":"Cleave","floor":4},{"not_picked":["Anger","Fire Breathing"],"picked":"Headbutt","floor":6},{"not_picked":["Combust","Heavy Blade"],"picked":"Flex","floor":8}],"player_experience":315597,"relics_obtained":[{"floor":6,"key":"The Courier"},{"floor":8,"key":"Smiling Mask"},{"floor":9,"key":"Singing Bowl"}],"event_choices":[{"cards_removed":["Strike_R"],"damage_healed":0,"gold_gain":0,"player_choice":"Card Removal","damage_taken":7,"max_hp_gain":0,"max_hp_loss":0,"event_name":"Golden Wing","floor":5,"gold_loss":0},{"cards_removed":["Strike_R"],"damage_healed":0,"gold_gain":0,"player_choice":"Purged","damage_taken":0,"max_hp_gain":0,"max_hp_loss":0,"event_name":"Purifier","floor":10,"gold_loss":0}],"is_beta":false,"boss_relics":[],"items_purged_floors":[],"is_endless":false,"potions_floor_spawned":[2,4],"killed_by":"3 Sentries","ascension_level":9}}