{"host":"ig7tc0uedzltt2sr","time":1610067886,"event":{"mods":["BaseMod","Better Twitch Integration","Block Reminder","Colored Map","Colored Powertips","Communication Mod","Current Relic Mod","GifTheSpireLib","HexUI Lib","Minty Spire (QoL Compilation)","Quick Restart","Random Character Button","Rare Cards Sparkle","Relic Sorter","Relic Stats","Slay the Relics Exporter","StSLib","SuperFastMode","Synergy Search","Twitch Decklist","Twitch Utils","everything is the same but u backflip on backflip","slay the spire mod where everything is the same but ironclad has a cowboy hat"],"gold_per_floor":[116,116,116,128,146,146,165,181,181,181,181],"floor_reached":10,"playtime":106,"items_purged":[],"score":60,"play_id":"bd257da4-985a-4b15-afb2-78c49dc7e816","local_time":"20210107170446","is_ascension_mode":false,"campfire_choices":[{"floor":6,"key":"RECALL"}],"circlet_count":0,"master_deck":["Strike_R","Strike_R","Strike_R","Strike_R","Defend_R","Defend_R","Defend_R","Defend_R","Bash","Rampage","Iron Wave","Power Through","Rampage","Pummel"],"relics":["Burning Blood"],"acts_visited":["Exordium"],"potions_floor_usage":[],"damage_taken":[{"damage":69,"enemies":"Cultist","floor":1,"turns":10},{"damage":15,"enemies":"Jaw Worm","floor":4,"turns":7},{"damage":0,"enemies":"2 Louse","floor":5,"turns":7},{"damage":11,"enemies":"Lots of Slimes","floor":7,"turns":11},{"damage":15,"enemies":"3 Louse","floor":8,"turns":4},{"damage":44,"enemies":"Gremlin Nob","floor":10,"turns":4}],"seed_played":"-7332721357145487348","potions_obtained":[{"floor":4,"key":"Swift Potion"},{"floor":5,"key":"DistilledChaos"}],"is_trial":false,"path_per_floor":["M","?","?","M","M","R","M","M","T","E"],"character_chosen":"IRONCLAD","items_purchased":[],"campfire_rested":0,"item_purchase_floors":[],"current_hp_per_floor":[25,54,54,45,51,51,46,37,37,0,0],"gold":181,"neow_bonus":"TEN_PERCENT_HP_BONUS","is_daily":false,"chose_seed":false,"campfire_upgraded":0,"win_rate":0.0,"timestamp":1610067886,"path_taken":["M","?","?","M","?","R","M","?","T","E"],"items_purchased_type":[],"build_version":"2020-12-22","purchased_purges":0,"victory":false,"max_hp_per_floor":[88,88,88,88,88,88,88,88,88,88,88],"relic_stats":{"counters":[6,43],"obtain_stats":[{"Burning Blood":0},{"Burning Blood":0},{"Burning Blood":0}],"Burning Blood":30},"card_choices":[{"not_picked":["Anger","Thunderclap","Sentinel"],"picked":"SKIP","floor":1},{"not_picked":["Cleave","Anger"],"picked":"Iron Wave","floor":4},{"not_picked":["Perfected Strike","Entrench"],"picked":"Power Through","floor":5},{"not_picked":["Iron Wave","Cleave"],"picked":"Rampage","floor":7},{"not_picked":["Cleave","Body Slam"],"picked":"Pummel","floor":8}],"player_experience":1465537,"relics_obtained":[],"event_choices":[{"damage_healed":29,"gold_gain":0,"player_choice":"Banana","damage_taken":0,"max_hp_gain":0,"max_hp_loss":0,"event_name":"Big Fish","floor":2,"gold_loss":0},{"damage_healed":0,"gold_gain":0,"cards_transformed":["Strike_R"],"player_choice":"Change","damage_taken":0,"max_hp_gain":0,"max_hp_loss":0,"event_name":"Living Wall","floor":3,"gold_loss":0,"cards_obtained":["Rampage"]}],"is_beta":false,"boss_relics":[],"items_purged_floors":[],"is_endless":false,"potions_floor_spawned":[4,5],"killed_by":"Gremlin Nob","ascension_level":0}}