{"host":"luggkjkcl69096c9","time":1610075894,"event":{"mods":["AchievementEnabler","BaseMod","Colored Map","Colored Powertips","Highlight Path","Minty Spire (QoL Compilation)","Quick Restart","StSLib","SuperFastMode"],"gold_per_floor":[114,114,129,129,28,28,42,42,42,53,53,53,86,161,161,265,265,235,235,61,0,10,10,21,21,45,45,45,91,107,117,117,117,117],"floor_reached":33,"playtime":1877,"items_purged":["Strike_P","TalkToTheHand"],"score":267,"play_id":"36411818-2387-4737-9d3f-cd5768b27771","local_time":"20210107191814","is_ascension_mode":false,"campfire_choices":[{"floor":6,"key":"RECALL"},{"data":"Evaluate","floor":8,"key":"SMITH"},{"data":"Pray","floor":12,"key":"SMITH"},{"floor":15,"key":"REST"},{"floor":23,"key":"REST"},{"floor":25,"key":"REST"},{"floor":27,"key":"REST"},{"floor":32,"key":"REST"}],"circlet_count":0,"master_deck":["Defend_P+1","Defend_P","Defend_P","Eruption","Vigilance","PathToVictory","Evaluate+1","FlurryOfBlows","Halt+1","Pray+1","DevaForm","Ragnarok","Conclude","BattleHymn+1","FearNoEvil","Bite","Bite","Bite","Bite","Bite","FlurryOfBlows+1"],"relics":["HolyWater","NeowsBlessing","Toy Ornithopter","Spirit Poop","War Paint","Vajra","Anchor"],"acts_visited":["Exordium","TheCity"],"potions_floor_usage":[13,16],"damage_taken":[{"damage":0,"enemies":"2 Louse","floor":1,"turns":1},{"damage":0,"enemies":"Jaw Worm","floor":3,"turns":1},{"damage":0,"enemies":"Cultist","floor":7,"turns":1},{"damage":0,"enemies":"Exordium Wildlife","floor":10,"turns":4},{"damage":38,"enemies":"Lagavulin","floor":13,"turns":7},{"damage":30,"enemies":"Hexaghost","floor":16,"turns":9},{"damage":30,"enemies":"2 Thieves","floor":18,"turns":5},{"damage":24,"enemies":"Shell Parasite","floor":22,"turns":6},{"damage":32,"enemies":"Snake Plant","floor":24,"turns":5},{"damage":19,"enemies":"Cultist and Chosen","floor":30,"turns":5},{"damage":36,"enemies":"Sentry and Sphere","floor":31,"turns":6},{"damage":30,"enemies":"Automaton","floor":33,"turns":4}],"seed_played":"4388419349244271648","potions_obtained":[{"floor":1,"key":"LiquidMemories"},{"floor":13,"key":"Block Potion"},{"floor":24,"key":"Swift Potion"},{"floor":31,"key":"StancePotion"}],"is_trial":false,"path_per_floor":["M","?","M","?","$","R","M","R","T","M","$","R","E","?","R","B",null,"M","?","$","?","M","R","M","R","T","R","?","T","M","M","R","B"],"character_chosen":"WATCHER","items_purchased":["FlurryOfBlows","Conclude"],"campfire_rested":5,"item_purchase_floors":[5,20],"current_hp_per_floor":[72,72,72,72,72,72,72,72,72,72,72,72,39,28,49,24,72,42,42,42,42,18,39,7,28,28,49,49,49,37,9,24,0,0],"gold":117,"neow_bonus":"THREE_ENEMY_KILL","is_daily":false,"chose_seed":false,"campfire_upgraded":2,"win_rate":0.0,"timestamp":1610075894,"path_taken":["M","?","M","?","$","R","?","R","T","M","$","R","E","?","R","BOSS","M","?","$","?","M","R","?","R","T","R","?","?","M","M","R","BOSS"],"items_purchased_type":["Card","Card"],"build_version":"2020-12-22","purchased_purges":2,"victory":false,"max_hp_per_floor":[72,72,72,72,72,72,72,72,72,72,72,72,72,72,72,72,72,72,72,72,72,72,72,72,72,72,72,50,50,50,50,50,50,50],"card_choices":[{"not_picked":["FearNoEvil","Halt"],"picked":"PathToVictory","floor":1},{"not_picked":["DeusExMachina","CutThroughFate"],"picked":"Evaluate","floor":3},{"not_picked":["DeceiveReality","CrushJoints"],"picked":"Halt","floor":7},{"not_picked":["FollowUp","Swivel"],"picked":"Pray","floor":10},{"not_picked":["SashWhip","Crescendo"],"picked":"MasterReality","floor":13},{"not_picked":["DeusExMachina","Brilliance"],"picked":"DevaForm","floor":16},{"not_picked":["JustLucky+1","EmptyFist+1","Indignation"],"picked":"SKIP","floor":18},{"not_picked":["Weave","CarveReality+1"],"picked":"BattleHymn+1","floor":22},{"not_picked":["TalkToTheHand+1","SashWhip+1"],"picked":"FearNoEvil","floor":24},{"not_picked":["CrushJoints","LikeWater"],"picked":"FlurryOfBlows+1","floor":30},{"not_picked":["Consecrate","FlyingSleeves","FollowUp"],"picked":"SKIP","floor":31}],"player_experience":132316,"relics_obtained":[{"floor":13,"key":"War Paint"},{"floor":26,"key":"Vajra"},{"floor":29,"key":"Anchor"}],"event_choices":[{"damage_healed":0,"gold_gain":0,"player_choice":"Box","damage_taken":0,"relics_obtained":["Toy Ornithopter"],"max_hp_gain":0,"max_hp_loss":0,"event_name":"Big Fish","floor":2,"gold_loss":0,"cards_obtained":["Regret"]},{"cards_removed":["Regret"],"damage_healed":0,"gold_gain":0,"player_choice":"Offered Curse","damage_taken":0,"relics_obtained":["Spirit Poop"],"max_hp_gain":0,"max_hp_loss":0,"event_name":"Bonfire Elementals","floor":4,"gold_loss":0},{"damage_healed":0,"gold_gain":75,"player_choice":"Gather Gold","damage_taken":11,"max_hp_gain":0,"max_hp_loss":0,"event_name":"World of Goop","floor":14,"gold_loss":0},{"damage_healed":0,"gold_gain":0,"cards_transformed":["Defend_P","MasterReality"],"player_choice":"Became Test Subject","damage_taken":0,"max_hp_gain":0,"max_hp_loss":0,"event_name":"Drug Dealer","floor":19,"gold_loss":0,"cards_obtained":["Ragnarok","TalkToTheHand"]},{"damage_healed":0,"gold_gain":0,"player_choice":"Paid Fearfully","damage_taken":0,"max_hp_gain":0,"max_hp_loss":0,"event_name":"Masked Bandits","floor":21,"gold_loss":61},{"damage_healed":0,"gold_gain":0,"player_choice":"Became a vampire","damage_taken":0,"max_hp_gain":0,"max_hp_loss":22,"event_name":"Vampires","floor":28,"gold_loss":0,"cards_obtained":["Bite","Bite","Bite","Bite","Bite"]}],"is_beta":false,"boss_relics":[{"not_picked":["SlaversCollar","SacredBark"],"picked":"HolyWater"}],"items_purged_floors":[5,20],"is_endless":false,"potions_floor_spawned":[1,13,24,31],"killed_by":"Automaton","ascension_level":0}}