{"host":"nrxstibvl428zo7h","time":1610093733,"event":{"mods":["AchievementEnabler","BaseMod","Colored Map","Downfall","Hermit","Minty Spire (QoL Compilation)","StSLib","The Cursed"],"gold_per_floor":[99,99,117,117,131,131,156,174,624,624,643,660,660,660,679,775,775,775,792,810,910,910,1010,1036,1071,1071,1086,1100,1100,1100],"floor_reached":29,"playtime":1442,"items_purged":[],"score":260,"play_id":"3249b9e9-c83d-4197-817e-07efa25096ed","local_time":"20210108001533","is_ascension_mode":false,"campfire_choices":[{"data":"Guardian:TwinSlam","floor":1,"key":"SMITH"},{"data":"Guardian:CurlUp","floor":6,"key":"SMITH"},{"data":"Guardian:ChargeUp","floor":10,"key":"SMITH"},{"data":"Guardian:WalkerClaw","floor":13,"key":"SMITH"},{"data":"Guardian:TimeSifter","floor":18,"key":"SMITH"},{"floor":26,"key":"REST"}],"circlet_count":0,"master_deck":["Guardian:Strike_Guardian","Guardian:Strike_Guardian","Guardian:Strike_Guardian","Guardian:Defend_Guardian","Guardian:Defend_Guardian","Guardian:Defend_Guardian","Guardian:Defend_Guardian","Guardian:CurlUp+1","Guardian:TwinSlam+1","Guardian:Recover","Guardian:ChargeUp+1","Slimebound:Icky","Slimebound:Icky","Guardian:WalkerClaw+1","Guardian:Gem_Blue","Guardian:EvasiveProtocol","Guardian:TimeSifter+1","Guardian:ChargeCore+1","Guardian:Harden+1","Guardian:Preprogram+1","Guardian:Gem_Green","J.A.X.+1","Guardian:DecasProtection+1","Guardian:TemporalShield","Guardian:Gem_Blue"],"relics":["Guardian:ModeShifter","Boot","Guardian:PickAxe","Philosopher\u0027s Stone","MutagenicStrength","War Paint","Ancient Tea Set"],"acts_visited":["Exordium","TheCity"],"potions_floor_usage":[],"damage_taken":[{"damage":0,"enemies":"Cultist","floor":3,"turns":4},{"damage":0,"enemies":"Jaw Worm","floor":5,"turns":5},{"damage":0,"enemies":"Small Slimes","floor":8,"turns":4},{"damage":3,"enemies":"Blue Slaver","floor":11,"turns":4},{"damage":0,"enemies":"2 Fungi Beasts","floor":12,"turns":4},{"damage":12,"enemies":"2 Fungi Beasts","floor":14,"turns":5},{"damage":2,"enemies":"Exordium Wildlife","floor":15,"turns":4},{"damage":24,"enemies":"downfall:Silent","floor":16,"turns":10},{"damage":13,"enemies":"3 Byrds","floor":19,"turns":4},{"damage":0,"enemies":"Spheric Guardian","floor":20,"turns":4},{"damage":42,"enemies":"downfall:Augmenter","floor":23,"turns":9},{"damage":21,"enemies":"Gremlin Leader","floor":25,"turns":6},{"damage":10,"enemies":"Centurion and Healer","floor":27,"turns":6},{"damage":15,"enemies":"3 Cultists","floor":28,"turns":5},{"damage":16,"enemies":"Shelled Parasite and Fungi","floor":29,"turns":2}],"seed_played":"-5059952948040764162","potions_obtained":[{"floor":5,"key":"champ:CounterPotion"},{"floor":11,"key":"FearPotion"},{"floor":19,"key":"FearPotion"}],"is_trial":false,"path_per_floor":["R","?","M","?","M","R","T","M","?","R","M","M","R","?","M","B",null,"R","M","M","?","?","?","T","E","R","M","M","M"],"character_chosen":"GUARDIAN","items_purchased":[],"campfire_rested":1,"item_purchase_floors":[],"current_hp_per_floor":[88,88,88,88,88,88,88,88,88,88,85,85,85,61,59,35,88,88,75,75,75,75,33,33,12,38,28,13,0,0],"gold":1100,"neow_bonus":"TEN_PERCENT_HP_BONUS","is_daily":false,"chose_seed":false,"campfire_upgraded":5,"win_rate":0.0,"timestamp":1610093733,"path_taken":["R","?","M","?","?","R","T","M","?","R","M","M","R","?","M","BOSS","R","M","M","?","?","?","T","E","R","M","?","M"],"items_purchased_type":[],"build_version":"2020-12-22","purchased_purges":0,"victory":false,"max_hp_per_floor":[88,88,88,88,88,88,88,88,88,88,88,88,88,88,88,88,88,88,88,88,88,88,88,88,88,88,88,88,88,88],"card_choices":[{"not_picked":["Guardian:WalkerClaw","Guardian:Incinerate"],"picked":"Guardian:Recover","floor":3},{"not_picked":["Guardian:ArmoredProtocol","Guardian:Gem_Lightblue"],"picked":"Guardian:Gem_Crimson","floor":5},{"not_picked":["Guardian:Suspension","Guardian:Planning"],"picked":"Guardian:ChargeUp","floor":8},{"not_picked":["Guardian:ChargeCore","Guardian:Reroute"],"picked":"Guardian:Gem_Fragmented","floor":11},{"not_picked":["Guardian:VentSteam","Guardian:ArmoredProtocol"],"picked":"Guardian:WalkerClaw","floor":12},{"not_picked":["Guardian:VentSteam","Guardian:Gem_Green"],"picked":"Guardian:EvasiveProtocol","floor":15},{"not_picked":["Guardian:StasisField","Guardian:StasisStrike"],"picked":"Guardian:TimeSifter","floor":16},{"not_picked":["Guardian:Clone+1","Guardian:Gem_Lightblue"],"picked":"Guardian:ChargeCore+1","floor":19},{"not_picked":["Guardian:PrismaticBarrier+1","Guardian:TemporalShield"],"picked":"Guardian:Harden+1","floor":20},{"not_picked":[],"picked":"J.A.X.","floor":23},{"not_picked":["Guardian:ChargeCore","Guardian:Reroute"],"picked":"Guardian:Gem_Cyan","floor":23},{"not_picked":["Guardian:FastForward","Guardian:Suspension"],"picked":"Guardian:DecasProtection+1","floor":25},{"not_picked":["Guardian:TimeCapacitor","Guardian:PrimingBeam"],"picked":"Guardian:TemporalShield","floor":27},{"not_picked":["Guardian:PolyBeam","Guardian:Gem_Green"],"picked":"Guardian:Gem_Blue","floor":28}],"player_experience":79973,"relics_obtained":[{"floor":7,"key":"Boot"},{"floor":23,"key":"MutagenicStrength"},{"floor":24,"key":"War Paint"},{"floor":25,"key":"Ancient Tea Set"}],"event_choices":[],"is_beta":false,"boss_relics":[{"not_picked":["SacredBark","Fusion Hammer"],"picked":"Philosopher\u0027s Stone"}],"items_purged_floors":[],"is_endless":false,"potions_floor_spawned":[5,11,14,19,25],"killed_by":"Shelled Parasite and Fungi","ascension_level":0}}