{"host":"by3dnjj711vo194a","time":1610088122,"event":{"mods":["2.2 Compatiblity","AchievementEnabler","BaseMod","Colored Map","DeckTracker","KOR Keyword Fix","Keyboard Shortcuts","Minty Spire (QoL Compilation)","Permanent Neow","Quick Restart","StSLib","SuperFastMode","everything is the same but u backflip on backflip"],"gold_per_floor":[112,128,128,144,144,144,157,185,212,246,226,252,280,54,54,161,188,208,218,218,218,118,118,152,164,176,38,38,38,38,58,58,168,168,179,179,54,54,71,71,105,105,105,105,120,135,145,171,171,171,171],"floor_reached":50,"playtime":2299,"items_purged":["Strike_G","Defend_G","Defend_G"],"score":575,"play_id":"64922454-e4ed-46a7-acec-0c600dec1b9c","local_time":"20210108154202","is_ascension_mode":true,"campfire_choices":[{"data":"Neutralize","floor":6.0,"key":"SMITH"},{"floor":15.0,"key":"REST"},{"floor":23.0,"key":"REST"},{"floor":25.0,"key":"REST"},{"floor":30.0,"key":"REST"},{"floor":32.0,"key":"REST"},{"data":"Prepared","floor":40.0,"key":"SMITH"},{"data":"Phantasmal Killer","floor":44.0,"key":"SMITH"},{"floor":49,"key":"REST"}],"circlet_count":0,"master_deck":["Strike_G","Survivor","Neutralize+1","Underhanded Strike","Backflip","Quick Slash","Prepared+1","Footwork","Acrobatics+1","Heel Hook","Corpse Explosion","Doppelganger+1","Predator+1","Predator+1","Riddle With Holes+1","Phantasmal Killer+1","Reflex+1","PiercingWail+1"],"relics":["Ring of the Snake","NlothsMask","PreservedInsect","CeramicFish","TheAbacus","Astrolabe","MawBank","Omamori","Enchiridion","Calling Bell","Centennial Puzzle","InkBottle","Gambling Chip","Gremlin Horn","Vajra"],"acts_visited":["Exordium","TheCity","TheBeyond"],"potions_floor_usage":[50,50],"damage_taken":[{"damage":0.0,"enemies":"Jaw Worm","floor":1.0,"turns":3.0},{"damage":2.0,"enemies":"2 Louse","floor":2.0,"turns":3.0},{"damage":1.0,"enemies":"Cultist","floor":4.0,"turns":4.0},{"damage":4.0,"enemies":"Large Slime","floor":7.0,"turns":8.0},{"damage":31.0,"enemies":"3 Sentries","floor":8.0,"turns":11.0},{"damage":12.0,"enemies":"Lagavulin","floor":10.0,"turns":4.0},{"damage":10.0,"enemies":"Exordium Thugs","floor":12.0,"turns":6.0},{"damage":2.0,"enemies":"3 Louse","floor":13.0,"turns":4.0},{"damage":13.0,"enemies":"The Guardian","floor":16.0,"turns":14.0},{"damage":38.0,"enemies":"2 Thieves","floor":18.0,"turns":3.0},{"damage":10.0,"enemies":"Spheric Guardian","floor":19.0,"turns":4.0},{"damage":27.0,"enemies":"Book of Stabbing","floor":24.0,"turns":4.0},{"damage":13.0,"enemies":"3 Cultists","floor":31.0,"turns":3.0},{"damage":79.0,"enemies":"Champ","floor":33.0,"turns":12.0},{"damage":9.0,"enemies":"3 Shapes","floor":35.0,"turns":3.0},{"damage":8.0,"enemies":"Orb Walker","floor":39.0,"turns":3.0},{"damage":32.0,"enemies":"Giant Head","floor":41.0,"turns":6.0},{"damage":8.0,"enemies":"Transient","floor":45.0,"turns":5.0},{"damage":6.0,"enemies":"Sphere and 2 Shapes","floor":46.0,"turns":3.0},{"damage":9.0,"enemies":"Writhing Mass","floor":47.0,"turns":3.0},{"damage":1,"enemies":"Transient","floor":48,"turns":5},{"damage":23,"enemies":"Time Eater","floor":50,"turns":7}],"seed_played":"8187860714269709406","potions_obtained":[{"floor":2.0,"key":"PowerPotion"},{"floor":7.0,"key":"AttackPotion"},{"floor":10.0,"key":"GamblersBrew"},{"floor":11.0,"key":"FearPotion"},{"floor":16.0,"key":"FearPotion"},{"floor":18.0,"key":"FairyPotion"},{"floor":24.0,"key":"EntropicBrew"},{"floor":33.0,"key":"SneckoOil"},{"floor":39.0,"key":"DuplicationPotion"},{"floor":41.0,"key":"Strength Potion"},{"floor":47.0,"key":"Poison Potion"}],"is_trial":false,"path_per_floor":["M","M","?","M","?","R","M","E","T","E","?","M","M","$","R","B",null,"M","M","?","?","$","R","E","R","T","$","?","?","R","M","R","B",null,"M","?","$","?","M","R","E","$","T","R","M","M","M","M","R","B"],"character_chosen":"THE_SILENT","items_purchased":["TheAbacus","Omamori"],"campfire_rested":6,"item_purchase_floors":[14,27],"current_hp_per_floor":[70,68,61,60,60,60,56,25,25,13,13,3,1,1,22,9,70,32,22,9,9,9,31,4,26,26,26,10,10,32,19,41,6,75,66,66,66,66,58,58,26,26,26,26,18,12,3,2,23,0,0],"gold":171,"neow_bonus":"TRANSFORM_CARD","is_daily":false,"chose_seed":false,"campfire_upgraded":3,"win_rate":0.0,"timestamp":1610088122,"path_taken":["M","M","?","M","?","R","?","E","T","E","?","M","M","$","R","BOSS","M","M","?","?","$","R","E","R","T","$","?","?","R","?","R","BOSS","M","?","$","?","M","R","E","?","T","R","M","M","M","M","R","BOSS"],"items_purchased_type":["Relic","Relic"],"build_version":"2020-12-22","purchased_purges":3,"victory":false,"max_hp_per_floor":[70,70,70,70,70,70,70,70,70,70,70,70,70,70,70,70,70,70,70,75,75,75,75,75,75,75,75,75,75,75,75,75,75,75,75,75,75,71,71,71,71,71,71,71,71,71,71,71,71,71,71],"card_choices":[{"not_picked":["Finisher","Deadly Poison"],"picked":"Backflip","floor":1.0},{"not_picked":["Backflip","Dagger Spray","Heel Hook"],"picked":"SKIP","floor":2.0},{"not_picked":["Deflect","Dash","Masterful Stab"],"picked":"SKIP","floor":4.0},{"not_picked":["Predator","Eviscerate"],"picked":"Quick Slash","floor":7.0},{"not_picked":["Eviscerate","Distraction"],"picked":"Prepared","floor":8.0},{"not_picked":["Blade Dance","Dodge and Roll"],"picked":"Footwork","floor":10.0},{"not_picked":["Cloak And Dagger","Infinite Blades"],"picked":"Acrobatics","floor":12.0},{"not_picked":["PiercingWail","Skewer"],"picked":"Heel Hook","floor":13.0},{"not_picked":["Tools of the Trade","Glass Knife"],"picked":"Corpse Explosion","floor":16.0},{"not_picked":["PiercingWail","Poisoned Stab","Dagger Throw+1"],"picked":"SKIP","floor":18.0},{"not_picked":["Slice+1","Noxious Fumes","Eviscerate"],"picked":"SKIP","floor":19.0},{"not_picked":["Slice+1","Noxious Fumes","Eviscerate"],"picked":"SKIP","floor":19.0},{"not_picked":["Outmaneuver","Caltrops"],"picked":"Riddle With Holes+1","floor":24.0},{"not_picked":["Slice","Footwork+1","Quick Slash"],"picked":"SKIP","floor":31.0},{"not_picked":["A Thousand Cuts","Tools of the Trade"],"picked":"Phantasmal Killer","floor":33.0},{"not_picked":["Caltrops","Blade Dance+1","Expertise"],"picked":"SKIP","floor":35.0},{"not_picked":["Dagger Throw+1","Cloak And Dagger+1","Backflip"],"picked":"SKIP","floor":39.0},{"not_picked":["Corpse Explosion","Accuracy"],"picked":"Reflex+1","floor":41.0},{"not_picked":["Underhanded Strike+1","Poisoned Stab+1","Acrobatics+1"],"picked":"SKIP","floor":45.0},{"not_picked":["Prepared+1","Dagger Throw+1","Underhanded Strike"],"picked":"SKIP","floor":46.0},{"not_picked":["Accuracy","Distraction+1","Deflect+1"],"picked":"SKIP","floor":47.0},{"not_picked":["Glass Knife","Sucker Punch+1"],"picked":"PiercingWail+1","floor":48}],"player_experience":149504,"relics_obtained":[{"floor":8.0,"key":"PreservedInsect"},{"floor":10.0,"key":"CeramicFish"},{"floor":24.0,"key":"MawBank"},{"floor":28.0,"key":"Enchiridion"},{"floor":34.0,"key":"Centennial Puzzle"},{"floor":34.0,"key":"InkBottle"},{"floor":34.0,"key":"Gambling Chip"},{"floor":41.0,"key":"Gremlin Horn"},{"floor":43.0,"key":"Vajra"}],"event_choices":[{"cards_removed":["Strike_G"],"damage_healed":0.0,"max_hp_gain":0.0,"max_hp_loss":0.0,"gold_gain":0.0,"event_name":"Golden Wing","player_choice":"Card Removal","floor":3.0,"gold_loss":0.0,"damage_taken":7.0},{"damage_healed":0.0,"max_hp_gain":0.0,"max_hp_loss":0.0,"gold_gain":0.0,"event_name":"FaceTrader","player_choice":"Trade","floor":5.0,"gold_loss":0.0,"damage_taken":0.0,"relics_obtained":["NlothsMask"]},{"damage_healed":0.0,"max_hp_gain":0.0,"max_hp_loss":0.0,"gold_gain":0.0,"event_name":"The Woman in Blue","player_choice":"Bought 1 Potion","floor":11.0,"gold_loss":0.0,"damage_taken":0.0},{"damage_healed":0.0,"max_hp_gain":5.0,"max_hp_loss":0.0,"gold_gain":0.0,"event_name":"Forgotten Altar","player_choice":"Shed Blood","floor":20.0,"gold_loss":0.0,"damage_taken":18.0},{"cards_removed":["Strike_G"],"damage_healed":0.0,"max_hp_gain":0.0,"max_hp_loss":0.0,"gold_gain":0.0,"event_name":"Back to Basics","player_choice":"Elegance","floor":21.0,"gold_loss":0.0,"damage_taken":0.0},{"damage_healed":0.0,"max_hp_gain":0.0,"max_hp_loss":0.0,"gold_gain":0.0,"event_name":"Cursed Tome","player_choice":"Obtained Book","floor":28.0,"gold_loss":0.0,"damage_taken":16.0},{"damage_healed":0.0,"max_hp_gain":0.0,"max_hp_loss":0.0,"gold_gain":0.0,"event_name":"Upgrade Shrine","player_choice":"Upgraded","floor":29.0,"gold_loss":0.0,"damage_taken":0.0,"cards_upgraded":["Acrobatics"]},{"damage_healed":0.0,"max_hp_gain":0.0,"max_hp_loss":0.0,"gold_gain":0.0,"event_name":"Tomb of Lord Red Mask","player_choice":"Ignored","floor":36.0,"gold_loss":0.0,"damage_taken":0.0},{"damage_healed":0.0,"max_hp_gain":0.0,"max_hp_loss":4.0,"gold_gain":0.0,"event_name":"Winding Halls","player_choice":"Max HP","floor":38.0,"gold_loss":0.0,"damage_taken":0.0}],"is_beta":false,"boss_relics":[{"not_picked":["WristBlade","Sozu"],"picked":"Astrolabe"},{"not_picked":["Empty Cage","Ring of the Serpent"],"picked":"Calling Bell"}],"items_purged_floors":[14,22,37],"is_endless":false,"potions_floor_spawned":[2,7,10,16,18,24,33,39,41,46,47],"killed_by":"Time Eater","ascension_level":3}}