{"host":"yj58v26tds9tnoyc","time":1610090242,"event":{"mods":["ATMod(°¢èªMod)","AchievementEnabler","Act Like it!","BaseMod","Colored Map","Colored Powertips","Highlight Path","Minty Spire (QoL Compilation)","Quick Restart","Shop Mod","StSLib","SuperFastMode"],"gold_per_floor":[109,127,145,157,157,182,182,107,107,121,138,138,38,63,63,63,63],"floor_reached":16,"playtime":1289,"items_purged":["Defend_R","Strike_R"],"score":112,"play_id":"023a6ca6-a89d-4044-993c-4a34177c1f1f","local_time":"20210108151722","is_ascension_mode":false,"campfire_choices":[{"data":"AT_FamilyPortrait","floor":7,"key":"SMITH"},{"data":"AT_ShrugMaster","floor":12,"key":"SMITH"},{"data":"Whirlwind","floor":15,"key":"SMITH"}],"circlet_count":0,"master_deck":["Strike_R","Strike_R","Strike_R","Strike_R+1","Defend_R","Defend_R","Defend_R","Bash","AT_FamilyPortrait+1","Metallicize","AT_ShrugMaster+1","Whirlwind+1","AT_DrawKnifeCut"],"relics":["Burning Blood","AT_ATBox","Question Card","Eternal Feather","InkBottle","AT_ArchangelStaff"],"acts_visited":["Exordium"],"potions_floor_usage":[11,14,16],"damage_taken":[{"damage":2,"enemies":"2 Louse","floor":1,"turns":4},{"damage":6,"enemies":"Cultist","floor":2,"turns":3},{"damage":6,"enemies":"Jaw Worm","floor":3,"turns":2},{"damage":10,"enemies":"2 Fungi Beasts","floor":4,"turns":4},{"damage":55,"enemies":"Gremlin Nob","floor":6,"turns":6},{"damage":5,"enemies":"3 Louse","floor":10,"turns":4},{"damage":0,"enemies":"Large Slime","floor":11,"turns":6},{"damage":13,"enemies":"3 Sentries","floor":14,"turns":10},{"damage":46,"enemies":"The Guardian","floor":16,"turns":8}],"seed_played":"6865105085690352997","potions_obtained":[{"floor":3,"key":"FearPotion"},{"floor":6,"key":"FearPotion"},{"floor":10,"key":"FearPotion"},{"floor":14,"key":"SpeedPotion"}],"is_trial":false,"path_per_floor":["M","M","M","M","?","E","R","$","T","M","M","R","$","E","R","B"],"character_chosen":"IRONCLAD","items_purchased":[],"campfire_rested":0,"item_purchase_floors":[],"current_hp_per_floor":[80,80,80,76,76,27,33,33,33,34,40,46,46,39,45,0,0],"gold":63,"neow_bonus":"","is_daily":false,"chose_seed":false,"campfire_upgraded":3,"win_rate":0.0,"timestamp":1610090242,"path_taken":["M","M","M","M","?","E","R","$","T","M","M","R","?","E","R","BOSS"],"items_purchased_type":[],"build_version":"2020-12-22","purchased_purges":2,"victory":false,"max_hp_per_floor":[80,80,80,80,80,80,80,80,80,80,80,80,80,80,80,80,80],"card_choices":[{"not_picked":["Intimidate","Anger","Sword Boomerang"],"picked":"SKIP","floor":1},{"not_picked":["Anger","Fire Breathing","Perfected Strike"],"picked":"SKIP","floor":2},{"not_picked":["Dual Wield","Clash"],"picked":"Metallicize","floor":3},{"not_picked":["Pommel Strike","Warcry","Armaments"],"picked":"SKIP","floor":4},{"not_picked":["Demon Form","Rupture","Flame Barrier"],"picked":"AT_ShrugMaster","floor":6},{"not_picked":["True Grit","Body Slam","Battle Trance"],"picked":"Whirlwind","floor":10},{"not_picked":["Twin Strike","Blood for Blood","Flex","Sword Boomerang"],"picked":"SKIP","floor":11},{"not_picked":["Warcry","Clothesline","Blood for Blood"],"picked":"AT_DrawKnifeCut","floor":14}],"player_experience":0,"relics_obtained":[{"floor":6,"key":"Eternal Feather"},{"floor":9,"key":"InkBottle"},{"floor":14,"key":"AT_ArchangelStaff"}],"event_choices":[{"damage_healed":0,"gold_gain":0,"player_choice":"Gave Potion","damage_taken":0,"relics_obtained":["Question Card"],"max_hp_gain":0,"max_hp_loss":0,"event_name":"WeMeetAgain","floor":5,"gold_loss":0}],"is_beta":false,"boss_relics":[],"items_purged_floors":[8,13],"is_endless":false,"potions_floor_spawned":[3,6,10,14],"killed_by":"The Guardian","ascension_level":0}}