{"host":"a3oe3gstxz77c7qu","time":1610094900,"event":{"mods":["2.2 Compatiblity","Act Like it!","BaseMod","Bestiary","Better Altar","Better Match","Better Note","Better Skull","Better Third Choice","Block Reminder","Curses Come First","Custom Start","Downfall","Friendly Minions","GifTheSpireLib","Hermit","Infinite Spire","Jorbs\u0027s Wanderer Trilogy","Lobotomy","LobotomyExtend","Marisa????????","Minty Spire (QoL Compilation)","Permanent Neow","Quick Restart","Relic Stats","Replay The Spire","StSLib","The Bug Knight","The Disciple","Uncapped","Wandering Minibosses"],"gold_per_floor":[109,126,126,144,159,159,192,211,234,234,234,31,41,52,52,52,52],"floor_reached":16,"playtime":1130,"items_purged":[],"score":114,"play_id":"c298c43d-3576-4ad4-8a97-8b8abf0e565b","local_time":"20210108083500","is_ascension_mode":true,"campfire_choices":[{"floor":6,"key":"REST"},{"floor":11,"key":"REST"},{"data":"MasterKey","floor":15,"key":"SMITH"}],"circlet_count":0,"master_deck":["Strike_Br","Strike_Br","Strike_Br","Strike_Br","Defend_Br","Defend_Br","Defend_Br","Defend_Br","SecondHand","PatternShift","MasterKey+1","BlueShift","LockedMercury+1","Break","LockedThread","LockedThread","Fragmentalize","LockedAnchor","LockedWhetstone","LockedUrn"],"relics":["Chronometer","LetterFromLob","Kunai","infinitespire:PuzzleCube"],"acts_visited":["Exordium"],"potions_floor_usage":[8,16,16],"damage_taken":[{"damage":31,"enemies":"infinitespire:Voidling","floor":1,"turns":7},{"damage":13,"enemies":"Cultist","floor":2,"turns":8},{"damage":0,"enemies":"2 Louse","floor":4,"turns":3},{"damage":8,"enemies":"Exordium Thugs","floor":5,"turns":6},{"damage":13,"enemies":"Gremlin Nob","floor":7,"turns":9},{"damage":15,"enemies":"2 Fungi Beasts","floor":8,"turns":5},{"damage":7,"enemies":"Red Slaver","floor":13,"turns":5},{"damage":0,"enemies":"Gremlin Gang","floor":14,"turns":3},{"damage":38,"enemies":"Slime Boss","floor":16,"turns":21}],"seed_played":"8234415096022989038","potions_obtained":[{"floor":1,"key":"GamblersBrew"},{"floor":7,"key":"Weak Potion"},{"floor":14,"key":"Swift Potion"}],"is_trial":false,"path_per_floor":["M","M","?","M","M","R","E","M","T","?","R","$","M","M","R","B"],"character_chosen":"CHRONO_CLASS","items_purchased":["Fragmentalize","LockedAnchor"],"campfire_rested":2,"item_purchase_floors":[12,12],"current_hp_per_floor":[38,25,25,25,17,36,23,8,8,8,27,27,20,20,20,0,0],"gold":52,"neow_bonus":"THREE_RARE_CARDS","is_daily":false,"chose_seed":false,"campfire_upgraded":1,"win_rate":0.0,"timestamp":1610094900,"path_taken":["M","?","?","M","?","R","E","M","T","?","R","?","M","M","R","BOSS"],"items_purchased_type":["Card","Card"],"build_version":"2020-12-22","purchased_purges":0,"victory":false,"max_hp_per_floor":[65,65,65,65,65,65,65,65,65,65,65,65,65,65,65,65,65],"relic_stats":{"counters":[9,67],"Kunai":[2],"obtain_stats":[{"Chronometer":0,"LetterFromLob":1,"Kunai":7,"infinitespire:PuzzleCube":9},{"Chronometer":0,"LetterFromLob":1,"Kunai":5,"infinitespire:PuzzleCube":6},{"Chronometer":0,"LetterFromLob":7,"Kunai":33,"infinitespire:PuzzleCube":38}]},"card_choices":[{"not_picked":["Echonomics","LockedLightning"],"picked":"MasterKey","floor":0},{"not_picked":["HandsUpB","ExoVibe"],"picked":"BlueShift","floor":1},{"not_picked":["SlimeSpray","LockedMedicine"],"picked":"LockedMercury","floor":2},{"not_picked":["WindUp","Engulf"],"picked":"Break","floor":4},{"not_picked":["AlternateTimeline","PrimeTime","Facsimile"],"picked":"SKIP","floor":5},{"not_picked":["BiteCommand","ExoVibe"],"picked":"LockedThread","floor":7},{"not_picked":["WatchCommand","BlueShift"],"picked":"LockedThread","floor":8},{"not_picked":["Engulf","LockedScales"],"picked":"LockedWhetstone","floor":13},{"not_picked":["LockedBell","Echoward"],"picked":"LockedUrn","floor":14}],"player_experience":928549,"relics_obtained":[{"floor":1,"key":"LetterFromLob"},{"floor":7,"key":"Kunai"},{"floor":9,"key":"infinitespire:PuzzleCube"}],"event_choices":[{"damage_healed":0,"gold_gain":0,"player_choice":"Forge","damage_taken":0,"max_hp_gain":0,"max_hp_loss":0,"event_name":"Accursed Blacksmith","floor":3,"gold_loss":0,"cards_upgraded":["LockedMercury"]},{"damage_healed":0,"gold_gain":1,"player_choice":"LEAVE","damage_taken":0,"max_hp_gain":0,"max_hp_loss":0,"event_name":"betterThird:BetterScrap","floor":10,"gold_loss":0,"cards_obtained":["Choke"]}],"is_beta":false,"boss_relics":[],"items_purged_floors":[],"is_endless":false,"potions_floor_spawned":[1,7,14],"killed_by":"Slime Boss","ascension_level":2}}