{"host":"gqcohn9v5baj3dmw","time":1610145081,"event":{"mods":["BaseMod","Better Note","Better Sensory Stone","Better Skull","Colored Map","Downfall","Marked Mod","Minty Spire (QoL Compilation)","Rare Cards Sparkle","Relic Stats","StSLib"],"gold_per_floor":[99,99,99,131,144,144,167,267,287,287,306,317,317,336,348,444,444,444],"floor_reached":16,"playtime":674,"items_purged":[],"score":152,"play_id":"584b7020-10ce-4d23-940f-a5a696c51a8a","local_time":"20210108233121","is_ascension_mode":true,"campfire_choices":[{"data":"Guardian:TwinSlam","floor":1.0,"key":"SMITH"},{"data":"Guardian:CurlUp","floor":3.0,"key":"SMITH"},{"data":"Guardian:Defend_Guardian","floor":6.0,"key":"SMITH"},{"data":"Guardian:Defend_Guardian","floor":10.0,"key":"SMITH"}],"circlet_count":0,"master_deck":["Guardian:Strike_Guardian","Guardian:Strike_Guardian+1","Guardian:Strike_Guardian","Guardian:Strike_Guardian+1","Guardian:Defend_Guardian+1","Guardian:Defend_Guardian+1","Guardian:Defend_Guardian","Guardian:Defend_Guardian+1","Guardian:CurlUp+1","Guardian:TwinSlam+1","Guardian:Gem_Green","Guardian:Gem_Red","Regret"],"relics":["Guardian:ModeShifter","downfall:HeartsMalice","MealTicket","Bag of Marbles"],"acts_visited":[],"potions_floor_usage":[],"damage_taken":[{"damage":0.0,"enemies":"Small Slimes","floor":2.0,"turns":1.0},{"damage":0.0,"enemies":"Lagavulin","floor":4.0,"turns":1.0},{"damage":2.0,"enemies":"2 Louse","floor":5.0,"turns":3.0},{"damage":0.0,"enemies":"Cultist","floor":9.0,"turns":2.0},{"damage":0.0,"enemies":"2 Fungi Beasts","floor":11.0,"turns":3.0},{"damage":0.0,"enemies":"Exordium Thugs","floor":12.0,"turns":5.0},{"damage":6.0,"enemies":"Lots of Slimes","floor":14.0,"turns":4.0},{"damage":0.0,"enemies":"Blue Slaver","floor":15.0,"turns":2.0},{"damage":0,"enemies":"downfall:CharBossIronclad","floor":16,"turns":1}],"seed_played":"-7068378009028975277","potions_obtained":[{"floor":4.0,"key":"Block Potion"},{"floor":11.0,"key":"Weak Potion"},{"floor":12.0,"key":"Fire Potion"},{"floor":14.0,"key":"AttackPotion"},{"floor":15,"key":"Swift Potion"}],"is_trial":false,"path_per_floor":["R","M","R","E","M","R","T","?","M","R","M","M","?","M","M","B"],"character_chosen":"GUARDIAN","items_purchased":[],"campfire_rested":0,"item_purchase_floors":[],"current_hp_per_floor":[80,80,80,80,78,78,78,78,78,78,78,78,78,72,72,72,72,72],"gold":444,"neow_bonus":"THREE_ENEMY_KILL","is_daily":false,"chose_seed":false,"campfire_upgraded":4,"win_rate":0.0,"timestamp":1610145081,"path_taken":["R","M","R","E","M","R","T","?","M","R","M","M","?","M","M","BOSS"],"items_purchased_type":[],"build_version":"2020-12-22","purchased_purges":0,"victory":false,"max_hp_per_floor":[80,80,80,80,80,80,80,80,80,80,80,80,80,80,80,80,80,80],"relic_stats":{"counters":[9,22],"MealTicket":0,"obtain_stats":[{"Guardian:ModeShifter":0,"downfall:HeartsMalice":0,"MealTicket":4,"Bag of Marbles":7},{"Guardian:ModeShifter":0,"downfall:HeartsMalice":0,"MealTicket":2,"Bag of Marbles":3},{"Guardian:ModeShifter":0,"downfall:HeartsMalice":0,"MealTicket":2,"Bag of Marbles":5}]},"card_choices":[{"not_picked":["Guardian:SpikerProtocol","Guardian:PiercingHide"],"picked":"Guardian:Gem_Cyan","floor":2.0},{"not_picked":["Guardian:DecasProtection","Guardian:TimeCapacitor"],"picked":"Guardian:Gem_Red","floor":4.0},{"not_picked":["Guardian:ChargeCore","Guardian:PiercingHide"],"picked":"Guardian:Gem_Fragmented","floor":5.0},{"not_picked":["Guardian:PrimingBeam","Guardian:Clone","Guardian:GuardianWhirl"],"picked":"SKIP","floor":9.0},{"not_picked":["Guardian:Preprogram","Guardian:VentSteam"],"picked":"Guardian:Gem_Green","floor":11.0},{"not_picked":["Guardian:Suspension","Guardian:Orbwalk"],"picked":"Guardian:Gem_Red","floor":12.0},{"not_picked":["Guardian:Planning","Guardian:MultiBeam","Guardian:BronzeArmor"],"picked":"SKIP","floor":14.0},{"not_picked":["Guardian:GemFinder","Guardian:ChargeCore","Guardian:Repulse"],"picked":"SKIP","floor":15}],"player_experience":471673,"relics_obtained":[{"floor":4.0,"key":"MealTicket"},{"floor":7.0,"key":"Bag of Marbles"}],"event_choices":[],"is_beta":false,"boss_relics":[],"items_purged_floors":[],"is_endless":false,"potions_floor_spawned":[4,11,12,14,15],"killed_by":"downfall:CharBossIronclad","ascension_level":4}}