{"host":"gzsdmyo07u314vug","time":1610119133,"event":{"mods":["2.2 Compatiblity","BaseMod","Downfall","GifTheSpireLib","Minty Spire (QoL Compilation)","Quick Restart","Rare Cards Sparkle","Relic Stats","Replay The Spire","Robot Space Explorer","Shop Mod","StSLib","The Bug Knight","The Construct","The Elementalist","The IronCluck","The Marked","The Servant 0.9.4","Unceasing Turn Reminder","everything is the same but u backflip on backflip","slay the spire mod where everything is the same but ironclad has a cowboy hat","vexMod"],"gold_per_floor":[115,134,134,154,7,7,19,19,73,85,85,85,112,127,127,224,224,235,250,175,186,7,33,33,51,99,111,111,144,144,174,174,275,275,290,304,304,304,316,316,329,354,354,329,239,49,49,96,96,96],"floor_reached":51,"playtime":3553,"items_purged":["RobotSpaceExplorer:Strike","RobotSpaceExplorer:Defend"],"score":662,"play_id":"fa965ccb-e14a-47b1-9807-c2857c68a284","local_time":"20210108121853","is_ascension_mode":false,"campfire_choices":[{"data":"RobotSpaceExplorer:FreezeRay","floor":6.0,"key":"SMITH"},{"data":"RobotSpaceExplorer:GlueSpray","floor":12.0,"key":"SMITH"},{"data":"RobotSpaceExplorer:Pulsar","floor":15.0,"key":"SMITH"},{"data":"RobotSpaceExplorer:Multitool","floor":24.0,"key":"SMITH"},{"data":"RobotSpaceExplorer:MiniBoosters","floor":28.0,"key":"SMITH"},{"floor":30.0,"key":"REST"},{"data":"RobotSpaceExplorer:Defend","floor":32.0,"key":"PURGE"},{"data":"RobotSpaceExplorer:ChargingLaser","floor":40,"key":"SMITH"},{"data":"RobotSpaceExplorer:MiniBoosters","floor":47,"key":"SMITH"},{"data":"Thinking Ahead","floor":49,"key":"SMITH"}],"circlet_count":0,"master_deck":["RobotSpaceExplorer:Strike+1","RobotSpaceExplorer:Defend","RobotSpaceExplorer:Scan","RobotSpaceExplorer:MiniLasers","RobotSpaceExplorer:GlueSpray+1","RobotSpaceExplorer:ShovelStrike+1","RobotSpaceExplorer:PowerCollector+1","RobotSpaceExplorer:FranticSearch","RobotSpaceExplorer:FreezeRay+1","RobotSpaceExplorer:Pulsar+1","RobotSpaceExplorer:StarLightning","RobotSpaceExplorer:Multitool+1","RobotSpaceExplorer:MiniDrones","RobotSpaceExplorer:Pulsar","RobotSpaceExplorer:StarDust+1","RobotSpaceExplorer:StarLightning","RobotSpaceExplorer:MiniBoosters+1","RobotSpaceExplorer:Probe+1","RobotSpaceExplorer:JunkDive","RobotSpaceExplorer:Smokescreen","RobotSpaceExplorer:ChargingLaser+1","RobotSpaceExplorer:FranticSearch+1","RobotSpaceExplorer:MetalStrike","Madness","Madness","RobotSpaceExplorer:MiniBoosters+1","Thinking Ahead+1"],"relics":["RobotSpaceExplorer:RoboCore","NeowsBlessing","Nunchaku","Whetstone","Runic Dome","Replay:Ringing Soul","Guardian:PocketSentry","Art of War","Eternal Feather","Cursed Key","ReplayTheSpireMod:Ninjato","Replay:Accelerometer","Replay:PocketPolymizer"],"acts_visited":["Exordium","TheCity","TheBeyond"],"potions_floor_usage":[],"damage_taken":[{"damage":0.0,"enemies":"Jaw Worm","floor":1.0,"turns":1.0},{"damage":0.0,"enemies":"Small Slimes","floor":2.0,"turns":1.0},{"damage":0.0,"enemies":"2 Louse","floor":4.0,"turns":1.0},{"damage":1.0,"enemies":"Looter","floor":7.0,"turns":4.0},{"damage":11.0,"enemies":"Exordium Wildlife","floor":10.0,"turns":4.0},{"damage":7.0,"enemies":"Replay:BlueRogue","floor":13.0,"turns":4.0},{"damage":0.0,"enemies":"3 Louse","floor":14.0,"turns":5.0},{"damage":11.0,"enemies":"Slime Boss","floor":16.0,"turns":8.0},{"damage":0.0,"enemies":"3 Byrds","floor":18.0,"turns":5.0},{"damage":0.0,"enemies":"Spheric Guardian","floor":19.0,"turns":3.0},{"damage":2.0,"enemies":"3 Cultists","floor":21.0,"turns":5.0},{"damage":11.0,"enemies":"Book of Stabbing","floor":23.0,"turns":4.0},{"damage":2.0,"enemies":"Shelled Parasite and Fungi","floor":25.0,"turns":6.0},{"damage":15.0,"enemies":"Snake Plant","floor":27.0,"turns":3.0},{"damage":10.0,"enemies":"Slavers","floor":29.0,"turns":4.0},{"damage":0.0,"enemies":"Gremlin Leader","floor":31.0,"turns":4.0},{"damage":11.0,"enemies":"Champ","floor":33.0,"turns":6.0},{"damage":0.0,"enemies":"3 Shapes","floor":35.0,"turns":3.0},{"damage":0,"enemies":"3 Darklings","floor":36,"turns":3},{"damage":0,"enemies":"Transient","floor":39,"turns":5},{"damage":0,"enemies":"4 Shapes","floor":41,"turns":3},{"damage":0,"enemies":"Reptomancer","floor":42,"turns":5},{"damage":2,"enemies":"Spire Growth","floor":45,"turns":4},{"damage":8,"enemies":"2 Orb Walkers","floor":48,"turns":3},{"damage":10,"enemies":"Replay:Hell Engine","floor":50,"turns":5}],"seed_played":"-7547349689939165093","potions_obtained":[{"floor":4.0,"key":"Weak Potion"},{"floor":10.0,"key":"RobotSpaceExplorer:LiquidFusion"},{"floor":13.0,"key":"Reflective Coating"},{"floor":18.0,"key":"EntropicBrew"},{"floor":27.0,"key":"RobotSpaceExplorer:LiquidFusion"},{"floor":29.0,"key":"PowerPotion"}],"is_trial":false,"path_per_floor":["M","M","?","M","$","R","M","$","T","M","?","R","E","M","R","B",null,"M","M","?","M","$","E","R","M","T","M","R","E","R","E","R","B",null,"M","M","?","?","M","R","M","E","T","?","M","$","R","?","R","B",null],"character_chosen":"RobotSpaceExplorer","items_purchased":["RobotSpaceExplorer:FreezeRay","RobotSpaceExplorer:StarLightning","Thinking Ahead"],"campfire_rested":1,"item_purchase_floors":[5,22,46],"current_hp_per_floor":[75,75,75,75,75,75,74,74,74,63,56,56,49,49,49,38,75,75,75,75,73,73,62,62,63,63,51,51,44,69,72,84,76,90,93,96,87,87,87,99,102,102,105,105,103,106,108,100,108,98],"gold":96,"neow_bonus":"THREE_ENEMY_KILL","is_daily":false,"chose_seed":false,"campfire_upgraded":8,"win_rate":0.0,"timestamp":1610119133,"path_taken":["M","M","?","M","$","R","M","$","T","M","?","R","E","M","R","BOSS","M","M","?","M","$","E","R","M","T","M","R","E","R","E","R","BOSS","M","M","?","?","M","R","M","E","T","?","M","$","R","?","R","BOSS"],"items_purchased_type":["Card","Card","Card"],"build_version":"2020-12-22","purchased_purges":2,"victory":true,"max_hp_per_floor":[75,75,75,75,75,75,75,75,75,75,75,75,75,75,75,75,75,75,75,75,75,75,75,75,78,78,81,81,84,84,87,87,90,90,93,96,99,99,99,99,102,102,105,105,105,108,108,108,108,108],"relic_stats":{"Nunchaku":[24],"counters":[25,99],"Eternal Feather":34,"Art of War":[1],"Whetstone":["RobotSpaceExplorer:ShovelStrike","RobotSpaceExplorer:Strike"],"Cursed Key":1,"obtain_stats":[{"Replay:Accelerometer":43,"ReplayTheSpireMod:Ninjato":42,"Replay:PocketPolymizer":48,"NeowsBlessing":0,"RobotSpaceExplorer:RoboCore":0,"Eternal Feather":31,"Guardian:PocketSentry":26,"Whetstone":13,"Cursed Key":34,"Runic Dome":17,"Replay:Ringing Soul":23,"Nunchaku":9,"Art of War":29},{"Replay:Accelerometer":22,"ReplayTheSpireMod:Ninjato":22,"Replay:PocketPolymizer":24,"NeowsBlessing":0,"RobotSpaceExplorer:RoboCore":0,"Eternal Feather":16,"Guardian:PocketSentry":13,"Whetstone":6,"Cursed Key":17,"Runic Dome":8,"Replay:Ringing Soul":12,"Nunchaku":4,"Art of War":15},{"Replay:Accelerometer":87,"ReplayTheSpireMod:Ninjato":87,"Replay:PocketPolymizer":94,"NeowsBlessing":0,"RobotSpaceExplorer:RoboCore":0,"Eternal Feather":62,"Guardian:PocketSentry":51,"Whetstone":15,"Cursed Key":68,"Runic Dome":28,"Replay:Ringing Soul":45,"Nunchaku":7,"Art of War":58}]},"card_choices":[{"not_picked":["RobotSpaceExplorer:ScrapMissile","RobotSpaceExplorer:MiniDrones"],"picked":"RobotSpaceExplorer:GlueSpray","floor":1.0},{"not_picked":["RobotSpaceExplorer:MiniDrones","RobotSpaceExplorer:FrostMissile"],"picked":"RobotSpaceExplorer:ShovelStrike","floor":2.0},{"not_picked":["RobotSpaceExplorer:Calculate","RobotSpaceExplorer:FreezingShield"],"picked":"RobotSpaceExplorer:FranticSearch","floor":4.0},{"not_picked":["RobotSpaceExplorer:SurgingStrike","RobotSpaceExplorer:Electropulse","RobotSpaceExplorer:FranticSearch"],"picked":"SKIP","floor":7.0},{"not_picked":["RobotSpaceExplorer:HighVoltage","RobotSpaceExplorer:ExhaustFan","RobotSpaceExplorer:ShovelStrike"],"picked":"SKIP","floor":10.0},{"not_picked":["RobotSpaceExplorer:Ammunition","RobotSpaceExplorer:FranticSearch"],"picked":"RobotSpaceExplorer:Pulsar","floor":13.0},{"not_picked":["RobotSpaceExplorer:TurboDodge","RobotSpaceExplorer:SurgingShield"],"picked":"RobotSpaceExplorer:StarLightning","floor":14.0},{"not_picked":["RobotSpaceExplorer:TrailblazerForm","RobotSpaceExplorer:Exploration"],"picked":"RobotSpaceExplorer:Multitool","floor":16.0},{"not_picked":["RobotSpaceExplorer:SurgingShield","RobotSpaceExplorer:SlimeMissile"],"picked":"RobotSpaceExplorer:MiniDrones","floor":18.0},{"not_picked":["RobotSpaceExplorer:FreezingShield","RobotSpaceExplorer:MakeshiftVolley"],"picked":"RobotSpaceExplorer:Pulsar","floor":19.0},{"not_picked":["RobotSpaceExplorer:MiniDrones+1","RobotSpaceExplorer:FrostMissile"],"picked":"RobotSpaceExplorer:StarDust+1","floor":21.0},{"not_picked":["RobotSpaceExplorer:ScrapShield","RobotSpaceExplorer:StarDust","RobotSpaceExplorer:GlueSpray"],"picked":"SKIP","floor":23.0},{"not_picked":["RobotSpaceExplorer:StarDust+1","RobotSpaceExplorer:SurgingShield"],"picked":"RobotSpaceExplorer:MiniBoosters","floor":25.0},{"not_picked":["RobotSpaceExplorer:StunGrenade","RobotSpaceExplorer:MiniDrones+1"],"picked":"RobotSpaceExplorer:Probe+1","floor":27.0},{"not_picked":["RobotSpaceExplorer:Arsenal","RobotSpaceExplorer:FreezingShield+1"],"picked":"RobotSpaceExplorer:JunkDive","floor":29.0},{"not_picked":["RobotSpaceExplorer:FreezingShield+1","RobotSpaceExplorer:LaserBurst"],"picked":"RobotSpaceExplorer:Smokescreen","floor":31.0},{"not_picked":["RobotSpaceExplorer:ShockMissile","RobotSpaceExplorer:Comet"],"picked":"RobotSpaceExplorer:ChargingLaser","floor":33.0},{"not_picked":["RobotSpaceExplorer:ShovelStrike+1","RobotSpaceExplorer:FrostMissile+1"],"picked":"RobotSpaceExplorer:FranticSearch+1","floor":35},{"not_picked":["RobotSpaceExplorer:FreezingShield","RobotSpaceExplorer:ScrapMissile"],"picked":"RobotSpaceExplorer:MetalStrike","floor":36},{"not_picked":["RobotSpaceExplorer:DoubleFind","RobotSpaceExplorer:Electropulse+1","RobotSpaceExplorer:MiniDrones"],"picked":"SKIP","floor":39},{"not_picked":["RobotSpaceExplorer:StunGrenade","RobotSpaceExplorer:FrostMissile"],"picked":"RobotSpaceExplorer:MiniBoosters","floor":41},{"not_picked":["RobotSpaceExplorer:PowerGlove","RobotSpaceExplorer:Reload+1","RobotSpaceExplorer:Fix"],"picked":"SKIP","floor":42},{"not_picked":["RobotSpaceExplorer:Ammunition","RobotSpaceExplorer:MiniDrones","RobotSpaceExplorer:Autoloader"],"picked":"SKIP","floor":45}],"player_experience":664826,"relics_obtained":[{"floor":9.0,"key":"Nunchaku"},{"floor":13.0,"key":"Whetstone"},{"floor":23.0,"key":"Replay:Ringing Soul"},{"floor":26.0,"key":"Guardian:PocketSentry"},{"floor":29.0,"key":"Art of War"},{"floor":31.0,"key":"Eternal Feather"},{"floor":42,"key":"ReplayTheSpireMod:Ninjato"},{"floor":43,"key":"Replay:Accelerometer"},{"floor":48,"key":"Replay:PocketPolymizer"}],"event_choices":[{"cards_removed":["RobotSpaceExplorer:Strike"],"damage_healed":0.0,"max_hp_gain":0.0,"max_hp_loss":0.0,"gold_gain":0.0,"event_name":"Golden Wing","player_choice":"Card Removal","floor":11.0,"gold_loss":0.0,"damage_taken":7.0},{"cards_removed":["RobotSpaceExplorer:Defend"],"damage_healed":0.0,"max_hp_gain":0.0,"max_hp_loss":0.0,"gold_gain":0.0,"event_name":"Beggar","player_choice":"Gave Gold","floor":20.0,"gold_loss":75.0,"damage_taken":0.0},{"damage_healed":0,"gold_gain":0,"player_choice":"Embrace Madness","damage_taken":12,"max_hp_gain":0,"max_hp_loss":0,"event_name":"Winding Halls","floor":37,"gold_loss":0,"cards_obtained":["Madness","Madness"]},{"damage_healed":0,"gold_gain":0,"player_choice":"Fight","damage_taken":0,"max_hp_gain":0,"max_hp_loss":0,"event_name":"Mysterious Sphere","floor":48,"gold_loss":0}],"is_beta":false,"boss_relics":[{"not_picked":["construct:WeddingRing","Painkiller Herb"],"picked":"Runic Dome"},{"not_picked":["ReplayTheSpireMod:Onyx Gauntlets","Kintsugi"],"picked":"Cursed Key"}],"items_purged_floors":[5,22],"is_endless":false,"potions_floor_spawned":[4,10,13,14,18,19,27,29,31,41,45,48],"ascension_level":0}}