{"host":"Fun","time":1610142173,"event":{"mods":["BaseMod","Colored Map","Minty Spire (QoL Compilation)","Relic Stats","StSLib"],"gold_per_floor":[119,129,42,60,30,30,46,72,127,158,158,433,102,113,113,186,186,199,217,132,132,152,152,152],"floor_reached":23,"playtime":979,"items_purged":["Regret"],"score":392,"play_id":"503e54dd-2533-4285-b6bd-0b1cccb07c93","local_time":"20210108164253","is_ascension_mode":true,"campfire_choices":[{"data":"Crippling Poison","floor":6,"key":"SMITH"},{"data":"Noxious Fumes","floor":11,"key":"SMITH"},{"data":"Accuracy","floor":15,"key":"SMITH"}],"circlet_count":0,"master_deck":["AscendersBane","Strike_G","Defend_G","Defend_G","Defend_G","Defend_G","Defend_G","Survivor","Neutralize","Leg Sweep","Sucker Punch","Crippling Poison+1","Cloak And Dagger","Noxious Fumes+1","Cloak And Dagger","Accuracy","Accuracy+1","A Thousand Cuts","Tools of the Trade+1","After Image+1","Setup+1","Well Laid Plans","Deflect","Dash"],"relics":["Ring of the Snake","WarpedTongs","Ornamental Fan","Oddly Smooth Stone","Blood Vial","Bag of Preparation","Astrolabe","Frozen Egg 2"],"acts_visited":["Exordium","TheCity"],"potions_floor_usage":[16,23],"damage_taken":[{"damage":0,"enemies":"Cultist","floor":1,"turns":5},{"damage":0,"enemies":"Small Slimes","floor":2,"turns":4},{"damage":1,"enemies":"Jaw Worm","floor":4,"turns":4},{"damage":5,"enemies":"Exordium Thugs","floor":7,"turns":6},{"damage":15,"enemies":"Lagavulin","floor":8,"turns":8},{"damage":11,"enemies":"3 Sentries","floor":10,"turns":10},{"damage":0,"enemies":"2 Fungi Beasts","floor":14,"turns":4},{"damage":28,"enemies":"Slime Boss","floor":16,"turns":8},{"damage":0,"enemies":"Shell Parasite","floor":18,"turns":6},{"damage":2,"enemies":"Spheric Guardian","floor":19,"turns":4},{"damage":16,"enemies":"Snake Plant","floor":22,"turns":7},{"damage":46,"enemies":"Book of Stabbing","floor":23,"turns":8}],"seed_played":"8087683767950858767","potions_obtained":[{"floor":1,"key":"Strength Potion"},{"floor":5,"key":"CultistPotion"},{"floor":18,"key":"Ancient Potion"}],"is_trial":false,"path_per_floor":["M","M","$","M","?","R","M","E","T","E","R","?","$","M","R","B",null,"M","M","?","?","M","E"],"character_chosen":"THE_SILENT","items_purchased":["Crippling Poison","Bag of Preparation","Accuracy"],"campfire_rested":0,"item_purchase_floors":[3,13,13],"current_hp_per_floor":[59,59,59,58,58,58,53,38,38,27,27,27,27,29,29,3,50,52,52,52,52,38,0,0],"gold":152,"neow_bonus":"TRANSFORM_CARD","is_daily":false,"chose_seed":false,"campfire_upgraded":3,"win_rate":0.0,"timestamp":1610142173,"path_taken":["M","M","$","M","?","R","?","E","T","E","R","?","$","M","R","BOSS","M","?","?","?","?","E"],"items_purchased_type":["Card","Relic","Card"],"build_version":"2020-12-18","purchased_purges":1,"victory":false,"max_hp_per_floor":[66,66,66,66,66,66,66,66,66,66,66,66,66,66,66,66,66,66,66,66,66,66,66,66],"relic_stats":{"Blood Vial":12,"counters":[12,74],"Ornamental Fan":[48],"Astrolabe":["Tools of the Trade","After Image","Setup"],"Bag of Preparation":[12],"obtain_stats":[{"Blood Vial":10,"Ornamental Fan":8,"Astrolabe":17,"Oddly Smooth Stone":9,"Bag of Preparation":13,"Frozen Egg 2":20,"Ring of the Snake":0,"WarpedTongs":1},{"Blood Vial":6,"Ornamental Fan":5,"Astrolabe":8,"Oddly Smooth Stone":5,"Bag of Preparation":6,"Frozen Egg 2":10,"Ring of the Snake":0,"WarpedTongs":1},{"Blood Vial":37,"Ornamental Fan":27,"Astrolabe":49,"Oddly Smooth Stone":27,"Bag of Preparation":37,"Frozen Egg 2":59,"Ring of the Snake":0,"WarpedTongs":1}],"Ring of the Snake":[24],"WarpedTongs":[71]},"card_choices":[{"not_picked":["Outmaneuver","Backflip","Finisher"],"picked":"SKIP","floor":1},{"not_picked":["Finisher","Riddle With Holes"],"picked":"Sucker Punch","floor":2},{"not_picked":["Reflex","Quick Slash"],"picked":"Cloak And Dagger","floor":4},{"not_picked":["Deadly Poison","Reflex"],"picked":"Noxious Fumes","floor":7},{"not_picked":["Backflip","Setup","Concentrate"],"picked":"SKIP","floor":8},{"not_picked":["Endless Agony","Prepared"],"picked":"Cloak And Dagger","floor":10},{"not_picked":["Riddle With Holes","Predator"],"picked":"Accuracy","floor":14},{"not_picked":["Die Die Die","Phantasmal Killer"],"picked":"A Thousand Cuts","floor":16},{"not_picked":["Underhanded Strike","Poisoned Stab"],"picked":"Well Laid Plans","floor":18},{"not_picked":["Prepared+1","Quick Slash"],"picked":"Deflect","floor":19},{"not_picked":["Accuracy+1","Underhanded Strike"],"picked":"Dash","floor":22}],"player_experience":153907,"relics_obtained":[{"floor":8,"key":"Ornamental Fan"},{"floor":9,"key":"Oddly Smooth Stone"},{"floor":10,"key":"Blood Vial"}],"event_choices":[{"damage_healed":0,"gold_gain":0,"player_choice":"Bought 2 Potions","damage_taken":0,"max_hp_gain":0,"max_hp_loss":0,"event_name":"The Woman in Blue","floor":5,"gold_loss":0},{"damage_healed":0,"gold_gain":275,"player_choice":"Desecrate","damage_taken":0,"max_hp_gain":0,"max_hp_loss":0,"event_name":"Golden Shrine","floor":12,"gold_loss":0,"cards_obtained":["Regret"]},{"damage_healed":0,"gold_gain":0,"player_choice":"Obtained Relic","damage_taken":0,"relics_obtained":["Frozen Egg 2"],"max_hp_gain":0,"max_hp_loss":0,"event_name":"Addict","floor":20,"gold_loss":85},{"damage_healed":0,"gold_gain":0,"player_choice":"Got Potions","damage_taken":0,"max_hp_gain":0,"max_hp_loss":0,"event_name":"Lab","floor":21,"gold_loss":0}],"is_beta":true,"boss_relics":[{"not_picked":["Empty Cage","Black Star"],"picked":"Astrolabe"}],"items_purged_floors":[13],"is_endless":false,"potions_floor_spawned":[1,7,8,18],"killed_by":"Book of Stabbing","ascension_level":19}}